{"ticker": "DVN", "price": {"title": "Devon Energy Historical Annual Stock Price Data", "value": 17.9, "historical": {"2021": {"Average Stock Price": "18.1138", "Year Open": "16.1300", "Year High": "20.2800", "Year Low": "16.1300", "Year Close": "17.9000", "Annual % Change": "13.22%"}, "2020": {"Average Stock Price": "13.0672", "Year Open": "25.7900", "Year High": "26.4900", "Year Low": "5.4100", "Year Close": "15.8100", "Annual % Change": "-39.12%"}, "2019": {"Average Stock Price": "26.2657", "Year Open": "23.2100", "Year High": "35.1600", "Year Low": "19.8000", "Year Close": "25.9700", "Annual % Change": "15.22%"}, "2018": {"Average Stock Price": "37.1919", "Year Open": "42.2300", "Year High": "45.6100", "Year Low": "20.9800", "Year Close": "22.5400", "Annual % Change": "-45.56%"}, "2017": {"Average Stock Price": "37.6713", "Year Open": "47.0800", "Year High": "49.0100", "Year Low": "29.5400", "Year Close": "41.4000", "Annual % Change": "-9.35%"}, "2016": {"Average Stock Price": "35.8516", "Year Open": "32.3200", "Year High": "48.3300", "Year Low": "18.6500", "Year Close": "45.6700", "Annual % Change": "42.72%"}, "2015": {"Average Stock Price": "52.9963", "Year Open": "60.9600", "Year High": "69.0300", "Year Low": "28.6700", "Year Close": "32.0000", "Annual % Change": "-47.72%"}, "2014": {"Average Stock Price": "67.4869", "Year Open": "61.1600", "Year High": "79.5000", "Year Low": "52.6600", "Year Close": "61.2100", "Annual % Change": "-1.07%"}, "2013": {"Average Stock Price": "57.5828", "Year Open": "52.4600", "Year High": "65.5200", "Year Low": "51.4400", "Year Close": "61.8700", "Annual % Change": "18.89%"}, "2012": {"Average Stock Price": "61.6646", "Year Open": "66.1100", "Year High": "75.8100", "Year Low": "51.1500", "Year Close": "52.0400", "Annual % Change": "-16.06%"}, "2011": {"Average Stock Price": "75.8154", "Year Open": "78.6800", "Year High": "93.1000", "Year Low": "53.3400", "Year Close": "62.0000", "Annual % Change": "-21.03%"}, "2010": {"Average Stock Price": "67.2171", "Year Open": "76.5700", "Year High": "78.5100", "Year Low": "59.7900", "Year Close": "78.5100", "Annual % Change": "6.82%"}, "2009": {"Average Stock Price": "60.1496", "Year Open": "68.4900", "Year High": "74.2000", "Year Low": "38.8400", "Year Close": "73.5000", "Annual % Change": "11.86%"}, "2008": {"Average Stock Price": "94.9448", "Year Open": "91.6800", "Year High": "124.3600", "Year Low": "59.5000", "Year Close": "65.7100", "Annual % Change": "-26.09%"}, "2007": {"Average Stock Price": "77.3541", "Year Open": "64.8600", "Year High": "93.5000", "Year Low": "63.2800", "Year Close": "88.9100", "Annual % Change": "32.54%"}, "2006": {"Average Stock Price": "62.9874", "Year Open": "64.6900", "Year High": "74.0300", "Year Low": "49.1000", "Year Close": "67.0800", "Annual % Change": "7.26%"}, "2005": {"Average Stock Price": "52.6710", "Year Open": "37.2000", "Year High": "70.1800", "Year Low": "36.6000", "Year Close": "62.5400", "Annual % Change": "60.69%"}, "2004": {"Average Stock Price": "32.9842", "Year Open": "28.6400", "Year High": "41.4200", "Year Low": "26.6400", "Year Close": "38.9200", "Annual % Change": "35.94%"}, "2003": {"Average Stock Price": "24.7417", "Year Open": "23.7500", "Year High": "28.9500", "Year Low": "21.1950", "Year Close": "28.6300", "Annual % Change": "24.75%"}, "2002": {"Average Stock Price": "22.8850", "Year Open": "19.1000", "Year High": "26.3800", "Year Low": "17.7700", "Year Close": "22.9500", "Annual % Change": "18.76%"}, "2001": {"Average Stock Price": "24.8911", "Year Open": "29.5000", "Year High": "33.1500", "Year Low": "15.5750", "Year Close": "19.3250", "Annual % Change": "-36.61%"}, "2000": {"Average Stock Price": "25.1788", "Year Open": "16.1900", "Year High": "32.0000", "Year Low": "15.8450", "Year Close": "30.4850", "Annual % Change": "85.43%"}, "1999": {"Average Stock Price": "17.0032", "Year Open": "15.5000", "Year High": "22.0650", "Year Low": "10.3150", "Year Close": "16.4400", "Annual % Change": "7.14%"}, "1998": {"Average Stock Price": "17.0158", "Year Open": "19.1900", "Year High": "20.4400", "Year Low": "13.1250", "Year Close": "15.3450", "Annual % Change": "-20.29%"}, "1997": {"Average Stock Price": "18.7750", "Year Open": "17.3150", "Year High": "24.2500", "Year Low": "14.0000", "Year Close": "19.2500", "Annual % Change": "10.79%"}, "1996": {"Average Stock Price": "13.1017", "Year Open": "12.6900", "Year High": "18.3750", "Year Low": "10.1250", "Year Close": "17.3750", "Annual % Change": "36.27%"}, "1995": {"Average Stock Price": "10.5181", "Year Open": "8.8150", "Year High": "12.8750", "Year Low": "8.4400", "Year Close": "12.7500", "Annual % Change": "39.73%"}, "1994": {"Average Stock Price": "10.3494", "Year Open": "10.3100", "Year High": "12.7500", "Year Low": "8.3150", "Year Close": "9.1250", "Annual % Change": "-11.54%"}, "1993": {"Average Stock Price": "10.8275", "Year Open": "7.5000", "Year High": "13.5000", "Year Low": "7.1900", "Year Close": "10.3150", "Annual % Change": "37.53%"}}}, "market cap": {"value": "$12.05B"}, "income statement": {"Revenue": {"2019-12-31": "6220.00000", "2018-12-31": "8896.00000", "2017-12-31": "6501.00000", "2016-12-31": "6753.00000", "2015-12-31": "13145.00000", "2014-12-31": "20638.00000", "2013-12-31": "10397.00000", "2012-12-31": "9501.00000", "2011-12-31": "11445.00000", "2010-12-31": "9940.00000", "2009-12-31": "8015.00000", "2008-12-31": "13858.00000", "2007-12-31": "9975.00000", "2006-12-31": "9767.00000", "2005-12-31": "10027.00000"}, "Cost Of Goods Sold": {"2019-12-31": "1197.00000", "2018-12-31": "1153.00000", "2017-12-31": "791.00000", "2016-12-31": "1805.00000", "2015-12-31": "", "2014-12-31": "", "2013-12-31": "", "2012-12-31": "", "2011-12-31": "", "2010-12-31": "", "2009-12-31": "", "2008-12-31": "", "2007-12-31": "", "2006-12-31": "", "2005-12-31": ""}, "Gross Profit": {"2019-12-31": "5023.00000", "2018-12-31": "7743.00000", "2017-12-31": "5710.00000", "2016-12-31": "4948.00000", "2015-12-31": "13145.00000", "2014-12-31": "20638.00000", "2013-12-31": "10397.00000", "2012-12-31": "9501.00000", "2011-12-31": "11445.00000", "2010-12-31": "9940.00000", "2009-12-31": "8015.00000", "2008-12-31": "13858.00000", "2007-12-31": "9975.00000", "2006-12-31": "9767.00000", "2005-12-31": "10027.00000"}, "Research And Development Expenses": {"2019-12-31": "", "2018-12-31": "", "2017-12-31": "", "2016-12-31": "", "2015-12-31": "", "2014-12-31": "", "2013-12-31": "", "2012-12-31": "", "2011-12-31": "", "2010-12-31": "", "2009-12-31": "", "2008-12-31": "", "2007-12-31": "", "2006-12-31": "", "2005-12-31": ""}, "SG&A Expenses": {"2019-12-31": "3287.00000", "2018-12-31": "4895.00000", "2017-12-31": "4204.00000", "2016-12-31": "3554.00000", "2015-12-31": "10093.00000", "2014-12-31": "10529.00000", "2013-12-31": "4899.00000", "2012-12-31": "4426.00000", "2011-12-31": "4576.00000", "2010-12-31": "3989.00000", "2009-12-31": "3654.00000", "2008-12-31": "4583.00000", "2007-12-31": "3620.00000", "2006-12-31": "3399.00000", "2005-12-31": "3212.00000"}, "Other Operating Income Or Expenses": {"2019-12-31": "-14.00000", "2018-12-31": "1.00000", "2017-12-31": "-137.00000", "2016-12-31": "743.00000", "2015-12-31": "-18098.00000", "2014-12-31": "-2046.00000", "2013-12-31": "-2097.00000", "2012-12-31": "-2116.00000", "2011-12-31": "11.00000", "2010-12-31": "", "2009-12-31": "-6408.00000", "2008-12-31": "-9971.00000", "2007-12-31": "-70.00000", "2006-12-31": "-83.00000", "2005-12-31": "-84.00000"}, "Operating Expenses": {"2019-12-31": "6079.00000", "2018-12-31": "7372.00000", "2017-12-31": "6140.00000", "2016-12-31": "6469.00000", "2015-12-31": "32213.00000", "2014-12-31": "15940.00000", "2013-12-31": "9830.00000", "2012-12-31": "9427.00000", "2011-12-31": "6813.00000", "2010-12-31": "5976.00000", "2009-12-31": "12275.00000", "2008-12-31": "17757.00000", "2007-12-31": "6303.00000", "2006-12-31": "5713.00000", "2005-12-31": "5220.00000"}, "Operating Income": {"2019-12-31": "141.00000", "2018-12-31": "1524.00000", "2017-12-31": "361.00000", "2016-12-31": "284.00000", "2015-12-31": "-19068.00000", "2014-12-31": "4698.00000", "2013-12-31": "567.00000", "2012-12-31": "74.00000", "2011-12-31": "4632.00000", "2010-12-31": "3964.00000", "2009-12-31": "-4260.00000", "2008-12-31": "-3899.00000", "2007-12-31": "3672.00000", "2006-12-31": "4054.00000", "2005-12-31": "4807.00000"}, "Total Non-Operating Income/Expense": {"2019-12-31": "-250.00000", "2018-12-31": "-580.00000", "2017-12-31": "-321.00000", "2016-12-31": "-717.00000", "2015-12-31": "-790.00000", "2014-12-31": "-639.00000", "2013-12-31": "-418.00000", "2012-12-31": "-391.00000", "2011-12-31": "-342.00000", "2010-12-31": "-396.00000", "2009-12-31": "-266.00000", "2008-12-31": "-261.00000", "2007-12-31": "-345.00000", "2006-12-31": "-484.00000", "2005-12-31": "-429.00000"}, "Pre-Tax Income": {"2019-12-31": "-109.00000", "2018-12-31": "944.00000", "2017-12-31": "40.00000", "2016-12-31": "-433.00000", "2015-12-31": "-19858.00000", "2014-12-31": "4059.00000", "2013-12-31": "149.00000", "2012-12-31": "-317.00000", "2011-12-31": "4290.00000", "2010-12-31": "3568.00000", "2009-12-31": "-4526.00000", "2008-12-31": "-4160.00000", "2007-12-31": "3327.00000", "2006-12-31": "3570.00000", "2005-12-31": "4378.00000"}, "Income Taxes": {"2019-12-31": "-30.00000", "2018-12-31": "230.00000", "2017-12-31": "7.00000", "2016-12-31": "141.00000", "2015-12-31": "-6213.00000", "2014-12-31": "2368.00000", "2013-12-31": "169.00000", "2012-12-31": "-132.00000", "2011-12-31": "2156.00000", "2010-12-31": "1235.00000", "2009-12-31": "-1773.00000", "2008-12-31": "-1121.00000", "2007-12-31": "842.00000", "2006-12-31": "936.00000", "2005-12-31": "1481.00000"}, "Income After Taxes": {"2019-12-31": "-79.00000", "2018-12-31": "714.00000", "2017-12-31": "33.00000", "2016-12-31": "-574.00000", "2015-12-31": "-13645.00000", "2014-12-31": "1691.00000", "2013-12-31": "-20.00000", "2012-12-31": "-185.00000", "2011-12-31": "2134.00000", "2010-12-31": "2333.00000", "2009-12-31": "-2753.00000", "2008-12-31": "-3039.00000", "2007-12-31": "2485.00000", "2006-12-31": "2634.00000", "2005-12-31": "2897.00000"}, "Other Income": {"2019-12-31": "", "2018-12-31": "", "2017-12-31": "", "2016-12-31": "", "2015-12-31": "", "2014-12-31": "", "2013-12-31": "", "2012-12-31": "", "2011-12-31": "", "2010-12-31": "", "2009-12-31": "", "2008-12-31": "", "2007-12-31": "", "2006-12-31": "", "2005-12-31": ""}, "Income From Continuous Operations": {"2019-12-31": "-79.00000", "2018-12-31": "714.00000", "2017-12-31": "33.00000", "2016-12-31": "-574.00000", "2015-12-31": "-13645.00000", "2014-12-31": "1691.00000", "2013-12-31": "-20.00000", "2012-12-31": "-185.00000", "2011-12-31": "2134.00000", "2010-12-31": "2333.00000", "2009-12-31": "-2753.00000", "2008-12-31": "-3039.00000", "2007-12-31": "2485.00000", "2006-12-31": "2634.00000", "2005-12-31": "2897.00000"}, "Income From Discontinued Operations": {"2019-12-31": "-274.00000", "2018-12-31": "2510.00000", "2017-12-31": "1045.00000", "2016-12-31": "-884.00000", "2015-12-31": "", "2014-12-31": "", "2013-12-31": "", "2012-12-31": "-21.00000", "2011-12-31": "2570.00000", "2010-12-31": "2217.00000", "2009-12-31": "274.00000", "2008-12-31": "891.00000", "2007-12-31": "1121.00000", "2006-12-31": "212.00000", "2005-12-31": "33.00000"}, "Net Income": {"2019-12-31": "-355.00000", "2018-12-31": "3064.00000", "2017-12-31": "898.00000", "2016-12-31": "-1056.00000", "2015-12-31": "-12901.00000", "2014-12-31": "1607.00000", "2013-12-31": "-22.00000", "2012-12-31": "-206.00000", "2011-12-31": "4704.00000", "2010-12-31": "4550.00000", "2009-12-31": "-2479.00000", "2008-12-31": "-2153.00000", "2007-12-31": "3596.00000", "2006-12-31": "2836.00000", "2005-12-31": "2920.00000"}, "EBITDA": {"2019-12-31": "1671.00000", "2018-12-31": "2779.00000", "2017-12-31": "1396.00000", "2016-12-31": "1951.00000", "2015-12-31": "-14971.00000", "2014-12-31": "8106.00000", "2013-12-31": "3347.00000", "2012-12-31": "2885.00000", "2011-12-31": "6880.00000", "2010-12-31": "5894.00000", "2009-12-31": "-2152.00000", "2008-12-31": "-696.00000", "2007-12-31": "6285.00000", "2006-12-31": "6285.00000", "2005-12-31": "6731.00000"}, "EBIT": {"2019-12-31": "141.00000", "2018-12-31": "1524.00000", "2017-12-31": "361.00000", "2016-12-31": "284.00000", "2015-12-31": "-19068.00000", "2014-12-31": "4698.00000", "2013-12-31": "567.00000", "2012-12-31": "74.00000", "2011-12-31": "4632.00000", "2010-12-31": "3964.00000", "2009-12-31": "-4260.00000", "2008-12-31": "-3899.00000", "2007-12-31": "3672.00000", "2006-12-31": "4054.00000", "2005-12-31": "4807.00000"}, "Basic Shares Outstanding": {"2019-12-31": "401.00000", "2018-12-31": "494.00000", "2017-12-31": "520.00000", "2016-12-31": "507.00000", "2015-12-31": "407.00000", "2014-12-31": "405.00000", "2013-12-31": "402.00000", "2012-12-31": "400.00000", "2011-12-31": "417.00000", "2010-12-31": "435.00000", "2009-12-31": "439.00000", "2008-12-31": "439.00000", "2007-12-31": "441.00000", "2006-12-31": "442.00000", "2005-12-31": "458.00000"}, "Shares Outstanding": {"2019-12-31": "401.00000", "2018-12-31": "497.00000", "2017-12-31": "520.00000", "2016-12-31": "507.00000", "2015-12-31": "407.00000", "2014-12-31": "407.00000", "2013-12-31": "402.00000", "2012-12-31": "400.00000", "2011-12-31": "418.00000", "2010-12-31": "436.00000", "2009-12-31": "439.00000", "2008-12-31": "439.00000", "2007-12-31": "446.00000", "2006-12-31": "448.00000", "2005-12-31": "470.00000"}, "Basic EPS": {"2019-12-31": "-0.89000", "2018-12-31": "6.14000", "2017-12-31": "1.71000", "2016-12-31": "-2.09000", "2015-12-31": "-31.72000", "2014-12-31": "3.93000", "2013-12-31": "-0.06000", "2012-12-31": "-0.52000", "2011-12-31": "11.29000", "2010-12-31": "10.35000", "2009-12-31": "-5.58000", "2008-12-31": "-4.85000", "2007-12-31": "8.08000", "2006-12-31": "6.42000", "2005-12-31": "6.38000"}, "EPS - Earnings Per Share": {"2019-12-31": "-0.89000", "2018-12-31": "6.10000", "2017-12-31": "1.70000", "2016-12-31": "-2.09000", "2015-12-31": "-31.72000", "2014-12-31": "3.91000", "2013-12-31": "-0.06000", "2012-12-31": "-0.52000", "2011-12-31": "11.25000", "2010-12-31": "10.31000", "2009-12-31": "-5.58000", "2008-12-31": "-4.85000", "2007-12-31": "8.00000", "2006-12-31": "6.34000", "2005-12-31": "6.26000"}}, "income statement, quarterly": {"Revenue": {"2020-09-30": "1067.00000", "2020-06-30": "394.00000", "2020-03-31": "2087.00000", "2019-12-31": "1589.00000", "2019-09-30": "1746.00000", "2019-06-30": "1806.00000", "2019-03-31": "1079.00000", "2018-12-31": "2620.00000", "2018-09-30": "2156.00000", "2018-06-30": "1922.00000", "2018-03-31": "2198.00000", "2017-12-31": "-1148.00000", "2017-09-30": "1933.00000", "2017-06-30": "2165.00000", "2017-03-31": "3551.00000", "2016-12-31": "-2094.00000", "2016-09-30": "4233.00000", "2016-06-30": "2488.00000", "2016-03-31": "2126.00000", "2015-12-31": "2886.00000", "2015-09-30": "3601.00000", "2015-06-30": "3393.00000", "2015-03-31": "3265.00000", "2014-12-31": "7067.00000", "2014-09-30": "5336.00000", "2014-06-30": "4510.00000", "2014-03-31": "3725.00000", "2013-12-31": "2624.00000", "2013-09-30": "2714.00000", "2013-06-30": "3088.00000", "2013-03-31": "1971.00000", "2012-12-31": "2580.00000", "2012-09-30": "1865.00000", "2012-06-30": "2559.00000", "2012-03-31": "2497.00000", "2011-12-31": "2576.00000", "2011-09-30": "3502.00000", "2011-06-30": "3220.00000", "2011-03-31": "2147.00000", "2010-12-31": "2135.00000", "2010-09-30": "2353.00000", "2010-06-30": "2232.00000", "2010-03-31": "3220.00000", "2009-12-31": "2445.00000", "2009-09-30": "1848.00000", "2009-06-30": "1822.00000", "2009-03-31": "1900.00000", "2008-12-31": "1357.00000", "2008-09-30": "5978.00000", "2008-06-30": "3548.00000", "2008-03-31": "2975.00000", "2007-12-31": "1810.00000", "2007-09-30": "2763.00000", "2007-06-30": "2929.00000", "2007-03-31": "2473.00000", "2006-12-31": "2418.00000", "2006-09-30": "2499.00000", "2006-06-30": "2350.00000", "2006-03-31": "2500.00000", "2005-12-31": "2504.00000", "2005-09-30": "2704.00000", "2005-06-30": "2468.00000", "2005-03-31": "2351.00000"}, "Cost Of Goods Sold": {"2020-09-30": "271.00000", "2020-06-30": "263.00000", "2020-03-31": "318.00000", "2019-12-31": "324.00000", "2019-09-30": "294.00000", "2019-06-30": "296.00000", "2019-03-31": "283.00000", "2018-12-31": "-213.00000", "2018-09-30": "417.00000", "2018-06-30": "406.00000", "2018-03-31": "543.00000", "2017-12-31": "-569.00000", "2017-09-30": "448.00000", "2017-06-30": "455.00000", "2017-03-31": "457.00000", "2016-12-31": "", "2016-09-30": "", "2016-06-30": "", "2016-03-31": "", "2015-12-31": "", "2015-09-30": "", "2015-06-30": "", "2015-03-31": "", "2014-12-31": "", "2014-09-30": "", "2014-06-30": "", "2014-03-31": "", "2013-12-31": "", "2013-09-30": "", "2013-06-30": "", "2013-03-31": "", "2012-12-31": "", "2012-09-30": "", "2012-06-30": "", "2012-03-31": "", "2011-12-31": "", "2011-09-30": "", "2011-06-30": "", "2011-03-31": "", "2010-12-31": "", "2010-09-30": "", "2010-06-30": "", "2010-03-31": "", "2009-12-31": "", "2009-09-30": "", "2009-06-30": "", "2009-03-31": "", "2008-12-31": "", "2008-09-30": "", "2008-06-30": "", "2008-03-31": "", "2007-12-31": "", "2007-09-30": "", "2007-06-30": "", "2007-03-31": "", "2006-12-31": "", "2006-09-30": "", "2006-06-30": "", "2006-03-31": "", "2005-12-31": "", "2005-09-30": "", "2005-06-30": "", "2005-03-31": ""}, "Gross Profit": {"2020-09-30": "796.00000", "2020-06-30": "131.00000", "2020-03-31": "1769.00000", "2019-12-31": "1265.00000", "2019-09-30": "1452.00000", "2019-06-30": "1510.00000", "2019-03-31": "796.00000", "2018-12-31": "2833.00000", "2018-09-30": "1739.00000", "2018-06-30": "1516.00000", "2018-03-31": "1655.00000", "2017-12-31": "-579.00000", "2017-09-30": "1485.00000", "2017-06-30": "1710.00000", "2017-03-31": "3094.00000", "2016-12-31": "-2094.00000", "2016-09-30": "4233.00000", "2016-06-30": "2488.00000", "2016-03-31": "2126.00000", "2015-12-31": "2886.00000", "2015-09-30": "3601.00000", "2015-06-30": "3393.00000", "2015-03-31": "3265.00000", "2014-12-31": "7067.00000", "2014-09-30": "5336.00000", "2014-06-30": "4510.00000", "2014-03-31": "3725.00000", "2013-12-31": "2624.00000", "2013-09-30": "2714.00000", "2013-06-30": "3088.00000", "2013-03-31": "1971.00000", "2012-12-31": "2580.00000", "2012-09-30": "1865.00000", "2012-06-30": "2559.00000", "2012-03-31": "2497.00000", "2011-12-31": "2576.00000", "2011-09-30": "3502.00000", "2011-06-30": "3220.00000", "2011-03-31": "2147.00000", "2010-12-31": "2135.00000", "2010-09-30": "2353.00000", "2010-06-30": "2232.00000", "2010-03-31": "3220.00000", "2009-12-31": "2445.00000", "2009-09-30": "1848.00000", "2009-06-30": "1822.00000", "2009-03-31": "1900.00000", "2008-12-31": "1357.00000", "2008-09-30": "5978.00000", "2008-06-30": "3548.00000", "2008-03-31": "2975.00000", "2007-12-31": "1810.00000", "2007-09-30": "2763.00000", "2007-06-30": "2929.00000", "2007-03-31": "2473.00000", "2006-12-31": "2418.00000", "2006-09-30": "2499.00000", "2006-06-30": "2350.00000", "2006-03-31": "2500.00000", "2005-12-31": "2504.00000", "2005-09-30": "2704.00000", "2005-06-30": "2468.00000", "2005-03-31": "2351.00000"}, "Research And Development Expenses": {"2020-09-30": "", "2020-06-30": "", "2020-03-31": "", "2019-12-31": "", "2019-09-30": "", "2019-06-30": "", "2019-03-31": "", "2018-12-31": "", "2018-09-30": "", "2018-06-30": "", "2018-03-31": "", "2017-12-31": "", "2017-09-30": "", "2017-06-30": "", "2017-03-31": "", "2016-12-31": "", "2016-09-30": "", "2016-06-30": "", "2016-03-31": "", "2015-12-31": "", "2015-09-30": "", "2015-06-30": "", "2015-03-31": "", "2014-12-31": "", "2014-09-30": "", "2014-06-30": "", "2014-03-31": "", "2013-12-31": "", "2013-09-30": "", "2013-06-30": "", "2013-03-31": "", "2012-12-31": "", "2012-09-30": "", "2012-06-30": "", "2012-03-31": "", "2011-12-31": "", "2011-09-30": "", "2011-06-30": "", "2011-03-31": "", "2010-12-31": "", "2010-09-30": "", "2010-06-30": "", "2010-03-31": "", "2009-12-31": "", "2009-09-30": "", "2009-06-30": "", "2009-03-31": "", "2008-12-31": "", "2008-09-30": "", "2008-06-30": "", "2008-03-31": "", "2007-12-31": "", "2007-09-30": "", "2007-06-30": "", "2007-03-31": "", "2006-12-31": "", "2006-09-30": "", "2006-06-30": "", "2006-03-31": "", "2005-12-31": "", "2005-09-30": "", "2005-06-30": "", "2005-03-31": ""}, "SG&A Expenses": {"2020-09-30": "553.00000", "2020-06-30": "487.00000", "2020-03-31": "745.00000", "2019-12-31": "784.00000", "2019-09-30": "791.00000", "2019-06-30": "893.00000", "2019-03-31": "945.00000", "2018-12-31": "1210.00000", "2018-09-30": "1329.00000", "2018-06-30": "1348.00000", "2018-03-31": "1072.00000", "2017-12-31": "116.00000", "2017-09-30": "1013.00000", "2017-06-30": "1030.00000", "2017-03-31": "2045.00000", "2016-12-31": "-812.00000", "2016-09-30": "2043.00000", "2016-06-30": "1976.00000", "2016-03-31": "1782.00000", "2015-12-31": "2868.00000", "2015-09-30": "2436.00000", "2015-06-30": "2753.00000", "2015-03-31": "2351.00000", "2014-12-31": "2651.00000", "2014-09-30": "2700.00000", "2014-06-30": "2927.00000", "2014-03-31": "2251.00000", "2013-12-31": "1274.00000", "2013-09-30": "1241.00000", "2013-06-30": "1233.00000", "2013-03-31": "1151.00000", "2012-12-31": "1239.00000", "2012-09-30": "1080.00000", "2012-06-30": "998.00000", "2012-03-31": "1109.00000", "2011-12-31": "1181.00000", "2011-09-30": "1236.00000", "2011-06-30": "1164.00000", "2011-03-31": "995.00000", "2010-12-31": "1018.00000", "2010-09-30": "977.00000", "2010-06-30": "944.00000", "2010-03-31": "1050.00000", "2009-12-31": "972.00000", "2009-09-30": "874.00000", "2009-06-30": "892.00000", "2009-03-31": "916.00000", "2008-12-31": "664.00000", "2008-09-30": "1341.00000", "2008-06-30": "1408.00000", "2008-03-31": "1170.00000", "2007-12-31": "769.00000", "2007-09-30": "969.00000", "2007-06-30": "983.00000", "2007-03-31": "899.00000", "2006-12-31": "894.00000", "2006-09-30": "860.00000", "2006-06-30": "803.00000", "2006-03-31": "842.00000", "2005-12-31": "846.00000", "2005-09-30": "764.00000", "2005-06-30": "787.00000", "2005-03-31": "815.00000"}, "Other Operating Income Or Expenses": {"2020-09-30": "-39.00000", "2020-06-30": "-25.00000", "2020-03-31": "-2730.00000", "2019-12-31": "-45.00000", "2019-09-30": "-20.00000", "2019-06-30": "-12.00000", "2019-03-31": "63.00000", "2018-12-31": "276.00000", "2018-09-30": "-9.00000", "2018-06-30": "-224.00000", "2018-03-31": "-42.00000", "2017-12-31": "-152.00000", "2017-09-30": "113.00000", "2017-06-30": "-27.00000", "2017-03-31": "-71.00000", "2016-12-31": "5882.00000", "2016-09-30": "-336.00000", "2016-06-30": "-1501.00000", "2016-03-31": "-3302.00000", "2015-12-31": "-2565.00000", "2015-09-30": "-5865.00000", "2015-06-30": "-4189.00000", "2015-03-31": "-5479.00000", "2014-12-31": "-3044.00000", "2014-09-30": "-18.00000", "2014-06-30": "1024.00000", "2014-03-31": "-8.00000", "2013-12-31": "-44.00000", "2013-09-30": "-45.00000", "2013-06-30": "-73.00000", "2013-03-31": "-1935.00000", "2012-12-31": "", "2012-09-30": "", "2012-06-30": "", "2012-03-31": "", "2011-12-31": "", "2011-09-30": "", "2011-06-30": "", "2011-03-31": "", "2010-12-31": "", "2010-09-30": "-21.00000", "2010-06-30": "-24.00000", "2010-03-31": "-26.00000", "2009-12-31": "68.00000", "2009-09-30": "-22.00000", "2009-06-30": "-23.00000", "2009-03-31": "-6431.00000", "2008-12-31": "-9905.00000", "2008-09-30": "-22.00000", "2008-06-30": "-22.00000", "2008-03-31": "-22.00000", "2007-12-31": "-15.00000", "2007-09-30": "-19.00000", "2007-06-30": "-18.00000", "2007-03-31": "-18.00000", "2006-12-31": "-12.00000", "2006-09-30": "-32.00000", "2006-06-30": "-29.00000", "2006-03-31": "-10.00000", "2005-12-31": "-49.00000", "2005-09-30": "-12.00000", "2005-06-30": "-11.00000", "2005-03-31": "-12.00000"}, "Operating Expenses": {"2020-09-30": "1194.00000", "2020-06-30": "1074.00000", "2020-03-31": "4194.00000", "2019-12-31": "1420.00000", "2019-09-30": "1496.00000", "2019-06-30": "1587.00000", "2019-03-31": "1576.00000", "2018-12-31": "808.00000", "2018-09-30": "2103.00000", "2018-06-30": "2405.00000", "2018-03-31": "2056.00000", "2017-12-31": "-560.00000", "2017-09-30": "1718.00000", "2017-06-30": "1881.00000", "2017-03-31": "3101.00000", "2016-12-31": "-5910.00000", "2016-09-30": "2768.00000", "2016-06-30": "3985.00000", "2016-03-31": "5626.00000", "2015-12-31": "6652.00000", "2015-09-30": "9045.00000", "2015-06-30": "7756.00000", "2015-03-31": "8760.00000", "2014-12-31": "6607.00000", "2014-09-30": "3562.00000", "2014-06-30": "2736.00000", "2014-03-31": "3035.00000", "2013-12-31": "2033.00000", "2013-09-30": "1981.00000", "2013-06-30": "1988.00000", "2013-03-31": "3828.00000", "2012-12-31": "4160.00000", "2012-09-30": "1796.00000", "2012-06-30": "1682.00000", "2012-03-31": "1789.00000", "2011-12-31": "1798.00000", "2011-09-30": "1799.00000", "2011-06-30": "1720.00000", "2011-03-31": "1496.00000", "2010-12-31": "1438.00000", "2010-09-30": "1524.00000", "2010-06-30": "1449.00000", "2010-03-31": "1565.00000", "2009-12-31": "1495.00000", "2009-09-30": "1384.00000", "2009-06-30": "1419.00000", "2009-03-31": "7977.00000", "2008-12-31": "11306.00000", "2008-09-30": "2211.00000", "2008-06-30": "2254.00000", "2008-03-31": "1986.00000", "2007-12-31": "1314.00000", "2007-09-30": "1744.00000", "2007-06-30": "1695.00000", "2007-03-31": "1550.00000", "2006-12-31": "1530.00000", "2006-09-30": "1482.00000", "2006-06-30": "1365.00000", "2006-03-31": "1336.00000", "2005-12-31": "1172.00000", "2005-09-30": "1309.00000", "2005-06-30": "1333.00000", "2005-03-31": "1406.00000"}, "Operating Income": {"2020-09-30": "-127.00000", "2020-06-30": "-680.00000", "2020-03-31": "-2107.00000", "2019-12-31": "169.00000", "2019-09-30": "250.00000", "2019-06-30": "219.00000", "2019-03-31": "-497.00000", "2018-12-31": "1812.00000", "2018-09-30": "53.00000", "2018-06-30": "-483.00000", "2018-03-31": "142.00000", "2017-12-31": "-588.00000", "2017-09-30": "215.00000", "2017-06-30": "284.00000", "2017-03-31": "450.00000", "2016-12-31": "3816.00000", "2016-09-30": "1465.00000", "2016-06-30": "-1497.00000", "2016-03-31": "-3500.00000", "2015-12-31": "-3766.00000", "2015-09-30": "-5444.00000", "2015-06-30": "-4363.00000", "2015-03-31": "-5495.00000", "2014-12-31": "460.00000", "2014-09-30": "1774.00000", "2014-06-30": "1774.00000", "2014-03-31": "690.00000", "2013-12-31": "591.00000", "2013-09-30": "733.00000", "2013-06-30": "1100.00000", "2013-03-31": "-1857.00000", "2012-12-31": "-1580.00000", "2012-09-30": "69.00000", "2012-06-30": "877.00000", "2012-03-31": "708.00000", "2011-12-31": "778.00000", "2011-09-30": "1703.00000", "2011-06-30": "1500.00000", "2011-03-31": "651.00000", "2010-12-31": "697.00000", "2010-09-30": "829.00000", "2010-06-30": "783.00000", "2010-03-31": "1655.00000", "2009-12-31": "950.00000", "2009-09-30": "464.00000", "2009-06-30": "403.00000", "2009-03-31": "-6077.00000", "2008-12-31": "-9949.00000", "2008-09-30": "3767.00000", "2008-06-30": "1294.00000", "2008-03-31": "989.00000", "2007-12-31": "496.00000", "2007-09-30": "1019.00000", "2007-06-30": "1234.00000", "2007-03-31": "923.00000", "2006-12-31": "888.00000", "2006-09-30": "1017.00000", "2006-06-30": "985.00000", "2006-03-31": "1164.00000", "2005-12-31": "1332.00000", "2005-09-30": "1395.00000", "2005-06-30": "1135.00000", "2005-03-31": "945.00000"}, "Total Non-Operating Income/Expense": {"2020-09-30": "-66.00000", "2020-06-30": "", "2020-03-31": "", "2019-12-31": "-190.00000", "2019-09-30": "-60.00000", "2019-06-30": "", "2019-03-31": "", "2018-12-31": "-125.00000", "2018-09-30": "-68.00000", "2018-06-30": "", "2018-03-31": "-387.00000", "2017-12-31": "-111.00000", "2017-09-30": "-8.00000", "2017-06-30": "-77.00000", "2017-03-31": "-125.00000", "2016-12-31": "3.00000", "2016-09-30": "-287.00000", "2016-06-30": "-248.00000", "2016-03-31": "-185.00000", "2015-12-31": "-366.00000", "2015-09-30": "-179.00000", "2015-06-30": "-116.00000", "2015-03-31": "-129.00000", "2014-12-31": "-169.00000", "2014-09-30": "-120.00000", "2014-06-30": "-220.00000", "2014-03-31": "-130.00000", "2013-12-31": "-116.00000", "2013-09-30": "-94.00000", "2013-06-30": "-103.00000", "2013-03-31": "-105.00000", "2012-12-31": "1079.00000", "2012-09-30": "-1230.00000", "2012-06-30": "-143.00000", "2012-03-31": "-97.00000", "2011-12-31": "16.00000", "2011-09-30": "-165.00000", "2011-06-30": "-122.00000", "2011-03-31": "-71.00000", "2010-12-31": "-29.00000", "2010-09-30": "-130.00000", "2010-06-30": "-170.00000", "2010-03-31": "-67.00000", "2009-12-31": "-84.00000", "2009-09-30": "7.00000", "2009-06-30": "-104.00000", "2009-03-31": "-85.00000", "2008-12-31": "-99.00000", "2008-09-30": "-32.00000", "2008-06-30": "-33.00000", "2008-03-31": "-97.00000", "2007-12-31": "-122.00000", "2007-09-30": "-58.00000", "2007-06-30": "-80.00000", "2007-03-31": "-85.00000", "2006-12-31": "-174.00000", "2006-09-30": "-106.00000", "2006-06-30": "-120.00000", "2006-03-31": "-84.00000", "2005-12-31": "-16.00000", "2005-09-30": "-256.00000", "2005-06-30": "-125.00000", "2005-03-31": "-32.00000"}, "Pre-Tax Income": {"2020-09-30": "-193.00000", "2020-06-30": "-680.00000", "2020-03-31": "-2107.00000", "2019-12-31": "-21.00000", "2019-09-30": "190.00000", "2019-06-30": "219.00000", "2019-03-31": "-497.00000", "2018-12-31": "1687.00000", "2018-09-30": "-15.00000", "2018-06-30": "-483.00000", "2018-03-31": "-245.00000", "2017-12-31": "-699.00000", "2017-09-30": "207.00000", "2017-06-30": "207.00000", "2017-03-31": "325.00000", "2016-12-31": "3819.00000", "2016-09-30": "1178.00000", "2016-06-30": "-1745.00000", "2016-03-31": "-3685.00000", "2015-12-31": "-4132.00000", "2015-09-30": "-5623.00000", "2015-06-30": "-4479.00000", "2015-03-31": "-5624.00000", "2014-12-31": "291.00000", "2014-09-30": "1654.00000", "2014-06-30": "1554.00000", "2014-03-31": "560.00000", "2013-12-31": "475.00000", "2013-09-30": "639.00000", "2013-06-30": "997.00000", "2013-03-31": "-1962.00000", "2012-12-31": "-501.00000", "2012-09-30": "-1161.00000", "2012-06-30": "734.00000", "2012-03-31": "611.00000", "2011-12-31": "794.00000", "2011-09-30": "1538.00000", "2011-06-30": "1378.00000", "2011-03-31": "580.00000", "2010-12-31": "668.00000", "2010-09-30": "699.00000", "2010-06-30": "613.00000", "2010-03-31": "1588.00000", "2009-12-31": "866.00000", "2009-09-30": "471.00000", "2009-06-30": "299.00000", "2009-03-31": "-6162.00000", "2008-12-31": "-10048.00000", "2008-09-30": "3735.00000", "2008-06-30": "1261.00000", "2008-03-31": "892.00000", "2007-12-31": "374.00000", "2007-09-30": "961.00000", "2007-06-30": "1154.00000", "2007-03-31": "838.00000", "2006-12-31": "714.00000", "2006-09-30": "911.00000", "2006-06-30": "865.00000", "2006-03-31": "1080.00000", "2005-12-31": "1316.00000", "2005-09-30": "1139.00000", "2005-06-30": "1010.00000", "2005-03-31": "913.00000"}, "Income Taxes": {"2020-09-30": "-90.00000", "2020-06-30": "-3.00000", "2020-03-31": "-417.00000", "2019-12-31": "-33.00000", "2019-09-30": "54.00000", "2019-06-30": "68.00000", "2019-03-31": "-119.00000", "2018-12-31": "422.00000", "2018-09-30": "-171.00000", "2018-06-30": "13.00000", "2018-03-31": "-34.00000", "2017-12-31": "-9.00000", "2017-09-30": "13.00000", "2017-06-30": "-5.00000", "2017-03-31": "8.00000", "2016-12-31": "369.00000", "2016-09-30": "171.00000", "2016-06-30": "-182.00000", "2016-03-31": "-217.00000", "2015-12-31": "-778.00000", "2015-09-30": "-1714.00000", "2015-06-30": "-1686.00000", "2015-03-31": "-2035.00000", "2014-12-31": "670.00000", "2014-09-30": "613.00000", "2014-06-30": "854.00000", "2014-03-31": "231.00000", "2013-12-31": "268.00000", "2013-09-30": "210.00000", "2013-06-30": "314.00000", "2013-03-31": "-623.00000", "2012-12-31": "-144.00000", "2012-09-30": "-442.00000", "2012-06-30": "257.00000", "2012-03-31": "197.00000", "2011-12-31": "273.00000", "2011-09-30": "498.00000", "2011-06-30": "1194.00000", "2011-03-31": "191.00000", "2010-12-31": "190.00000", "2010-09-30": "270.00000", "2010-06-30": "261.00000", "2010-03-31": "514.00000", "2009-12-31": "309.00000", "2009-09-30": "89.00000", "2009-06-30": "109.00000", "2009-03-31": "-2280.00000", "2008-12-31": "-3255.00000", "2008-09-30": "1226.00000", "2008-06-30": "667.00000", "2008-03-31": "241.00000", "2007-12-31": "-69.00000", "2007-09-30": "317.00000", "2007-06-30": "330.00000", "2007-03-31": "264.00000", "2006-12-31": "212.00000", "2006-09-30": "258.00000", "2006-06-30": "102.00000", "2006-03-31": "364.00000", "2005-12-31": "379.00000", "2005-09-30": "395.00000", "2005-06-30": "357.00000", "2005-03-31": "350.00000"}, "Income After Taxes": {"2020-09-30": "-103.00000", "2020-06-30": "-677.00000", "2020-03-31": "-1690.00000", "2019-12-31": "12.00000", "2019-09-30": "136.00000", "2019-06-30": "151.00000", "2019-03-31": "-378.00000", "2018-12-31": "1265.00000", "2018-09-30": "156.00000", "2018-06-30": "-496.00000", "2018-03-31": "-211.00000", "2017-12-31": "-690.00000", "2017-09-30": "194.00000", "2017-06-30": "212.00000", "2017-03-31": "317.00000", "2016-12-31": "3450.00000", "2016-09-30": "1007.00000", "2016-06-30": "-1563.00000", "2016-03-31": "-3468.00000", "2015-12-31": "-3354.00000", "2015-09-30": "-3909.00000", "2015-06-30": "-2793.00000", "2015-03-31": "-3589.00000", "2014-12-31": "-379.00000", "2014-09-30": "1041.00000", "2014-06-30": "700.00000", "2014-03-31": "329.00000", "2013-12-31": "207.00000", "2013-09-30": "429.00000", "2013-06-30": "683.00000", "2013-03-31": "-1339.00000", "2012-12-31": "-357.00000", "2012-09-30": "-719.00000", "2012-06-30": "477.00000", "2012-03-31": "414.00000", "2011-12-31": "521.00000", "2011-09-30": "1040.00000", "2011-06-30": "184.00000", "2011-03-31": "389.00000", "2010-12-31": "478.00000", "2010-09-30": "429.00000", "2010-06-30": "352.00000", "2010-03-31": "1074.00000", "2009-12-31": "557.00000", "2009-09-30": "382.00000", "2009-06-30": "190.00000", "2009-03-31": "-3882.00000", "2008-12-31": "-6793.00000", "2008-09-30": "2509.00000", "2008-06-30": "594.00000", "2008-03-31": "651.00000", "2007-12-31": "443.00000", "2007-09-30": "644.00000", "2007-06-30": "824.00000", "2007-03-31": "574.00000", "2006-12-31": "502.00000", "2006-09-30": "653.00000", "2006-06-30": "763.00000", "2006-03-31": "716.00000", "2005-12-31": "937.00000", "2005-09-30": "744.00000", "2005-06-30": "653.00000", "2005-03-31": "563.00000"}, "Other Income": {"2020-09-30": "", "2020-06-30": "", "2020-03-31": "", "2019-12-31": "", "2019-09-30": "", "2019-06-30": "", "2019-03-31": "", "2018-12-31": "", "2018-09-30": "", "2018-06-30": "", "2018-03-31": "", "2017-12-31": "", "2017-09-30": "", "2017-06-30": "", "2017-03-31": "", "2016-12-31": "", "2016-09-30": "", "2016-06-30": "", "2016-03-31": "", "2015-12-31": "", "2015-09-30": "", "2015-06-30": "", "2015-03-31": "", "2014-12-31": "", "2014-09-30": "", "2014-06-30": "", "2014-03-31": "", "2013-12-31": "", "2013-09-30": "", "2013-06-30": "", "2013-03-31": "", "2012-12-31": "", "2012-09-30": "", "2012-06-30": "", "2012-03-31": "", "2011-12-31": "", "2011-09-30": "", "2011-06-30": "", "2011-03-31": "", "2010-12-31": "", "2010-09-30": "", "2010-06-30": "", "2010-03-31": "", "2009-12-31": "", "2009-09-30": "", "2009-06-30": "", "2009-03-31": "", "2008-12-31": "", "2008-09-30": "", "2008-06-30": "", "2008-03-31": "", "2007-12-31": "", "2007-09-30": "", "2007-06-30": "", "2007-03-31": "", "2006-12-31": "", "2006-09-30": "", "2006-06-30": "", "2006-03-31": "", "2005-12-31": "", "2005-09-30": "", "2005-06-30": "", "2005-03-31": ""}, "Income From Continuous Operations": {"2020-09-30": "-103.00000", "2020-06-30": "-677.00000", "2020-03-31": "-1690.00000", "2019-12-31": "12.00000", "2019-09-30": "136.00000", "2019-06-30": "151.00000", "2019-03-31": "-378.00000", "2018-12-31": "1265.00000", "2018-09-30": "156.00000", "2018-06-30": "-496.00000", "2018-03-31": "-211.00000", "2017-12-31": "-690.00000", "2017-09-30": "194.00000", "2017-06-30": "212.00000", "2017-03-31": "317.00000", "2016-12-31": "3450.00000", "2016-09-30": "1007.00000", "2016-06-30": "-1563.00000", "2016-03-31": "-3468.00000", "2015-12-31": "-3354.00000", "2015-09-30": "-3909.00000", "2015-06-30": "-2793.00000", "2015-03-31": "-3589.00000", "2014-12-31": "-379.00000", "2014-09-30": "1041.00000", "2014-06-30": "700.00000", "2014-03-31": "329.00000", "2013-12-31": "207.00000", "2013-09-30": "429.00000", "2013-06-30": "683.00000", "2013-03-31": "-1339.00000", "2012-12-31": "-357.00000", "2012-09-30": "-719.00000", "2012-06-30": "477.00000", "2012-03-31": "414.00000", "2011-12-31": "521.00000", "2011-09-30": "1040.00000", "2011-06-30": "184.00000", "2011-03-31": "389.00000", "2010-12-31": "478.00000", "2010-09-30": "429.00000", "2010-06-30": "352.00000", "2010-03-31": "1074.00000", "2009-12-31": "557.00000", "2009-09-30": "382.00000", "2009-06-30": "190.00000", "2009-03-31": "-3882.00000", "2008-12-31": "-6793.00000", "2008-09-30": "2509.00000", "2008-06-30": "594.00000", "2008-03-31": "651.00000", "2007-12-31": "443.00000", "2007-09-30": "644.00000", "2007-06-30": "824.00000", "2007-03-31": "574.00000", "2006-12-31": "502.00000", "2006-09-30": "653.00000", "2006-06-30": "763.00000", "2006-03-31": "716.00000", "2005-12-31": "937.00000", "2005-09-30": "744.00000", "2005-06-30": "653.00000", "2005-03-31": "563.00000"}, "Income From Discontinued Operations": {"2020-09-30": "13.00000", "2020-06-30": "9.00000", "2020-03-31": "-125.00000", "2019-12-31": "-652.00000", "2019-09-30": "-27.00000", "2019-06-30": "344.00000", "2019-03-31": "61.00000", "2018-12-31": "-116.00000", "2018-09-30": "2407.00000", "2018-06-30": "161.00000", "2018-03-31": "58.00000", "2017-12-31": "994.00000", "2017-09-30": "18.00000", "2017-06-30": "33.00000", "2017-03-31": "", "2016-12-31": "", "2016-09-30": "", "2016-06-30": "", "2016-03-31": "", "2015-12-31": "", "2015-09-30": "", "2015-06-30": "", "2015-03-31": "", "2014-12-31": "", "2014-09-30": "", "2014-06-30": "", "2014-03-31": "", "2013-12-31": "", "2013-09-30": "", "2013-06-30": "", "2013-03-31": "", "2012-12-31": "", "2012-09-30": "", "2012-06-30": "", "2012-03-31": "-21.00000", "2011-12-31": "-14.00000", "2011-09-30": "-2.00000", "2011-06-30": "2559.00000", "2011-03-31": "27.00000", "2010-12-31": "84.00000", "2010-09-30": "1661.00000", "2010-06-30": "354.00000", "2010-03-31": "118.00000", "2009-12-31": "110.00000", "2009-09-30": "117.00000", "2009-06-30": "124.00000", "2009-03-31": "-77.00000", "2008-12-31": "-23.00000", "2008-09-30": "109.00000", "2008-06-30": "707.00000", "2008-03-31": "98.00000", "2007-12-31": "873.00000", "2007-09-30": "91.00000", "2007-06-30": "80.00000", "2007-03-31": "77.00000", "2006-12-31": "80.00000", "2006-09-30": "52.00000", "2006-06-30": "96.00000", "2006-03-31": "-16.00000", "2005-12-31": "", "2005-09-30": "", "2005-06-30": "", "2005-03-31": ""}, "Net Income": {"2020-09-30": "-92.00000", "2020-06-30": "-670.00000", "2020-03-31": "-1816.00000", "2019-12-31": "-642.00000", "2019-09-30": "109.00000", "2019-06-30": "495.00000", "2019-03-31": "-317.00000", "2018-12-31": "1149.00000", "2018-09-30": "2537.00000", "2018-06-30": "-425.00000", "2018-03-31": "-197.00000", "2017-12-31": "183.00000", "2017-09-30": "193.00000", "2017-06-30": "219.00000", "2017-03-31": "303.00000", "2016-12-31": "2578.00000", "2016-09-30": "993.00000", "2016-06-30": "-1571.00000", "2016-03-31": "-3056.00000", "2015-12-31": "-2976.00000", "2015-09-30": "-3508.00000", "2015-06-30": "-2817.00000", "2015-03-31": "-3600.00000", "2014-12-31": "-397.00000", "2014-09-30": "1005.00000", "2014-06-30": "675.00000", "2014-03-31": "324.00000", "2013-12-31": "206.00000", "2013-09-30": "429.00000", "2013-06-30": "683.00000", "2013-03-31": "-1340.00000", "2012-12-31": "-351.00000", "2012-09-30": "-719.00000", "2012-06-30": "471.00000", "2012-03-31": "393.00000", "2011-12-31": "509.00000", "2011-09-30": "1038.00000", "2011-06-30": "2741.00000", "2011-03-31": "416.00000", "2010-12-31": "562.00000", "2010-09-30": "2090.00000", "2010-06-30": "706.00000", "2010-03-31": "1192.00000", "2009-12-31": "667.00000", "2009-09-30": "499.00000", "2009-06-30": "314.00000", "2009-03-31": "-3959.00000", "2008-12-31": "-6816.00000", "2008-09-30": "2618.00000", "2008-06-30": "1298.00000", "2008-03-31": "747.00000", "2007-12-31": "1313.00000", "2007-09-30": "733.00000", "2007-06-30": "901.00000", "2007-03-31": "649.00000", "2006-12-31": "579.00000", "2006-09-30": "703.00000", "2006-06-30": "856.00000", "2006-03-31": "698.00000", "2005-12-31": "967.00000", "2005-09-30": "742.00000", "2005-06-30": "650.00000", "2005-03-31": "561.00000"}, "EBITDA": {"2020-09-30": "180.00000", "2020-06-30": "-373.00000", "2020-03-31": "-1698.00000", "2019-12-31": "559.00000", "2019-09-30": "639.00000", "2019-06-30": "601.00000", "2019-03-31": "-128.00000", "2018-12-31": "2051.00000", "2018-09-30": "404.00000", "2018-06-30": "-233.00000", "2018-03-31": "557.00000", "2017-12-31": "-739.00000", "2017-09-30": "600.00000", "2017-06-30": "533.00000", "2017-03-31": "1002.00000", "2016-12-31": "4005.00000", "2016-09-30": "1878.00000", "2016-06-30": "-993.00000", "2016-03-31": "-2939.00000", "2015-12-31": "-2157.00000", "2015-09-30": "-4700.00000", "2015-06-30": "-3549.00000", "2015-03-31": "-4565.00000", "2014-12-31": "1459.00000", "2014-09-30": "2616.00000", "2014-06-30": "2602.00000", "2014-03-31": "1429.00000", "2013-12-31": "1302.00000", "2013-09-30": "1424.00000", "2013-06-30": "1774.00000", "2013-03-31": "-1153.00000", "2012-12-31": "-849.00000", "2012-09-30": "785.00000", "2012-06-30": "1561.00000", "2012-03-31": "1388.00000", "2011-12-31": "1404.00000", "2011-09-30": "2269.00000", "2011-06-30": "2050.00000", "2011-03-31": "1157.00000", "2010-12-31": "1186.00000", "2010-09-30": "1292.00000", "2010-06-30": "1272.00000", "2010-03-31": "2144.00000", "2009-12-31": "1436.00000", "2009-09-30": "952.00000", "2009-06-30": "907.00000", "2009-03-31": "-5447.00000", "2008-12-31": "-9212.00000", "2008-09-30": "4615.00000", "2008-06-30": "2118.00000", "2008-03-31": "1783.00000", "2007-12-31": "1026.00000", "2007-09-30": "1775.00000", "2007-06-30": "1928.00000", "2007-03-31": "1556.00000", "2006-12-31": "1512.00000", "2006-09-30": "1607.00000", "2006-06-30": "1518.00000", "2006-03-31": "1648.00000", "2005-12-31": "1609.00000", "2005-09-30": "1928.00000", "2005-06-30": "1670.00000", "2005-03-31": "1524.00000"}, "EBIT": {"2020-09-30": "-127.00000", "2020-06-30": "-680.00000", "2020-03-31": "-2107.00000", "2019-12-31": "169.00000", "2019-09-30": "250.00000", "2019-06-30": "219.00000", "2019-03-31": "-497.00000", "2018-12-31": "1812.00000", "2018-09-30": "53.00000", "2018-06-30": "-483.00000", "2018-03-31": "142.00000", "2017-12-31": "-588.00000", "2017-09-30": "215.00000", "2017-06-30": "284.00000", "2017-03-31": "450.00000", "2016-12-31": "3816.00000", "2016-09-30": "1465.00000", "2016-06-30": "-1497.00000", "2016-03-31": "-3500.00000", "2015-12-31": "-3766.00000", "2015-09-30": "-5444.00000", "2015-06-30": "-4363.00000", "2015-03-31": "-5495.00000", "2014-12-31": "460.00000", "2014-09-30": "1774.00000", "2014-06-30": "1774.00000", "2014-03-31": "690.00000", "2013-12-31": "591.00000", "2013-09-30": "733.00000", "2013-06-30": "1100.00000", "2013-03-31": "-1857.00000", "2012-12-31": "-1580.00000", "2012-09-30": "69.00000", "2012-06-30": "877.00000", "2012-03-31": "708.00000", "2011-12-31": "778.00000", "2011-09-30": "1703.00000", "2011-06-30": "1500.00000", "2011-03-31": "651.00000", "2010-12-31": "697.00000", "2010-09-30": "829.00000", "2010-06-30": "783.00000", "2010-03-31": "1655.00000", "2009-12-31": "950.00000", "2009-09-30": "464.00000", "2009-06-30": "403.00000", "2009-03-31": "-6077.00000", "2008-12-31": "-9949.00000", "2008-09-30": "3767.00000", "2008-06-30": "1294.00000", "2008-03-31": "989.00000", "2007-12-31": "496.00000", "2007-09-30": "1019.00000", "2007-06-30": "1234.00000", "2007-03-31": "923.00000", "2006-12-31": "888.00000", "2006-09-30": "1017.00000", "2006-06-30": "985.00000", "2006-03-31": "1164.00000", "2005-12-31": "1332.00000", "2005-09-30": "1395.00000", "2005-06-30": "1135.00000", "2005-03-31": "945.00000"}, "Basic Shares Outstanding": {"2020-09-30": "377.00000", "2020-06-30": "377.00000", "2020-03-31": "377.00000", "2019-12-31": "401.00000", "2019-09-30": "392.00000", "2019-06-30": "409.00000", "2019-03-31": "428.00000", "2018-12-31": "494.00000", "2018-09-30": "486.00000", "2018-06-30": "515.00000", "2018-03-31": "520.00000", "2017-12-31": "520.00000", "2017-09-30": "520.00000", "2017-06-30": "520.00000", "2017-03-31": "519.00000", "2016-12-31": "507.00000", "2016-09-30": "518.00000", "2016-06-30": "518.00000", "2016-03-31": "474.00000", "2015-12-31": "407.00000", "2015-09-30": "406.00000", "2015-06-30": "406.00000", "2015-03-31": "406.00000", "2014-12-31": "405.00000", "2014-09-30": "405.00000", "2014-06-30": "404.00000", "2014-03-31": "403.00000", "2013-12-31": "402.00000", "2013-09-30": "402.00000", "2013-06-30": "402.00000", "2013-03-31": "402.00000", "2012-12-31": "400.00000", "2012-09-30": "400.00000", "2012-06-30": "400.00000", "2012-03-31": "400.00000", "2011-12-31": "417.00000", "2011-09-30": "410.00000", "2011-06-30": "417.00000", "2011-03-31": "423.00000", "2010-12-31": "435.00000", "2010-09-30": "430.00000", "2010-06-30": "440.00000", "2010-03-31": "441.00000", "2009-12-31": "439.00000", "2009-09-30": "439.00000", "2009-06-30": "439.00000", "2009-03-31": "439.00000", "2008-12-31": "439.00000", "2008-09-30": "438.00000", "2008-06-30": "442.00000", "2008-03-31": "445.00000", "2007-12-31": "441.00000", "2007-09-30": "445.00000", "2007-06-30": "446.00000", "2007-03-31": "444.00000", "2006-12-31": "442.00000", "2006-09-30": "441.00000", "2006-06-30": "440.00000", "2006-03-31": "442.00000", "2005-12-31": "458.00000", "2005-09-30": "446.00000", "2005-06-30": "464.00000", "2005-03-31": "480.00000"}, "Shares Outstanding": {"2020-09-30": "377.00000", "2020-06-30": "377.00000", "2020-03-31": "377.00000", "2019-12-31": "401.00000", "2019-09-30": "394.00000", "2019-06-30": "411.00000", "2019-03-31": "428.00000", "2018-12-31": "497.00000", "2018-09-30": "489.00000", "2018-06-30": "515.00000", "2018-03-31": "520.00000", "2017-12-31": "520.00000", "2017-09-30": "523.00000", "2017-06-30": "523.00000", "2017-03-31": "522.00000", "2016-12-31": "507.00000", "2016-09-30": "521.00000", "2016-06-30": "518.00000", "2016-03-31": "474.00000", "2015-12-31": "407.00000", "2015-09-30": "406.00000", "2015-06-30": "406.00000", "2015-03-31": "406.00000", "2014-12-31": "407.00000", "2014-09-30": "407.00000", "2014-06-30": "406.00000", "2014-03-31": "405.00000", "2013-12-31": "402.00000", "2013-09-30": "403.00000", "2013-06-30": "403.00000", "2013-03-31": "402.00000", "2012-12-31": "400.00000", "2012-09-30": "400.00000", "2012-06-30": "400.00000", "2012-03-31": "401.00000", "2011-12-31": "418.00000", "2011-09-30": "411.00000", "2011-06-30": "419.00000", "2011-03-31": "425.00000", "2010-12-31": "436.00000", "2010-09-30": "431.00000", "2010-06-30": "441.00000", "2010-03-31": "443.00000", "2009-12-31": "439.00000", "2009-09-30": "441.00000", "2009-06-30": "441.00000", "2009-03-31": "439.00000", "2008-12-31": "439.00000", "2008-09-30": "441.00000", "2008-06-30": "446.00000", "2008-03-31": "449.00000", "2007-12-31": "446.00000", "2007-09-30": "450.00000", "2007-06-30": "450.00000", "2007-03-31": "450.00000", "2006-12-31": "448.00000", "2006-09-30": "447.00000", "2006-06-30": "446.00000", "2006-03-31": "449.00000", "2005-12-31": "470.00000", "2005-09-30": "454.00000", "2005-06-30": "471.00000", "2005-03-31": "496.00000"}, "Basic EPS": {"2020-09-30": "-0.25000", "2020-06-30": "-1.78000", "2020-03-31": "-4.82000", "2019-12-31": "-1.62000", "2019-09-30": "0.27000", "2019-06-30": "1.20000", "2019-03-31": "-0.74000", "2018-12-31": "2.18000", "2018-09-30": "5.17000", "2018-06-30": "-0.83000", "2018-03-31": "-0.38000", "2017-12-31": "0.35000", "2017-09-30": "0.37000", "2017-06-30": "0.41000", "2017-03-31": "0.58000", "2016-12-31": "5.49000", "2016-09-30": "1.90000", "2016-06-30": "-3.04000", "2016-03-31": "-6.44000", "2015-12-31": "-7.26000", "2015-09-30": "-8.64000", "2015-06-30": "-6.94000", "2015-03-31": "-8.88000", "2014-12-31": "-1.00000", "2014-09-30": "2.48000", "2014-06-30": "1.65000", "2014-03-31": "0.80000", "2013-12-31": "0.53000", "2013-09-30": "1.06000", "2013-06-30": "1.69000", "2013-03-31": "-3.34000", "2012-12-31": "-0.87000", "2012-09-30": "-1.80000", "2012-06-30": "1.18000", "2012-03-31": "0.97000", "2011-12-31": "1.31000", "2011-09-30": "2.51000", "2011-06-30": "6.50000", "2011-03-31": "0.97000", "2010-12-31": "1.28000", "2010-09-30": "4.81000", "2010-06-30": "1.59000", "2010-03-31": "2.67000", "2009-12-31": "1.50000", "2009-09-30": "1.13000", "2009-06-30": "0.71000", "2009-03-31": "-8.92000", "2008-12-31": "-15.37000", "2008-09-30": "5.93000", "2008-06-30": "2.91000", "2008-03-31": "1.68000", "2007-12-31": "2.95000", "2007-09-30": "1.65000", "2007-06-30": "2.02000", "2007-03-31": "1.46000", "2006-12-31": "1.31000", "2006-09-30": "1.59000", "2006-06-30": "1.94000", "2006-03-31": "1.58000", "2005-12-31": "2.15000", "2005-09-30": "1.66000", "2005-06-30": "1.40000", "2005-03-31": "1.17000"}, "EPS - Earnings Per Share": {"2020-09-30": "-0.25000", "2020-06-30": "-1.78000", "2020-03-31": "-4.82000", "2019-12-31": "-1.61000", "2019-09-30": "0.27000", "2019-06-30": "1.19000", "2019-03-31": "-0.74000", "2018-12-31": "2.17000", "2018-09-30": "5.14000", "2018-06-30": "-0.83000", "2018-03-31": "-0.38000", "2017-12-31": "0.34000", "2017-09-30": "0.37000", "2017-06-30": "0.41000", "2017-03-31": "0.58000", "2016-12-31": "5.50000", "2016-09-30": "1.89000", "2016-06-30": "-3.04000", "2016-03-31": "-6.44000", "2015-12-31": "-7.26000", "2015-09-30": "-8.64000", "2015-06-30": "-6.94000", "2015-03-31": "-8.88000", "2014-12-31": "-0.99000", "2014-09-30": "2.47000", "2014-06-30": "1.64000", "2014-03-31": "0.79000", "2013-12-31": "0.55000", "2013-09-30": "1.05000", "2013-06-30": "1.68000", "2013-03-31": "-3.34000", "2012-12-31": "-0.87000", "2012-09-30": "-1.80000", "2012-06-30": "1.18000", "2012-03-31": "0.97000", "2011-12-31": "1.30000", "2011-09-30": "2.50000", "2011-06-30": "6.48000", "2011-03-31": "0.97000", "2010-12-31": "1.28000", "2010-09-30": "4.79000", "2010-06-30": "1.58000", "2010-03-31": "2.66000", "2009-12-31": "1.52000", "2009-09-30": "1.12000", "2009-06-30": "0.70000", "2009-03-31": "-8.92000", "2008-12-31": "-15.27000", "2008-09-30": "5.88000", "2008-06-30": "2.88000", "2008-03-31": "1.66000", "2007-12-31": "2.93000", "2007-09-30": "1.63000", "2007-06-30": "2.00000", "2007-03-31": "1.44000", "2006-12-31": "1.29000", "2006-09-30": "1.57000", "2006-06-30": "1.92000", "2006-03-31": "1.56000", "2005-12-31": "2.11000", "2005-09-30": "1.63000", "2005-06-30": "1.38000", "2005-03-31": "1.14000"}}, "balance sheet": {"Cash On Hand": {"2019-12-31": "1844.00000", "2018-12-31": "2414.00000", "2017-12-31": "2642.00000", "2016-12-31": "1959.00000", "2015-12-31": "2310.00000", "2014-12-31": "1480.00000", "2013-12-31": "6066.00000", "2012-12-31": "6980.00000", "2011-12-31": "7058.00000", "2010-12-31": "3011.00000", "2009-12-31": "646.00000", "2008-12-31": "195.00000", "2007-12-31": "1736.00000", "2006-12-31": "1266.00000", "2005-12-31": "2273.00000"}, "Receivables": {"2019-12-31": "832.00000", "2018-12-31": "812.00000", "2017-12-31": "989.00000", "2016-12-31": "1356.00000", "2015-12-31": "1105.00000", "2014-12-31": "2481.00000", "2013-12-31": "1609.00000", "2012-12-31": "1245.00000", "2011-12-31": "1379.00000", "2010-12-31": "1202.00000", "2009-12-31": "1208.00000", "2008-12-31": "1300.00000", "2007-12-31": "1809.00000", "2006-12-31": "1324.00000", "2005-12-31": "1565.00000"}, "Inventory": {"2019-12-31": "", "2018-12-31": "", "2017-12-31": "", "2016-12-31": "", "2015-12-31": "", "2014-12-31": "", "2013-12-31": "", "2012-12-31": "", "2011-12-31": "", "2010-12-31": "", "2009-12-31": "", "2008-12-31": "", "2007-12-31": "", "2006-12-31": "", "2005-12-31": ""}, "Pre-Paid Expenses": {"2019-12-31": "", "2018-12-31": "", "2017-12-31": "", "2016-12-31": "", "2015-12-31": "", "2014-12-31": "", "2013-12-31": "", "2012-12-31": "", "2011-12-31": "", "2010-12-31": "", "2009-12-31": "", "2008-12-31": "", "2007-12-31": "", "2006-12-31": "", "2005-12-31": ""}, "Other Current Assets": {"2019-12-31": "279.00000", "2018-12-31": "880.00000", "2017-12-31": "1160.00000", "2016-12-31": "264.00000", "2015-12-31": "606.00000", "2014-12-31": "2537.00000", "2013-12-31": "255.00000", "2012-12-31": "746.00000", "2011-12-31": "868.00000", "2010-12-31": "1342.00000", "2009-12-31": "1138.00000", "2008-12-31": "1189.00000", "2007-12-31": "369.00000", "2006-12-31": "520.00000", "2005-12-31": "210.00000"}, "Total Current Assets": {"2019-12-31": "3851.00000", "2018-12-31": "4437.00000", "2017-12-31": "4791.00000", "2016-12-31": "3772.00000", "2015-12-31": "4021.00000", "2014-12-31": "6498.00000", "2013-12-31": "8005.00000", "2012-12-31": "8971.00000", "2011-12-31": "9305.00000", "2010-12-31": "5555.00000", "2009-12-31": "2992.00000", "2008-12-31": "2684.00000", "2007-12-31": "3914.00000", "2006-12-31": "3212.00000", "2005-12-31": "4206.00000"}, "Property, Plant, And Equipment": {"2019-12-31": "8593.00000", "2018-12-31": "8462.00000", "2017-12-31": "14584.00000", "2016-12-31": "20533.00000", "2015-12-31": "19068.00000", "2014-12-31": "36296.00000", "2013-12-31": "28447.00000", "2012-12-31": "27316.00000", "2011-12-31": "24774.00000", "2010-12-31": "19652.00000", "2009-12-31": "18767.00000", "2008-12-31": "22031.00000", "2007-12-31": "28079.00000", "2006-12-31": "23156.00000", "2005-12-31": "18911.00000"}, "Long-Term Investments": {"2019-12-31": "", "2018-12-31": "", "2017-12-31": "", "2016-12-31": "", "2015-12-31": "", "2014-12-31": "", "2013-12-31": "", "2012-12-31": "", "2011-12-31": "", "2010-12-31": "", "2009-12-31": "", "2008-12-31": "", "2007-12-31": "1324.00000", "2006-12-31": "1043.00000", "2005-12-31": "805.00000"}, "Goodwill And Intangible Assets": {"2019-12-31": "753.00000", "2018-12-31": "753.00000", "2017-12-31": "841.00000", "2016-12-31": "2383.00000", "2015-12-31": "5032.00000", "2014-12-31": "6303.00000", "2013-12-31": "5858.00000", "2012-12-31": "6079.00000", "2011-12-31": "6013.00000", "2010-12-31": "6080.00000", "2009-12-31": "5930.00000", "2008-12-31": "5511.00000", "2007-12-31": "6172.00000", "2006-12-31": "5706.00000", "2005-12-31": "5705.00000"}, "Other Long-Term Assets": {"2019-12-31": "196.00000", "2018-12-31": "276.00000", "2017-12-31": "10025.00000", "2016-12-31": "1987.00000", "2015-12-31": "1330.00000", "2014-12-31": "1540.00000", "2013-12-31": "567.00000", "2012-12-31": "960.00000", "2011-12-31": "1025.00000", "2010-12-31": "1640.00000", "2009-12-31": "1997.00000", "2008-12-31": "1682.00000", "2007-12-31": "1967.00000", "2006-12-31": "1946.00000", "2005-12-31": "646.00000"}, "Total Long-Term Assets": {"2019-12-31": "9623.00000", "2018-12-31": "15129.00000", "2017-12-31": "25450.00000", "2016-12-31": "24903.00000", "2015-12-31": "25430.00000", "2014-12-31": "44139.00000", "2013-12-31": "34872.00000", "2012-12-31": "34355.00000", "2011-12-31": "31812.00000", "2010-12-31": "27372.00000", "2009-12-31": "26694.00000", "2008-12-31": "29224.00000", "2007-12-31": "37542.00000", "2006-12-31": "31851.00000", "2005-12-31": "26067.00000"}, "Total Assets": {"2019-12-31": "13717.00000", "2018-12-31": "19566.00000", "2017-12-31": "30241.00000", "2016-12-31": "28675.00000", "2015-12-31": "29451.00000", "2014-12-31": "50637.00000", "2013-12-31": "42877.00000", "2012-12-31": "43326.00000", "2011-12-31": "41117.00000", "2010-12-31": "32927.00000", "2009-12-31": "29686.00000", "2008-12-31": "31908.00000", "2007-12-31": "41456.00000", "2006-12-31": "35063.00000", "2005-12-31": "30273.00000"}, "Total Current Liabilities": {"2019-12-31": "1927.00000", "2018-12-31": "2226.00000", "2017-12-31": "3315.00000", "2016-12-31": "2616.00000", "2015-12-31": "3295.00000", "2014-12-31": "5935.00000", "2013-12-31": "6655.00000", "2012-12-31": "6003.00000", "2011-12-31": "6738.00000", "2010-12-31": "4583.00000", "2009-12-31": "3802.00000", "2008-12-31": "3135.00000", "2007-12-31": "3657.00000", "2006-12-31": "4645.00000", "2005-12-31": "2934.00000"}, "Long Term Debt": {"2019-12-31": "4294.00000", "2018-12-31": "4292.00000", "2017-12-31": "6749.00000", "2016-12-31": "10154.00000", "2015-12-31": "12056.00000", "2014-12-31": "9830.00000", "2013-12-31": "7956.00000", "2012-12-31": "8455.00000", "2011-12-31": "5969.00000", "2010-12-31": "3819.00000", "2009-12-31": "5847.00000", "2008-12-31": "5661.00000", "2007-12-31": "6283.00000", "2006-12-31": "4841.00000", "2005-12-31": "5248.00000"}, "Other Non-Current Liabilities": {"2019-12-31": "991.00000", "2018-12-31": "3333.00000", "2017-12-31": "5584.00000", "2016-12-31": "2120.00000", "2015-12-31": "2223.00000", "2014-12-31": "2287.00000", "2013-12-31": "2974.00000", "2012-12-31": "2897.00000", "2011-12-31": "2217.00000", "2010-12-31": "2516.00000", "2009-12-31": "2568.00000", "2008-12-31": "2438.00000", "2007-12-31": "3468.00000", "2006-12-31": "2845.00000", "2005-12-31": "1855.00000"}, "Total Long Term Liabilities": {"2019-12-31": "5870.00000", "2018-12-31": "8154.00000", "2017-12-31": "12822.00000", "2016-12-31": "13337.00000", "2015-12-31": "15167.00000", "2014-12-31": "18361.00000", "2013-12-31": "15723.00000", "2012-12-31": "16045.00000", "2011-12-31": "12949.00000", "2010-12-31": "9091.00000", "2009-12-31": "10314.00000", "2008-12-31": "11713.00000", "2007-12-31": "15793.00000", "2006-12-31": "12976.00000", "2005-12-31": "12477.00000"}, "Total Liabilities": {"2019-12-31": "7797.00000", "2018-12-31": "10380.00000", "2017-12-31": "16137.00000", "2016-12-31": "15953.00000", "2015-12-31": "18462.00000", "2014-12-31": "24296.00000", "2013-12-31": "22378.00000", "2012-12-31": "22048.00000", "2011-12-31": "19687.00000", "2010-12-31": "13674.00000", "2009-12-31": "14116.00000", "2008-12-31": "14848.00000", "2007-12-31": "19450.00000", "2006-12-31": "17621.00000", "2005-12-31": "15411.00000"}, "Common Stock Net": {"2019-12-31": "38.00000", "2018-12-31": "45.00000", "2017-12-31": "53.00000", "2016-12-31": "52.00000", "2015-12-31": "42.00000", "2014-12-31": "41.00000", "2013-12-31": "41.00000", "2012-12-31": "41.00000", "2011-12-31": "40.00000", "2010-12-31": "43.00000", "2009-12-31": "45.00000", "2008-12-31": "44.00000", "2007-12-31": "44.00000", "2006-12-31": "44.00000", "2005-12-31": "44.00000"}, "Retained Earnings (Accumulated Deficit)": {"2019-12-31": "3148.00000", "2018-12-31": "3650.00000", "2017-12-31": "702.00000", "2016-12-31": "-69.00000", "2015-12-31": "1781.00000", "2014-12-31": "16631.00000", "2013-12-31": "15410.00000", "2012-12-31": "15778.00000", "2011-12-31": "16308.00000", "2010-12-31": "11882.00000", "2009-12-31": "7613.00000", "2008-12-31": "10376.00000", "2007-12-31": "12813.00000", "2006-12-31": "9114.00000", "2005-12-31": "6477.00000"}, "Comprehensive Income": {"2019-12-31": "-119.00000", "2018-12-31": "1027.00000", "2017-12-31": "1166.00000", "2016-12-31": "1054.00000", "2015-12-31": "230.00000", "2014-12-31": "779.00000", "2013-12-31": "1268.00000", "2012-12-31": "1771.00000", "2011-12-31": "1575.00000", "2010-12-31": "1760.00000", "2009-12-31": "1385.00000", "2008-12-31": "383.00000", "2007-12-31": "2405.00000", "2006-12-31": "1444.00000", "2005-12-31": "1414.00000"}, "Other Share Holders Equity": {"2019-12-31": "", "2018-12-31": "", "2017-12-31": "", "2016-12-31": "", "2015-12-31": "", "2014-12-31": "", "2013-12-31": "", "2012-12-31": "", "2011-12-31": "", "2010-12-31": "", "2009-12-31": "", "2008-12-31": "", "2007-12-31": "", "2006-12-31": "", "2005-12-31": ""}, "Share Holder Equity": {"2019-12-31": "5920.00000", "2018-12-31": "9186.00000", "2017-12-31": "14104.00000", "2016-12-31": "12722.00000", "2015-12-31": "10989.00000", "2014-12-31": "26341.00000", "2013-12-31": "20499.00000", "2012-12-31": "21278.00000", "2011-12-31": "21430.00000", "2010-12-31": "19253.00000", "2009-12-31": "15570.00000", "2008-12-31": "17060.00000", "2007-12-31": "22006.00000", "2006-12-31": "17442.00000", "2005-12-31": "14862.00000"}, "Total Liabilities And Share Holders Equity": {"2019-12-31": "13717.00000", "2018-12-31": "19566.00000", "2017-12-31": "30241.00000", "2016-12-31": "28675.00000", "2015-12-31": "29451.00000", "2014-12-31": "50637.00000", "2013-12-31": "42877.00000", "2012-12-31": "43326.00000", "2011-12-31": "41117.00000", "2010-12-31": "32927.00000", "2009-12-31": "29686.00000", "2008-12-31": "31908.00000", "2007-12-31": "41456.00000", "2006-12-31": "35063.00000", "2005-12-31": "30273.00000"}}, "balance sheet, quarterly": {"Cash On Hand": {"2020-09-30": "1897.00000", "2020-06-30": "1669.00000", "2020-03-31": "1727.00000", "2019-12-31": "1844.00000", "2019-09-30": "1655.00000", "2019-06-30": "3840.00000", "2019-03-31": "1327.00000", "2018-12-31": "2414.00000", "2018-09-30": "3102.00000", "2018-06-30": "1460.00000", "2018-03-31": "1424.00000", "2017-12-31": "2642.00000", "2017-09-30": "2781.00000", "2017-06-30": "2369.00000", "2017-03-31": "2119.00000", "2016-12-31": "1959.00000", "2016-09-30": "2385.00000", "2016-06-30": "1723.00000", "2016-03-31": "1635.00000", "2015-12-31": "2310.00000", "2015-09-30": "1787.00000", "2015-06-30": "1725.00000", "2015-03-31": "1858.00000", "2014-12-31": "1480.00000", "2014-09-30": "3408.00000", "2014-06-30": "1706.00000", "2014-03-31": "2027.00000", "2013-12-31": "6066.00000", "2013-09-30": "4320.00000", "2013-06-30": "4232.00000", "2013-03-31": "6501.00000", "2012-12-31": "6980.00000", "2012-09-30": "7502.00000", "2012-06-30": "7045.00000", "2012-03-31": "7110.00000", "2011-12-31": "7058.00000", "2011-09-30": "6849.00000", "2011-06-30": "6718.00000", "2011-03-31": "2947.00000", "2010-12-31": "3011.00000", "2010-09-30": "3608.00000", "2010-06-30": "2174.00000", "2010-03-31": "724.00000", "2009-12-31": "646.00000", "2009-09-30": "905.00000", "2009-06-30": "648.00000", "2009-03-31": "397.00000", "2008-12-31": "195.00000", "2008-09-30": "1194.00000", "2008-06-30": "1838.00000", "2008-03-31": "1898.00000", "2007-12-31": "1736.00000", "2007-09-30": "1733.00000", "2007-06-30": "1357.00000", "2007-03-31": "890.00000", "2006-12-31": "1266.00000", "2006-09-30": "1320.00000", "2006-06-30": "1362.00000", "2006-03-31": "2228.00000", "2005-12-31": "2273.00000", "2005-09-30": "1886.00000", "2005-06-30": "2776.00000", "2005-03-31": "2532.00000"}, "Receivables": {"2020-09-30": "493.00000", "2020-06-30": "515.00000", "2020-03-31": "594.00000", "2019-12-31": "832.00000", "2019-09-30": "787.00000", "2019-06-30": "842.00000", "2019-03-31": "1038.00000", "2018-12-31": "812.00000", "2018-09-30": "1226.00000", "2018-06-30": "1141.00000", "2018-03-31": "1695.00000", "2017-12-31": "989.00000", "2017-09-30": "1462.00000", "2017-06-30": "1248.00000", "2017-03-31": "1320.00000", "2016-12-31": "1356.00000", "2016-09-30": "1092.00000", "2016-06-30": "1167.00000", "2016-03-31": "1047.00000", "2015-12-31": "1105.00000", "2015-09-30": "1326.00000", "2015-06-30": "1611.00000", "2015-03-31": "1663.00000", "2014-12-31": "2481.00000", "2014-09-30": "2009.00000", "2014-06-30": "2301.00000", "2014-03-31": "2580.00000", "2013-12-31": "1609.00000", "2013-09-30": "1520.00000", "2013-06-30": "1538.00000", "2013-03-31": "1369.00000", "2012-12-31": "1245.00000", "2012-09-30": "1113.00000", "2012-06-30": "1005.00000", "2012-03-31": "1107.00000", "2011-12-31": "1379.00000", "2011-09-30": "1430.00000", "2011-06-30": "1446.00000", "2011-03-31": "1269.00000", "2010-12-31": "1202.00000", "2010-09-30": "1028.00000", "2010-06-30": "1205.00000", "2010-03-31": "1296.00000", "2009-12-31": "1208.00000", "2009-09-30": "1189.00000", "2009-06-30": "1345.00000", "2009-03-31": "1327.00000", "2008-12-31": "1300.00000", "2008-09-30": "1710.00000", "2008-06-30": "2460.00000", "2008-03-31": "2090.00000", "2007-12-31": "1809.00000", "2007-09-30": "1435.00000", "2007-06-30": "1375.00000", "2007-03-31": "1361.00000", "2006-12-31": "1324.00000", "2006-09-30": "1317.00000", "2006-06-30": "1404.00000", "2006-03-31": "1320.00000", "2005-12-31": "1565.00000", "2005-09-30": "1516.00000", "2005-06-30": "1308.00000", "2005-03-31": "1364.00000"}, "Inventory": {"2020-09-30": "", "2020-06-30": "", "2020-03-31": "", "2019-12-31": "", "2019-09-30": "", "2019-06-30": "", "2019-03-31": "", "2018-12-31": "", "2018-09-30": "", "2018-06-30": "", "2018-03-31": "", "2017-12-31": "", "2017-09-30": "", "2017-06-30": "", "2017-03-31": "", "2016-12-31": "", "2016-09-30": "", "2016-06-30": "", "2016-03-31": "", "2015-12-31": "", "2015-09-30": "", "2015-06-30": "", "2015-03-31": "", "2014-12-31": "", "2014-09-30": "", "2014-06-30": "", "2014-03-31": "", "2013-12-31": "", "2013-09-30": "", "2013-06-30": "", "2013-03-31": "", "2012-12-31": "", "2012-09-30": "", "2012-06-30": "", "2012-03-31": "", "2011-12-31": "", "2011-09-30": "", "2011-06-30": "", "2011-03-31": "", "2010-12-31": "", "2010-09-30": "", "2010-06-30": "", "2010-03-31": "", "2009-12-31": "", "2009-09-30": "", "2009-06-30": "", "2009-03-31": "", "2008-12-31": "", "2008-09-30": "", "2008-06-30": "", "2008-03-31": "", "2007-12-31": "", "2007-09-30": "", "2007-06-30": "", "2007-03-31": "", "2006-12-31": "", "2006-09-30": "", "2006-06-30": "", "2006-03-31": "", "2005-12-31": "", "2005-09-30": "", "2005-06-30": "", "2005-03-31": ""}, "Pre-Paid Expenses": {"2020-09-30": "", "2020-06-30": "", "2020-03-31": "", "2019-12-31": "", "2019-09-30": "", "2019-06-30": "", "2019-03-31": "", "2018-12-31": "", "2018-09-30": "", "2018-06-30": "", "2018-03-31": "", "2017-12-31": "", "2017-09-30": "", "2017-06-30": "", "2017-03-31": "", "2016-12-31": "", "2016-09-30": "", "2016-06-30": "", "2016-03-31": "", "2015-12-31": "", "2015-09-30": "", "2015-06-30": "", "2015-03-31": "", "2014-12-31": "", "2014-09-30": "", "2014-06-30": "", "2014-03-31": "", "2013-12-31": "", "2013-09-30": "", "2013-06-30": "", "2013-03-31": "", "2012-12-31": "", "2012-09-30": "", "2012-06-30": "", "2012-03-31": "", "2011-12-31": "", "2011-09-30": "", "2011-06-30": "", "2011-03-31": "", "2010-12-31": "", "2010-09-30": "", "2010-06-30": "", "2010-03-31": "", "2009-12-31": "", "2009-09-30": "", "2009-06-30": "", "2009-03-31": "", "2008-12-31": "", "2008-09-30": "", "2008-06-30": "", "2008-03-31": "", "2007-12-31": "", "2007-09-30": "", "2007-06-30": "", "2007-03-31": "", "2006-12-31": "", "2006-09-30": "", "2006-06-30": "", "2006-03-31": "", "2005-12-31": "", "2005-09-30": "", "2005-06-30": "", "2005-03-31": ""}, "Other Current Assets": {"2020-09-30": "359.00000", "2020-06-30": "1194.00000", "2020-03-31": "1734.00000", "2019-12-31": "279.00000", "2019-09-30": "404.00000", "2019-06-30": "485.00000", "2019-03-31": "338.00000", "2018-12-31": "880.00000", "2018-09-30": "429.00000", "2018-06-30": "11219.00000", "2018-03-31": "516.00000", "2017-12-31": "1160.00000", "2017-09-30": "379.00000", "2017-06-30": "469.00000", "2017-03-31": "336.00000", "2016-12-31": "264.00000", "2016-09-30": "257.00000", "2016-06-30": "364.00000", "2016-03-31": "268.00000", "2015-12-31": "606.00000", "2015-09-30": "1185.00000", "2015-06-30": "1394.00000", "2015-03-31": "2285.00000", "2014-12-31": "2537.00000", "2014-09-30": "556.00000", "2014-06-30": "385.00000", "2014-03-31": "413.00000", "2013-12-31": "255.00000", "2013-09-30": "475.00000", "2013-06-30": "587.00000", "2013-03-31": "533.00000", "2012-12-31": "746.00000", "2012-09-30": "818.00000", "2012-06-30": "1167.00000", "2012-03-31": "861.00000", "2011-12-31": "868.00000", "2011-09-30": "1328.00000", "2011-06-30": "747.00000", "2011-03-31": "1383.00000", "2010-12-31": "1342.00000", "2010-09-30": "1314.00000", "2010-06-30": "1670.00000", "2010-03-31": "1728.00000", "2009-12-31": "1138.00000", "2009-09-30": "515.00000", "2009-06-30": "584.00000", "2009-03-31": "652.00000", "2008-12-31": "1189.00000", "2008-09-30": "515.00000", "2008-06-30": "360.00000", "2008-03-31": "344.00000", "2007-12-31": "369.00000", "2007-09-30": "516.00000", "2007-06-30": "434.00000", "2007-03-31": "419.00000", "2006-12-31": "520.00000", "2006-09-30": "228.00000", "2006-06-30": "189.00000", "2006-03-31": "177.00000", "2005-12-31": "210.00000", "2005-09-30": "177.00000", "2005-06-30": "149.00000", "2005-03-31": "152.00000"}, "Total Current Assets": {"2020-09-30": "3477.00000", "2020-06-30": "3378.00000", "2020-03-31": "4055.00000", "2019-12-31": "3851.00000", "2019-09-30": "2846.00000", "2019-06-30": "5167.00000", "2019-03-31": "2703.00000", "2018-12-31": "4437.00000", "2018-09-30": "4757.00000", "2018-06-30": "13820.00000", "2018-03-31": "3635.00000", "2017-12-31": "4791.00000", "2017-09-30": "4622.00000", "2017-06-30": "4086.00000", "2017-03-31": "3775.00000", "2016-12-31": "3772.00000", "2016-09-30": "4451.00000", "2016-06-30": "3982.00000", "2016-03-31": "2950.00000", "2015-12-31": "4021.00000", "2015-09-30": "4298.00000", "2015-06-30": "4730.00000", "2015-03-31": "5806.00000", "2014-12-31": "6498.00000", "2014-09-30": "5973.00000", "2014-06-30": "4392.00000", "2014-03-31": "5020.00000", "2013-12-31": "8005.00000", "2013-09-30": "6315.00000", "2013-06-30": "6357.00000", "2013-03-31": "8403.00000", "2012-12-31": "8971.00000", "2012-09-30": "9433.00000", "2012-06-30": "9217.00000", "2012-03-31": "9078.00000", "2011-12-31": "9305.00000", "2011-09-30": "9607.00000", "2011-06-30": "8911.00000", "2011-03-31": "5599.00000", "2010-12-31": "5555.00000", "2010-09-30": "5950.00000", "2010-06-30": "5049.00000", "2010-03-31": "3748.00000", "2009-12-31": "2992.00000", "2009-09-30": "2609.00000", "2009-06-30": "2577.00000", "2009-03-31": "2376.00000", "2008-12-31": "2684.00000", "2008-09-30": "3419.00000", "2008-06-30": "5433.00000", "2008-03-31": "4657.00000", "2007-12-31": "3914.00000", "2007-09-30": "3684.00000", "2007-06-30": "3166.00000", "2007-03-31": "2736.00000", "2006-12-31": "3212.00000", "2006-09-30": "2936.00000", "2006-06-30": "3045.00000", "2006-03-31": "3794.00000", "2005-12-31": "4206.00000", "2005-09-30": "3759.00000", "2005-06-30": "4481.00000", "2005-03-31": "4365.00000"}, "Property, Plant, And Equipment": {"2020-09-30": "5556.00000", "2020-06-30": "5686.00000", "2020-03-31": "5780.00000", "2019-12-31": "8593.00000", "2019-09-30": "10177.00000", "2019-06-30": "10037.00000", "2019-03-31": "13864.00000", "2018-12-31": "8462.00000", "2018-09-30": "14202.00000", "2018-06-30": "14121.00000", "2018-03-31": "21383.00000", "2017-12-31": "14584.00000", "2017-09-30": "17082.00000", "2017-06-30": "16822.00000", "2017-03-31": "16421.00000", "2016-12-31": "20533.00000", "2016-09-30": "16169.00000", "2016-06-30": "16815.00000", "2016-03-31": "19264.00000", "2015-12-31": "19068.00000", "2015-09-30": "22775.00000", "2015-06-30": "27824.00000", "2015-03-31": "31455.00000", "2014-12-31": "36296.00000", "2014-09-30": "35169.00000", "2014-06-30": "36999.00000", "2014-03-31": "37429.00000", "2013-12-31": "28447.00000", "2013-09-30": "27962.00000", "2013-06-30": "26925.00000", "2013-03-31": "26382.00000", "2012-12-31": "27316.00000", "2012-09-30": "27146.00000", "2012-06-30": "27241.00000", "2012-03-31": "26561.00000", "2011-12-31": "24774.00000", "2011-09-30": "23170.00000", "2011-06-30": "22427.00000", "2011-03-31": "21081.00000", "2010-12-31": "19652.00000", "2010-09-30": "18199.00000", "2010-06-30": "16841.00000", "2010-03-31": "18812.00000", "2009-12-31": "18767.00000", "2009-09-30": "18872.00000", "2009-06-30": "18087.00000", "2009-03-31": "17216.00000", "2008-12-31": "22031.00000", "2008-09-30": "31450.00000", "2008-06-30": "30184.00000", "2008-03-31": "28933.00000", "2007-12-31": "28079.00000", "2007-09-30": "26985.00000", "2007-06-30": "25654.00000", "2007-03-31": "24408.00000", "2006-12-31": "23156.00000", "2006-09-30": "24097.00000", "2006-06-30": "23319.00000", "2006-03-31": "20023.00000", "2005-12-31": "18911.00000", "2005-09-30": "18722.00000", "2005-06-30": "18026.00000", "2005-03-31": "19479.00000"}, "Long-Term Investments": {"2020-09-30": "", "2020-06-30": "", "2020-03-31": "", "2019-12-31": "", "2019-09-30": "", "2019-06-30": "", "2019-03-31": "", "2018-12-31": "", "2018-09-30": "", "2018-06-30": "", "2018-03-31": "", "2017-12-31": "", "2017-09-30": "", "2017-06-30": "", "2017-03-31": "", "2016-12-31": "", "2016-09-30": "", "2016-06-30": "", "2016-03-31": "", "2015-12-31": "", "2015-09-30": "", "2015-06-30": "", "2015-03-31": "", "2014-12-31": "", "2014-09-30": "", "2014-06-30": "", "2014-03-31": "", "2013-12-31": "", "2013-09-30": "", "2013-06-30": "", "2013-03-31": "", "2012-12-31": "", "2012-09-30": "", "2012-06-30": "", "2012-03-31": "", "2011-12-31": "", "2011-09-30": "", "2011-06-30": "", "2011-03-31": "", "2010-12-31": "", "2010-09-30": "", "2010-06-30": "", "2010-03-31": "", "2009-12-31": "", "2009-09-30": "", "2009-06-30": "", "2009-03-31": "", "2008-12-31": "", "2008-09-30": "1170.00000", "2008-06-30": "1406.00000", "2008-03-31": "1211.00000", "2007-12-31": "1324.00000", "2007-09-30": "1327.00000", "2007-06-30": "1195.00000", "2007-03-31": "1049.00000", "2006-12-31": "1043.00000", "2006-09-30": "920.00000", "2006-06-30": "880.00000", "2006-03-31": "822.00000", "2005-12-31": "805.00000", "2005-09-30": "918.00000", "2005-06-30": "793.00000", "2005-03-31": "827.00000"}, "Goodwill And Intangible Assets": {"2020-09-30": "753.00000", "2020-06-30": "753.00000", "2020-03-31": "753.00000", "2019-12-31": "753.00000", "2019-09-30": "841.00000", "2019-06-30": "841.00000", "2019-03-31": "841.00000", "2018-12-31": "753.00000", "2018-09-30": "841.00000", "2018-06-30": "841.00000", "2018-03-31": "2383.00000", "2017-12-31": "841.00000", "2017-09-30": "3964.00000", "2017-06-30": "3964.00000", "2017-03-31": "3964.00000", "2016-12-31": "2383.00000", "2016-09-30": "3963.00000", "2016-06-30": "4159.00000", "2016-03-31": "4159.00000", "2015-12-31": "5032.00000", "2015-09-30": "5775.00000", "2015-06-30": "6349.00000", "2015-03-31": "6328.00000", "2014-12-31": "6303.00000", "2014-09-30": "8310.00000", "2014-06-30": "8408.00000", "2014-03-31": "9155.00000", "2013-12-31": "5858.00000", "2013-09-30": "5954.00000", "2013-06-30": "5917.00000", "2013-03-31": "6017.00000", "2012-12-31": "6079.00000", "2012-09-30": "6114.00000", "2012-06-30": "6007.00000", "2012-03-31": "6067.00000", "2011-12-31": "6013.00000", "2011-09-30": "5951.00000", "2011-06-30": "6176.00000", "2011-03-31": "6151.00000", "2010-12-31": "6080.00000", "2010-09-30": "5977.00000", "2010-06-30": "5892.00000", "2010-03-31": "6018.00000", "2009-12-31": "5930.00000", "2009-09-30": "5929.00000", "2009-06-30": "5710.00000", "2009-03-31": "5509.00000", "2008-12-31": "5511.00000", "2008-09-30": "5966.00000", "2008-06-30": "6081.00000", "2008-03-31": "6054.00000", "2007-12-31": "6172.00000", "2007-09-30": "6150.00000", "2007-06-30": "5961.00000", "2007-03-31": "5741.00000", "2006-12-31": "5706.00000", "2006-09-30": "5822.00000", "2006-06-30": "5823.00000", "2006-03-31": "5702.00000", "2005-12-31": "5705.00000", "2005-09-30": "5729.00000", "2005-06-30": "5592.00000", "2005-03-31": "5624.00000"}, "Other Long-Term Assets": {"2020-09-30": "233.00000", "2020-06-30": "227.00000", "2020-03-31": "245.00000", "2019-12-31": "196.00000", "2019-09-30": "216.00000", "2019-06-30": "232.00000", "2019-03-31": "304.00000", "2018-12-31": "276.00000", "2018-09-30": "372.00000", "2018-06-30": "377.00000", "2018-03-31": "1915.00000", "2017-12-31": "10025.00000", "2017-09-30": "1891.00000", "2017-06-30": "1942.00000", "2017-03-31": "1974.00000", "2016-12-31": "1987.00000", "2016-09-30": "2230.00000", "2016-06-30": "2288.00000", "2016-03-31": "2264.00000", "2015-12-31": "1330.00000", "2015-09-30": "1503.00000", "2015-06-30": "1703.00000", "2015-03-31": "1753.00000", "2014-12-31": "1540.00000", "2014-09-30": "1387.00000", "2014-06-30": "1316.00000", "2014-03-31": "1161.00000", "2013-12-31": "567.00000", "2013-09-30": "615.00000", "2013-06-30": "821.00000", "2013-03-31": "780.00000", "2012-12-31": "960.00000", "2012-09-30": "855.00000", "2012-06-30": "1005.00000", "2012-03-31": "899.00000", "2011-12-31": "1025.00000", "2011-09-30": "1138.00000", "2011-06-30": "1023.00000", "2011-03-31": "1719.00000", "2010-12-31": "1640.00000", "2010-09-30": "1737.00000", "2010-06-30": "2189.00000", "2010-03-31": "2099.00000", "2009-12-31": "1997.00000", "2009-09-30": "731.00000", "2009-06-30": "683.00000", "2009-03-31": "622.00000", "2008-12-31": "1682.00000", "2008-09-30": "650.00000", "2008-06-30": "676.00000", "2008-03-31": "2130.00000", "2007-12-31": "1967.00000", "2007-09-30": "2125.00000", "2007-06-30": "2055.00000", "2007-03-31": "2044.00000", "2006-12-31": "1946.00000", "2006-09-30": "457.00000", "2006-06-30": "451.00000", "2006-03-31": "424.00000", "2005-12-31": "646.00000", "2005-09-30": "395.00000", "2005-06-30": "378.00000", "2005-03-31": "381.00000"}, "Total Long-Term Assets": {"2020-09-30": "6623.00000", "2020-06-30": "6748.00000", "2020-03-31": "6852.00000", "2019-12-31": "9623.00000", "2019-09-30": "11329.00000", "2019-06-30": "11209.00000", "2019-03-31": "15009.00000", "2018-12-31": "15129.00000", "2018-09-30": "15415.00000", "2018-06-30": "15339.00000", "2018-03-31": "25681.00000", "2017-12-31": "25450.00000", "2017-09-30": "22937.00000", "2017-06-30": "22728.00000", "2017-03-31": "22359.00000", "2016-12-31": "24903.00000", "2016-09-30": "22362.00000", "2016-06-30": "23262.00000", "2016-03-31": "25687.00000", "2015-12-31": "25430.00000", "2015-09-30": "30053.00000", "2015-06-30": "35876.00000", "2015-03-31": "39536.00000", "2014-12-31": "44139.00000", "2014-09-30": "44866.00000", "2014-06-30": "46723.00000", "2014-03-31": "47745.00000", "2013-12-31": "34872.00000", "2013-09-30": "34531.00000", "2013-06-30": "33663.00000", "2013-03-31": "33179.00000", "2012-12-31": "34355.00000", "2012-09-30": "34115.00000", "2012-06-30": "34253.00000", "2012-03-31": "33527.00000", "2011-12-31": "31812.00000", "2011-09-30": "30259.00000", "2011-06-30": "29626.00000", "2011-03-31": "28951.00000", "2010-12-31": "27372.00000", "2010-09-30": "25913.00000", "2010-06-30": "24922.00000", "2010-03-31": "26929.00000", "2009-12-31": "26694.00000", "2009-09-30": "25532.00000", "2009-06-30": "24480.00000", "2009-03-31": "23347.00000", "2008-12-31": "29224.00000", "2008-09-30": "39236.00000", "2008-06-30": "38347.00000", "2008-03-31": "38328.00000", "2007-12-31": "37542.00000", "2007-09-30": "36587.00000", "2007-06-30": "34865.00000", "2007-03-31": "33242.00000", "2006-12-31": "31851.00000", "2006-09-30": "31296.00000", "2006-06-30": "30473.00000", "2006-03-31": "26971.00000", "2005-12-31": "26067.00000", "2005-09-30": "25764.00000", "2005-06-30": "24789.00000", "2005-03-31": "26311.00000"}, "Total Assets": {"2020-09-30": "10326.00000", "2020-06-30": "10357.00000", "2020-03-31": "11144.00000", "2019-12-31": "13717.00000", "2019-09-30": "14394.00000", "2019-06-30": "16649.00000", "2019-03-31": "18077.00000", "2018-12-31": "19566.00000", "2018-09-30": "20172.00000", "2018-06-30": "29159.00000", "2018-03-31": "29316.00000", "2017-12-31": "30241.00000", "2017-09-30": "27559.00000", "2017-06-30": "26814.00000", "2017-03-31": "26134.00000", "2016-12-31": "28675.00000", "2016-09-30": "26813.00000", "2016-06-30": "27244.00000", "2016-03-31": "28637.00000", "2015-12-31": "29451.00000", "2015-09-30": "34351.00000", "2015-06-30": "40606.00000", "2015-03-31": "45342.00000", "2014-12-31": "50637.00000", "2014-09-30": "50839.00000", "2014-06-30": "51115.00000", "2014-03-31": "52765.00000", "2013-12-31": "42877.00000", "2013-09-30": "40846.00000", "2013-06-30": "40020.00000", "2013-03-31": "41582.00000", "2012-12-31": "43326.00000", "2012-09-30": "43548.00000", "2012-06-30": "43470.00000", "2012-03-31": "42605.00000", "2011-12-31": "41117.00000", "2011-09-30": "39866.00000", "2011-06-30": "38537.00000", "2011-03-31": "34550.00000", "2010-12-31": "32927.00000", "2010-09-30": "31863.00000", "2010-06-30": "29971.00000", "2010-03-31": "30677.00000", "2009-12-31": "29686.00000", "2009-09-30": "28141.00000", "2009-06-30": "27057.00000", "2009-03-31": "25723.00000", "2008-12-31": "31908.00000", "2008-09-30": "42655.00000", "2008-06-30": "43780.00000", "2008-03-31": "42985.00000", "2007-12-31": "41456.00000", "2007-09-30": "40271.00000", "2007-06-30": "38031.00000", "2007-03-31": "35978.00000", "2006-12-31": "35063.00000", "2006-09-30": "34232.00000", "2006-06-30": "33518.00000", "2006-03-31": "30765.00000", "2005-12-31": "30273.00000", "2005-09-30": "29523.00000", "2005-06-30": "29270.00000", "2005-03-31": "30676.00000"}, "Total Current Liabilities": {"2020-09-30": "1709.00000", "2020-06-30": "1452.00000", "2020-03-31": "1554.00000", "2019-12-31": "1927.00000", "2019-09-30": "1658.00000", "2019-06-30": "3467.00000", "2019-03-31": "1968.00000", "2018-12-31": "2226.00000", "2018-09-30": "3224.00000", "2018-06-30": "8377.00000", "2018-03-31": "3482.00000", "2017-12-31": "3315.00000", "2017-09-30": "2832.00000", "2017-06-30": "2532.00000", "2017-03-31": "2470.00000", "2016-12-31": "2616.00000", "2016-09-30": "2851.00000", "2016-06-30": "2929.00000", "2016-03-31": "2600.00000", "2015-12-31": "3295.00000", "2015-09-30": "3501.00000", "2015-06-30": "3998.00000", "2015-03-31": "5560.00000", "2014-12-31": "5935.00000", "2014-09-30": "5994.00000", "2014-06-30": "4679.00000", "2014-03-31": "7580.00000", "2013-12-31": "6655.00000", "2013-09-30": "4782.00000", "2013-06-30": "4865.00000", "2013-03-31": "6800.00000", "2012-12-31": "6003.00000", "2012-09-30": "5496.00000", "2012-06-30": "4961.00000", "2012-03-31": "6262.00000", "2011-12-31": "6738.00000", "2011-09-30": "6031.00000", "2011-06-30": "4484.00000", "2011-03-31": "5754.00000", "2010-12-31": "4583.00000", "2010-09-30": "4450.00000", "2010-06-30": "3402.00000", "2010-03-31": "3108.00000", "2009-12-31": "3802.00000", "2009-09-30": "3443.00000", "2009-06-30": "3492.00000", "2009-03-31": "3234.00000", "2008-12-31": "3135.00000", "2008-09-30": "3059.00000", "2008-06-30": "6032.00000", "2008-03-31": "4995.00000", "2007-12-31": "3657.00000", "2007-09-30": "4766.00000", "2007-06-30": "4416.00000", "2007-03-31": "4440.00000", "2006-12-31": "4645.00000", "2006-09-30": "3826.00000", "2006-06-30": "4198.00000", "2006-03-31": "2927.00000", "2005-12-31": "2934.00000", "2005-09-30": "3078.00000", "2005-06-30": "3185.00000", "2005-03-31": "3760.00000"}, "Long Term Debt": {"2020-09-30": "4297.00000", "2020-06-30": "4296.00000", "2020-03-31": "4295.00000", "2019-12-31": "4294.00000", "2019-09-30": "4295.00000", "2019-06-30": "4294.00000", "2019-03-31": "5786.00000", "2018-12-31": "4292.00000", "2018-09-30": "5791.00000", "2018-06-30": "5790.00000", "2018-03-31": "9628.00000", "2017-12-31": "6749.00000", "2017-09-30": "10383.00000", "2017-06-30": "10558.00000", "2017-03-31": "10381.00000", "2016-12-31": "10154.00000", "2016-09-30": "11004.00000", "2016-06-30": "12357.00000", "2016-03-31": "12195.00000", "2015-12-31": "12056.00000", "2015-09-30": "11400.00000", "2015-06-30": "11375.00000", "2015-03-31": "10301.00000", "2014-12-31": "9830.00000", "2014-09-30": "10161.00000", "2014-06-30": "11880.00000", "2014-03-31": "11739.00000", "2013-12-31": "7956.00000", "2013-09-30": "7956.00000", "2013-06-30": "7956.00000", "2013-03-31": "7955.00000", "2012-12-31": "8455.00000", "2012-09-30": "8455.00000", "2012-06-30": "8455.00000", "2012-03-31": "6719.00000", "2011-12-31": "5969.00000", "2011-09-30": "5969.00000", "2011-06-30": "5968.00000", "2011-03-31": "3800.00000", "2010-12-31": "3819.00000", "2010-09-30": "3821.00000", "2010-06-30": "5571.00000", "2010-03-31": "5845.00000", "2009-12-31": "5847.00000", "2009-09-30": "5848.00000", "2009-06-30": "5849.00000", "2009-03-31": "5851.00000", "2008-12-31": "5661.00000", "2008-09-30": "4837.00000", "2008-06-30": "4829.00000", "2008-03-31": "5751.00000", "2007-12-31": "6283.00000", "2007-09-30": "5235.00000", "2007-06-30": "4837.00000", "2007-03-31": "4839.00000", "2006-12-31": "4841.00000", "2006-09-30": "5239.00000", "2006-06-30": "5238.00000", "2006-03-31": "5241.00000", "2005-12-31": "5248.00000", "2005-09-30": "5252.00000", "2005-06-30": "5917.00000", "2005-03-31": "6312.00000"}, "Other Non-Current Liabilities": {"2020-09-30": "770.00000", "2020-06-30": "1011.00000", "2020-03-31": "1010.00000", "2019-12-31": "806.00000", "2019-09-30": "1132.00000", "2019-06-30": "1148.00000", "2019-03-31": "1396.00000", "2018-12-31": "3333.00000", "2018-09-30": "1716.00000", "2018-06-30": "1712.00000", "2018-03-31": "1708.00000", "2017-12-31": "5584.00000", "2017-09-30": "1745.00000", "2017-06-30": "1735.00000", "2017-03-31": "1710.00000", "2016-12-31": "2120.00000", "2016-09-30": "2266.00000", "2016-06-30": "2484.00000", "2016-03-31": "2603.00000", "2015-12-31": "2223.00000", "2015-09-30": "2195.00000", "2015-06-30": "2173.00000", "2015-03-31": "2295.00000", "2014-12-31": "2287.00000", "2014-09-30": "2274.00000", "2014-06-30": "2570.00000", "2014-03-31": "3151.00000", "2013-12-31": "2974.00000", "2013-09-30": "2991.00000", "2013-06-30": "2937.00000", "2013-03-31": "2965.00000", "2012-12-31": "2897.00000", "2012-09-30": "2872.00000", "2012-06-30": "2741.00000", "2012-03-31": "2696.00000", "2011-12-31": "2217.00000", "2011-09-30": "1955.00000", "2011-06-30": "2309.00000", "2011-03-31": "2568.00000", "2010-12-31": "2516.00000", "2010-09-30": "2535.00000", "2010-06-30": "2454.00000", "2010-03-31": "2766.00000", "2009-12-31": "2568.00000", "2009-09-30": "2488.00000", "2009-06-30": "2447.00000", "2009-03-31": "2332.00000", "2008-12-31": "2438.00000", "2008-09-30": "2290.00000", "2008-06-30": "2442.00000", "2008-03-31": "3502.00000", "2007-12-31": "3468.00000", "2007-09-30": "3446.00000", "2007-06-30": "3490.00000", "2007-03-31": "3273.00000", "2006-12-31": "2845.00000", "2006-09-30": "2325.00000", "2006-06-30": "2037.00000", "2006-03-31": "1856.00000", "2005-12-31": "1855.00000", "2005-09-30": "1876.00000", "2005-06-30": "1845.00000", "2005-03-31": "1889.00000"}, "Total Long Term Liabilities": {"2020-09-30": "5469.00000", "2020-06-30": "5552.00000", "2020-03-31": "5550.00000", "2019-12-31": "5870.00000", "2019-09-30": "6194.00000", "2019-06-30": "6188.00000", "2019-03-31": "8252.00000", "2018-12-31": "8154.00000", "2018-09-30": "8050.00000", "2018-06-30": "7934.00000", "2018-03-31": "12109.00000", "2017-12-31": "12822.00000", "2017-09-30": "12793.00000", "2017-06-30": "12952.00000", "2017-03-31": "12742.00000", "2016-12-31": "13337.00000", "2016-09-30": "13901.00000", "2016-06-30": "15396.00000", "2016-03-31": "15529.00000", "2015-12-31": "15167.00000", "2015-09-30": "14928.00000", "2015-06-30": "16457.00000", "2015-03-31": "16763.00000", "2014-12-31": "18361.00000", "2014-09-30": "18077.00000", "2014-06-30": "20377.00000", "2014-03-31": "20139.00000", "2013-12-31": "15723.00000", "2013-09-30": "15452.00000", "2013-06-30": "15089.00000", "2013-03-31": "15074.00000", "2012-12-31": "16045.00000", "2012-09-30": "16271.00000", "2012-06-30": "16284.00000", "2012-03-31": "14387.00000", "2011-12-31": "12949.00000", "2011-09-30": "12733.00000", "2011-06-30": "12625.00000", "2011-03-31": "9567.00000", "2010-12-31": "9091.00000", "2010-09-30": "8761.00000", "2010-06-30": "9739.00000", "2010-03-31": "10614.00000", "2009-12-31": "10314.00000", "2009-09-30": "10045.00000", "2009-06-30": "9883.00000", "2009-03-31": "9547.00000", "2008-12-31": "11713.00000", "2008-09-30": "14306.00000", "2008-06-30": "14315.00000", "2008-03-31": "15592.00000", "2007-12-31": "15793.00000", "2007-09-30": "14673.00000", "2007-06-30": "13929.00000", "2007-03-31": "13382.00000", "2006-12-31": "12976.00000", "2006-09-30": "13189.00000", "2006-06-30": "12827.00000", "2006-03-31": "12536.00000", "2005-12-31": "12477.00000", "2005-09-30": "12501.00000", "2005-06-30": "12786.00000", "2005-03-31": "13282.00000"}, "Total Liabilities": {"2020-09-30": "7178.00000", "2020-06-30": "7004.00000", "2020-03-31": "7104.00000", "2019-12-31": "7797.00000", "2019-09-30": "7852.00000", "2019-06-30": "9655.00000", "2019-03-31": "10220.00000", "2018-12-31": "10380.00000", "2018-09-30": "11274.00000", "2018-06-30": "16311.00000", "2018-03-31": "15591.00000", "2017-12-31": "16137.00000", "2017-09-30": "15625.00000", "2017-06-30": "15484.00000", "2017-03-31": "15212.00000", "2016-12-31": "15953.00000", "2016-09-30": "16752.00000", "2016-06-30": "18325.00000", "2016-03-31": "18129.00000", "2015-12-31": "18462.00000", "2015-09-30": "18429.00000", "2015-06-30": "20455.00000", "2015-03-31": "22323.00000", "2014-12-31": "24296.00000", "2014-09-30": "24071.00000", "2014-06-30": "25056.00000", "2014-03-31": "27719.00000", "2013-12-31": "22378.00000", "2013-09-30": "20234.00000", "2013-06-30": "19954.00000", "2013-03-31": "21874.00000", "2012-12-31": "22048.00000", "2012-09-30": "21767.00000", "2012-06-30": "21245.00000", "2012-03-31": "20649.00000", "2011-12-31": "19687.00000", "2011-09-30": "18764.00000", "2011-06-30": "17109.00000", "2011-03-31": "15321.00000", "2010-12-31": "13674.00000", "2010-09-30": "13211.00000", "2010-06-30": "13141.00000", "2010-03-31": "13722.00000", "2009-12-31": "14116.00000", "2009-09-30": "13488.00000", "2009-06-30": "13375.00000", "2009-03-31": "12781.00000", "2008-12-31": "14848.00000", "2008-09-30": "17365.00000", "2008-06-30": "20347.00000", "2008-03-31": "20587.00000", "2007-12-31": "19450.00000", "2007-09-30": "19439.00000", "2007-06-30": "18345.00000", "2007-03-31": "17822.00000", "2006-12-31": "17621.00000", "2006-09-30": "17015.00000", "2006-06-30": "17025.00000", "2006-03-31": "15463.00000", "2005-12-31": "15411.00000", "2005-09-30": "15579.00000", "2005-06-30": "15971.00000", "2005-03-31": "17042.00000"}, "Common Stock Net": {"2020-09-30": "38.00000", "2020-06-30": "38.00000", "2020-03-31": "38.00000", "2019-12-31": "38.00000", "2019-09-30": "39.00000", "2019-06-30": "41.00000", "2019-03-31": "42.00000", "2018-12-31": "45.00000", "2018-09-30": "47.00000", "2018-06-30": "51.00000", "2018-03-31": "53.00000", "2017-12-31": "53.00000", "2017-09-30": "53.00000", "2017-06-30": "53.00000", "2017-03-31": "53.00000", "2016-12-31": "52.00000", "2016-09-30": "52.00000", "2016-06-30": "52.00000", "2016-03-31": "52.00000", "2015-12-31": "42.00000", "2015-09-30": "41.00000", "2015-06-30": "41.00000", "2015-03-31": "41.00000", "2014-12-31": "41.00000", "2014-09-30": "41.00000", "2014-06-30": "41.00000", "2014-03-31": "41.00000", "2013-12-31": "41.00000", "2013-09-30": "41.00000", "2013-06-30": "41.00000", "2013-03-31": "41.00000", "2012-12-31": "41.00000", "2012-09-30": "41.00000", "2012-06-30": "40.00000", "2012-03-31": "40.00000", "2011-12-31": "40.00000", "2011-09-30": "41.00000", "2011-06-30": "42.00000", "2011-03-31": "43.00000", "2010-12-31": "43.00000", "2010-09-30": "43.00000", "2010-06-30": "44.00000", "2010-03-31": "45.00000", "2009-12-31": "45.00000", "2009-09-30": "44.00000", "2009-06-30": "44.00000", "2009-03-31": "44.00000", "2008-12-31": "44.00000", "2008-09-30": "44.00000", "2008-06-30": "44.00000", "2008-03-31": "45.00000", "2007-12-31": "44.00000", "2007-09-30": "45.00000", "2007-06-30": "45.00000", "2007-03-31": "44.00000", "2006-12-31": "44.00000", "2006-09-30": "44.00000", "2006-06-30": "44.00000", "2006-03-31": "44.00000", "2005-12-31": "44.00000", "2005-09-30": "45.00000", "2005-06-30": "45.00000", "2005-03-31": "47.00000"}, "Retained Earnings (Accumulated Deficit)": {"2020-09-30": "351.00000", "2020-06-30": "586.00000", "2020-03-31": "1298.00000", "2019-12-31": "3148.00000", "2019-09-30": "3812.00000", "2019-06-30": "3738.00000", "2019-03-31": "3280.00000", "2018-12-31": "3650.00000", "2018-09-30": "2505.00000", "2018-06-30": "6.00000", "2018-03-31": "473.00000", "2017-12-31": "702.00000", "2017-09-30": "-428.00000", "2017-06-30": "-656.00000", "2017-03-31": "-1081.00000", "2016-12-31": "-69.00000", "2016-09-30": "-1977.00000", "2016-06-30": "-2970.00000", "2016-03-31": "-1400.00000", "2015-12-31": "1781.00000", "2015-09-30": "6413.00000", "2015-06-30": "10018.00000", "2015-03-31": "12933.00000", "2014-12-31": "16631.00000", "2014-09-30": "17138.00000", "2014-06-30": "16220.00000", "2014-03-31": "15644.00000", "2013-12-31": "15410.00000", "2013-09-30": "15292.00000", "2013-06-30": "14952.00000", "2013-03-31": "14358.00000", "2012-12-31": "15778.00000", "2012-09-30": "16217.00000", "2012-06-30": "17016.00000", "2012-03-31": "16621.00000", "2011-12-31": "16308.00000", "2011-09-30": "15870.00000", "2011-06-30": "14901.00000", "2011-03-31": "12230.00000", "2010-12-31": "11882.00000", "2010-09-30": "11390.00000", "2010-06-30": "9369.00000", "2010-03-31": "8733.00000", "2009-12-31": "7613.00000", "2009-09-30": "7017.00000", "2009-06-30": "6589.00000", "2009-03-31": "6347.00000", "2008-12-31": "10376.00000", "2008-09-30": "17265.00000", "2008-06-30": "14717.00000", "2008-03-31": "13489.00000", "2007-12-31": "12813.00000", "2007-09-30": "11564.00000", "2007-06-30": "10893.00000", "2007-03-31": "10055.00000", "2006-12-31": "9114.00000", "2006-09-30": "8586.00000", "2006-06-30": "7932.00000", "2006-03-31": "7126.00000", "2005-12-31": "6477.00000", "2005-09-30": "5543.00000", "2005-06-30": "4834.00000", "2005-03-31": "4218.00000"}, "Comprehensive Income": {"2020-09-30": "-116.00000", "2020-06-30": "-117.00000", "2020-03-31": "-118.00000", "2019-12-31": "-119.00000", "2019-09-30": "-116.00000", "2019-06-30": "-117.00000", "2019-03-31": "1064.00000", "2018-12-31": "1027.00000", "2018-09-30": "1164.00000", "2018-06-30": "1091.00000", "2018-03-31": "1122.00000", "2017-12-31": "1166.00000", "2017-09-30": "297.00000", "2017-06-30": "291.00000", "2017-03-31": "287.00000", "2016-12-31": "1054.00000", "2016-09-30": "278.00000", "2016-06-30": "265.00000", "2016-03-31": "257.00000", "2015-12-31": "230.00000", "2015-09-30": "321.00000", "2015-06-30": "528.00000", "2015-03-31": "481.00000", "2014-12-31": "779.00000", "2014-09-30": "993.00000", "2014-06-30": "1270.00000", "2014-03-31": "973.00000", "2013-12-31": "1268.00000", "2013-09-30": "1502.00000", "2013-06-30": "1326.00000", "2013-03-31": "1592.00000", "2012-12-31": "1771.00000", "2012-09-30": "1879.00000", "2012-06-30": "1565.00000", "2012-03-31": "1731.00000", "2011-12-31": "1575.00000", "2011-09-30": "1412.00000", "2011-06-30": "2021.00000", "2011-03-31": "1951.00000", "2010-12-31": "1760.00000", "2010-09-30": "1512.00000", "2010-06-30": "1296.00000", "2010-03-31": "1600.00000", "2009-12-31": "1385.00000", "2009-09-30": "1182.00000", "2009-06-30": "686.00000", "2009-03-31": "241.00000", "2008-12-31": "383.00000", "2008-09-30": "1762.00000", "2008-06-30": "2131.00000", "2008-03-31": "2043.00000", "2007-12-31": "2405.00000", "2007-09-30": "2339.00000", "2007-06-30": "1791.00000", "2007-03-31": "1159.00000", "2006-12-31": "1444.00000", "2006-09-30": "1796.00000", "2006-06-30": "1772.00000", "2006-03-31": "1416.00000", "2005-12-31": "1414.00000", "2005-09-30": "1343.00000", "2005-06-30": "882.00000", "2005-03-31": "858.00000"}, "Other Share Holders Equity": {"2020-09-30": "", "2020-06-30": "", "2020-03-31": "", "2019-12-31": "", "2019-09-30": "", "2019-06-30": "", "2019-03-31": "", "2018-12-31": "", "2018-09-30": "", "2018-06-30": "", "2018-03-31": "", "2017-12-31": "", "2017-09-30": "", "2017-06-30": "", "2017-03-31": "", "2016-12-31": "", "2016-09-30": "", "2016-06-30": "", "2016-03-31": "", "2015-12-31": "", "2015-09-30": "", "2015-06-30": "", "2015-03-31": "", "2014-12-31": "", "2014-09-30": "", "2014-06-30": "", "2014-03-31": "", "2013-12-31": "", "2013-09-30": "", "2013-06-30": "", "2013-03-31": "", "2012-12-31": "", "2012-09-30": "", "2012-06-30": "", "2012-03-31": "", "2011-12-31": "", "2011-09-30": "", "2011-06-30": "", "2011-03-31": "", "2010-12-31": "", "2010-09-30": "", "2010-06-30": "", "2010-03-31": "", "2009-12-31": "", "2009-09-30": "", "2009-06-30": "", "2009-03-31": "", "2008-12-31": "", "2008-09-30": "", "2008-06-30": "", "2008-03-31": "", "2007-12-31": "", "2007-09-30": "", "2007-06-30": "", "2007-03-31": "", "2006-12-31": "", "2006-09-30": "", "2006-06-30": "", "2006-03-31": "", "2005-12-31": "", "2005-09-30": "", "2005-06-30": "", "2005-03-31": ""}, "Share Holder Equity": {"2020-09-30": "3148.00000", "2020-06-30": "3353.00000", "2020-03-31": "4040.00000", "2019-12-31": "5920.00000", "2019-09-30": "6542.00000", "2019-06-30": "6994.00000", "2019-03-31": "7857.00000", "2018-12-31": "9186.00000", "2018-09-30": "8898.00000", "2018-06-30": "12848.00000", "2018-03-31": "13725.00000", "2017-12-31": "14104.00000", "2017-09-30": "11934.00000", "2017-06-30": "11330.00000", "2017-03-31": "10922.00000", "2016-12-31": "12722.00000", "2016-09-30": "10061.00000", "2016-06-30": "8919.00000", "2016-03-31": "10508.00000", "2015-12-31": "10989.00000", "2015-09-30": "15922.00000", "2015-06-30": "20151.00000", "2015-03-31": "23019.00000", "2014-12-31": "26341.00000", "2014-09-30": "26768.00000", "2014-06-30": "26059.00000", "2014-03-31": "25046.00000", "2013-12-31": "20499.00000", "2013-09-30": "20612.00000", "2013-06-30": "20066.00000", "2013-03-31": "19708.00000", "2012-12-31": "21278.00000", "2012-09-30": "21781.00000", "2012-06-30": "22225.00000", "2012-03-31": "21956.00000", "2011-12-31": "21430.00000", "2011-09-30": "21102.00000", "2011-06-30": "21428.00000", "2011-03-31": "19229.00000", "2010-12-31": "19253.00000", "2010-09-30": "18652.00000", "2010-06-30": "16830.00000", "2010-03-31": "16955.00000", "2009-12-31": "15570.00000", "2009-09-30": "14653.00000", "2009-06-30": "13682.00000", "2009-03-31": "12942.00000", "2008-12-31": "17060.00000", "2008-09-30": "25290.00000", "2008-06-30": "23433.00000", "2008-03-31": "22398.00000", "2007-12-31": "22006.00000", "2007-09-30": "20832.00000", "2007-06-30": "19686.00000", "2007-03-31": "18156.00000", "2006-12-31": "17442.00000", "2006-09-30": "17217.00000", "2006-06-30": "16493.00000", "2006-03-31": "15302.00000", "2005-12-31": "14862.00000", "2005-09-30": "13944.00000", "2005-06-30": "13299.00000", "2005-03-31": "13634.00000"}, "Total Liabilities And Share Holders Equity": {"2020-09-30": "10326.00000", "2020-06-30": "10357.00000", "2020-03-31": "11144.00000", "2019-12-31": "13717.00000", "2019-09-30": "14394.00000", "2019-06-30": "16649.00000", "2019-03-31": "18077.00000", "2018-12-31": "19566.00000", "2018-09-30": "20172.00000", "2018-06-30": "29159.00000", "2018-03-31": "29316.00000", "2017-12-31": "30241.00000", "2017-09-30": "27559.00000", "2017-06-30": "26814.00000", "2017-03-31": "26134.00000", "2016-12-31": "28675.00000", "2016-09-30": "26813.00000", "2016-06-30": "27244.00000", "2016-03-31": "28637.00000", "2015-12-31": "29451.00000", "2015-09-30": "34351.00000", "2015-06-30": "40606.00000", "2015-03-31": "45342.00000", "2014-12-31": "50637.00000", "2014-09-30": "50839.00000", "2014-06-30": "51115.00000", "2014-03-31": "52765.00000", "2013-12-31": "42877.00000", "2013-09-30": "40846.00000", "2013-06-30": "40020.00000", "2013-03-31": "41582.00000", "2012-12-31": "43326.00000", "2012-09-30": "43548.00000", "2012-06-30": "43470.00000", "2012-03-31": "42605.00000", "2011-12-31": "41117.00000", "2011-09-30": "39866.00000", "2011-06-30": "38537.00000", "2011-03-31": "34550.00000", "2010-12-31": "32927.00000", "2010-09-30": "31863.00000", "2010-06-30": "29971.00000", "2010-03-31": "30677.00000", "2009-12-31": "29686.00000", "2009-09-30": "28141.00000", "2009-06-30": "27057.00000", "2009-03-31": "25723.00000", "2008-12-31": "31908.00000", "2008-09-30": "42655.00000", "2008-06-30": "43780.00000", "2008-03-31": "42985.00000", "2007-12-31": "41456.00000", "2007-09-30": "40271.00000", "2007-06-30": "38031.00000", "2007-03-31": "35978.00000", "2006-12-31": "35063.00000", "2006-09-30": "34232.00000", "2006-06-30": "33518.00000", "2006-03-31": "30765.00000", "2005-12-31": "30273.00000", "2005-09-30": "29523.00000", "2005-06-30": "29270.00000", "2005-03-31": "30676.00000"}}, "cash flow statement": {"Net Income/Loss": {"2019-12-31": "-353.00000", "2018-12-31": "3224.00000", "2017-12-31": "1078.00000", "2016-12-31": "-1458.00000", "2015-12-31": "-13645.00000", "2014-12-31": "1691.00000", "2013-12-31": "-20.00000", "2012-12-31": "-206.00000", "2011-12-31": "4704.00000", "2010-12-31": "4550.00000", "2009-12-31": "-2479.00000", "2008-12-31": "-3039.00000", "2007-12-31": "3606.00000", "2006-12-31": "2846.00000", "2005-12-31": "2930.00000"}, "Total Depreciation And Amortization - Cash Flow": {"2019-12-31": "1530.00000", "2018-12-31": "1255.00000", "2017-12-31": "1035.00000", "2016-12-31": "1667.00000", "2015-12-31": "4097.00000", "2014-12-31": "3408.00000", "2013-12-31": "2780.00000", "2012-12-31": "2811.00000", "2011-12-31": "2248.00000", "2010-12-31": "1930.00000", "2009-12-31": "2108.00000", "2008-12-31": "3203.00000", "2007-12-31": "2613.00000", "2006-12-31": "2231.00000", "2005-12-31": "1924.00000"}, "Other Non-Cash Items": {"2019-12-31": "948.00000", "2018-12-31": "-2738.00000", "2017-12-31": "-880.00000", "2016-12-31": "597.00000", "2015-12-31": "14432.00000", "2014-12-31": "969.00000", "2013-12-31": "2803.00000", "2012-12-31": "2332.00000", "2011-12-31": "-453.00000", "2010-12-31": "-827.00000", "2009-12-31": "4913.00000", "2008-12-31": "9912.00000", "2007-12-31": "1005.00000", "2006-12-31": "1115.00000", "2005-12-31": "749.00000"}, "Total Non-Cash Items": {"2019-12-31": "2478.00000", "2018-12-31": "-1483.00000", "2017-12-31": "155.00000", "2016-12-31": "2264.00000", "2015-12-31": "18529.00000", "2014-12-31": "4377.00000", "2013-12-31": "5583.00000", "2012-12-31": "5143.00000", "2011-12-31": "1795.00000", "2010-12-31": "1103.00000", "2009-12-31": "7021.00000", "2008-12-31": "13115.00000", "2007-12-31": "3618.00000", "2006-12-31": "3346.00000", "2005-12-31": "2673.00000"}, "Change In Accounts Receivable": {"2019-12-31": "-3.00000", "2018-12-31": "-69.00000", "2017-12-31": "-139.00000", "2016-12-31": "-58.00000", "2015-12-31": "942.00000", "2014-12-31": "128.00000", "2013-12-31": "-288.00000", "2012-12-31": "140.00000", "2011-12-31": "", "2010-12-31": "", "2009-12-31": "142.00000", "2008-12-31": "187.00000", "2007-12-31": "", "2006-12-31": "", "2005-12-31": "-151.00000"}, "Change In Inventories": {"2019-12-31": "", "2018-12-31": "", "2017-12-31": "", "2016-12-31": "", "2015-12-31": "", "2014-12-31": "", "2013-12-31": "", "2012-12-31": "", "2011-12-31": "", "2010-12-31": "", "2009-12-31": "", "2008-12-31": "", "2007-12-31": "", "2006-12-31": "", "2005-12-31": ""}, "Change In Accounts Payable": {"2019-12-31": "-54.00000", "2018-12-31": "-3.00000", "2017-12-31": "91.00000", "2016-12-31": "-196.00000", "2015-12-31": "-190.00000", "2014-12-31": "-68.00000", "2013-12-31": "26.00000", "2012-12-31": "-8.00000", "2011-12-31": "", "2010-12-31": "", "2009-12-31": "-91.00000", "2008-12-31": "159.00000", "2007-12-31": "", "2006-12-31": "", "2005-12-31": "247.00000"}, "Change In Assets/Liabilities": {"2019-12-31": "-25.00000", "2018-12-31": "-86.00000", "2017-12-31": "58.00000", "2016-12-31": "278.00000", "2015-12-31": "-1122.00000", "2014-12-31": "115.00000", "2013-12-31": "106.00000", "2012-12-31": "-58.00000", "2011-12-31": "-275.00000", "2010-12-31": "-175.00000", "2009-12-31": "192.00000", "2008-12-31": "-705.00000", "2007-12-31": "-573.00000", "2006-12-31": "-199.00000", "2005-12-31": "-157.00000"}, "Total Change In Assets/Liabilities": {"2019-12-31": "-82.00000", "2018-12-31": "-158.00000", "2017-12-31": "10.00000", "2016-12-31": "24.00000", "2015-12-31": "14.00000", "2014-12-31": "-292.00000", "2013-12-31": "-127.00000", "2012-12-31": "19.00000", "2011-12-31": "-275.00000", "2010-12-31": "-175.00000", "2009-12-31": "195.00000", "2008-12-31": "-668.00000", "2007-12-31": "-573.00000", "2006-12-31": "-199.00000", "2005-12-31": "9.00000"}, "Cash Flow From Operating Activities": {"2019-12-31": "2043.00000", "2018-12-31": "1583.00000", "2017-12-31": "1243.00000", "2016-12-31": "834.00000", "2015-12-31": "4898.00000", "2014-12-31": "6021.00000", "2013-12-31": "5436.00000", "2012-12-31": "4956.00000", "2011-12-31": "6224.00000", "2010-12-31": "5478.00000", "2009-12-31": "4737.00000", "2008-12-31": "9408.00000", "2007-12-31": "6651.00000", "2006-12-31": "5993.00000", "2005-12-31": "5612.00000"}, "Net Change In Property, Plant, And Equipment": {"2019-12-31": "-1520.00000", "2018-12-31": "-1616.00000", "2017-12-31": "-1189.00000", "2016-12-31": "787.00000", "2015-12-31": "-5787.00000", "2014-12-31": "-8330.00000", "2013-12-31": "-6339.00000", "2012-12-31": "-6757.00000", "2011-12-31": "-7405.00000", "2010-12-31": "-2166.00000", "2009-12-31": "-4845.00000", "2008-12-31": "-8726.00000", "2007-12-31": "-5634.00000", "2006-12-31": "-7306.00000", "2005-12-31": "-1662.00000"}, "Net Change In Intangible Assets": {"2019-12-31": "", "2018-12-31": "", "2017-12-31": "", "2016-12-31": "", "2015-12-31": "", "2014-12-31": "", "2013-12-31": "", "2012-12-31": "", "2011-12-31": "", "2010-12-31": "", "2009-12-31": "", "2008-12-31": "", "2007-12-31": "", "2006-12-31": "", "2005-12-31": ""}, "Net Acquisitions/Divestitures": {"2019-12-31": "-31.00000", "2018-12-31": "-55.00000", "2017-12-31": "-44.00000", "2016-12-31": "", "2015-12-31": "", "2014-12-31": "", "2013-12-31": "", "2012-12-31": "", "2011-12-31": "", "2010-12-31": "", "2009-12-31": "", "2008-12-31": "", "2007-12-31": "", "2006-12-31": "", "2005-12-31": ""}, "Net Change In Short-term Investments": {"2019-12-31": "", "2018-12-31": "", "2017-12-31": "", "2016-12-31": "", "2015-12-31": "0.00000", "2014-12-31": "", "2013-12-31": "2343.00000", "2012-12-31": "-840.00000", "2011-12-31": "-1358.00000", "2010-12-31": "-145.00000", "2009-12-31": "0.00000", "2008-12-31": "-50.00000", "2007-12-31": "202.00000", "2006-12-31": "106.00000", "2005-12-31": "287.00000"}, "Net Change In Long-Term Investments": {"2019-12-31": "", "2018-12-31": "", "2017-12-31": "", "2016-12-31": "", "2015-12-31": "", "2014-12-31": "57.00000", "2013-12-31": "", "2012-12-31": "", "2011-12-31": "", "2010-12-31": "", "2009-12-31": "", "2008-12-31": "", "2007-12-31": "", "2006-12-31": "", "2005-12-31": ""}, "Net Change In Investments - Total": {"2019-12-31": "", "2018-12-31": "", "2017-12-31": "", "2016-12-31": "", "2015-12-31": "", "2014-12-31": "57.00000", "2013-12-31": "2343.00000", "2012-12-31": "-840.00000", "2011-12-31": "-1358.00000", "2010-12-31": "-145.00000", "2009-12-31": "", "2008-12-31": "-50.00000", "2007-12-31": "202.00000", "2006-12-31": "106.00000", "2005-12-31": "287.00000"}, "Investing Activities - Other": {"2019-12-31": "", "2018-12-31": "", "2017-12-31": "", "2016-12-31": "", "2015-12-31": "-16.00000", "2014-12-31": "89.00000", "2013-12-31": "-3.00000", "2012-12-31": "71.00000", "2011-12-31": "3117.00000", "2010-12-31": "2199.00000", "2009-12-31": "-509.00000", "2008-12-31": "1903.00000", "2007-12-31": "-282.00000", "2006-12-31": "-249.00000", "2005-12-31": "-277.00000"}, "Cash Flow From Investing Activities": {"2019-12-31": "-1551.00000", "2018-12-31": "-1671.00000", "2017-12-31": "-1233.00000", "2016-12-31": "787.00000", "2015-12-31": "-5803.00000", "2014-12-31": "-8184.00000", "2013-12-31": "-3999.00000", "2012-12-31": "-7526.00000", "2011-12-31": "-5646.00000", "2010-12-31": "-112.00000", "2009-12-31": "-5354.00000", "2008-12-31": "-6873.00000", "2007-12-31": "-5714.00000", "2006-12-31": "-7449.00000", "2005-12-31": "-1652.00000"}, "Net Long-Term Debt": {"2019-12-31": "-162.00000", "2018-12-31": "-1226.00000", "2017-12-31": "", "2016-12-31": "-2757.00000", "2015-12-31": "2138.00000", "2014-12-31": "-1889.00000", "2013-12-31": "2233.00000", "2012-12-31": "2458.00000", "2011-12-31": "461.00000", "2010-12-31": "-350.00000", "2009-12-31": "1009.00000", "2008-12-31": "-2481.00000", "2007-12-31": "883.00000", "2006-12-31": "-862.00000", "2005-12-31": "-1258.00000"}, "Net Current Debt": {"2019-12-31": "", "2018-12-31": "", "2017-12-31": "", "2016-12-31": "-626.00000", "2015-12-31": "-307.00000", "2014-12-31": "-385.00000", "2013-12-31": "-1872.00000", "2012-12-31": "-537.00000", "2011-12-31": "3726.00000", "2010-12-31": "-1432.00000", "2009-12-31": "426.00000", "2008-12-31": "1.00000", "2007-12-31": "-804.00000", "2006-12-31": "1808.00000", "2005-12-31": ""}, "Debt Issuance/Retirement Net - Total": {"2019-12-31": "-162.00000", "2018-12-31": "-1226.00000", "2017-12-31": "", "2016-12-31": "-3383.00000", "2015-12-31": "1831.00000", "2014-12-31": "-2274.00000", "2013-12-31": "361.00000", "2012-12-31": "1921.00000", "2011-12-31": "4187.00000", "2010-12-31": "-1782.00000", "2009-12-31": "1435.00000", "2008-12-31": "-2480.00000", "2007-12-31": "79.00000", "2006-12-31": "946.00000", "2005-12-31": "-1258.00000"}, "Net Common Equity Issued/Repurchased": {"2019-12-31": "-1849.00000", "2018-12-31": "-2956.00000", "2017-12-31": "", "2016-12-31": "1469.00000", "2015-12-31": "25.00000", "2014-12-31": "410.00000", "2013-12-31": "3.00000", "2012-12-31": "27.00000", "2011-12-31": "-2231.00000", "2010-12-31": "-1057.00000", "2009-12-31": "42.00000", "2008-12-31": "-549.00000", "2007-12-31": "-235.00000", "2006-12-31": "-180.00000", "2005-12-31": "-2139.00000"}, "Net Total Equity Issued/Repurchased": {"2019-12-31": "-1849.00000", "2018-12-31": "-2956.00000", "2017-12-31": "", "2016-12-31": "1469.00000", "2015-12-31": "25.00000", "2014-12-31": "410.00000", "2013-12-31": "3.00000", "2012-12-31": "27.00000", "2011-12-31": "-2231.00000", "2010-12-31": "-1057.00000", "2009-12-31": "42.00000", "2008-12-31": "-699.00000", "2007-12-31": "-235.00000", "2006-12-31": "-180.00000", "2005-12-31": "-2139.00000"}, "Total Common And Preferred Stock Dividends Paid": {"2019-12-31": "-140.00000", "2018-12-31": "-149.00000", "2017-12-31": "-127.00000", "2016-12-31": "-221.00000", "2015-12-31": "-650.00000", "2014-12-31": "-621.00000", "2013-12-31": "-348.00000", "2012-12-31": "-324.00000", "2011-12-31": "-278.00000", "2010-12-31": "-281.00000", "2009-12-31": "-284.00000", "2008-12-31": "-289.00000", "2007-12-31": "-259.00000", "2006-12-31": "-209.00000", "2005-12-31": "-146.00000"}, "Financial Activities - Other": {"2019-12-31": "90.00000", "2018-12-31": "-46.00000", "2017-12-31": "-46.00000", "2016-12-31": "-35.00000", "2015-12-31": "606.00000", "2014-12-31": "91.00000", "2013-12-31": "4.00000", "2012-12-31": "5.00000", "2011-12-31": "13.00000", "2010-12-31": "16.00000", "2009-12-31": "8.00000", "2008-12-31": "60.00000", "2007-12-31": "44.00000", "2006-12-31": "36.00000", "2005-12-31": ""}, "Cash Flow From Financial Activities": {"2019-12-31": "-2061.00000", "2018-12-31": "-4377.00000", "2017-12-31": "-173.00000", "2016-12-31": "-2170.00000", "2015-12-31": "1812.00000", "2014-12-31": "-2394.00000", "2013-12-31": "20.00000", "2012-12-31": "1629.00000", "2011-12-31": "1691.00000", "2010-12-31": "-3104.00000", "2009-12-31": "1201.00000", "2008-12-31": "-3408.00000", "2007-12-31": "-371.00000", "2006-12-31": "593.00000", "2005-12-31": "-3543.00000"}, "Net Cash Flow": {"2019-12-31": "-602.00000", "2018-12-31": "-238.00000", "2017-12-31": "725.00000", "2016-12-31": "-351.00000", "2015-12-31": "830.00000", "2014-12-31": "-4586.00000", "2013-12-31": "1429.00000", "2012-12-31": "-918.00000", "2011-12-31": "2265.00000", "2010-12-31": "2279.00000", "2009-12-31": "627.00000", "2008-12-31": "-989.00000", "2007-12-31": "617.00000", "2006-12-31": "-850.00000", "2005-12-31": "454.00000"}, "Stock-Based Compensation": {"2019-12-31": "115.00000", "2018-12-31": "137.00000", "2017-12-31": "126.00000", "2016-12-31": "203.00000", "2015-12-31": "244.00000", "2014-12-31": "163.00000", "2013-12-31": "", "2012-12-31": "", "2011-12-31": "", "2010-12-31": "", "2009-12-31": "", "2008-12-31": "", "2007-12-31": "", "2006-12-31": "", "2005-12-31": ""}, "Common Stock Dividends Paid": {"2019-12-31": "-140.00000", "2018-12-31": "-149.00000", "2017-12-31": "-127.00000", "2016-12-31": "-221.00000", "2015-12-31": "-650.00000", "2014-12-31": "-621.00000", "2013-12-31": "-348.00000", "2012-12-31": "-324.00000", "2011-12-31": "-278.00000", "2010-12-31": "-281.00000", "2009-12-31": "-284.00000", "2008-12-31": "-289.00000", "2007-12-31": "-259.00000", "2006-12-31": "-209.00000", "2005-12-31": "-146.00000"}}, "cash flow statement, quarterly": {"Net Income/Loss": {"2020-09-30": -90, "2020-06-30": -668, "2020-03-31": "-1815.00000", "2019-12-31": -640, "2019-09-30": 109, "2019-06-30": 495, "2019-03-31": "-317.00000", "2018-12-31": 1149, "2018-09-30": 2563, "2018-06-30": -335, "2018-03-31": "-153.00000", "2017-12-31": 304, "2017-09-30": 212, "2017-06-30": 245, "2017-03-31": "317.00000", "2016-12-31": 2566, "2016-09-30": 1007, "2016-06-30": -1563, "2016-03-31": "-3468.00000", "2015-12-31": -3354, "2015-09-30": -3909, "2015-06-30": -2793, "2015-03-31": "-3589.00000", "2014-12-31": -379, "2014-09-30": 1041, "2014-06-30": 700, "2014-03-31": "329.00000", "2013-12-31": 207, "2013-09-30": 429, "2013-06-30": 683, "2013-03-31": "-1339.00000", "2012-12-31": -357, "2012-09-30": -719, "2012-06-30": 477, "2012-03-31": "393.00000", "2011-12-31": 507, "2011-09-30": 1038, "2011-06-30": 2743, "2011-03-31": "416.00000", "2010-12-31": 562, "2010-09-30": 2090, "2010-06-30": 706, "2010-03-31": "1192.00000", "2009-12-31": 831, "2009-09-30": 382, "2009-06-30": 190, "2009-03-31": "-3882.00000", "2008-12-31": -7707, "2008-09-30": 2618, "2008-06-30": 1301, "2008-03-31": "749.00000", "2007-12-31": 1316, "2007-09-30": 735, "2007-06-30": 904, "2007-03-31": "651.00000", "2006-12-31": 582, "2006-09-30": 705, "2006-06-30": 859, "2006-03-31": "700.00000", "2005-12-31": 970, "2005-09-30": 744, "2005-06-30": 653, "2005-03-31": "563.00000"}, "Total Depreciation And Amortization - Cash Flow": {"2020-09-30": 307, "2020-06-30": 307, "2020-03-31": "409.00000", "2019-12-31": 390, "2019-09-30": 389, "2019-06-30": 382, "2019-03-31": "369.00000", "2018-12-31": 239, "2018-09-30": 351, "2018-06-30": 250, "2018-03-31": "415.00000", "2017-12-31": -151, "2017-09-30": 385, "2017-06-30": 249, "2017-03-31": "552.00000", "2016-12-31": 189, "2016-09-30": 413, "2016-06-30": 504, "2016-03-31": "561.00000", "2015-12-31": 1609, "2015-09-30": 744, "2015-06-30": 814, "2015-03-31": "930.00000", "2014-12-31": 999, "2014-09-30": 842, "2014-06-30": 828, "2014-03-31": "739.00000", "2013-12-31": 711, "2013-09-30": 691, "2013-06-30": 674, "2013-03-31": "704.00000", "2012-12-31": 731, "2012-09-30": 716, "2012-06-30": 684, "2012-03-31": "680.00000", "2011-12-31": 626, "2011-09-30": 566, "2011-06-30": 550, "2011-03-31": "506.00000", "2010-12-31": 489, "2010-09-30": 463, "2010-06-30": 489, "2010-03-31": "489.00000", "2009-12-31": 486, "2009-09-30": 488, "2009-06-30": 504, "2009-03-31": "630.00000", "2008-12-31": 737, "2008-09-30": 848, "2008-06-30": 824, "2008-03-31": "794.00000", "2007-12-31": 530, "2007-09-30": 756, "2007-06-30": 694, "2007-03-31": "633.00000", "2006-12-31": 624, "2006-09-30": 590, "2006-06-30": 533, "2006-03-31": "484.00000", "2005-12-31": 277, "2005-09-30": 533, "2005-06-30": 535, "2005-03-31": "579.00000"}, "Other Non-Cash Items": {"2020-09-30": 152, "2020-06-30": 610, "2020-03-31": "1991.00000", "2019-12-31": 811, "2019-09-30": 62, "2019-06-30": -371, "2019-03-31": "446.00000", "2018-12-31": -1176, "2018-09-30": -2338, "2018-06-30": 453, "2018-03-31": "323.00000", "2017-12-31": -455, "2017-09-30": -84, "2017-06-30": -206, "2017-03-31": "-135.00000", "2016-12-31": -2961, "2016-09-30": -839, "2016-06-30": 1565, "2016-03-31": "2832.00000", "2015-12-31": 2557, "2015-09-30": 4563, "2015-06-30": 3385, "2015-03-31": "3927.00000", "2014-12-31": 1128, "2014-09-30": -609, "2014-06-30": -119, "2014-03-31": "569.00000", "2013-12-31": 606, "2013-09-30": 463, "2013-06-30": -58, "2013-03-31": "1792.00000", "2012-12-31": 844, "2012-09-30": 922, "2012-06-30": 264, "2012-03-31": "302.00000", "2011-12-31": 436, "2011-09-30": 197, "2011-06-30": -1622, "2011-03-31": "536.00000", "2010-12-31": 479, "2010-09-30": -957, "2010-06-30": -656, "2010-03-31": "307.00000", "2009-12-31": -1, "2009-09-30": 377, "2009-06-30": 337, "2009-03-31": "4200.00000", "2008-12-31": 9237, "2008-09-30": -831, "2008-06-30": 427, "2008-03-31": "1079.00000", "2007-12-31": 307, "2007-09-30": 333, "2007-06-30": 175, "2007-03-31": "190.00000", "2006-12-31": 331, "2006-09-30": 368, "2006-06-30": 65, "2006-03-31": "351.00000", "2005-12-31": 467, "2005-09-30": 326, "2005-06-30": 29, "2005-03-31": "-73.00000"}, "Total Non-Cash Items": {"2020-09-30": 459, "2020-06-30": 917, "2020-03-31": "2400.00000", "2019-12-31": 1201, "2019-09-30": 451, "2019-06-30": 11, "2019-03-31": "815.00000", "2018-12-31": -937, "2018-09-30": -1987, "2018-06-30": 703, "2018-03-31": "738.00000", "2017-12-31": -606, "2017-09-30": 301, "2017-06-30": 43, "2017-03-31": "417.00000", "2016-12-31": -2772, "2016-09-30": -426, "2016-06-30": 2069, "2016-03-31": "3393.00000", "2015-12-31": 4166, "2015-09-30": 5307, "2015-06-30": 4199, "2015-03-31": "4857.00000", "2014-12-31": 2127, "2014-09-30": 233, "2014-06-30": 709, "2014-03-31": "1308.00000", "2013-12-31": 1317, "2013-09-30": 1154, "2013-06-30": 616, "2013-03-31": "2496.00000", "2012-12-31": 1575, "2012-09-30": 1638, "2012-06-30": 948, "2012-03-31": "982.00000", "2011-12-31": 1062, "2011-09-30": 763, "2011-06-30": -1072, "2011-03-31": "1042.00000", "2010-12-31": 968, "2010-09-30": -494, "2010-06-30": -167, "2010-03-31": "796.00000", "2009-12-31": 485, "2009-09-30": 865, "2009-06-30": 841, "2009-03-31": "4830.00000", "2008-12-31": 9974, "2008-09-30": 17, "2008-06-30": 1251, "2008-03-31": "1873.00000", "2007-12-31": 837, "2007-09-30": 1089, "2007-06-30": 869, "2007-03-31": "823.00000", "2006-12-31": 955, "2006-09-30": 958, "2006-06-30": 598, "2006-03-31": "835.00000", "2005-12-31": 744, "2005-09-30": 859, "2005-06-30": 564, "2005-03-31": "506.00000"}, "Change In Accounts Receivable": {"2020-09-30": -318, "2020-06-30": 80, "2020-03-31": "238.00000", "2019-12-31": -3, "2019-09-30": -10, "2019-06-30": 39, "2019-03-31": "-29.00000", "2018-12-31": 186, "2018-09-30": -93, "2018-06-30": -199, "2018-03-31": "37.00000", "2017-12-31": -111, "2017-09-30": -102, "2017-06-30": 74, "2017-03-31": "", "2016-12-31": -145, "2016-09-30": 81, "2016-06-30": -140, "2016-03-31": "146.00000", "2015-12-31": 229, "2015-09-30": 273, "2015-06-30": 36, "2015-03-31": "404.00000", "2014-12-31": 153, "2014-09-30": 209, "2014-06-30": 221, "2014-03-31": "-455.00000", "2013-12-31": -1, "2013-09-30": -287, "2013-06-30": 0, "2013-03-31": "", "2012-12-31": 140, "2012-09-30": 0, "2012-06-30": 0, "2012-03-31": "", "2011-12-31": 0, "2011-09-30": 0, "2011-06-30": 60, "2011-03-31": "-60.00000", "2010-12-31": -185, "2010-09-30": 185, "2010-06-30": 78, "2010-03-31": "-78.00000", "2009-12-31": 142, "2009-09-30": 0, "2009-06-30": 0, "2009-03-31": "", "2008-12-31": 155, "2008-09-30": 32, "2008-06-30": 0, "2008-03-31": "", "2007-12-31": 12, "2007-09-30": -44, "2007-06-30": 61, "2007-03-31": "-29.00000", "2006-12-31": -206, "2006-09-30": -41, "2006-06-30": 6, "2006-03-31": "241.00000", "2005-12-31": 13, "2005-09-30": -173, "2005-06-30": 53, "2005-03-31": "-44.00000"}, "Change In Inventories": {"2020-09-30": 0, "2020-06-30": 0, "2020-03-31": "", "2019-12-31": 0, "2019-09-30": 0, "2019-06-30": 0, "2019-03-31": "", "2018-12-31": 0, "2018-09-30": 0, "2018-06-30": 0, "2018-03-31": "", "2017-12-31": 0, "2017-09-30": 0, "2017-06-30": 0, "2017-03-31": "", "2016-12-31": 0, "2016-09-30": 0, "2016-06-30": 0, "2016-03-31": "", "2015-12-31": 0, "2015-09-30": 0, "2015-06-30": 0, "2015-03-31": "", "2014-12-31": 0, "2014-09-30": 0, "2014-06-30": 0, "2014-03-31": "", "2013-12-31": 0, "2013-09-30": 0, "2013-06-30": 0, "2013-03-31": "", "2012-12-31": 0, "2012-09-30": 0, "2012-06-30": 0, "2012-03-31": "", "2011-12-31": 0, "2011-09-30": 0, "2011-06-30": 0, "2011-03-31": "", "2010-12-31": 0, "2010-09-30": 0, "2010-06-30": 0, "2010-03-31": "", "2009-12-31": 0, "2009-09-30": 0, "2009-06-30": 0, "2009-03-31": "", "2008-12-31": 0, "2008-09-30": 0, "2008-06-30": 0, "2008-03-31": "", "2007-12-31": 0, "2007-09-30": 0, "2007-06-30": 0, "2007-03-31": "", "2006-12-31": 0, "2006-09-30": 0, "2006-06-30": 0, "2006-03-31": "", "2005-12-31": 0, "2005-09-30": 0, "2005-06-30": 0, "2005-03-31": ""}, "Change In Accounts Payable": {"2020-09-30": 2, "2020-06-30": -44, "2020-03-31": "42.00000", "2019-12-31": -54, "2019-09-30": 37, "2019-06-30": 14, "2019-03-31": "-51.00000", "2018-12-31": -99, "2018-09-30": 3, "2018-06-30": 89, "2018-03-31": "4.00000", "2017-12-31": -6, "2017-09-30": 29, "2017-06-30": 68, "2017-03-31": "", "2016-12-31": -11, "2016-09-30": -34, "2016-06-30": -30, "2016-03-31": "-121.00000", "2015-12-31": -55, "2015-09-30": -33, "2015-06-30": -87, "2015-03-31": "-15.00000", "2014-12-31": 50, "2014-09-30": -163, "2014-06-30": 25, "2014-03-31": "20.00000", "2013-12-31": -101, "2013-09-30": 127, "2013-06-30": 0, "2013-03-31": "", "2012-12-31": -8, "2012-09-30": 0, "2012-06-30": 0, "2012-03-31": "", "2011-12-31": 0, "2011-09-30": 0, "2011-06-30": -45, "2011-03-31": "45.00000", "2010-12-31": -49, "2010-09-30": 49, "2010-06-30": 29, "2010-03-31": "-29.00000", "2009-12-31": -91, "2009-09-30": 0, "2009-06-30": 0, "2009-03-31": "", "2008-12-31": -31, "2008-09-30": 190, "2008-06-30": 0, "2008-03-31": "", "2007-12-31": -113, "2007-09-30": 49, "2007-06-30": -2, "2007-03-31": "66.00000", "2006-12-31": 59, "2006-09-30": 107, "2006-06-30": -4, "2006-03-31": "-162.00000", "2005-12-31": 114, "2005-09-30": 21, "2005-06-30": 61, "2005-03-31": "51.00000"}, "Change In Assets/Liabilities": {"2020-09-30": 4, "2020-06-30": 122, "2020-03-31": "-223.00000", "2019-12-31": 75, "2019-09-30": -8, "2019-06-30": -111, "2019-03-31": "19.00000", "2018-12-31": -235, "2018-09-30": 9, "2018-06-30": 156, "2018-03-31": "-16.00000", "2017-12-31": 6, "2017-09-30": 61, "2017-06-30": -45, "2017-03-31": "36.00000", "2016-12-31": 62, "2016-09-30": 93, "2016-06-30": 23, "2016-03-31": "100.00000", "2015-12-31": -260, "2015-09-30": -183, "2015-06-30": -670, "2015-03-31": "-9.00000", "2014-12-31": -22, "2014-09-30": -465, "2014-06-30": 425, "2014-03-31": "177.00000", "2013-12-31": -7, "2013-09-30": 171, "2013-06-30": 97, "2013-03-31": "-155.00000", "2012-12-31": -152, "2012-09-30": 442, "2012-06-30": 1, "2012-03-31": "-349.00000", "2011-12-31": 441, "2011-09-30": -397, "2011-06-30": -126, "2011-03-31": "-193.00000", "2010-12-31": -54, "2010-09-30": -486, "2010-06-30": 751, "2010-03-31": "-386.00000", "2009-12-31": 126, "2009-09-30": -32, "2009-06-30": -1, "2009-03-31": "99.00000", "2008-12-31": -855, "2008-09-30": 138, "2008-06-30": 379, "2008-03-31": "-367.00000", "2007-12-31": -371, "2007-09-30": -30, "2007-06-30": -178, "2007-03-31": "6.00000", "2006-12-31": -313, "2006-09-30": 246, "2006-06-30": 40, "2006-03-31": "-172.00000", "2005-12-31": -120, "2005-09-30": -44, "2005-06-30": -18, "2005-03-31": "25.00000"}, "Total Change In Assets/Liabilities": {"2020-09-30": 58, "2020-06-30": -99, "2020-03-31": "-56.00000", "2019-12-31": 18, "2019-09-30": 36, "2019-06-30": -75, "2019-03-31": "-61.00000", "2018-12-31": -148, "2018-09-30": -81, "2018-06-30": 46, "2018-03-31": "25.00000", "2017-12-31": -111, "2017-09-30": -12, "2017-06-30": 97, "2017-03-31": "36.00000", "2016-12-31": -201, "2016-09-30": 146, "2016-06-30": -161, "2016-03-31": "240.00000", "2015-12-31": -216, "2015-09-30": 155, "2015-06-30": -305, "2015-03-31": "380.00000", "2014-12-31": -990, "2014-09-30": 285, "2014-06-30": 640, "2014-03-31": "-227.00000", "2013-12-31": -87, "2013-09-30": 18, "2013-06-30": 97, "2013-03-31": "-155.00000", "2012-12-31": -75, "2012-09-30": 442, "2012-06-30": 1, "2012-03-31": "-349.00000", "2011-12-31": 441, "2011-09-30": -397, "2011-06-30": -121, "2011-03-31": "-198.00000", "2010-12-31": -288, "2010-09-30": -252, "2010-06-30": 858, "2010-03-31": "-493.00000", "2009-12-31": 129, "2009-09-30": -32, "2009-06-30": -1, "2009-03-31": "99.00000", "2008-12-31": -1040, "2008-09-30": 360, "2008-06-30": 379, "2008-03-31": "-367.00000", "2007-12-31": -611, "2007-09-30": -64, "2007-06-30": 59, "2007-03-31": "43.00000", "2006-12-31": -426, "2006-09-30": 401, "2006-06-30": -161, "2006-03-31": "-13.00000", "2005-12-31": 246, "2005-09-30": -336, "2005-06-30": -220, "2005-03-31": "319.00000"}, "Cash Flow From Operating Activities": {"2020-09-30": 427, "2020-06-30": 150, "2020-03-31": "529.00000", "2019-12-31": 579, "2019-09-30": 596, "2019-06-30": 431, "2019-03-31": "437.00000", "2018-12-31": 64, "2018-09-30": 560, "2018-06-30": 349, "2018-03-31": "610.00000", "2017-12-31": -413, "2017-09-30": 501, "2017-06-30": 409, "2017-03-31": "746.00000", "2016-12-31": -403, "2016-09-30": 727, "2016-06-30": 345, "2016-03-31": "165.00000", "2015-12-31": 596, "2015-09-30": 1553, "2015-06-30": 1101, "2015-03-31": "1648.00000", "2014-12-31": 1003, "2014-09-30": 1559, "2014-06-30": 2049, "2014-03-31": "1410.00000", "2013-12-31": 1437, "2013-09-30": 1601, "2013-06-30": 1396, "2013-03-31": "1002.00000", "2012-12-31": 1143, "2012-09-30": 1361, "2012-06-30": 1426, "2012-03-31": "1026.00000", "2011-12-31": 2010, "2011-09-30": 1404, "2011-06-30": 1550, "2011-03-31": "1260.00000", "2010-12-31": 1242, "2010-09-30": 1344, "2010-06-30": 1397, "2010-03-31": "1495.00000", "2009-12-31": 1445, "2009-09-30": 1215, "2009-06-30": 1030, "2009-03-31": "1047.00000", "2008-12-31": 1227, "2008-09-30": 2995, "2008-06-30": 2931, "2008-03-31": "2255.00000", "2007-12-31": 1542, "2007-09-30": 1760, "2007-06-30": 1832, "2007-03-31": "1517.00000", "2006-12-31": 1111, "2006-09-30": 2064, "2006-06-30": 1296, "2006-03-31": "1522.00000", "2005-12-31": 1960, "2005-09-30": 1267, "2005-06-30": 997, "2005-03-31": "1388.00000"}, "Net Change In Property, Plant, And Equipment": {"2020-09-30": -203, "2020-06-30": -305, "2020-03-31": "-404.00000", "2019-12-31": -337, "2019-09-30": -522, "2019-06-30": -471, "2019-03-31": "-190.00000", "2018-12-31": -624, "2018-09-30": -478, "2018-06-30": 96, "2018-03-31": "-610.00000", "2017-12-31": -239, "2017-09-30": -226, "2017-06-30": -83, "2017-03-31": "-641.00000", "2016-12-31": 557, "2016-09-30": 2897, "2016-06-30": -309, "2016-03-31": "-2358.00000", "2015-12-31": -1063, "2015-09-30": -1166, "2015-06-30": -1439, "2015-03-31": "-2119.00000", "2014-12-31": -2264, "2014-09-30": 557, "2014-06-30": 753, "2014-03-31": "-7376.00000", "2013-12-31": -1436, "2013-09-30": -1368, "2013-06-30": -1638, "2013-03-31": "-1897.00000", "2012-12-31": -1926, "2012-09-30": -1428, "2012-06-30": -1315, "2012-03-31": "-2088.00000", "2011-12-31": -1903, "2011-09-30": -1787, "2011-06-30": -1888, "2011-03-31": "-1827.00000", "2010-12-31": -1504, "2010-09-30": -1570, "2010-06-30": 898, "2010-03-31": "10.00000", "2009-12-31": -1061, "2009-09-30": -841, "2009-06-30": -1018, "2009-03-31": "-1925.00000", "2008-12-31": -2658, "2008-09-30": -2306, "2008-06-30": -2005, "2008-03-31": "-1757.00000", "2007-12-31": -1196, "2007-09-30": -1485, "2007-06-30": -1494, "2007-03-31": "-1459.00000", "2006-12-31": -1383, "2006-09-30": -1365, "2006-06-30": -3328, "2006-03-31": "-1230.00000", "2005-12-31": -889, "2005-09-30": -958, "2005-06-30": 620, "2005-03-31": "-435.00000"}, "Net Change In Intangible Assets": {"2020-09-30": 0, "2020-06-30": 0, "2020-03-31": "", "2019-12-31": 0, "2019-09-30": 0, "2019-06-30": 0, "2019-03-31": "", "2018-12-31": 0, "2018-09-30": 0, "2018-06-30": 0, "2018-03-31": "", "2017-12-31": 0, "2017-09-30": 0, "2017-06-30": 0, "2017-03-31": "", "2016-12-31": 0, "2016-09-30": 0, "2016-06-30": 0, "2016-03-31": "", "2015-12-31": 0, "2015-09-30": 0, "2015-06-30": 0, "2015-03-31": "", "2014-12-31": 0, "2014-09-30": 0, "2014-06-30": 0, "2014-03-31": "", "2013-12-31": 0, "2013-09-30": 0, "2013-06-30": 0, "2013-03-31": "", "2012-12-31": 0, "2012-09-30": 0, "2012-06-30": 0, "2012-03-31": "", "2011-12-31": 0, "2011-09-30": 0, "2011-06-30": 0, "2011-03-31": "", "2010-12-31": 0, "2010-09-30": 0, "2010-06-30": 0, "2010-03-31": "", "2009-12-31": 0, "2009-09-30": 0, "2009-06-30": 0, "2009-03-31": "", "2008-12-31": 0, "2008-09-30": 0, "2008-06-30": 0, "2008-03-31": "", "2007-12-31": 0, "2007-09-30": 0, "2007-06-30": 0, "2007-03-31": "", "2006-12-31": 0, "2006-09-30": 0, "2006-06-30": 0, "2006-03-31": "", "2005-12-31": 0, "2005-09-30": 0, "2005-06-30": 0, "2005-03-31": ""}, "Net Acquisitions/Divestitures": {"2020-09-30": 0, "2020-06-30": 0, "2020-03-31": "", "2019-12-31": -31, "2019-09-30": 0, "2019-06-30": 0, "2019-03-31": "", "2018-12-31": -55, "2018-09-30": 0, "2018-06-30": 0, "2018-03-31": "", "2017-12-31": -44, "2017-09-30": 33, "2017-06-30": -33, "2017-03-31": "", "2016-12-31": 1641, "2016-09-30": -1641, "2016-06-30": 0, "2016-03-31": "", "2015-12-31": 0, "2015-09-30": 0, "2015-06-30": 0, "2015-03-31": "", "2014-12-31": 0, "2014-09-30": 0, "2014-06-30": 0, "2014-03-31": "", "2013-12-31": 0, "2013-09-30": 0, "2013-06-30": 0, "2013-03-31": "", "2012-12-31": 0, "2012-09-30": 0, "2012-06-30": 0, "2012-03-31": "", "2011-12-31": 0, "2011-09-30": 0, "2011-06-30": 0, "2011-03-31": "", "2010-12-31": 0, "2010-09-30": 0, "2010-06-30": 0, "2010-03-31": "", "2009-12-31": 0, "2009-09-30": 0, "2009-06-30": 0, "2009-03-31": "", "2008-12-31": 0, "2008-09-30": 0, "2008-06-30": 0, "2008-03-31": "", "2007-12-31": 0, "2007-09-30": 0, "2007-06-30": 0, "2007-03-31": "", "2006-12-31": 0, "2006-09-30": 0, "2006-06-30": 0, "2006-03-31": "", "2005-12-31": 0, "2005-09-30": 0, "2005-06-30": 0, "2005-03-31": ""}, "Net Change In Short-term Investments": {"2020-09-30": 0, "2020-06-30": 0, "2020-03-31": "", "2019-12-31": 0, "2019-09-30": 0, "2019-06-30": 0, "2019-03-31": "", "2018-12-31": 0, "2018-09-30": 0, "2018-06-30": 0, "2018-03-31": "", "2017-12-31": 0, "2017-09-30": 0, "2017-06-30": -190, "2017-03-31": "190.00000", "2016-12-31": 0, "2016-09-30": 0, "2016-06-30": 0, "2016-03-31": "0.00000", "2015-12-31": 0, "2015-09-30": 0, "2015-06-30": 0, "2015-03-31": "", "2014-12-31": 0, "2014-09-30": 0, "2014-06-30": 0, "2014-03-31": "", "2013-12-31": 0, "2013-09-30": 869, "2013-06-30": 357, "2013-03-31": "1117.00000", "2012-12-31": -179, "2012-09-30": -1220, "2012-06-30": 338, "2012-03-31": "221.00000", "2011-12-31": -272, "2011-09-30": 2136, "2011-06-30": -1731, "2011-03-31": "-1491.00000", "2010-12-31": -145, "2010-09-30": 0, "2010-06-30": 0, "2010-03-31": "0.00000", "2009-12-31": 0, "2009-09-30": 0, "2009-06-30": 0, "2009-03-31": "", "2008-12-31": -297, "2008-09-30": 297, "2008-06-30": 0, "2008-03-31": "-50.00000", "2007-12-31": 861, "2007-09-30": -70, "2007-06-30": -888, "2007-03-31": "299.00000", "2006-12-31": -450, "2006-09-30": 208, "2006-06-30": 402, "2006-03-31": "-54.00000", "2005-12-31": 111, "2005-09-30": -242, "2005-06-30": 484, "2005-03-31": "-66.00000"}, "Net Change In Long-Term Investments": {"2020-09-30": 0, "2020-06-30": 0, "2020-03-31": "", "2019-12-31": 0, "2019-09-30": 0, "2019-06-30": 0, "2019-03-31": "", "2018-12-31": 0, "2018-09-30": 0, "2018-06-30": 0, "2018-03-31": "", "2017-12-31": 0, "2017-09-30": 0, "2017-06-30": 0, "2017-03-31": "", "2016-12-31": 0, "2016-09-30": 0, "2016-06-30": 0, "2016-03-31": "", "2015-12-31": 0, "2015-09-30": 0, "2015-06-30": 0, "2015-03-31": "", "2014-12-31": 0, "2014-09-30": 0, "2014-06-30": 0, "2014-03-31": "57.00000", "2013-12-31": 0, "2013-09-30": 0, "2013-06-30": -1, "2013-03-31": "1.00000", "2012-12-31": 0, "2012-09-30": 0, "2012-06-30": 0, "2012-03-31": "", "2011-12-31": 0, "2011-09-30": 0, "2011-06-30": 0, "2011-03-31": "", "2010-12-31": 0, "2010-09-30": -18, "2010-06-30": 18, "2010-03-31": "", "2009-12-31": 0, "2009-09-30": 0, "2009-06-30": 0, "2009-03-31": "", "2008-12-31": 0, "2008-09-30": 0, "2008-06-30": 0, "2008-03-31": "", "2007-12-31": 0, "2007-09-30": 0, "2007-06-30": 0, "2007-03-31": "", "2006-12-31": 0, "2006-09-30": 0, "2006-06-30": 0, "2006-03-31": "", "2005-12-31": 0, "2005-09-30": 0, "2005-06-30": 0, "2005-03-31": ""}, "Net Change In Investments - Total": {"2020-09-30": 0, "2020-06-30": 0, "2020-03-31": "", "2019-12-31": 0, "2019-09-30": 0, "2019-06-30": 0, "2019-03-31": "", "2018-12-31": 0, "2018-09-30": 0, "2018-06-30": 0, "2018-03-31": "", "2017-12-31": 0, "2017-09-30": 0, "2017-06-30": -190, "2017-03-31": "190.00000", "2016-12-31": 0, "2016-09-30": 0, "2016-06-30": 0, "2016-03-31": "", "2015-12-31": 0, "2015-09-30": 0, "2015-06-30": 0, "2015-03-31": "", "2014-12-31": 0, "2014-09-30": 0, "2014-06-30": 0, "2014-03-31": "57.00000", "2013-12-31": 0, "2013-09-30": 869, "2013-06-30": 356, "2013-03-31": "1118.00000", "2012-12-31": -179, "2012-09-30": -1220, "2012-06-30": 338, "2012-03-31": "221.00000", "2011-12-31": -272, "2011-09-30": 2136, "2011-06-30": -1731, "2011-03-31": "-1491.00000", "2010-12-31": -145, "2010-09-30": -18, "2010-06-30": 18, "2010-03-31": "", "2009-12-31": 0, "2009-09-30": 0, "2009-06-30": 0, "2009-03-31": "", "2008-12-31": -297, "2008-09-30": 297, "2008-06-30": 0, "2008-03-31": "-50.00000", "2007-12-31": 861, "2007-09-30": -70, "2007-06-30": -888, "2007-03-31": "299.00000", "2006-12-31": -450, "2006-09-30": 208, "2006-06-30": 402, "2006-03-31": "-54.00000", "2005-12-31": 111, "2005-09-30": -242, "2005-06-30": 484, "2005-03-31": "-66.00000"}, "Investing Activities - Other": {"2020-09-30": 0, "2020-06-30": 0, "2020-03-31": "", "2019-12-31": 0, "2019-09-30": 0, "2019-06-30": 0, "2019-03-31": "", "2018-12-31": 0, "2018-09-30": 0, "2018-06-30": 0, "2018-03-31": "", "2017-12-31": 0, "2017-09-30": 0, "2017-06-30": 3, "2017-03-31": "-3.00000", "2016-12-31": -7, "2016-09-30": 34, "2016-06-30": -26, "2016-03-31": "-1.00000", "2015-12-31": -8, "2015-09-30": -3, "2015-06-30": -8, "2015-03-31": "3.00000", "2014-12-31": 2, "2014-09-30": 3, "2014-06-30": 47, "2014-03-31": "37.00000", "2013-12-31": -86, "2013-09-30": 1, "2013-06-30": 85, "2013-03-31": "-3.00000", "2012-12-31": -5, "2012-09-30": 4, "2012-06-30": 15, "2012-03-31": "57.00000", "2011-12-31": -22, "2011-09-30": 1, "2011-06-30": 3194, "2011-03-31": "-56.00000", "2010-12-31": -106, "2010-09-30": 1876, "2010-06-30": 528, "2010-03-31": "-99.00000", "2009-12-31": -139, "2009-09-30": -120, "2009-06-30": -145, "2009-03-31": "-105.00000", "2008-12-31": 44, "2008-09-30": -148, "2008-06-30": 1761, "2008-03-31": "246.00000", "2007-12-31": -1021, "2007-09-30": 6, "2007-06-30": 786, "2007-03-31": "-53.00000", "2006-12-31": -62, "2006-09-30": -56, "2006-06-30": -63, "2006-03-31": "-68.00000", "2005-12-31": -277, "2005-09-30": 0, "2005-06-30": 0, "2005-03-31": ""}, "Cash Flow From Investing Activities": {"2020-09-30": -203, "2020-06-30": -305, "2020-03-31": "-404.00000", "2019-12-31": -368, "2019-09-30": -522, "2019-06-30": -471, "2019-03-31": "-190.00000", "2018-12-31": -679, "2018-09-30": -478, "2018-06-30": 96, "2018-03-31": "-610.00000", "2017-12-31": -283, "2017-09-30": -193, "2017-06-30": -303, "2017-03-31": "-454.00000", "2016-12-31": 2191, "2016-09-30": 1290, "2016-06-30": -335, "2016-03-31": "-2359.00000", "2015-12-31": -1071, "2015-09-30": -1169, "2015-06-30": -1447, "2015-03-31": "-2116.00000", "2014-12-31": -2262, "2014-09-30": 560, "2014-06-30": 800, "2014-03-31": "-7282.00000", "2013-12-31": -1522, "2013-09-30": -498, "2013-06-30": -1197, "2013-03-31": "-782.00000", "2012-12-31": -2110, "2012-09-30": -2644, "2012-06-30": -962, "2012-03-31": "-1810.00000", "2011-12-31": -2197, "2011-09-30": 350, "2011-06-30": -425, "2011-03-31": "-3374.00000", "2010-12-31": -1755, "2010-09-30": 288, "2010-06-30": 1444, "2010-03-31": "-89.00000", "2009-12-31": -1200, "2009-09-30": -961, "2009-06-30": -1163, "2009-03-31": "-2030.00000", "2008-12-31": -2911, "2008-09-30": -2157, "2008-06-30": -244, "2008-03-31": "-1561.00000", "2007-12-31": -1356, "2007-09-30": -1549, "2007-06-30": -1596, "2007-03-31": "-1213.00000", "2006-12-31": -1895, "2006-09-30": -1213, "2006-06-30": -2989, "2006-03-31": "-1352.00000", "2005-12-31": -1055, "2005-09-30": -1200, "2005-06-30": 1104, "2005-03-31": "-501.00000"}, "Net Long-Term Debt": {"2020-09-30": 0, "2020-06-30": 0, "2020-03-31": "", "2019-12-31": 0, "2019-09-30": 0, "2019-06-30": 0, "2019-03-31": "-162.00000", "2018-12-31": -94, "2018-09-30": -21, "2018-06-30": 0, "2018-03-31": "-1111.00000", "2017-12-31": 0, "2017-09-30": 0, "2017-06-30": -226, "2017-03-31": "226.00000", "2016-12-31": -1615, "2016-09-30": -1439, "2016-06-30": 160, "2016-03-31": "137.00000", "2015-12-31": 583, "2015-09-30": 25, "2015-06-30": 1060, "2015-03-31": "470.00000", "2014-12-31": -1782, "2014-09-30": 163, "2014-06-30": -2039, "2014-03-31": "1769.00000", "2013-12-31": 2233, "2013-09-30": 0, "2013-06-30": 0, "2013-03-31": "", "2012-12-31": -7, "2012-09-30": 0, "2012-06-30": 1715, "2012-03-31": "750.00000", "2011-12-31": 0, "2011-09-30": 461, "2011-06-30": 0, "2011-03-31": "", "2010-12-31": 0, "2010-09-30": 0, "2010-06-30": -350, "2010-03-31": "", "2009-12-31": -177, "2009-09-30": 0, "2009-06-30": 0, "2009-03-31": "1186.00000", "2008-12-31": 0, "2008-09-30": -984, "2008-06-30": -926, "2008-03-31": "-571.00000", "2007-12-31": 649, "2007-09-30": 234, "2007-06-30": 0, "2007-03-31": "", "2006-12-31": -2, "2006-09-30": -652, "2006-06-30": -205, "2006-03-31": "-3.00000", "2005-12-31": -235, "2005-09-30": -669, "2005-06-30": -354, "2005-03-31": ""}, "Net Current Debt": {"2020-09-30": 0, "2020-06-30": 0, "2020-03-31": "", "2019-12-31": 0, "2019-09-30": 0, "2019-06-30": 0, "2019-03-31": "", "2018-12-31": 0, "2018-09-30": 0, "2018-06-30": 0, "2018-03-31": "", "2017-12-31": 0, "2017-09-30": 0, "2017-06-30": 0, "2017-03-31": "", "2016-12-31": 0, "2016-09-30": 0, "2016-06-30": 0, "2016-03-31": "-626.00000", "2015-12-31": 625, "2015-09-30": -169, "2015-06-30": -778, "2015-03-31": "15.00000", "2014-12-31": 933, "2014-09-30": -456, "2014-06-30": -1119, "2014-03-31": "257.00000", "2013-12-31": -295, "2013-09-30": -82, "2013-06-30": -2003, "2013-03-31": "508.00000", "2012-12-31": 361, "2012-09-30": 600, "2012-06-30": -1855, "2012-03-31": "357.00000", "2011-12-31": 530, "2011-09-30": 856, "2011-06-30": 1143, "2011-03-31": "1197.00000", "2010-12-31": 0, "2010-09-30": 0, "2010-06-30": -240, "2010-03-31": "-1192.00000", "2009-12-31": 63, "2009-09-30": 38, "2009-06-30": 436, "2009-03-31": "-111.00000", "2008-12-31": 1005, "2008-09-30": 0, "2008-06-30": -1446, "2008-03-31": "442.00000", "2007-12-31": -675, "2007-09-30": 54, "2007-06-30": 165, "2007-03-31": "-348.00000", "2006-12-31": 369, "2006-09-30": -13, "2006-06-30": 1452, "2006-03-31": "", "2005-12-31": 0, "2005-09-30": 0, "2005-06-30": 0, "2005-03-31": ""}, "Debt Issuance/Retirement Net - Total": {"2020-09-30": 0, "2020-06-30": 0, "2020-03-31": "", "2019-12-31": 0, "2019-09-30": 0, "2019-06-30": 0, "2019-03-31": "-162.00000", "2018-12-31": -94, "2018-09-30": -21, "2018-06-30": 0, "2018-03-31": "-1111.00000", "2017-12-31": 0, "2017-09-30": 0, "2017-06-30": -226, "2017-03-31": "226.00000", "2016-12-31": -1615, "2016-09-30": -1439, "2016-06-30": 160, "2016-03-31": "-489.00000", "2015-12-31": 1208, "2015-09-30": -144, "2015-06-30": 282, "2015-03-31": "485.00000", "2014-12-31": -849, "2014-09-30": -293, "2014-06-30": -3158, "2014-03-31": "2026.00000", "2013-12-31": 1938, "2013-09-30": -82, "2013-06-30": -2003, "2013-03-31": "508.00000", "2012-12-31": 354, "2012-09-30": 600, "2012-06-30": -140, "2012-03-31": "1107.00000", "2011-12-31": 530, "2011-09-30": 1317, "2011-06-30": 1143, "2011-03-31": "1197.00000", "2010-12-31": 0, "2010-09-30": 0, "2010-06-30": -590, "2010-03-31": "-1192.00000", "2009-12-31": -114, "2009-09-30": 38, "2009-06-30": 436, "2009-03-31": "1075.00000", "2008-12-31": 1005, "2008-09-30": -984, "2008-06-30": -2372, "2008-03-31": "-129.00000", "2007-12-31": -26, "2007-09-30": 288, "2007-06-30": 165, "2007-03-31": "-348.00000", "2006-12-31": 367, "2006-09-30": -665, "2006-06-30": 1247, "2006-03-31": "-3.00000", "2005-12-31": -235, "2005-09-30": -669, "2005-06-30": -354, "2005-03-31": ""}, "Net Common Equity Issued/Repurchased": {"2020-09-30": 0, "2020-06-30": 0, "2020-03-31": "-38.00000", "2019-12-31": -103, "2019-09-30": -561, "2019-06-30": -186, "2019-03-31": "-999.00000", "2018-12-31": -759, "2018-09-30": -1698, "2018-06-30": -428, "2018-03-31": "-71.00000", "2017-12-31": 0, "2017-09-30": 0, "2017-06-30": -55, "2017-03-31": "55.00000", "2016-12-31": -835, "2016-09-30": 59, "2016-06-30": 49, "2016-03-31": "2196.00000", "2015-12-31": 12, "2015-09-30": 9, "2015-06-30": 2, "2015-03-31": "2.00000", "2014-12-31": 246, "2014-09-30": 61, "2014-06-30": 92, "2014-03-31": "11.00000", "2013-12-31": 2, "2013-09-30": 0, "2013-06-30": 1, "2013-03-31": "", "2012-12-31": 2, "2012-09-30": 3, "2012-06-30": 2, "2012-03-31": "20.00000", "2011-12-31": -345, "2011-09-30": -692, "2011-06-30": -576, "2011-03-31": "-618.00000", "2010-12-31": -146, "2010-09-30": -496, "2010-06-30": -423, "2010-03-31": "8.00000", "2009-12-31": 23, "2009-09-30": 10, "2009-06-30": 5, "2009-03-31": "4.00000", "2008-12-31": 7, "2008-09-30": -408, "2008-06-30": -158, "2008-03-31": "10.00000", "2007-12-31": -173, "2007-09-30": -112, "2007-06-30": 27, "2007-03-31": "23.00000", "2006-12-31": 20, "2006-09-30": 26, "2006-06-30": 7, "2006-03-31": "-233.00000", "2005-12-31": -127, "2005-09-30": -531, "2005-06-30": -981, "2005-03-31": "-500.00000"}, "Net Total Equity Issued/Repurchased": {"2020-09-30": 0, "2020-06-30": 0, "2020-03-31": "-38.00000", "2019-12-31": -103, "2019-09-30": -561, "2019-06-30": -186, "2019-03-31": "-999.00000", "2018-12-31": -759, "2018-09-30": -1698, "2018-06-30": -428, "2018-03-31": "-71.00000", "2017-12-31": 0, "2017-09-30": 0, "2017-06-30": -55, "2017-03-31": "55.00000", "2016-12-31": -835, "2016-09-30": 59, "2016-06-30": 49, "2016-03-31": "2196.00000", "2015-12-31": 12, "2015-09-30": 9, "2015-06-30": 2, "2015-03-31": "2.00000", "2014-12-31": 246, "2014-09-30": 61, "2014-06-30": 92, "2014-03-31": "11.00000", "2013-12-31": 2, "2013-09-30": 0, "2013-06-30": 1, "2013-03-31": "", "2012-12-31": 2, "2012-09-30": 3, "2012-06-30": 2, "2012-03-31": "20.00000", "2011-12-31": -345, "2011-09-30": -692, "2011-06-30": -576, "2011-03-31": "-618.00000", "2010-12-31": -146, "2010-09-30": -496, "2010-06-30": -423, "2010-03-31": "8.00000", "2009-12-31": 23, "2009-09-30": 10, "2009-06-30": 5, "2009-03-31": "4.00000", "2008-12-31": 7, "2008-09-30": -408, "2008-06-30": -308, "2008-03-31": "10.00000", "2007-12-31": -173, "2007-09-30": -112, "2007-06-30": 27, "2007-03-31": "23.00000", "2006-12-31": 20, "2006-09-30": 26, "2006-06-30": 7, "2006-03-31": "-233.00000", "2005-12-31": -127, "2005-09-30": -531, "2005-06-30": -981, "2005-03-31": "-500.00000"}, "Total Common And Preferred Stock Dividends Paid": {"2020-09-30": -47, "2020-06-30": -45, "2020-03-31": "-37.00000", "2019-12-31": -34, "2019-09-30": -35, "2019-06-30": -37, "2019-03-31": "-34.00000", "2018-12-31": -37, "2018-09-30": -38, "2018-06-30": -42, "2018-03-31": "-32.00000", "2017-12-31": -32, "2017-09-30": -30, "2017-06-30": 48, "2017-03-31": "-113.00000", "2016-12-31": 193, "2016-09-30": -109, "2016-06-30": -107, "2016-03-31": "-198.00000", "2015-12-31": -168, "2015-09-30": -167, "2015-06-30": -163, "2015-03-31": "-152.00000", "2014-12-31": -147, "2014-09-30": -144, "2014-06-30": -140, "2014-03-31": "-190.00000", "2013-12-31": -89, "2013-09-30": -89, "2013-06-30": -89, "2013-03-31": "-81.00000", "2012-12-31": -82, "2012-09-30": -80, "2012-06-30": -82, "2012-03-31": "-80.00000", "2011-12-31": -69, "2011-09-30": -69, "2011-06-30": -72, "2011-03-31": "-68.00000", "2010-12-31": -70, "2010-09-30": -69, "2010-06-30": -70, "2010-03-31": "-72.00000", "2009-12-31": -71, "2009-09-30": -71, "2009-06-30": -72, "2009-03-31": "-70.00000", "2008-12-31": -73, "2008-09-30": -70, "2008-06-30": -73, "2008-03-31": "-73.00000", "2007-12-31": -66, "2007-09-30": -64, "2007-06-30": -65, "2007-03-31": "-64.00000", "2006-12-31": -54, "2006-09-30": -51, "2006-06-30": -53, "2006-03-31": "-51.00000", "2005-12-31": -36, "2005-09-30": -35, "2005-06-30": -37, "2005-03-31": "-38.00000"}, "Financial Activities - Other": {"2020-09-30": 1, "2020-06-30": 6, "2020-03-31": "-12.00000", "2019-12-31": 113, "2019-09-30": 0, "2019-06-30": -4, "2019-03-31": "-19.00000", "2018-12-31": -8, "2018-09-30": -3, "2018-06-30": 3, "2018-03-31": "-38.00000", "2017-12-31": 11, "2017-09-30": -1, "2017-06-30": 236, "2017-03-31": "-292.00000", "2016-12-31": -150, "2016-09-30": 143, "2016-06-30": -12, "2016-03-31": "-16.00000", "2015-12-31": -42, "2015-09-30": 2, "2015-06-30": 89, "2015-03-31": "557.00000", "2014-12-31": 95, "2014-09-30": -13, "2014-06-30": 12, "2014-03-31": "-3.00000", "2013-12-31": -1, "2013-09-30": 0, "2013-06-30": 2, "2013-03-31": "3.00000", "2012-12-31": 0, "2012-09-30": 4, "2012-06-30": 0, "2012-03-31": "1.00000", "2011-12-31": 2, "2011-09-30": -1, "2011-06-30": 3, "2011-03-31": "9.00000", "2010-12-31": 9, "2010-09-30": 1, "2010-06-30": 3, "2010-03-31": "3.00000", "2009-12-31": 2, "2009-09-30": 1, "2009-06-30": 3, "2009-03-31": "2.00000", "2008-12-31": 2, "2008-09-30": 3, "2008-06-30": 28, "2008-03-31": "27.00000", "2007-12-31": 24, "2007-09-30": 3, "2007-06-30": 12, "2007-03-31": "5.00000", "2006-12-31": 22, "2006-09-30": 7, "2006-06-30": 3, "2006-03-31": "4.00000", "2005-12-31": 0, "2005-09-30": 0, "2005-06-30": 0, "2005-03-31": ""}, "Cash Flow From Financial Activities": {"2020-09-30": -46, "2020-06-30": -39, "2020-03-31": "-87.00000", "2019-12-31": -24, "2019-09-30": -596, "2019-06-30": -227, "2019-03-31": "-1214.00000", "2018-12-31": -898, "2018-09-30": -1760, "2018-06-30": -467, "2018-03-31": "-1252.00000", "2017-12-31": -21, "2017-09-30": -31, "2017-06-30": 3, "2017-03-31": "-124.00000", "2016-12-31": -2407, "2016-09-30": -1346, "2016-06-30": 90, "2016-03-31": "1493.00000", "2015-12-31": 1010, "2015-09-30": -300, "2015-06-30": 210, "2015-03-31": "892.00000", "2014-12-31": -655, "2014-09-30": -389, "2014-06-30": -3194, "2014-03-31": "1844.00000", "2013-12-31": 1850, "2013-09-30": -171, "2013-06-30": -2089, "2013-03-31": "430.00000", "2012-12-31": 274, "2012-09-30": 527, "2012-06-30": -220, "2012-03-31": "1048.00000", "2011-12-31": 118, "2011-09-30": 555, "2011-06-30": 498, "2011-03-31": "520.00000", "2010-12-31": -207, "2010-09-30": -564, "2010-06-30": -1080, "2010-03-31": "-1253.00000", "2009-12-31": -160, "2009-09-30": -22, "2009-06-30": 372, "2009-03-31": "1011.00000", "2008-12-31": 941, "2008-09-30": -1459, "2008-06-30": -2725, "2008-03-31": "-165.00000", "2007-12-31": -241, "2007-09-30": 115, "2007-06-30": 139, "2007-03-31": "-384.00000", "2006-12-31": 355, "2006-09-30": -683, "2006-06-30": 1204, "2006-03-31": "-283.00000", "2005-12-31": -398, "2005-09-30": -1235, "2005-06-30": -1372, "2005-03-31": "-538.00000"}, "Net Cash Flow": {"2020-09-30": 228, "2020-06-30": -58, "2020-03-31": "-117.00000", "2019-12-31": 188, "2019-09-30": -2197, "2019-06-30": 2498, "2019-03-31": "-1091.00000", "2018-12-31": -675, "2018-09-30": 1596, "2018-06-30": 55, "2018-03-31": "-1214.00000", "2017-12-31": -170, "2017-09-30": 485, "2017-06-30": 250, "2017-03-31": "160.00000", "2016-12-31": -426, "2016-09-30": 662, "2016-06-30": 88, "2016-03-31": "-675.00000", "2015-12-31": 523, "2015-09-30": 62, "2015-06-30": -133, "2015-03-31": "378.00000", "2014-12-31": -1928, "2014-09-30": 1702, "2014-06-30": -321, "2014-03-31": "-4039.00000", "2013-12-31": 1746, "2013-09-30": 957, "2013-06-30": -1912, "2013-03-31": "638.00000", "2012-12-31": -701, "2012-09-30": -763, "2012-06-30": 273, "2012-03-31": "273.00000", "2011-12-31": -63, "2011-09-30": 2267, "2011-06-30": 1635, "2011-03-31": "-1574.00000", "2010-12-31": -708, "2010-09-30": 1082, "2010-06-30": 1734, "2010-03-31": "171.00000", "2009-12-31": 99, "2009-09-30": 256, "2009-06-30": 255, "2009-03-31": "17.00000", "2008-12-31": -812, "2008-09-30": -649, "2008-06-30": -38, "2008-03-31": "510.00000", "2007-12-31": -48, "2007-09-30": 354, "2007-06-30": 389, "2007-03-31": "-78.00000", "2006-12-31": -440, "2006-09-30": 166, "2006-06-30": -464, "2006-03-31": "-112.00000", "2005-12-31": 511, "2005-09-30": -1132, "2005-06-30": 728, "2005-03-31": "347.00000"}, "Stock-Based Compensation": {"2020-09-30": 31, "2020-06-30": 19, "2020-03-31": "20.00000", "2019-12-31": 23, "2019-09-30": 23, "2019-06-30": 25, "2019-03-31": "44.00000", "2018-12-31": 25, "2018-09-30": 25, "2018-06-30": 49, "2018-03-31": "38.00000", "2017-12-31": 12, "2017-09-30": 33, "2017-06-30": 26, "2017-03-31": "55.00000", "2016-12-31": 40, "2016-09-30": 23, "2016-06-30": 32, "2016-03-31": "108.00000", "2015-12-31": 244, "2015-09-30": 0, "2015-06-30": 0, "2015-03-31": "", "2014-12-31": 163, "2014-09-30": 0, "2014-06-30": 0, "2014-03-31": "", "2013-12-31": 0, "2013-09-30": 0, "2013-06-30": 0, "2013-03-31": "", "2012-12-31": 0, "2012-09-30": 0, "2012-06-30": 0, "2012-03-31": "", "2011-12-31": 0, "2011-09-30": 0, "2011-06-30": 0, "2011-03-31": "", "2010-12-31": 0, "2010-09-30": 0, "2010-06-30": 0, "2010-03-31": "", "2009-12-31": 0, "2009-09-30": 0, "2009-06-30": 0, "2009-03-31": "", "2008-12-31": 0, "2008-09-30": 0, "2008-06-30": 0, "2008-03-31": "", "2007-12-31": 0, "2007-09-30": 0, "2007-06-30": 0, "2007-03-31": "", "2006-12-31": 0, "2006-09-30": 0, "2006-06-30": 0, "2006-03-31": "", "2005-12-31": 0, "2005-09-30": 0, "2005-06-30": 0, "2005-03-31": ""}, "Common Stock Dividends Paid": {"2020-09-30": -47, "2020-06-30": -45, "2020-03-31": "-37.00000", "2019-12-31": -34, "2019-09-30": -35, "2019-06-30": -37, "2019-03-31": "-34.00000", "2018-12-31": -37, "2018-09-30": -38, "2018-06-30": -42, "2018-03-31": "-32.00000", "2017-12-31": -32, "2017-09-30": -30, "2017-06-30": 48, "2017-03-31": "-113.00000", "2016-12-31": 193, "2016-09-30": -109, "2016-06-30": -107, "2016-03-31": "-198.00000", "2015-12-31": -168, "2015-09-30": -167, "2015-06-30": -163, "2015-03-31": "-152.00000", "2014-12-31": -147, "2014-09-30": -144, "2014-06-30": -140, "2014-03-31": "-190.00000", "2013-12-31": -89, "2013-09-30": -89, "2013-06-30": -89, "2013-03-31": "-81.00000", "2012-12-31": -82, "2012-09-30": -80, "2012-06-30": -82, "2012-03-31": "-80.00000", "2011-12-31": -69, "2011-09-30": -69, "2011-06-30": -72, "2011-03-31": "-68.00000", "2010-12-31": -70, "2010-09-30": -69, "2010-06-30": -70, "2010-03-31": "-72.00000", "2009-12-31": -71, "2009-09-30": -213, "2009-06-30": 70, "2009-03-31": "-70.00000", "2008-12-31": -73, "2008-09-30": -70, "2008-06-30": -73, "2008-03-31": "-73.00000", "2007-12-31": -66, "2007-09-30": -64, "2007-06-30": -65, "2007-03-31": "-64.00000", "2006-12-31": -61, "2006-09-30": -49, "2006-06-30": -50, "2006-03-31": "-49.00000", "2005-12-31": -43, "2005-09-30": -33, "2005-06-30": -34, "2005-03-31": "-36.00000"}}, "financial ratios": {"Current Ratio": {"2019-12-31": "1.99840", "2018-12-31": "1.99330", "2017-12-31": "1.44520", "2016-12-31": "1.44190", "2015-12-31": "1.22030", "2014-12-31": "1.09490", "2013-12-31": "1.20290", "2012-12-31": "1.49440", "2011-12-31": "1.38100", "2010-12-31": "1.21210", "2009-12-31": "0.78700", "2008-12-31": "0.85610", "2007-12-31": "1.07030", "2006-12-31": "0.69150", "2005-12-31": "1.43350"}, "Long-term Debt / Capital": {"2019-12-31": "0.42040", "2018-12-31": "0.31840", "2017-12-31": "0.32360", "2016-12-31": "0.44390", "2015-12-31": "0.52320", "2014-12-31": "0.27180", "2013-12-31": "0.27960", "2012-12-31": "0.28440", "2011-12-31": "0.21790", "2010-12-31": "0.16550", "2009-12-31": "0.27300", "2008-12-31": "0.24920", "2007-12-31": "0.22210", "2006-12-31": "0.21730", "2005-12-31": "0.26100"}, "Debt/Equity Ratio": {"2019-12-31": "0.72530", "2018-12-31": "0.48490", "2017-12-31": "0.48670", "2016-12-31": "0.79810", "2015-12-31": "1.18590", "2014-12-31": "0.42750", "2013-12-31": "0.58650", "2012-12-31": "0.54720", "2011-12-31": "0.45640", "2010-12-31": "0.29240", "2009-12-31": "0.46750", "2008-12-31": "0.34240", "2007-12-31": "0.33110", "2006-12-31": "0.40400", "2005-12-31": "0.39770"}, "Gross Margin": {"2019-12-31": "80.75560", "2018-12-31": "87.03910", "2017-12-31": "87.83260", "2016-12-31": "73.27110", "2015-12-31": "100.00000", "2014-12-31": "100.00000", "2013-12-31": "100.00000", "2012-12-31": "100.00000", "2011-12-31": "100.00000", "2010-12-31": "100.00000", "2009-12-31": "100.00000", "2008-12-31": "100.00000", "2007-12-31": "100.00000", "2006-12-31": "100.00000", "2005-12-31": "100.00000"}, "Operating Margin": {"2019-12-31": "2.26690", "2018-12-31": "17.13130", "2017-12-31": "5.55300", "2016-12-31": "4.20550", "2015-12-31": "-145.05900", "2014-12-31": "22.76380", "2013-12-31": "5.45350", "2012-12-31": "0.77890", "2011-12-31": "40.47180", "2010-12-31": "39.87930", "2009-12-31": "-53.15030", "2008-12-31": "-28.13540", "2007-12-31": "36.81200", "2006-12-31": "41.50710", "2005-12-31": "47.94060"}, "EBIT Margin": {"2019-12-31": "2.26690", "2018-12-31": "17.13130", "2017-12-31": "5.55300", "2016-12-31": "4.20550", "2015-12-31": "-145.05900", "2014-12-31": "22.76380", "2013-12-31": "5.45350", "2012-12-31": "0.77890", "2011-12-31": "40.47180", "2010-12-31": "39.87930", "2009-12-31": "-53.15030", "2008-12-31": "-28.13540", "2007-12-31": "36.81200", "2006-12-31": "41.50710", "2005-12-31": "47.94060"}, "EBITDA Margin": {"2019-12-31": "26.86500", "2018-12-31": "31.23880", "2017-12-31": "21.47360", "2016-12-31": "28.89090", "2015-12-31": "-113.89120", "2014-12-31": "39.27710", "2013-12-31": "32.19200", "2012-12-31": "30.36520", "2011-12-31": "60.11360", "2010-12-31": "59.29580", "2009-12-31": "-26.84970", "2008-12-31": "-5.02240", "2007-12-31": "63.00750", "2006-12-31": "64.34930", "2005-12-31": "67.12880"}, "Pre-Tax Profit Margin": {"2019-12-31": "-1.75240", "2018-12-31": "10.61150", "2017-12-31": "0.61530", "2016-12-31": "-6.41200", "2015-12-31": "-151.06880", "2014-12-31": "19.66760", "2013-12-31": "1.43310", "2012-12-31": "-3.33650", "2011-12-31": "37.48360", "2010-12-31": "35.89540", "2009-12-31": "-56.46910", "2008-12-31": "-30.01880", "2007-12-31": "33.35340", "2006-12-31": "36.55170", "2005-12-31": "43.66210"}, "Net Profit Margin": {"2019-12-31": "-5.70740", "2018-12-31": "34.44240", "2017-12-31": "13.81330", "2016-12-31": "-15.63750", "2015-12-31": "-98.14380", "2014-12-31": "7.78660", "2013-12-31": "-0.21160", "2012-12-31": "-2.16820", "2011-12-31": "41.10090", "2010-12-31": "45.77470", "2009-12-31": "-30.92950", "2008-12-31": "-15.53620", "2007-12-31": "36.05010", "2006-12-31": "29.03660", "2005-12-31": "29.12140"}, "Asset Turnover": {"2019-12-31": "0.45350", "2018-12-31": "0.45470", "2017-12-31": "0.21500", "2016-12-31": "0.23550", "2015-12-31": "0.44630", "2014-12-31": "0.40760", "2013-12-31": "0.24250", "2012-12-31": "0.21930", "2011-12-31": "0.27840", "2010-12-31": "0.30190", "2009-12-31": "0.27000", "2008-12-31": "0.43430", "2007-12-31": "0.24060", "2006-12-31": "0.27860", "2005-12-31": "0.33120"}, "Inventory Turnover Ratio": {"2019-12-31": "", "2018-12-31": "", "2017-12-31": "", "2016-12-31": "", "2015-12-31": "", "2014-12-31": "", "2013-12-31": "", "2012-12-31": "", "2011-12-31": "", "2010-12-31": "", "2009-12-31": "", "2008-12-31": "", "2007-12-31": "", "2006-12-31": "", "2005-12-31": ""}, "Receiveable Turnover": {"2019-12-31": "7.47600", "2018-12-31": "10.95570", "2017-12-31": "6.57330", "2016-12-31": "4.98010", "2015-12-31": "11.89590", "2014-12-31": "8.31840", "2013-12-31": "6.46180", "2012-12-31": "7.63130", "2011-12-31": "8.29950", "2010-12-31": "8.26960", "2009-12-31": "6.63490", "2008-12-31": "10.66000", "2007-12-31": "5.51410", "2006-12-31": "7.37690", "2005-12-31": "6.40700"}, "Days Sales In Receivables": {"2019-12-31": "48.82320", "2018-12-31": "33.31610", "2017-12-31": "55.52760", "2016-12-31": "73.29190", "2015-12-31": "30.68280", "2014-12-31": "43.87850", "2013-12-31": "56.48600", "2012-12-31": "47.82920", "2011-12-31": "43.97860", "2010-12-31": "44.13780", "2009-12-31": "55.01190", "2008-12-31": "34.24020", "2007-12-31": "66.19400", "2006-12-31": "49.47890", "2005-12-31": "56.96870"}, "ROE - Return On Equity": {"2019-12-31": "-1.33450", "2018-12-31": "7.77270", "2017-12-31": "0.23400", "2016-12-31": "-4.51190", "2015-12-31": "-124.16960", "2014-12-31": "6.41970", "2013-12-31": "-0.09760", "2012-12-31": "-0.86940", "2011-12-31": "9.95800", "2010-12-31": "12.11760", "2009-12-31": "-17.68140", "2008-12-31": "-17.81360", "2007-12-31": "11.29290", "2006-12-31": "15.10230", "2005-12-31": "19.49400"}, "Return On Tangible Equity": {"2019-12-31": "-1.52890", "2018-12-31": "8.46670", "2017-12-31": "0.24880", "2016-12-31": "-5.55180", "2015-12-31": "-229.05820", "2014-12-31": "8.43900", "2013-12-31": "-0.13660", "2012-12-31": "-1.21720", "2011-12-31": "13.84190", "2010-12-31": "17.71050", "2009-12-31": "-28.55810", "2008-12-31": "-26.31400", "2007-12-31": "15.69410", "2006-12-31": "22.44380", "2005-12-31": "31.63700"}, "ROA - Return On Assets": {"2019-12-31": "-0.57590", "2018-12-31": "3.64920", "2017-12-31": "0.10910", "2016-12-31": "-2.00170", "2015-12-31": "-46.33120", "2014-12-31": "3.33950", "2013-12-31": "-0.04660", "2012-12-31": "-0.42700", "2011-12-31": "5.19010", "2010-12-31": "7.08540", "2009-12-31": "-9.27370", "2008-12-31": "-9.52430", "2007-12-31": "5.99430", "2006-12-31": "7.51220", "2005-12-31": "9.56960"}, "ROI - Return On Investment": {"2019-12-31": "-0.77340", "2018-12-31": "5.29750", "2017-12-31": "0.15830", "2016-12-31": "-2.50920", "2015-12-31": "-59.21020", "2014-12-31": "4.67500", "2013-12-31": "-0.07030", "2012-12-31": "-0.62220", "2011-12-31": "7.78860", "2010-12-31": "10.11180", "2009-12-31": "-12.85430", "2008-12-31": "-13.37530", "2007-12-31": "8.78430", "2006-12-31": "11.82070", "2005-12-31": "14.40580"}, "Book Value Per Share": {"2019-12-31": "15.49740", "2018-12-31": "20.45880", "2017-12-31": "26.86480", "2016-12-31": "24.32510", "2015-12-31": "26.28950", "2014-12-31": "64.40340", "2013-12-31": "50.49020", "2012-12-31": "52.40890", "2011-12-31": "53.04460", "2010-12-31": "44.61880", "2009-12-31": "34.85560", "2008-12-31": "38.44940", "2007-12-31": "49.54070", "2006-12-31": "39.28120", "2005-12-31": "33.51440"}, "Operating Cash Flow Per Share": {"2019-12-31": 1.9097, "2018-12-31": 0.7947, "2017-12-31": 0.7454, "2016-12-31": -10.3894, "2015-12-31": -2.7592, "2014-12-31": 1.2712, "2013-12-31": 1.1324, "2012-12-31": -2.5, "2011-12-31": 2.3258, "2010-12-31": 1.7738, "2009-12-31": -10.6401, "2008-12-31": 6.5179, "2007-12-31": 1.5354, "2006-12-31": 1.4368, "2005-12-31": 11.9404}, "Free Cash Flow Per Share": {"2019-12-31": 1.3706, "2018-12-31": -0.1702, "2017-12-31": -3.0934, "2016-12-31": 5.3815, "2015-12-31": 3.4889, "2014-12-31": -3.4269, "2013-12-31": 2.2562, "2012-12-31": -1.6771, "2011-12-31": -10.4217, "2010-12-31": 7.8423, "2009-12-31": -1.7995, "2008-12-31": -0.7268, "2007-12-31": 5.2111, "2006-12-31": -11.3351, "2005-12-31": 8.4043}}, "financial ratios, quarterly": {"Current Ratio": {"2020-09-30": "2.03450", "2020-06-30": "2.32640", "2020-03-31": "2.60940", "2019-12-31": "1.99840", "2019-09-30": "1.71650", "2019-06-30": "1.49030", "2019-03-31": "1.37350", "2018-12-31": "1.99330", "2018-09-30": "1.47550", "2018-06-30": "1.64980", "2018-03-31": "1.04390", "2017-12-31": "1.44520", "2017-09-30": "1.63210", "2017-06-30": "1.61370", "2017-03-31": "1.52830", "2016-12-31": "1.44190", "2016-09-30": "1.56120", "2016-06-30": "1.35950", "2016-03-31": "1.13460", "2015-12-31": "1.22030", "2015-09-30": "1.22760", "2015-06-30": "1.18310", "2015-03-31": "1.04420", "2014-12-31": "1.09490", "2014-09-30": "0.99650", "2014-06-30": "0.93870", "2014-03-31": "0.66230", "2013-12-31": "1.20290", "2013-09-30": "1.32060", "2013-06-30": "1.30670", "2013-03-31": "1.23570", "2012-12-31": "1.49440", "2012-09-30": "1.71630", "2012-06-30": "1.85790", "2012-03-31": "1.44970", "2011-12-31": "1.38100", "2011-09-30": "1.59290", "2011-06-30": "1.98730", "2011-03-31": "0.97310", "2010-12-31": "1.21210", "2010-09-30": "1.33710", "2010-06-30": "1.48410", "2010-03-31": "1.20590", "2009-12-31": "0.78700", "2009-09-30": "0.75780", "2009-06-30": "0.73800", "2009-03-31": "0.73470", "2008-12-31": "0.85610", "2008-09-30": "1.11770", "2008-06-30": "0.90070", "2008-03-31": "0.93230", "2007-12-31": "1.07030", "2007-09-30": "0.77300", "2007-06-30": "0.71690", "2007-03-31": "0.61620", "2006-12-31": "0.69150", "2006-09-30": "0.76740", "2006-06-30": "0.72530", "2006-03-31": "1.29620", "2005-12-31": "1.43350", "2005-09-30": "1.22120", "2005-06-30": "1.40690", "2005-03-31": "1.16090"}, "Long-term Debt / Capital": {"2020-09-30": "0.57720", "2020-06-30": "0.56160", "2020-03-31": "0.51530", "2019-12-31": "0.42040", "2019-09-30": "0.39630", "2019-06-30": "0.38040", "2019-03-31": "0.42410", "2018-12-31": "0.31840", "2018-09-30": "0.39420", "2018-06-30": "0.31070", "2018-03-31": "0.41230", "2017-12-31": "0.32360", "2017-09-30": "0.46530", "2017-06-30": "0.48240", "2017-03-31": "0.48730", "2016-12-31": "0.44390", "2016-09-30": "0.52240", "2016-06-30": "0.58080", "2016-03-31": "0.53720", "2015-12-31": "0.52320", "2015-09-30": "0.41720", "2015-06-30": "0.36080", "2015-03-31": "0.30920", "2014-12-31": "0.27180", "2014-09-30": "0.27510", "2014-06-30": "0.31310", "2014-03-31": "0.31910", "2013-12-31": "0.27960", "2013-09-30": "0.27850", "2013-06-30": "0.28390", "2013-03-31": "0.28760", "2012-12-31": "0.28440", "2012-09-30": "0.27960", "2012-06-30": "0.27560", "2012-03-31": "0.23430", "2011-12-31": "0.21790", "2011-09-30": "0.22050", "2011-06-30": "0.21780", "2011-03-31": "0.16500", "2010-12-31": "0.16550", "2010-09-30": "0.17000", "2010-06-30": "0.24870", "2010-03-31": "0.25640", "2009-12-31": "0.27300", "2009-09-30": "0.28530", "2009-06-30": "0.29950", "2009-03-31": "0.31130", "2008-12-31": "0.24920", "2008-09-30": "0.16060", "2008-06-30": "0.17090", "2008-03-31": "0.20430", "2007-12-31": "0.22210", "2007-09-30": "0.20080", "2007-06-30": "0.19720", "2007-03-31": "0.21040", "2006-12-31": "0.21730", "2006-09-30": "0.23330", "2006-06-30": "0.24100", "2006-03-31": "0.25510", "2005-12-31": "0.26100", "2005-09-30": "0.27360", "2005-06-30": "0.30790", "2005-03-31": "0.31650"}, "Debt/Equity Ratio": {"2020-09-30": "1.36500", "2020-06-30": "1.28120", "2020-03-31": "1.06310", "2019-12-31": "0.72530", "2019-09-30": "0.65650", "2019-06-30": "0.61400", "2019-03-31": "0.73640", "2018-12-31": "0.48490", "2018-09-30": "0.67970", "2018-06-30": "0.47220", "2018-03-31": "0.72730", "2017-12-31": "0.48670", "2017-09-30": "0.87170", "2017-06-30": "0.93190", "2017-03-31": "0.95050", "2016-12-31": "0.79810", "2016-09-30": "1.12850", "2016-06-30": "1.42470", "2016-03-31": "1.19390", "2015-12-31": "1.18590", "2015-09-30": "0.74740", "2015-06-30": "0.59770", "2015-03-31": "0.51040", "2014-12-31": "0.42750", "2014-09-30": "0.45050", "2014-06-30": "0.47410", "2014-03-31": "0.61930", "2013-12-31": "0.58650", "2013-09-30": "0.48850", "2013-06-30": "0.50580", "2013-03-31": "0.61660", "2012-12-31": "0.54720", "2012-09-30": "0.51580", "2012-06-30": "0.47710", "2012-03-31": "0.49370", "2011-12-31": "0.45640", "2011-09-30": "0.43870", "2011-06-30": "0.37010", "2011-03-31": "0.35380", "2010-12-31": "0.29240", "2010-09-30": "0.30180", "2010-06-30": "0.33420", "2010-03-31": "0.35890", "2009-12-31": "0.46750", "2009-09-30": "0.50450", "2009-06-30": "0.53770", "2009-03-31": "0.53500", "2008-12-31": "0.34240", "2008-09-30": "0.19130", "2008-06-30": "0.23260", "2008-03-31": "0.32130", "2007-12-31": "0.33110", "2007-09-30": "0.35100", "2007-06-30": "0.34840", "2007-03-31": "0.36880", "2006-12-31": "0.40400", "2006-09-30": "0.38790", "2006-06-30": "0.44480", "2006-03-31": "0.38600", "2005-12-31": "0.39770", "2005-09-30": "0.44120", "2005-06-30": "0.51300", "2005-03-31": "0.53130"}, "Gross Margin": {"2020-09-30": "74.60170", "2020-06-30": "33.24870", "2020-03-31": "84.76280", "2019-12-31": "79.60980", "2019-09-30": "83.16150", "2019-06-30": "83.61020", "2019-03-31": "73.77200", "2018-12-31": "108.12980", "2018-09-30": "80.65860", "2018-06-30": "78.87620", "2018-03-31": "75.29570", "2017-12-31": "50.43550", "2017-09-30": "76.82360", "2017-06-30": "78.98380", "2017-03-31": "87.13040", "2016-12-31": "186.19870", "2016-09-30": "100.00000", "2016-06-30": "100.00000", "2016-03-31": "100.00000", "2015-12-31": "100.00000", "2015-09-30": "100.00000", "2015-06-30": "100.00000", "2015-03-31": "100.00000", "2014-12-31": "100.00000", "2014-09-30": "100.00000", "2014-06-30": "100.00000", "2014-03-31": "100.00000", "2013-12-31": "100.00000", "2013-09-30": "100.00000", "2013-06-30": "100.00000", "2013-03-31": "100.00000", "2012-12-31": "100.00000", "2012-09-30": "100.00000", "2012-06-30": "100.00000", "2012-03-31": "100.00000", "2011-12-31": "100.00000", "2011-09-30": "100.00000", "2011-06-30": "100.00000", "2011-03-31": "100.00000", "2010-12-31": "100.00000", "2010-09-30": "100.00000", "2010-06-30": "100.00000", "2010-03-31": "100.00000", "2009-12-31": "100.00000", "2009-09-30": "100.00000", "2009-06-30": "100.00000", "2009-03-31": "100.00000", "2008-12-31": "100.00000", "2008-09-30": "100.00000", "2008-06-30": "100.00000", "2008-03-31": "100.00000", "2007-12-31": "100.00000", "2007-09-30": "100.00000", "2007-06-30": "100.00000", "2007-03-31": "100.00000", "2006-12-31": "100.00000", "2006-09-30": "100.00000", "2006-06-30": "100.00000", "2006-03-31": "100.00000", "2005-12-31": "100.00000", "2005-09-30": "100.00000", "2005-06-30": "100.00000", "2005-03-31": "100.00000"}, "Operating Margin": {"2020-09-30": "-11.90250", "2020-06-30": "-172.58880", "2020-03-31": "-100.95830", "2019-12-31": "10.63560", "2019-09-30": "14.31840", "2019-06-30": "12.12630", "2019-03-31": "-46.06120", "2018-12-31": "69.16030", "2018-09-30": "2.45830", "2018-06-30": "-25.13010", "2018-03-31": "6.46040", "2017-12-31": "51.21950", "2017-09-30": "11.12260", "2017-06-30": "13.11780", "2017-03-31": "12.67250", "2016-12-31": "-182.23500", "2016-09-30": "34.60900", "2016-06-30": "-60.16880", "2016-03-31": "-164.62840", "2015-12-31": "-130.49200", "2015-09-30": "-151.18020", "2015-06-30": "-128.58830", "2015-03-31": "-168.30020", "2014-12-31": "6.50910", "2014-09-30": "33.24590", "2014-06-30": "39.33480", "2014-03-31": "18.52350", "2013-12-31": "22.52290", "2013-09-30": "27.00810", "2013-06-30": "35.62180", "2013-03-31": "-94.21610", "2012-12-31": "-61.24030", "2012-09-30": "3.69970", "2012-06-30": "34.27120", "2012-03-31": "28.35400", "2011-12-31": "30.20190", "2011-09-30": "48.62940", "2011-06-30": "46.58390", "2011-03-31": "30.32140", "2010-12-31": "32.64640", "2010-09-30": "35.23160", "2010-06-30": "35.08060", "2010-03-31": "51.39750", "2009-12-31": "38.85480", "2009-09-30": "25.10820", "2009-06-30": "22.11860", "2009-03-31": "-319.84210", "2008-12-31": "-733.16140", "2008-09-30": "63.01440", "2008-06-30": "36.47130", "2008-03-31": "33.24370", "2007-12-31": "27.40330", "2007-09-30": "36.88020", "2007-06-30": "42.13040", "2007-03-31": "37.32310", "2006-12-31": "36.72460", "2006-09-30": "40.69630", "2006-06-30": "41.91490", "2006-03-31": "46.56000", "2005-12-31": "53.19490", "2005-09-30": "51.59020", "2005-06-30": "45.98870", "2005-03-31": "40.19570"}, "EBIT Margin": {"2020-09-30": "-11.90250", "2020-06-30": "-172.58880", "2020-03-31": "-100.95830", "2019-12-31": "10.63560", "2019-09-30": "14.31840", "2019-06-30": "12.12630", "2019-03-31": "-46.06120", "2018-12-31": "69.16030", "2018-09-30": "2.45830", "2018-06-30": "-25.13010", "2018-03-31": "6.46040", "2017-12-31": "51.21950", "2017-09-30": "11.12260", "2017-06-30": "13.11780", "2017-03-31": "12.67250", "2016-12-31": "-182.23500", "2016-09-30": "34.60900", "2016-06-30": "-60.16880", "2016-03-31": "-164.62840", "2015-12-31": "-130.49200", "2015-09-30": "-151.18020", "2015-06-30": "-128.58830", "2015-03-31": "-168.30020", "2014-12-31": "6.50910", "2014-09-30": "33.24590", "2014-06-30": "39.33480", "2014-03-31": "18.52350", "2013-12-31": "22.52290", "2013-09-30": "27.00810", "2013-06-30": "35.62180", "2013-03-31": "-94.21610", "2012-12-31": "-61.24030", "2012-09-30": "3.69970", "2012-06-30": "34.27120", "2012-03-31": "28.35400", "2011-12-31": "30.20190", "2011-09-30": "48.62940", "2011-06-30": "46.58390", "2011-03-31": "30.32140", "2010-12-31": "32.64640", "2010-09-30": "35.23160", "2010-06-30": "35.08060", "2010-03-31": "51.39750", "2009-12-31": "38.85480", "2009-09-30": "25.10820", "2009-06-30": "22.11860", "2009-03-31": "-319.84210", "2008-12-31": "-733.16140", "2008-09-30": "63.01440", "2008-06-30": "36.47130", "2008-03-31": "33.24370", "2007-12-31": "27.40330", "2007-09-30": "36.88020", "2007-06-30": "42.13040", "2007-03-31": "37.32310", "2006-12-31": "36.72460", "2006-09-30": "40.69630", "2006-06-30": "41.91490", "2006-03-31": "46.56000", "2005-12-31": "53.19490", "2005-09-30": "51.59020", "2005-06-30": "45.98870", "2005-03-31": "40.19570"}, "EBITDA Margin": {"2020-09-30": "", "2020-06-30": "", "2020-03-31": "", "2019-12-31": "", "2019-09-30": "", "2019-06-30": "", "2019-03-31": "", "2018-12-31": "", "2018-09-30": "", "2018-06-30": "", "2018-03-31": "", "2017-12-31": "", "2017-09-30": "", "2017-06-30": "", "2017-03-31": "", "2016-12-31": "", "2016-09-30": "", "2016-06-30": "", "2016-03-31": "", "2015-12-31": "", "2015-09-30": "", "2015-06-30": "", "2015-03-31": "", "2014-12-31": "", "2014-09-30": "", "2014-06-30": "", "2014-03-31": "", "2013-12-31": "", "2013-09-30": "", "2013-06-30": "", "2013-03-31": "", "2012-12-31": "", "2012-09-30": "", "2012-06-30": "", "2012-03-31": "", "2011-12-31": "", "2011-09-30": "", "2011-06-30": "", "2011-03-31": "", "2010-12-31": "", "2010-09-30": "", "2010-06-30": "", "2010-03-31": "", "2009-12-31": "", "2009-09-30": "", "2009-06-30": "", "2009-03-31": "", "2008-12-31": "", "2008-09-30": "", "2008-06-30": "", "2008-03-31": "", "2007-12-31": "", "2007-09-30": "", "2007-06-30": "", "2007-03-31": "", "2006-12-31": "", "2006-09-30": "", "2006-06-30": "", "2006-03-31": "", "2005-12-31": "", "2005-09-30": "", "2005-06-30": "", "2005-03-31": ""}, "Pre-Tax Profit Margin": {"2020-09-30": "-18.08810", "2020-06-30": "-172.58880", "2020-03-31": "-100.95830", "2019-12-31": "-1.32160", "2019-09-30": "10.88200", "2019-06-30": "12.12630", "2019-03-31": "-46.06120", "2018-12-31": "64.38930", "2018-09-30": "-0.69570", "2018-06-30": "-25.13010", "2018-03-31": "-11.14650", "2017-12-31": "60.88850", "2017-09-30": "10.70870", "2017-06-30": "9.56120", "2017-03-31": "9.15240", "2016-12-31": "-182.37820", "2016-09-30": "27.82900", "2016-06-30": "-70.13670", "2016-03-31": "-173.33020", "2015-12-31": "-143.17400", "2015-09-30": "-156.15110", "2015-06-30": "-132.00710", "2015-03-31": "-172.25120", "2014-12-31": "4.11770", "2014-09-30": "30.99700", "2014-06-30": "34.45680", "2014-03-31": "15.03360", "2013-12-31": "18.10210", "2013-09-30": "23.54460", "2013-06-30": "32.28630", "2013-03-31": "-99.54340", "2012-12-31": "-19.41860", "2012-09-30": "-62.25200", "2012-06-30": "28.68310", "2012-03-31": "24.46940", "2011-12-31": "30.82300", "2011-09-30": "43.91780", "2011-06-30": "42.79500", "2011-03-31": "27.01440", "2010-12-31": "31.28810", "2010-09-30": "29.70680", "2010-06-30": "27.46420", "2010-03-31": "49.31680", "2009-12-31": "35.41920", "2009-09-30": "25.48700", "2009-06-30": "16.41050", "2009-03-31": "-324.31580", "2008-12-31": "-740.45680", "2008-09-30": "62.47910", "2008-06-30": "35.54120", "2008-03-31": "29.98320", "2007-12-31": "20.66300", "2007-09-30": "34.78100", "2007-06-30": "39.39910", "2007-03-31": "33.88600", "2006-12-31": "29.52850", "2006-09-30": "36.45460", "2006-06-30": "36.80850", "2006-03-31": "43.20000", "2005-12-31": "52.55590", "2005-09-30": "42.12280", "2005-06-30": "40.92380", "2005-03-31": "38.83450"}, "Net Profit Margin": {"2020-09-30": "-8.62230", "2020-06-30": "-170.05080", "2020-03-31": "-87.01490", "2019-12-31": "-40.40280", "2019-09-30": "6.24280", "2019-06-30": "27.40860", "2019-03-31": "-29.37910", "2018-12-31": "43.85500", "2018-09-30": "117.67160", "2018-06-30": "-22.11240", "2018-03-31": "-8.96270", "2017-12-31": "-15.94080", "2017-09-30": "9.98450", "2017-06-30": "10.11550", "2017-03-31": "8.53280", "2016-12-31": "-123.11370", "2016-09-30": "23.45850", "2016-06-30": "-63.14310", "2016-03-31": "-143.74410", "2015-12-31": "-103.11850", "2015-09-30": "-97.41740", "2015-06-30": "-83.02390", "2015-03-31": "-110.26030", "2014-12-31": "-5.61770", "2014-09-30": "18.83430", "2014-06-30": "14.96670", "2014-03-31": "8.69800", "2013-12-31": "7.85060", "2013-09-30": "15.80690", "2013-06-30": "22.11790", "2013-03-31": "-67.98580", "2012-12-31": "-13.60470", "2012-09-30": "-38.55230", "2012-06-30": "18.40560", "2012-03-31": "15.73890", "2011-12-31": "19.75930", "2011-09-30": "29.64020", "2011-06-30": "85.12420", "2011-03-31": "19.37590", "2010-12-31": "26.32320", "2010-09-30": "88.82280", "2010-06-30": "31.63080", "2010-03-31": "37.01860", "2009-12-31": "27.28020", "2009-09-30": "27.00220", "2009-06-30": "17.23380", "2009-03-31": "-208.36840", "2008-12-31": "-502.28440", "2008-09-30": "43.79390", "2008-06-30": "36.58400", "2008-03-31": "25.10920", "2007-12-31": "72.54140", "2007-09-30": "26.52910", "2007-06-30": "30.76140", "2007-03-31": "26.24340", "2006-12-31": "23.94540", "2006-09-30": "28.13130", "2006-06-30": "36.42550", "2006-03-31": "27.92000", "2005-12-31": "38.61820", "2005-09-30": "27.44080", "2005-06-30": "26.33710", "2005-03-31": "23.86220"}, "Asset Turnover": {"2020-09-30": "0.10330", "2020-06-30": "0.03800", "2020-03-31": "0.18730", "2019-12-31": "0.11580", "2019-09-30": "0.12130", "2019-06-30": "0.10850", "2019-03-31": "0.05970", "2018-12-31": "0.13390", "2018-09-30": "0.10690", "2018-06-30": "0.06590", "2018-03-31": "0.07500", "2017-12-31": "-0.03800", "2017-09-30": "0.07010", "2017-06-30": "0.08070", "2017-03-31": "0.13590", "2016-12-31": "-0.07300", "2016-09-30": "0.15790", "2016-06-30": "0.09130", "2016-03-31": "0.07420", "2015-12-31": "0.09800", "2015-09-30": "0.10480", "2015-06-30": "0.08360", "2015-03-31": "0.07200", "2014-12-31": "0.13960", "2014-09-30": "0.10500", "2014-06-30": "0.08820", "2014-03-31": "0.07060", "2013-12-31": "0.06120", "2013-09-30": "0.06640", "2013-06-30": "0.07720", "2013-03-31": "0.04740", "2012-12-31": "0.05950", "2012-09-30": "0.04280", "2012-06-30": "0.05890", "2012-03-31": "0.05860", "2011-12-31": "0.06270", "2011-09-30": "0.08780", "2011-06-30": "0.08360", "2011-03-31": "0.06210", "2010-12-31": "0.06480", "2010-09-30": "0.07380", "2010-06-30": "0.07450", "2010-03-31": "0.10500", "2009-12-31": "0.08240", "2009-09-30": "0.06570", "2009-06-30": "0.06730", "2009-03-31": "0.07390", "2008-12-31": "0.04250", "2008-09-30": "0.14010", "2008-06-30": "0.08100", "2008-03-31": "0.06920", "2007-12-31": "0.04370", "2007-09-30": "0.06860", "2007-06-30": "0.07700", "2007-03-31": "0.06870", "2006-12-31": "0.06900", "2006-09-30": "0.07300", "2006-06-30": "0.07010", "2006-03-31": "0.08130", "2005-12-31": "0.08270", "2005-09-30": "0.09160", "2005-06-30": "0.08430", "2005-03-31": "0.07660"}, "Inventory Turnover Ratio": {"2020-09-30": "", "2020-06-30": "", "2020-03-31": "", "2019-12-31": "", "2019-09-30": "", "2019-06-30": "", "2019-03-31": "", "2018-12-31": "", "2018-09-30": "", "2018-06-30": "", "2018-03-31": "", "2017-12-31": "", "2017-09-30": "", "2017-06-30": "", "2017-03-31": "", "2016-12-31": "", "2016-09-30": "", "2016-06-30": "", "2016-03-31": "", "2015-12-31": "", "2015-09-30": "", "2015-06-30": "", "2015-03-31": "", "2014-12-31": "", "2014-09-30": "", "2014-06-30": "", "2014-03-31": "", "2013-12-31": "", "2013-09-30": "", "2013-06-30": "", "2013-03-31": "", "2012-12-31": "", "2012-09-30": "", "2012-06-30": "", "2012-03-31": "", "2011-12-31": "", "2011-09-30": "", "2011-06-30": "", "2011-03-31": "", "2010-12-31": "", "2010-09-30": "", "2010-06-30": "", "2010-03-31": "", "2009-12-31": "", "2009-09-30": "", "2009-06-30": "", "2009-03-31": "", "2008-12-31": "", "2008-09-30": "", "2008-06-30": "", "2008-03-31": "", "2007-12-31": "", "2007-09-30": "", "2007-06-30": "", "2007-03-31": "", "2006-12-31": "", "2006-09-30": "", "2006-06-30": "", "2006-03-31": "", "2005-12-31": "", "2005-09-30": "", "2005-06-30": "", "2005-03-31": ""}, "Receiveable Turnover": {"2020-09-30": "2.16430", "2020-06-30": "0.76500", "2020-03-31": "3.51350", "2019-12-31": "1.90990", "2019-09-30": "2.21860", "2019-06-30": "2.14490", "2019-03-31": "1.03950", "2018-12-31": "3.22660", "2018-09-30": "1.75860", "2018-06-30": "1.68450", "2018-03-31": "1.29680", "2017-12-31": "-1.16080", "2017-09-30": "1.32220", "2017-06-30": "1.73480", "2017-03-31": "2.69020", "2016-12-31": "-1.54420", "2016-09-30": "3.87640", "2016-06-30": "2.13200", "2016-03-31": "2.03060", "2015-12-31": "2.61180", "2015-09-30": "2.71570", "2015-06-30": "2.10610", "2015-03-31": "1.96330", "2014-12-31": "2.84840", "2014-09-30": "2.65600", "2014-06-30": "1.96000", "2014-03-31": "1.44380", "2013-12-31": "1.63080", "2013-09-30": "1.78550", "2013-06-30": "2.00780", "2013-03-31": "1.43970", "2012-12-31": "2.07230", "2012-09-30": "1.67570", "2012-06-30": "2.54630", "2012-03-31": "2.25560", "2011-12-31": "1.86800", "2011-09-30": "2.44900", "2011-06-30": "2.22680", "2011-03-31": "1.69190", "2010-12-31": "1.77620", "2010-09-30": "2.28890", "2010-06-30": "1.85230", "2010-03-31": "2.48460", "2009-12-31": "2.02400", "2009-09-30": "1.55420", "2009-06-30": "1.35460", "2009-03-31": "1.43180", "2008-12-31": "1.04380", "2008-09-30": "3.49590", "2008-06-30": "1.44230", "2008-03-31": "1.42340", "2007-12-31": "1.00060", "2007-09-30": "1.92540", "2007-06-30": "2.13020", "2007-03-31": "1.81700", "2006-12-31": "1.82630", "2006-09-30": "1.89750", "2006-06-30": "1.67380", "2006-03-31": "1.89390", "2005-12-31": "1.60000", "2005-09-30": "1.78360", "2005-06-30": "1.88690", "2005-03-31": "1.72360"}, "Days Sales In Receivables": {"2020-09-30": "41.58390", "2020-06-30": "117.63960", "2020-03-31": "25.61570", "2019-12-31": "47.12400", "2019-09-30": "40.56700", "2019-06-30": "41.96010", "2019-03-31": "86.58020", "2018-12-31": "27.89310", "2018-09-30": "51.17810", "2018-06-30": "53.42870", "2018-03-31": "69.40400", "2017-12-31": "-77.53480", "2017-09-30": "68.07040", "2017-06-30": "51.87990", "2017-03-31": "33.45540", "2016-12-31": "-58.28080", "2016-09-30": "23.21760", "2016-06-30": "42.21460", "2016-03-31": "44.32270", "2015-12-31": "34.45950", "2015-09-30": "33.14080", "2015-06-30": "42.73210", "2015-03-31": "45.84070", "2014-12-31": "31.59620", "2014-09-30": "33.88490", "2014-06-30": "45.91800", "2014-03-31": "62.33560", "2013-12-31": "55.18670", "2013-09-30": "50.40530", "2013-06-30": "44.82510", "2013-03-31": "62.51140", "2012-12-31": "43.43020", "2012-09-30": "53.71050", "2012-06-30": "35.34580", "2012-03-31": "39.89990", "2011-12-31": "48.17940", "2011-09-30": "36.75040", "2011-06-30": "40.41620", "2011-03-31": "53.19520", "2010-12-31": "50.66980", "2010-09-30": "39.32000", "2010-06-30": "48.58870", "2010-03-31": "36.22360", "2009-12-31": "44.46630", "2009-09-30": "57.90590", "2009-06-30": "66.43800", "2009-03-31": "62.85790", "2008-12-31": "86.21960", "2008-09-30": "25.74440", "2008-06-30": "62.40140", "2008-03-31": "63.22690", "2007-12-31": "89.95030", "2007-09-30": "46.74270", "2007-06-30": "42.24990", "2007-03-31": "49.53090", "2006-12-31": "49.28040", "2006-09-30": "47.43100", "2006-06-30": "53.77020", "2006-03-31": "47.52000", "2005-12-31": "56.25000", "2005-09-30": "50.45860", "2005-06-30": "47.69850", "2005-03-31": "52.21610"}, "ROE - Return On Equity": {"2020-09-30": "-3.27190", "2020-06-30": "-20.19090", "2020-03-31": "-41.83170", "2019-12-31": "0.20270", "2019-09-30": "2.07890", "2019-06-30": "2.15900", "2019-03-31": "-4.81100", "2018-12-31": "13.77100", "2018-09-30": "1.75320", "2018-06-30": "-3.86050", "2018-03-31": "-1.53730", "2017-12-31": "-4.89220", "2017-09-30": "1.62560", "2017-06-30": "1.87110", "2017-03-31": "2.90240", "2016-12-31": "27.11840", "2016-09-30": "10.00900", "2016-06-30": "-17.52440", "2016-03-31": "-33.00340", "2015-12-31": "-30.52140", "2015-09-30": "-24.55090", "2015-06-30": "-13.86040", "2015-03-31": "-15.59150", "2014-12-31": "-1.43880", "2014-09-30": "3.88900", "2014-06-30": "2.68620", "2014-03-31": "1.31360", "2013-12-31": "1.00980", "2013-09-30": "2.08130", "2013-06-30": "3.40380", "2013-03-31": "-6.79420", "2012-12-31": "-1.67780", "2012-09-30": "-3.30100", "2012-06-30": "2.14620", "2012-03-31": "1.88560", "2011-12-31": "2.43120", "2011-09-30": "4.92840", "2011-06-30": "0.85870", "2011-03-31": "2.02300", "2010-12-31": "2.48270", "2010-09-30": "2.30000", "2010-06-30": "2.09150", "2010-03-31": "6.33440", "2009-12-31": "3.57740", "2009-09-30": "2.60700", "2009-06-30": "1.38870", "2009-03-31": "-29.99540", "2008-12-31": "-39.81830", "2008-09-30": "9.92090", "2008-06-30": "2.53490", "2008-03-31": "2.90660", "2007-12-31": "2.01320", "2007-09-30": "3.09150", "2007-06-30": "4.18590", "2007-03-31": "3.16170", "2006-12-31": "2.87830", "2006-09-30": "3.79300", "2006-06-30": "4.62650", "2006-03-31": "4.67940", "2005-12-31": "6.30510", "2005-09-30": "5.33600", "2005-06-30": "4.91050", "2005-03-31": "4.12970"}, "Return On Tangible Equity": {"2020-09-30": "-4.30060", "2020-06-30": "-26.03850", "2020-03-31": "-51.41470", "2019-12-31": "0.23220", "2019-09-30": "2.38550", "2019-06-30": "2.45410", "2019-03-31": "-5.38770", "2018-12-31": "15.00060", "2018-09-30": "1.93620", "2018-06-30": "-4.13090", "2018-03-31": "-1.86030", "2017-12-31": "-5.20240", "2017-09-30": "2.43410", "2017-06-30": "2.87810", "2017-03-31": "4.55590", "2016-12-31": "33.36880", "2016-09-30": "16.51360", "2016-06-30": "-32.83610", "2016-03-31": "-54.62280", "2015-12-31": "-56.30350", "2015-09-30": "-38.52370", "2015-06-30": "-20.23620", "2015-03-31": "-21.50260", "2014-12-31": "-1.89140", "2014-09-30": "5.63980", "2014-06-30": "3.96580", "2014-03-31": "2.07040", "2013-12-31": "1.41380", "2013-09-30": "2.92670", "2013-06-30": "4.82720", "2013-03-31": "-9.78010", "2012-12-31": "-2.34880", "2012-09-30": "-4.58930", "2012-06-30": "2.94120", "2012-03-31": "2.60560", "2011-12-31": "3.37940", "2011-09-30": "6.86420", "2011-06-30": "1.20640", "2011-03-31": "2.97450", "2010-12-31": "3.62860", "2010-09-30": "3.38460", "2010-06-30": "3.21810", "2010-03-31": "9.81990", "2009-12-31": "5.77800", "2009-09-30": "4.37870", "2009-06-30": "2.38330", "2009-03-31": "-52.22660", "2008-12-31": "-58.81900", "2008-09-30": "12.98390", "2008-06-30": "3.42320", "2008-03-31": "3.98310", "2007-12-31": "2.79780", "2007-09-30": "4.38630", "2007-06-30": "6.00360", "2007-03-31": "4.62340", "2006-12-31": "4.27740", "2006-09-30": "5.73060", "2006-06-30": "7.15090", "2006-03-31": "7.45830", "2005-12-31": "10.23260", "2005-09-30": "9.05660", "2005-06-30": "8.47280", "2005-03-31": "7.02870"}, "ROA - Return On Assets": {"2020-09-30": "-0.99750", "2020-06-30": "-6.53660", "2020-03-31": "-15.16510", "2019-12-31": "0.08750", "2019-09-30": "0.94480", "2019-06-30": "0.90700", "2019-03-31": "-2.09110", "2018-12-31": "6.46530", "2018-09-30": "0.77330", "2018-06-30": "-1.70100", "2018-03-31": "-0.71970", "2017-12-31": "-2.28170", "2017-09-30": "0.70390", "2017-06-30": "0.79060", "2017-03-31": "1.21300", "2016-12-31": "12.03140", "2016-09-30": "3.75560", "2016-06-30": "-5.73700", "2016-03-31": "-12.11020", "2015-12-31": "-11.38840", "2015-09-30": "-11.37960", "2015-06-30": "-6.87830", "2015-03-31": "-7.91540", "2014-12-31": "-0.74850", "2014-09-30": "2.04760", "2014-06-30": "1.36950", "2014-03-31": "0.62350", "2013-12-31": "0.48280", "2013-09-30": "1.05030", "2013-06-30": "1.70660", "2013-03-31": "-3.22010", "2012-12-31": "-0.82400", "2012-09-30": "-1.65110", "2012-06-30": "1.09730", "2012-03-31": "0.97170", "2011-12-31": "1.26710", "2011-09-30": "2.60870", "2011-06-30": "0.47750", "2011-03-31": "1.12590", "2010-12-31": "1.45170", "2010-09-30": "1.34640", "2010-06-30": "1.17450", "2010-03-31": "3.50100", "2009-12-31": "1.87630", "2009-09-30": "1.35750", "2009-06-30": "0.70220", "2009-03-31": "-15.09160", "2008-12-31": "-21.28930", "2008-09-30": "5.88210", "2008-06-30": "1.35680", "2008-03-31": "1.51450", "2007-12-31": "1.06860", "2007-09-30": "1.59920", "2007-06-30": "2.16670", "2007-03-31": "1.59540", "2006-12-31": "1.43170", "2006-09-30": "1.90760", "2006-06-30": "2.27640", "2006-03-31": "2.32730", "2005-12-31": "3.09520", "2005-09-30": "2.52010", "2005-06-30": "2.23100", "2005-03-31": "1.83530"}, "ROI - Return On Investment": {"2020-09-30": "-1.38350", "2020-06-30": "-8.85080", "2020-03-31": "-20.27590", "2019-12-31": "0.11750", "2019-09-30": "1.25500", "2019-06-30": "1.33770", "2019-03-31": "-2.77070", "2018-12-31": "9.38570", "2018-09-30": "1.06200", "2018-06-30": "-2.66120", "2018-03-31": "-0.90350", "2017-12-31": "-3.30890", "2017-09-30": "0.86930", "2017-06-30": "0.96860", "2017-03-31": "1.48810", "2016-12-31": "15.08130", "2016-09-30": "4.78040", "2016-06-30": "-7.34630", "2016-03-31": "-15.27550", "2015-12-31": "-14.55410", "2015-09-30": "-14.30720", "2015-06-30": "-8.85940", "2015-03-31": "-10.77130", "2014-12-31": "-1.04780", "2014-09-30": "2.81890", "2014-06-30": "1.84510", "2014-03-31": "0.89440", "2013-12-31": "0.72750", "2013-09-30": "1.50170", "2013-06-30": "2.43740", "2013-03-31": "-4.84040", "2012-12-31": "-1.20070", "2012-09-30": "-2.37800", "2012-06-30": "1.55480", "2012-03-31": "1.44380", "2011-12-31": "1.90150", "2011-09-30": "3.84180", "2011-06-30": "0.67160", "2011-03-31": "1.68920", "2010-12-31": "2.07180", "2010-09-30": "1.90900", "2010-06-30": "1.57140", "2010-03-31": "4.71050", "2009-12-31": "2.60070", "2009-09-30": "1.86330", "2009-06-30": "0.97280", "2009-03-31": "-20.65660", "2008-12-31": "-29.89750", "2008-09-30": "8.32810", "2008-06-30": "2.10180", "2008-03-31": "2.31270", "2007-12-31": "1.56600", "2007-09-30": "2.47060", "2007-06-30": "3.36010", "2007-03-31": "2.49620", "2006-12-31": "2.25280", "2006-09-30": "2.90790", "2006-06-30": "3.51110", "2006-03-31": "3.48540", "2005-12-31": "4.65940", "2005-09-30": "3.87580", "2005-06-30": "3.39820", "2005-03-31": "2.82260"}, "Book Value Per Share": {"2020-09-30": "8.21930", "2020-06-30": "8.75460", "2020-03-31": "10.54830", "2019-12-31": "15.49740", "2019-09-30": "16.91750", "2019-06-30": "17.08770", "2019-03-31": "18.90980", "2018-12-31": "20.45880", "2018-09-30": "18.80790", "2018-06-30": "24.97180", "2018-03-31": "26.11300", "2017-12-31": "26.86480", "2017-09-30": "22.73140", "2017-06-30": "21.53990", "2017-03-31": "20.76430", "2016-12-31": "24.32510", "2016-09-30": "19.20040", "2016-06-30": "17.02100", "2016-03-31": "20.05340", "2015-12-31": "26.28950", "2015-09-30": "38.73970", "2015-06-30": "49.02920", "2015-03-31": "56.00730", "2014-12-31": "64.40340", "2014-09-30": "65.44740", "2014-06-30": "63.71390", "2014-03-31": "61.38730", "2013-12-31": "50.49020", "2013-09-30": "50.76850", "2013-06-30": "49.42370", "2013-03-31": "48.54190", "2012-12-31": "52.40890", "2012-09-30": "53.78030", "2012-06-30": "54.94440", "2012-03-31": "54.29280", "2011-12-31": "53.04460", "2011-09-30": "51.82220", "2011-06-30": "51.26320", "2011-03-31": "45.25540", "2010-12-31": "44.61880", "2010-09-30": "43.16590", "2010-06-30": "38.31100", "2010-03-31": "37.94760", "2009-12-31": "34.85560", "2009-09-30": "32.99480", "2009-06-30": "30.82230", "2009-03-31": "29.15520", "2008-12-31": "38.44940", "2008-09-30": "57.29500", "2008-06-30": "52.71770", "2008-03-31": "50.25970", "2007-12-31": "49.54070", "2007-09-30": "46.84520", "2007-06-30": "44.15200", "2007-03-31": "40.81710", "2006-12-31": "39.28120", "2006-09-30": "38.95240", "2006-06-30": "37.39480", "2006-03-31": "34.77830", "2005-12-31": "33.51440", "2005-09-30": "31.38420", "2005-06-30": "29.34350", "2005-03-31": "28.77980"}, "Operating Cash Flow Per Share": {"2020-09-30": 1.1326, "2020-06-30": 0.3979, "2020-03-31": "1.40320", "2019-12-31": 1.3791, "2019-09-30": 1.6038, "2019-06-30": 1.0909, "2019-03-31": "1.02100", "2018-12-31": 0.0788, "2018-09-30": 1.2442, "2018-06-30": 0.689, "2018-03-31": "1.17310", "2017-12-31": -0.7759, "2017-09-30": 0.9579, "2017-06-30": 0.7793, "2017-03-31": "1.42910", "2016-12-31": -0.7293, "2016-09-30": 1.3897, "2016-06-30": 0.6365, "2016-03-31": "0.34810", "2015-12-31": 1.4383, "2015-09-30": 3.8252, "2015-06-30": 2.7118, "2015-03-31": "4.05910", "2014-12-31": 2.4644, "2014-09-30": 3.8095, "2014-06-30": 5.0382, "2014-03-31": "3.48150", "2013-12-31": 3.5993, "2013-09-30": 3.9727, "2013-06-30": 3.4579, "2013-03-31": "2.49250", "2012-12-31": 2.8575, "2012-09-30": 3.4025, "2012-06-30": 3.5714, "2012-03-31": "2.55860", "2011-12-31": 4.637, "2011-09-30": 3.5466, "2011-06-30": 3.7417, "2011-03-31": "2.96470", "2010-12-31": 2.7359, "2010-09-30": 3.2705, "2010-06-30": 3.1831, "2010-03-31": "3.37470", "2009-12-31": 3.3255, "2009-09-30": 2.7551, "2009-06-30": 2.3248, "2009-03-31": "2.38500", "2008-12-31": 2.8795, "2008-09-30": 6.9232, "2008-06-30": 6.6055, "2008-03-31": "5.02230", "2007-12-31": 3.5593, "2007-09-30": 3.9111, "2007-06-30": 4.0711, "2007-03-31": "3.37110", "2006-12-31": 2.4555, "2006-09-30": 4.6033, "2006-06-30": 2.9286, "2006-03-31": "3.38980", "2005-12-31": 3.8963, "2005-09-30": 2.9804, "2005-06-30": 2.2653, "2005-03-31": "2.79840"}, "Free Cash Flow Per Share": {"2020-09-30": 0.5942, "2020-06-30": -0.4112, "2020-03-31": "0.33160", "2019-12-31": 0.591, "2019-09-30": 0.2096, "2019-06-30": -0.0735, "2019-03-31": "0.57710", "2018-12-31": -1.1441, "2018-09-30": 0.2136, "2018-06-30": 0.8641, "2018-03-31": "", "2017-12-31": -1.2461, "2017-09-30": 0.5258, "2017-06-30": 0.623, "2017-03-31": "0.20110", "2016-12-31": 0.3815, "2016-09-30": 6.9798, "2016-06-30": 0.4625, "2016-03-31": "-4.62660", "2015-12-31": -1.1449, "2015-09-30": 0.9532, "2015-06-30": -0.8325, "2015-03-31": "-1.16010", "2014-12-31": -3.0983, "2014-09-30": 5.2182, "2014-06-30": 6.9378, "2014-03-31": "-14.73090", "2013-12-31": -0.0031, "2013-09-30": 0.5781, "2013-06-30": -0.5949, "2013-03-31": "-2.22640", "2012-12-31": -1.9575, "2012-09-30": -0.1675, "2012-06-30": 0.2709, "2012-03-31": "-2.64840", "2011-12-31": 0.3084, "2011-09-30": -0.9739, "2011-06-30": -0.8258, "2011-03-31": "-1.33410", "2010-12-31": -0.696, "2010-09-30": -0.3245, "2010-06-30": 5.2195, "2010-03-31": "3.39730", "2009-12-31": 0.8696, "2009-09-30": 0.8481, "2009-06-30": 0.0363, "2009-03-31": "-2.00000", "2008-12-31": -3.2379, "2008-09-30": 1.5986, "2008-06-30": 2.0837, "2008-03-31": "1.10910", "2007-12-31": 0.7892, "2007-09-30": 0.6111, "2007-06-30": 0.7511, "2007-03-31": "0.12890", "2006-12-31": -0.6019, "2006-09-30": 1.5724, "2006-06-30": -4.5516, "2006-03-31": "0.65030", "2005-12-31": 2.0629, "2005-09-30": 0.8849, "2005-06-30": 3.5351, "2005-03-31": "1.92140"}}, "revenue": {"Devon Energy Annual Revenue (Millions of US $)": {"2019": "$6,220", "2018": "$8,896", "2017": "$6,501", "2016": "$6,753", "2015": "$13,145", "2014": "$20,638", "2013": "$10,397", "2012": "$9,501", "2011": "$11,445", "2010": "$9,940", "2009": "$8,015", "2008": "$13,858", "2007": "$9,975", "2006": "$9,767", "2005": "$10,027"}, "Devon Energy Quarterly Revenue (Millions of US $)": {"2020-09-30": "$1,067", "2020-06-30": "$394", "2020-03-31": "$2,087", "2019-12-31": "$1,589", "2019-09-30": "$1,746", "2019-06-30": "$1,806", "2019-03-31": "$1,079", "2018-12-31": "$2,620", "2018-09-30": "$2,156", "2018-06-30": "$1,922", "2018-03-31": "$2,198", "2017-12-31": "$-1,148", "2017-09-30": "$1,933", "2017-06-30": "$2,165", "2017-03-31": "$3,551", "2016-12-31": "$-2,094", "2016-09-30": "$4,233", "2016-06-30": "$2,488", "2016-03-31": "$2,126", "2015-12-31": "$2,886", "2015-09-30": "$3,601", "2015-06-30": "$3,393", "2015-03-31": "$3,265", "2014-12-31": "$7,067", "2014-09-30": "$5,336", "2014-06-30": "$4,510", "2014-03-31": "$3,725", "2013-12-31": "$2,624", "2013-09-30": "$2,714", "2013-06-30": "$3,088", "2013-03-31": "$1,971", "2012-12-31": "$2,580", "2012-09-30": "$1,865", "2012-06-30": "$2,559", "2012-03-31": "$2,497", "2011-12-31": "$2,576", "2011-09-30": "$3,502", "2011-06-30": "$3,220", "2011-03-31": "$2,147", "2010-12-31": "$2,135", "2010-09-30": "$2,353", "2010-06-30": "$2,232", "2010-03-31": "$3,220", "2009-12-31": "$2,445", "2009-09-30": "$1,848", "2009-06-30": "$1,822", "2009-03-31": "$1,900", "2008-12-31": "$1,357", "2008-09-30": "$5,978", "2008-06-30": "$3,548", "2008-03-31": "$2,975", "2007-12-31": "$1,810", "2007-09-30": "$2,763", "2007-06-30": "$2,929", "2007-03-31": "$2,473", "2006-12-31": "$2,418", "2006-09-30": "$2,499", "2006-06-30": "$2,350", "2006-03-31": "$2,500", "2005-12-31": "$2,504", "2005-09-30": "$2,704", "2005-06-30": "$2,468", "2005-03-31": "$2,351"}}, "gross-profit": {"Devon Energy Annual Gross Profit (Millions of US $)": {"2019": "$5,023", "2018": "$7,743", "2017": "$5,710", "2016": "$4,948", "2015": "$13,145", "2014": "$20,638", "2013": "$10,397", "2012": "$9,501", "2011": "$11,445", "2010": "$9,940", "2009": "$8,015", "2008": "$13,858", "2007": "$9,975", "2006": "$9,767", "2005": "$10,027"}, "Devon Energy Quarterly Gross Profit (Millions of US $)": {"2020-09-30": "$796", "2020-06-30": "$131", "2020-03-31": "$1,769", "2019-12-31": "$1,265", "2019-09-30": "$1,452", "2019-06-30": "$1,510", "2019-03-31": "$796", "2018-12-31": "$2,833", "2018-09-30": "$1,739", "2018-06-30": "$1,516", "2018-03-31": "$1,655", "2017-12-31": "$-579", "2017-09-30": "$1,485", "2017-06-30": "$1,710", "2017-03-31": "$3,094", "2016-12-31": "$-2,094", "2016-09-30": "$4,233", "2016-06-30": "$2,488", "2016-03-31": "$2,126", "2015-12-31": "$2,886", "2015-09-30": "$3,601", "2015-06-30": "$3,393", "2015-03-31": "$3,265", "2014-12-31": "$7,067", "2014-09-30": "$5,336", "2014-06-30": "$4,510", "2014-03-31": "$3,725", "2013-12-31": "$2,624", "2013-09-30": "$2,714", "2013-06-30": "$3,088", "2013-03-31": "$1,971", "2012-12-31": "$2,580", "2012-09-30": "$1,865", "2012-06-30": "$2,559", "2012-03-31": "$2,497", "2011-12-31": "$2,576", "2011-09-30": "$3,502", "2011-06-30": "$3,220", "2011-03-31": "$2,147", "2010-12-31": "$2,135", "2010-09-30": "$2,353", "2010-06-30": "$2,232", "2010-03-31": "$3,220", "2009-12-31": "$2,445", "2009-09-30": "$1,848", "2009-06-30": "$1,822", "2009-03-31": "$1,900", "2008-12-31": "$1,357", "2008-09-30": "$5,978", "2008-06-30": "$3,548", "2008-03-31": "$2,975", "2007-12-31": "$1,810", "2007-09-30": "$2,763", "2007-06-30": "$2,929", "2007-03-31": "$2,473", "2006-12-31": "$2,418", "2006-09-30": "$2,499", "2006-06-30": "$2,350", "2006-03-31": "$2,500", "2005-12-31": "$2,504", "2005-09-30": "$2,704", "2005-06-30": "$2,468", "2005-03-31": "$2,351"}}, "operating-income": {"Devon Energy Annual Operating Income (Millions of US $)": {"2019": "$141", "2018": "$1,524", "2017": "$361", "2016": "$284", "2015": "$-19,068", "2014": "$4,698", "2013": "$567", "2012": "$74", "2011": "$4,632", "2010": "$3,964", "2009": "$-4,260", "2008": "$-3,899", "2007": "$3,672", "2006": "$4,054", "2005": "$4,807"}, "Devon Energy Quarterly Operating Income (Millions of US $)": {"2020-09-30": "$-127", "2020-06-30": "$-680", "2020-03-31": "$-2,107", "2019-12-31": "$169", "2019-09-30": "$250", "2019-06-30": "$219", "2019-03-31": "$-497", "2018-12-31": "$1,812", "2018-09-30": "$53", "2018-06-30": "$-483", "2018-03-31": "$142", "2017-12-31": "$-588", "2017-09-30": "$215", "2017-06-30": "$284", "2017-03-31": "$450", "2016-12-31": "$3,816", "2016-09-30": "$1,465", "2016-06-30": "$-1,497", "2016-03-31": "$-3,500", "2015-12-31": "$-3,766", "2015-09-30": "$-5,444", "2015-06-30": "$-4,363", "2015-03-31": "$-5,495", "2014-12-31": "$460", "2014-09-30": "$1,774", "2014-06-30": "$1,774", "2014-03-31": "$690", "2013-12-31": "$591", "2013-09-30": "$733", "2013-06-30": "$1,100", "2013-03-31": "$-1,857", "2012-12-31": "$-1,580", "2012-09-30": "$69", "2012-06-30": "$877", "2012-03-31": "$708", "2011-12-31": "$778", "2011-09-30": "$1,703", "2011-06-30": "$1,500", "2011-03-31": "$651", "2010-12-31": "$697", "2010-09-30": "$829", "2010-06-30": "$783", "2010-03-31": "$1,655", "2009-12-31": "$950", "2009-09-30": "$464", "2009-06-30": "$403", "2009-03-31": "$-6,077", "2008-12-31": "$-9,949", "2008-09-30": "$3,767", "2008-06-30": "$1,294", "2008-03-31": "$989", "2007-12-31": "$496", "2007-09-30": "$1,019", "2007-06-30": "$1,234", "2007-03-31": "$923", "2006-12-31": "$888", "2006-09-30": "$1,017", "2006-06-30": "$985", "2006-03-31": "$1,164", "2005-12-31": "$1,332", "2005-09-30": "$1,395", "2005-06-30": "$1,135", "2005-03-31": "$945"}}, "ebitda": {"Devon Energy Annual EBITDA (Millions of US $)": {"2019": "$1,671", "2018": "$2,779", "2017": "$1,396", "2016": "$1,951", "2015": "$-14,971", "2014": "$8,106", "2013": "$3,347", "2012": "$2,885", "2011": "$6,880", "2010": "$5,894", "2009": "$-2,152", "2008": "$-696", "2007": "$6,285", "2006": "$6,285", "2005": "$6,731"}, "Devon Energy Quarterly EBITDA (Millions of US $)": {"2020-09-30": "$180", "2020-06-30": "$-373", "2020-03-31": "$-1,698", "2019-12-31": "$559", "2019-09-30": "$639", "2019-06-30": "$601", "2019-03-31": "$-128", "2018-12-31": "$2,051", "2018-09-30": "$404", "2018-06-30": "$-233", "2018-03-31": "$557", "2017-12-31": "$-739", "2017-09-30": "$600", "2017-06-30": "$533", "2017-03-31": "$1,002", "2016-12-31": "$4,005", "2016-09-30": "$1,878", "2016-06-30": "$-993", "2016-03-31": "$-2,939", "2015-12-31": "$-2,157", "2015-09-30": "$-4,700", "2015-06-30": "$-3,549", "2015-03-31": "$-4,565", "2014-12-31": "$1,459", "2014-09-30": "$2,616", "2014-06-30": "$2,602", "2014-03-31": "$1,429", "2013-12-31": "$1,302", "2013-09-30": "$1,424", "2013-06-30": "$1,774", "2013-03-31": "$-1,153", "2012-12-31": "$-849", "2012-09-30": "$785", "2012-06-30": "$1,561", "2012-03-31": "$1,388", "2011-12-31": "$1,404", "2011-09-30": "$2,269", "2011-06-30": "$2,050", "2011-03-31": "$1,157", "2010-12-31": "$1,186", "2010-09-30": "$1,292", "2010-06-30": "$1,272", "2010-03-31": "$2,144", "2009-12-31": "$1,436", "2009-09-30": "$952", "2009-06-30": "$907", "2009-03-31": "$-5,447", "2008-12-31": "$-9,212", "2008-09-30": "$4,615", "2008-06-30": "$2,118", "2008-03-31": "$1,783", "2007-12-31": "$1,026", "2007-09-30": "$1,775", "2007-06-30": "$1,928", "2007-03-31": "$1,556", "2006-12-31": "$1,512", "2006-09-30": "$1,607", "2006-06-30": "$1,518", "2006-03-31": "$1,648", "2005-12-31": "$1,609", "2005-09-30": "$1,928", "2005-06-30": "$1,670", "2005-03-31": "$1,524"}}, "net-income": {"Devon Energy Annual Net Income (Millions of US $)": {"2019": "$-355", "2018": "$3,064", "2017": "$898", "2016": "$-1,056", "2015": "$-12,901", "2014": "$1,607", "2013": "$-22", "2012": "$-206", "2011": "$4,704", "2010": "$4,550", "2009": "$-2,479", "2008": "$-2,153", "2007": "$3,596", "2006": "$2,836", "2005": "$2,920"}, "Devon Energy Quarterly Net Income (Millions of US $)": {"2020-09-30": "$-92", "2020-06-30": "$-670", "2020-03-31": "$-1,816", "2019-12-31": "$-642", "2019-09-30": "$109", "2019-06-30": "$495", "2019-03-31": "$-317", "2018-12-31": "$1,149", "2018-09-30": "$2,537", "2018-06-30": "$-425", "2018-03-31": "$-197", "2017-12-31": "$183", "2017-09-30": "$193", "2017-06-30": "$219", "2017-03-31": "$303", "2016-12-31": "$2,578", "2016-09-30": "$993", "2016-06-30": "$-1,571", "2016-03-31": "$-3,056", "2015-12-31": "$-2,976", "2015-09-30": "$-3,508", "2015-06-30": "$-2,817", "2015-03-31": "$-3,600", "2014-12-31": "$-397", "2014-09-30": "$1,005", "2014-06-30": "$675", "2014-03-31": "$324", "2013-12-31": "$206", "2013-09-30": "$429", "2013-06-30": "$683", "2013-03-31": "$-1,340", "2012-12-31": "$-351", "2012-09-30": "$-719", "2012-06-30": "$471", "2012-03-31": "$393", "2011-12-31": "$509", "2011-09-30": "$1,038", "2011-06-30": "$2,741", "2011-03-31": "$416", "2010-12-31": "$562", "2010-09-30": "$2,090", "2010-06-30": "$706", "2010-03-31": "$1,192", "2009-12-31": "$667", "2009-09-30": "$499", "2009-06-30": "$314", "2009-03-31": "$-3,959", "2008-12-31": "$-6,816", "2008-09-30": "$2,618", "2008-06-30": "$1,298", "2008-03-31": "$747", "2007-12-31": "$1,313", "2007-09-30": "$733", "2007-06-30": "$901", "2007-03-31": "$649", "2006-12-31": "$579", "2006-09-30": "$703", "2006-06-30": "$856", "2006-03-31": "$698", "2005-12-31": "$967", "2005-09-30": "$742", "2005-06-30": "$650", "2005-03-31": "$561"}}, "eps-earnings-per-share-diluted": {"Devon Energy Annual EPS": {"2019": "$-0.89", "2018": "$6.10", "2017": "$1.70", "2016": "$-2.09", "2015": "$-31.72", "2014": "$3.91", "2013": "$-0.06", "2012": "$-0.52", "2011": "$11.25", "2010": "$10.31", "2009": "$-5.58", "2008": "$-4.85", "2007": "$8.00", "2006": "$6.34", "2005": "$6.26"}, "Devon Energy Quarterly EPS": {"2020-09-30": "$-0.25", "2020-06-30": "$-1.78", "2020-03-31": "$-4.82", "2019-12-31": "$-1.61", "2019-09-30": "$0.27", "2019-06-30": "$1.19", "2019-03-31": "$-0.74", "2018-12-31": "$2.17", "2018-09-30": "$5.14", "2018-06-30": "$-0.83", "2018-03-31": "$-0.38", "2017-12-31": "$0.34", "2017-09-30": "$0.37", "2017-06-30": "$0.41", "2017-03-31": "$0.58", "2016-12-31": "$5.50", "2016-09-30": "$1.89", "2016-06-30": "$-3.04", "2016-03-31": "$-6.44", "2015-12-31": "$-7.26", "2015-09-30": "$-8.64", "2015-06-30": "$-6.94", "2015-03-31": "$-8.88", "2014-12-31": "$-0.99", "2014-09-30": "$2.47", "2014-06-30": "$1.64", "2014-03-31": "$0.79", "2013-12-31": "$0.55", "2013-09-30": "$1.05", "2013-06-30": "$1.68", "2013-03-31": "$-3.34", "2012-12-31": "$-0.87", "2012-09-30": "$-1.80", "2012-06-30": "$1.18", "2012-03-31": "$0.97", "2011-12-31": "$1.30", "2011-09-30": "$2.50", "2011-06-30": "$6.48", "2011-03-31": "$0.97", "2010-12-31": "$1.28", "2010-09-30": "$4.79", "2010-06-30": "$1.58", "2010-03-31": "$2.66", "2009-12-31": "$1.52", "2009-09-30": "$1.12", "2009-06-30": "$0.70", "2009-03-31": "$-8.92", "2008-12-31": "$-15.27", "2008-09-30": "$5.88", "2008-06-30": "$2.88", "2008-03-31": "$1.66", "2007-12-31": "$2.93", "2007-09-30": "$1.63", "2007-06-30": "$2.00", "2007-03-31": "$1.44", "2006-12-31": "$1.29", "2006-09-30": "$1.57", "2006-06-30": "$1.92", "2006-03-31": "$1.56", "2005-12-31": "$2.11", "2005-09-30": "$1.63", "2005-06-30": "$1.38", "2005-03-31": "$1.14"}}, "shares-outstanding": {"Devon Energy Annual Shares Outstanding (Millions of Shares)": {"2019": "401", "2018": "497", "2017": "520", "2016": "507", "2015": "407", "2014": "407", "2013": "402", "2012": "400", "2011": "418", "2010": "436", "2009": "439", "2008": "439", "2007": "446", "2006": "448", "2005": "470"}, "Devon Energy Quarterly Shares Outstanding (Millions of Shares)": {"2020-09-30": "377", "2020-06-30": "377", "2020-03-31": "377", "2019-12-31": "401", "2019-09-30": "394", "2019-06-30": "411", "2019-03-31": "428", "2018-12-31": "497", "2018-09-30": "489", "2018-06-30": "515", "2018-03-31": "520", "2017-12-31": "520", "2017-09-30": "523", "2017-06-30": "523", "2017-03-31": "522", "2016-12-31": "507", "2016-09-30": "521", "2016-06-30": "518", "2016-03-31": "474", "2015-12-31": "407", "2015-09-30": "406", "2015-06-30": "406", "2015-03-31": "406", "2014-12-31": "407", "2014-09-30": "407", "2014-06-30": "406", "2014-03-31": "405", "2013-12-31": "402", "2013-09-30": "403", "2013-06-30": "403", "2013-03-31": "402", "2012-12-31": "400", "2012-09-30": "400", "2012-06-30": "400", "2012-03-31": "401", "2011-12-31": "418", "2011-09-30": "411", "2011-06-30": "419", "2011-03-31": "425", "2010-12-31": "436", "2010-09-30": "431", "2010-06-30": "441", "2010-03-31": "443", "2009-12-31": "439", "2009-09-30": "441", "2009-06-30": "441", "2009-03-31": "439", "2008-12-31": "439", "2008-09-30": "441", "2008-06-30": "446", "2008-03-31": "449", "2007-12-31": "446", "2007-09-30": "450", "2007-06-30": "450", "2007-03-31": "450", "2006-12-31": "448", "2006-09-30": "447", "2006-06-30": "446", "2006-03-31": "449", "2005-12-31": "470", "2005-09-30": "454", "2005-06-30": "471", "2005-03-31": "496"}}, "total-assets": {"Devon Energy Annual Total Assets (Millions of US $)": {"2019": "$13,717", "2018": "$19,566", "2017": "$30,241", "2016": "$28,675", "2015": "$29,451", "2014": "$50,637", "2013": "$42,877", "2012": "$43,326", "2011": "$41,117", "2010": "$32,927", "2009": "$29,686", "2008": "$31,908", "2007": "$41,456", "2006": "$35,063", "2005": "$30,273"}, "Devon Energy Quarterly Total Assets (Millions of US $)": {"2020-09-30": "$10,326", "2020-06-30": "$10,357", "2020-03-31": "$11,144", "2019-12-31": "$13,717", "2019-09-30": "$14,394", "2019-06-30": "$16,649", "2019-03-31": "$18,077", "2018-12-31": "$19,566", "2018-09-30": "$20,172", "2018-06-30": "$29,159", "2018-03-31": "$29,316", "2017-12-31": "$30,241", "2017-09-30": "$27,559", "2017-06-30": "$26,814", "2017-03-31": "$26,134", "2016-12-31": "$28,675", "2016-09-30": "$26,813", "2016-06-30": "$27,244", "2016-03-31": "$28,637", "2015-12-31": "$29,451", "2015-09-30": "$34,351", "2015-06-30": "$40,606", "2015-03-31": "$45,342", "2014-12-31": "$50,637", "2014-09-30": "$50,839", "2014-06-30": "$51,115", "2014-03-31": "$52,765", "2013-12-31": "$42,877", "2013-09-30": "$40,846", "2013-06-30": "$40,020", "2013-03-31": "$41,582", "2012-12-31": "$43,326", "2012-09-30": "$43,548", "2012-06-30": "$43,470", "2012-03-31": "$42,605", "2011-12-31": "$41,117", "2011-09-30": "$39,866", "2011-06-30": "$38,537", "2011-03-31": "$34,550", "2010-12-31": "$32,927", "2010-09-30": "$31,863", "2010-06-30": "$29,971", "2010-03-31": "$30,677", "2009-12-31": "$29,686", "2009-09-30": "$28,141", "2009-06-30": "$27,057", "2009-03-31": "$25,723", "2008-12-31": "$31,908", "2008-09-30": "$42,655", "2008-06-30": "$43,780", "2008-03-31": "$42,985", "2007-12-31": "$41,456", "2007-09-30": "$40,271", "2007-06-30": "$38,031", "2007-03-31": "$35,978", "2006-12-31": "$35,063", "2006-09-30": "$34,232", "2006-06-30": "$33,518", "2006-03-31": "$30,765", "2005-12-31": "$30,273", "2005-09-30": "$29,523", "2005-06-30": "$29,270", "2005-03-31": "$30,676"}}, "cash-on-hand": {"Devon Energy Annual Cash on Hand (Millions of US $)": {"2019": "$1,844", "2018": "$2,414", "2017": "$2,642", "2016": "$1,959", "2015": "$2,310", "2014": "$1,480", "2013": "$6,066", "2012": "$6,980", "2011": "$7,058", "2010": "$3,011", "2009": "$646", "2008": "$195", "2007": "$1,736", "2006": "$1,266", "2005": "$2,273"}, "Devon Energy Quarterly Cash on Hand (Millions of US $)": {"2020-09-30": "$1,897", "2020-06-30": "$1,669", "2020-03-31": "$1,727", "2019-12-31": "$1,844", "2019-09-30": "$1,655", "2019-06-30": "$3,840", "2019-03-31": "$1,327", "2018-12-31": "$2,414", "2018-09-30": "$3,102", "2018-06-30": "$1,460", "2018-03-31": "$1,424", "2017-12-31": "$2,642", "2017-09-30": "$2,781", "2017-06-30": "$2,369", "2017-03-31": "$2,119", "2016-12-31": "$1,959", "2016-09-30": "$2,385", "2016-06-30": "$1,723", "2016-03-31": "$1,635", "2015-12-31": "$2,310", "2015-09-30": "$1,787", "2015-06-30": "$1,725", "2015-03-31": "$1,858", "2014-12-31": "$1,480", "2014-09-30": "$3,408", "2014-06-30": "$1,706", "2014-03-31": "$2,027", "2013-12-31": "$6,066", "2013-09-30": "$4,320", "2013-06-30": "$4,232", "2013-03-31": "$6,501", "2012-12-31": "$6,980", "2012-09-30": "$7,502", "2012-06-30": "$7,045", "2012-03-31": "$7,110", "2011-12-31": "$7,058", "2011-09-30": "$6,849", "2011-06-30": "$6,718", "2011-03-31": "$2,947", "2010-12-31": "$3,011", "2010-09-30": "$3,608", "2010-06-30": "$2,174", "2010-03-31": "$724", "2009-12-31": "$646", "2009-09-30": "$905", "2009-06-30": "$648", "2009-03-31": "$397", "2008-12-31": "$195", "2008-09-30": "$1,194", "2008-06-30": "$1,838", "2008-03-31": "$1,898", "2007-12-31": "$1,736", "2007-09-30": "$1,733", "2007-06-30": "$1,357", "2007-03-31": "$890", "2006-12-31": "$1,266", "2006-09-30": "$1,320", "2006-06-30": "$1,362", "2006-03-31": "$2,228", "2005-12-31": "$2,273", "2005-09-30": "$1,886", "2005-06-30": "$2,776", "2005-03-31": "$2,532"}}, "long-term-debt": {"Devon Energy Annual Long Term Debt (Millions of US $)": {"2019": "$4,294", "2018": "$4,292", "2017": "$6,749", "2016": "$10,154", "2015": "$12,056", "2014": "$9,830", "2013": "$7,956", "2012": "$8,455", "2011": "$5,969", "2010": "$3,819", "2009": "$5,847", "2008": "$5,661", "2007": "$6,283", "2006": "$4,841", "2005": "$5,248"}, "Devon Energy Quarterly Long Term Debt (Millions of US $)": {"2020-09-30": "$4,297", "2020-06-30": "$4,296", "2020-03-31": "$4,295", "2019-12-31": "$4,294", "2019-09-30": "$4,295", "2019-06-30": "$4,294", "2019-03-31": "$5,786", "2018-12-31": "$4,292", "2018-09-30": "$5,791", "2018-06-30": "$5,790", "2018-03-31": "$9,628", "2017-12-31": "$6,749", "2017-09-30": "$10,383", "2017-06-30": "$10,558", "2017-03-31": "$10,381", "2016-12-31": "$10,154", "2016-09-30": "$11,004", "2016-06-30": "$12,357", "2016-03-31": "$12,195", "2015-12-31": "$12,056", "2015-09-30": "$11,400", "2015-06-30": "$11,375", "2015-03-31": "$10,301", "2014-12-31": "$9,830", "2014-09-30": "$10,161", "2014-06-30": "$11,880", "2014-03-31": "$11,739", "2013-12-31": "$7,956", "2013-09-30": "$7,956", "2013-06-30": "$7,956", "2013-03-31": "$7,955", "2012-12-31": "$8,455", "2012-09-30": "$8,455", "2012-06-30": "$8,455", "2012-03-31": "$6,719", "2011-12-31": "$5,969", "2011-09-30": "$5,969", "2011-06-30": "$5,968", "2011-03-31": "$3,800", "2010-12-31": "$3,819", "2010-09-30": "$3,821", "2010-06-30": "$5,571", "2010-03-31": "$5,845", "2009-12-31": "$5,847", "2009-09-30": "$5,848", "2009-06-30": "$5,849", "2009-03-31": "$5,851", "2008-12-31": "$5,661", "2008-09-30": "$4,837", "2008-06-30": "$4,829", "2008-03-31": "$5,751", "2007-12-31": "$6,283", "2007-09-30": "$5,235", "2007-06-30": "$4,837", "2007-03-31": "$4,839", "2006-12-31": "$4,841", "2006-09-30": "$5,239", "2006-06-30": "$5,238", "2006-03-31": "$5,241", "2005-12-31": "$5,248", "2005-09-30": "$5,252", "2005-06-30": "$5,917", "2005-03-31": "$6,312"}}, "total-liabilities": {"Devon Energy Annual Total Liabilities (Millions of US $)": {"2019": "$7,797", "2018": "$10,380", "2017": "$16,137", "2016": "$15,953", "2015": "$18,462", "2014": "$24,296", "2013": "$22,378", "2012": "$22,048", "2011": "$19,687", "2010": "$13,674", "2009": "$14,116", "2008": "$14,848", "2007": "$19,450", "2006": "$17,621", "2005": "$15,411"}, "Devon Energy Quarterly Total Liabilities (Millions of US $)": {"2020-09-30": "$7,178", "2020-06-30": "$7,004", "2020-03-31": "$7,104", "2019-12-31": "$7,797", "2019-09-30": "$7,852", "2019-06-30": "$9,655", "2019-03-31": "$10,220", "2018-12-31": "$10,380", "2018-09-30": "$11,274", "2018-06-30": "$16,311", "2018-03-31": "$15,591", "2017-12-31": "$16,137", "2017-09-30": "$15,625", "2017-06-30": "$15,484", "2017-03-31": "$15,212", "2016-12-31": "$15,953", "2016-09-30": "$16,752", "2016-06-30": "$18,325", "2016-03-31": "$18,129", "2015-12-31": "$18,462", "2015-09-30": "$18,429", "2015-06-30": "$20,455", "2015-03-31": "$22,323", "2014-12-31": "$24,296", "2014-09-30": "$24,071", "2014-06-30": "$25,056", "2014-03-31": "$27,719", "2013-12-31": "$22,378", "2013-09-30": "$20,234", "2013-06-30": "$19,954", "2013-03-31": "$21,874", "2012-12-31": "$22,048", "2012-09-30": "$21,767", "2012-06-30": "$21,245", "2012-03-31": "$20,649", "2011-12-31": "$19,687", "2011-09-30": "$18,764", "2011-06-30": "$17,109", "2011-03-31": "$15,321", "2010-12-31": "$13,674", "2010-09-30": "$13,211", "2010-06-30": "$13,141", "2010-03-31": "$13,722", "2009-12-31": "$14,116", "2009-09-30": "$13,488", "2009-06-30": "$13,375", "2009-03-31": "$12,781", "2008-12-31": "$14,848", "2008-09-30": "$17,365", "2008-06-30": "$20,347", "2008-03-31": "$20,587", "2007-12-31": "$19,450", "2007-09-30": "$19,439", "2007-06-30": "$18,345", "2007-03-31": "$17,822", "2006-12-31": "$17,621", "2006-09-30": "$17,015", "2006-06-30": "$17,025", "2006-03-31": "$15,463", "2005-12-31": "$15,411", "2005-09-30": "$15,579", "2005-06-30": "$15,971", "2005-03-31": "$17,042"}}, "total-share-holder-equity": {"Devon Energy Annual Share Holder Equity (Millions of US $)": {"2019": "$5,920", "2018": "$9,186", "2017": "$14,104", "2016": "$12,722", "2015": "$10,989", "2014": "$26,341", "2013": "$20,499", "2012": "$21,278", "2011": "$21,430", "2010": "$19,253", "2009": "$15,570", "2008": "$17,060", "2007": "$22,006", "2006": "$17,442", "2005": "$14,862"}, "Devon Energy Quarterly Share Holder Equity (Millions of US $)": {"2020-09-30": "$3,148", "2020-06-30": "$3,353", "2020-03-31": "$4,040", "2019-12-31": "$5,920", "2019-09-30": "$6,542", "2019-06-30": "$6,994", "2019-03-31": "$7,857", "2018-12-31": "$9,186", "2018-09-30": "$8,898", "2018-06-30": "$12,848", "2018-03-31": "$13,725", "2017-12-31": "$14,104", "2017-09-30": "$11,934", "2017-06-30": "$11,330", "2017-03-31": "$10,922", "2016-12-31": "$12,722", "2016-09-30": "$10,061", "2016-06-30": "$8,919", "2016-03-31": "$10,508", "2015-12-31": "$10,989", "2015-09-30": "$15,922", "2015-06-30": "$20,151", "2015-03-31": "$23,019", "2014-12-31": "$26,341", "2014-09-30": "$26,768", "2014-06-30": "$26,059", "2014-03-31": "$25,046", "2013-12-31": "$20,499", "2013-09-30": "$20,612", "2013-06-30": "$20,066", "2013-03-31": "$19,708", "2012-12-31": "$21,278", "2012-09-30": "$21,781", "2012-06-30": "$22,225", "2012-03-31": "$21,956", "2011-12-31": "$21,430", "2011-09-30": "$21,102", "2011-06-30": "$21,428", "2011-03-31": "$19,229", "2010-12-31": "$19,253", "2010-09-30": "$18,652", "2010-06-30": "$16,830", "2010-03-31": "$16,955", "2009-12-31": "$15,570", "2009-09-30": "$14,653", "2009-06-30": "$13,682", "2009-03-31": "$12,942", "2008-12-31": "$17,060", "2008-09-30": "$25,290", "2008-06-30": "$23,433", "2008-03-31": "$22,398", "2007-12-31": "$22,006", "2007-09-30": "$20,832", "2007-06-30": "$19,686", "2007-03-31": "$18,156", "2006-12-31": "$17,442", "2006-09-30": "$17,217", "2006-06-30": "$16,493", "2006-03-31": "$15,302", "2005-12-31": "$14,862", "2005-09-30": "$13,944", "2005-06-30": "$13,299", "2005-03-31": "$13,634"}}, "profit-margins": {"current": "-62.68%"}, "gross margin": {"2020-09-30": "77.11%", "2020-06-30": "79.38%", "2020-03-31": "82.96%", "2019-12-31": "80.76%", "2019-09-30": "90.90%", "2019-06-30": "89.78%", "2019-03-31": "88.52%", "2018-12-31": "87.04%", "2018-09-30": "84.46%", "2018-06-30": "83.12%", "2018-03-31": "82.96%", "2017-12-31": "87.83%", "2017-09-30": "75.52%", "2017-06-30": "88.39%", "2017-03-31": "94.41%", "2016-12-31": "100.00%", "2016-09-30": "100.00%", "2016-06-30": "100.00%", "2016-03-31": "100.00%", "2015-12-31": "100.00%", "2015-09-30": "100.00%", "2015-06-30": "100.00%", "2015-03-31": "100.00%", "2014-12-31": "100.00%", "2014-09-30": "100.00%", "2014-06-30": "100.00%", "2014-03-31": "100.00%", "2013-12-31": "100.00%", "2013-09-30": "100.00%", "2013-06-30": "100.00%", "2013-03-31": "100.00%", "2012-12-31": "100.00%", "2012-09-30": "100.00%", "2012-06-30": "100.00%", "2012-03-31": "100.00%", "2011-12-31": "100.00%", "2011-09-30": "100.00%", "2011-06-30": "100.00%", "2011-03-31": "100.00%", "2010-12-31": "100.00%", "2010-09-30": "100.00%", "2010-06-30": "100.00%", "2010-03-31": "100.00%", "2009-12-31": "100.00%", "2009-09-30": "100.00%", "2009-06-30": "100.00%", "2009-03-31": "100.00%", "2008-12-31": "100.00%", "2008-09-30": "100.00%", "2008-06-30": "100.00%", "2008-03-31": "100.00%", "2007-12-31": "100.00%", "2007-09-30": "100.00%", "2007-06-30": "100.00%", "2007-03-31": "100.00%", "2006-12-31": "100.00%", "2006-09-30": "100.00%", "2006-06-30": "100.00%", "2006-03-31": "100.00%", "2005-12-31": "100.00%"}, "operating margin": {"2020-09-30": "-53.44%", "2020-06-30": "-40.72%", "2020-03-31": "-20.32%", "2019-12-31": "2.27%", "2019-09-30": "24.60%", "2019-06-30": "20.72%", "2019-03-31": "11.38%", "2018-12-31": "17.13%", "2018-09-30": "-17.08%", "2018-06-30": "-14.56%", "2018-03-31": "1.03%", "2017-12-31": "5.55%", "2017-09-30": "85.78%", "2017-06-30": "76.58%", "2017-03-31": "51.77%", "2016-12-31": "4.21%", "2016-09-30": "-62.20%", "2016-06-30": "-127.98%", "2016-03-31": "-142.20%", "2015-12-31": "-145.06%", "2015-09-30": "-85.66%", "2015-06-30": "-40.00%", "2015-03-31": "-7.37%", "2014-12-31": "22.76%", "2014-09-30": "29.82%", "2014-06-30": "27.91%", "2014-03-31": "25.63%", "2013-12-31": "5.45%", "2013-09-30": "-15.49%", "2013-06-30": "-23.86%", "2013-03-31": "-27.75%", "2012-12-31": "0.78%", "2012-09-30": "25.61%", "2012-06-30": "36.52%", "2012-03-31": "39.75%", "2011-12-31": "40.47%", "2011-09-30": "41.36%", "2011-06-30": "37.31%", "2011-03-31": "33.38%", "2010-12-31": "39.88%", "2010-09-30": "41.14%", "2010-06-30": "39.53%", "2010-03-31": "37.19%", "2009-12-31": "-53.15%", "2009-09-30": "-218.84%", "2009-06-30": "-107.23%", "2009-03-31": "-85.78%", "2008-12-31": "-28.14%", "2008-09-30": "45.74%", "2008-06-30": "34.23%", "2008-03-31": "35.68%", "2007-12-31": "36.81%", "2007-09-30": "38.40%", "2007-06-30": "39.36%", "2007-03-31": "39.15%", "2006-12-31": "41.51%", "2006-09-30": "45.65%", "2006-06-30": "48.48%", "2006-03-31": "49.39%", "2005-12-31": "47.94%"}, "ebitda margin": {"2020-09-30": "-25.93%", "2020-06-30": "-15.01%", "2020-03-31": "1.40%", "2019-12-31": "26.86%", "2019-09-30": "43.62%", "2019-06-30": "38.22%", "2019-03-31": "26.93%", "2018-12-31": "31.24%", "2018-09-30": "-0.21%", "2018-06-30": "3.77%", "2018-03-31": "18.47%", "2017-12-31": "21.47%", "2017-09-30": "110.53%", "2017-06-30": "94.44%", "2017-03-31": "72.05%", "2016-12-31": "28.89%", "2016-09-30": "-35.89%", "2016-06-30": "-97.19%", "2016-03-31": "-111.15%", "2015-12-31": "-113.89%", "2015-09-30": "-65.54%", "2015-06-30": "-21.19%", "2015-03-31": "10.47%", "2014-12-31": "39.28%", "2014-09-30": "49.08%", "2014-06-30": "49.78%", "2014-03-31": "48.79%", "2013-12-31": "32.19%", "2013-09-30": "11.55%", "2013-06-30": "5.86%", "2013-03-31": "3.83%", "2012-12-31": "30.37%", "2012-09-30": "54.10%", "2012-06-30": "59.48%", "2012-03-31": "60.29%", "2011-12-31": "60.11%", "2011-09-30": "60.54%", "2011-06-30": "57.69%", "2011-03-31": "55.34%", "2010-12-31": "59.30%", "2010-09-30": "59.94%", "2010-06-30": "59.56%", "2010-03-31": "58.26%", "2009-12-31": "-26.85%", "2009-09-30": "-184.78%", "2009-06-30": "-82.64%", "2009-03-31": "-62.00%", "2008-12-31": "-5.02%", "2008-09-30": "66.68%", "2008-06-30": "60.40%", "2008-03-31": "62.16%", "2007-12-31": "63.01%", "2007-09-30": "63.98%", "2007-06-30": "63.99%", "2007-03-31": "63.58%", "2006-12-31": "64.35%", "2006-09-30": "64.77%", "2006-06-30": "66.64%", "2006-03-31": "67.36%", "2005-12-31": "67.13%"}, "pre tax profit margin": {"2020-09-30": "-58.42%", "2020-06-30": "-45.01%", "2020-03-31": "-23.78%", "2019-12-31": "-1.75%", "2019-09-30": "22.05%", "2019-06-30": "18.20%", "2019-03-31": "8.90%", "2018-12-31": "10.61%", "2018-09-30": "-28.12%", "2018-06-30": "-24.87%", "2018-03-31": "-10.30%", "2017-12-31": "0.62%", "2017-09-30": "82.05%", "2017-06-30": "70.39%", "2017-03-31": "43.74%", "2016-12-31": "-6.41%", "2016-09-30": "-71.46%", "2016-06-30": "-136.79%", "2016-03-31": "-149.25%", "2015-12-31": "-151.07%", "2015-09-30": "-89.09%", "2015-06-30": "-42.80%", "2015-03-31": "-10.53%", "2014-12-31": "19.67%", "2014-09-30": "26.20%", "2014-06-30": "23.78%", "2014-03-31": "21.98%", "2013-12-31": "1.43%", "2013-09-30": "-7.99%", "2013-06-30": "-27.64%", "2013-03-31": "-32.20%", "2012-12-31": "-3.34%", "2012-09-30": "10.30%", "2012-06-30": "33.02%", "2012-03-31": "36.63%", "2011-12-31": "37.48%", "2011-09-30": "37.84%", "2011-06-30": "33.74%", "2011-03-31": "28.87%", "2010-12-31": "35.90%", "2010-09-30": "36.74%", "2010-06-30": "36.31%", "2010-03-31": "34.54%", "2009-12-31": "-56.47%", "2009-09-30": "-222.90%", "2009-06-30": "-110.12%", "2009-03-31": "-87.73%", "2008-12-31": "-30.02%", "2008-09-30": "43.76%", "2008-06-30": "31.43%", "2008-03-31": "32.27%", "2007-12-31": "33.35%", "2007-09-30": "34.65%", "2007-06-30": "35.05%", "2007-03-31": "34.17%", "2006-12-31": "36.55%", "2006-09-30": "42.34%", "2006-06-30": "43.75%", "2006-03-31": "44.66%", "2005-12-31": "43.66%"}, "net profit margin": {"2020-09-30": "-62.68%", "2020-06-30": "-51.91%", "2020-03-31": "-25.65%", "2019-12-31": "-5.71%", "2019-09-30": "19.80%", "2019-06-30": "50.44%", "2019-03-31": "37.86%", "2018-12-31": "34.44%", "2018-09-30": "40.91%", "2018-06-30": "-5.02%", "2018-03-31": "7.73%", "2017-12-31": "13.81%", "2017-09-30": "59.28%", "2017-06-30": "52.11%", "2017-03-31": "28.16%", "2016-12-31": "-15.64%", "2016-09-30": "-56.34%", "2016-06-30": "-100.09%", "2016-03-31": "-102.92%", "2015-12-31": "-98.14%", "2015-09-30": "-59.58%", "2015-06-30": "-30.48%", "2015-03-31": "-11.48%", "2014-12-31": "7.79%", "2014-09-30": "13.65%", "2014-06-30": "12.04%", "2014-03-31": "13.51%", "2013-12-31": "-0.21%", "2013-09-30": "-5.59%", "2013-06-30": "-18.17%", "2013-03-31": "-21.60%", "2012-12-31": "-2.17%", "2012-09-30": "6.89%", "2012-06-30": "21.65%", "2012-03-31": "39.69%", "2011-12-31": "41.10%", "2011-09-30": "43.23%", "2011-06-30": "58.94%", "2011-03-31": "42.56%", "2010-12-31": "45.77%", "2010-09-30": "45.41%", "2010-06-30": "31.44%", "2010-03-31": "28.62%", "2009-12-31": "-30.93%", "2009-09-30": "-143.81%", "2009-06-30": "-70.93%", "2009-03-31": "-53.66%", "2008-12-31": "-15.54%", "2008-09-30": "41.76%", "2008-06-30": "36.87%", "2008-03-31": "35.26%", "2007-12-31": "36.05%", "2007-09-30": "27.04%", "2007-06-30": "27.44%", "2007-03-31": "28.61%", "2006-12-31": "29.04%", "2006-09-30": "32.72%", "2006-06-30": "32.44%", "2006-03-31": "30.04%", "2005-12-31": "29.12%"}, "pe ratio": {"current": "74.58", "2021-02-05": "0.00", "2020-09-30": "0.00", "2020-06-30": "0.00", "2020-03-31": "0.00", "2019-12-31": "0.00", "2019-09-30": "7.04", "2019-06-30": "3.30", "2019-03-31": "4.85", "2018-12-31": "3.26", "2018-09-30": "8.63", "2018-06-30": "0.00", "2018-03-31": "24.41", "2017-12-31": "14.37", "2017-09-30": "11.51", "2017-06-30": "6.68", "2017-03-31": "69.41", "2016-12-31": "0.00", "2016-09-30": "0.00", "2016-06-30": "0.00", "2016-03-31": "0.00", "2015-12-31": "0.00", "2015-09-30": "0.00", "2015-06-30": "0.00", "2015-03-31": "0.00", "2014-12-31": "13.88", "2014-09-30": "11.07", "2014-06-30": "17.42", "2014-03-31": "14.49", "2013-12-31": "0.00", "2013-09-30": "0.00", "2013-06-30": "0.00", "2013-03-31": "0.00", "2012-12-31": "0.00", "2012-09-30": "32.27", "2012-06-30": "8.36", "2012-03-31": "5.38", "2011-12-31": "4.68", "2011-09-30": "4.16", "2011-06-30": "4.90", "2011-03-31": "8.92", "2010-12-31": "6.37", "2010-09-30": "5.14", "2010-06-30": "7.41", "2010-03-31": "8.97", "2009-12-31": "0.00", "2009-09-30": "0.00", "2009-06-30": "0.00", "2009-03-31": "0.00", "2008-12-31": "0.00", "2008-09-30": "5.60", "2008-06-30": "10.80", "2008-03-31": "10.37", "2007-12-31": "9.07", "2007-09-30": "10.64", "2007-06-30": "10.09", "2007-03-31": "9.02", "2006-12-31": "8.56"}, "price sales": {"2021-02-05": "1.34", "2020-09-30": "0.70", "2020-06-30": "0.73", "2020-03-31": "0.36", "2019-12-31": "1.60", "2019-09-30": "1.36", "2019-06-30": "1.60", "2019-03-31": "1.84", "2018-12-31": "1.19", "2018-09-30": "3.64", "2018-06-30": "4.30", "2018-03-31": "2.97", "2017-12-31": "3.06", "2017-09-30": "3.21", "2017-06-30": "1.96", "2017-03-31": "2.45", "2016-12-31": "3.14", "2016-09-30": "1.64", "2016-06-30": "1.31", "2016-03-31": "0.87", "2015-12-31": "0.89", "2015-09-30": "0.78", "2015-06-30": "1.13", "2015-03-31": "1.08", "2014-12-31": "1.06", "2014-09-30": "1.50", "2014-06-30": "2.07", "2014-03-31": "1.94", "2013-12-31": "2.08", "2013-09-30": "1.94", "2013-06-30": "1.89", "2013-03-31": "2.16", "2012-12-31": "1.88", "2012-09-30": "2.20", "2012-06-30": "1.81", "2012-03-31": "2.11", "2011-12-31": "1.91", "2011-09-30": "1.79", "2011-06-30": "2.87", "2011-03-31": "3.76", "2010-12-31": "2.90", "2010-09-30": "2.32", "2010-06-30": "2.30", "2010-03-31": "2.53", "2009-12-31": "3.35", "2009-09-30": "3.54", "2009-06-30": "1.79", "2009-03-31": "1.27", "2008-12-31": "1.73", "2008-09-30": "2.32", "2008-06-30": "3.96", "2008-03-31": "3.65", "2007-12-31": "3.26", "2007-09-30": "2.88", "2007-06-30": "2.77", "2007-03-31": "2.58", "2006-12-31": "2.49"}, "price book": {"current": "2.17", "2021-02-05": "2.18", "2020-09-30": "1.14", "2020-06-30": "1.24", "2020-03-31": "0.62", "2019-12-31": "1.58", "2019-09-30": "1.33", "2019-06-30": "1.56", "2019-03-31": "1.55", "2018-12-31": "1.02", "2018-09-30": "1.96", "2018-06-30": "1.63", "2018-03-31": "1.12", "2017-12-31": "1.42", "2017-09-30": "1.48", "2017-06-30": "1.36", "2017-03-31": "1.84", "2016-12-31": "1.72", "2016-09-30": "2.10", "2016-06-30": "1.94", "2016-03-31": "1.24", "2015-12-31": "1.10", "2015-09-30": "0.86", "2015-06-30": "1.08", "2015-03-31": "0.95", "2014-12-31": "0.84", "2014-09-30": "0.91", "2014-06-30": "1.09", "2014-03-31": "0.95", "2013-12-31": "1.07", "2013-09-30": "0.99", "2013-06-30": "0.91", "2013-03-31": "1.00", "2012-12-31": "0.85", "2012-09-30": "0.96", "2012-06-30": "0.90", "2012-03-31": "1.11", "2011-12-31": "0.99", "2011-09-30": "0.90", "2011-06-30": "1.29", "2011-03-31": "1.70", "2010-12-31": "1.47", "2010-09-30": "1.25", "2010-06-30": "1.33", "2010-03-31": "1.41", "2009-12-31": "1.75", "2009-09-30": "1.69", "2009-06-30": "1.46", "2009-03-31": "1.26", "2008-12-31": "1.40", "2008-09-30": "1.30", "2008-06-30": "1.86", "2008-03-31": "1.69", "2007-12-31": "1.46", "2007-09-30": "1.45", "2007-06-30": "1.44", "2007-03-31": "1.37", "2006-12-31": "1.38", "2006-09-30": "1.31", "2006-06-30": "1.30", "2006-03-31": "1.42"}, "price fcf": {"2021-02-05": "", "2020-09-30": "$1.11", "2020-06-30": "$0.72", "2020-03-31": "$1.06", "2019-12-31": "$1.30", "2019-09-30": "$-0.43", "2019-06-30": "$-0.43", "2019-03-31": "$0.51", "2018-12-31": "$-0.07", "2018-09-30": "$-0.17", "2018-06-30": "$0.14", "2018-03-31": "$-0.10", "2017-12-31": "$0.10", "2017-09-30": "$1.73", "2017-06-30": "$8.19", "2017-03-31": "$8.02", "2016-12-31": "$3.20", "2016-09-30": "$1.67", "2016-06-30": "$-4.36", "2016-03-31": "$-5.65", "2015-12-31": "$-2.18", "2015-09-30": "$-4.14", "2015-06-30": "$0.13", "2015-03-31": "$7.90", "2014-12-31": "$-5.67", "2014-09-30": "$-2.58", "2014-06-30": "$-7.22", "2014-03-31": "$-14.75", "2013-12-31": "$-2.25", "2013-09-30": "$-4.20", "2013-06-30": "$-4.95", "2013-03-31": "$-4.08", "2012-12-31": "$-4.50", "2012-09-30": "$-2.24", "2012-06-30": "$-3.04", "2012-03-31": "$-4.14", "2011-12-31": "$-2.83", "2011-09-30": "$-3.83", "2011-06-30": "$-3.18", "2011-03-31": "$2.86", "2010-12-31": "$7.60", "2010-09-30": "$9.16", "2010-06-30": "$10.33", "2010-03-31": "$5.15", "2009-12-31": "$-0.25", "2009-09-30": "$-4.35", "2009-06-30": "$-3.60", "2009-03-31": "$-1.56", "2008-12-31": "$1.55", "2008-09-30": "$5.58", "2008-06-30": "$4.59", "2008-03-31": "$3.26", "2007-12-31": "$2.28", "2007-09-30": "$0.89", "2007-06-30": "$1.85", "2007-03-31": "$-3.45", "2006-12-31": "$-2.93"}, "net worth": {"value": "$12.05B"}, "current ratio": {"current": "2.04", "2020-09-30": "2.04", "2020-06-30": "2.33", "2020-03-31": "2.61", "2019-12-31": "2.00", "2019-09-30": "1.72", "2019-06-30": "1.49", "2019-03-31": "1.37", "2018-12-31": "1.99", "2018-09-30": "1.48", "2018-06-30": "1.65", "2018-03-31": "1.04", "2017-12-31": "1.45", "2017-09-30": "1.63", "2017-06-30": "1.61", "2017-03-31": "1.53", "2016-12-31": "1.44", "2016-09-30": "1.56", "2016-06-30": "1.36", "2016-03-31": "1.14", "2015-12-31": "1.22", "2015-09-30": "1.23", "2015-06-30": "1.18", "2015-03-31": "1.04", "2014-12-31": "1.10", "2014-09-30": "1.00", "2014-06-30": "0.94", "2014-03-31": "0.66", "2013-12-31": "1.20", "2013-09-30": "1.32", "2013-06-30": "1.31", "2013-03-31": "1.24", "2012-12-31": "1.49", "2012-09-30": "1.72", "2012-06-30": "1.86", "2012-03-31": "1.45", "2011-12-31": "1.38", "2011-09-30": "1.59", "2011-06-30": "1.99", "2011-03-31": "0.97", "2010-12-31": "1.21", "2010-09-30": "1.34", "2010-06-30": "1.48", "2010-03-31": "1.21", "2009-12-31": "0.79", "2009-09-30": "0.76", "2009-06-30": "0.74", "2009-03-31": "0.74", "2008-12-31": "0.86", "2008-09-30": "1.12", "2008-06-30": "0.90", "2008-03-31": "0.93", "2007-12-31": "1.07", "2007-09-30": "0.77", "2007-06-30": "0.72", "2007-03-31": "0.62", "2006-12-31": "0.69", "2006-09-30": "0.77", "2006-06-30": "0.73", "2006-03-31": "1.30", "2005-12-31": "1.43", "2005-09-30": "1.22", "2005-06-30": "1.41", "2005-03-31": "1.16"}, "quick ratio": {"2020-09-30": "0.00", "2020-06-30": "0.00", "2020-03-31": "0.00", "2019-12-31": "0.00", "2019-09-30": "0.00", "2019-06-30": "0.00", "2019-03-31": "0.00", "2018-12-31": "0.00", "2018-09-30": "0.00", "2018-06-30": "0.00", "2018-03-31": "0.00", "2017-12-31": "0.00", "2017-09-30": "0.00", "2017-06-30": "0.00", "2017-03-31": "0.00", "2016-12-31": "0.00", "2016-09-30": "0.00", "2016-06-30": "0.00", "2016-03-31": "0.00", "2015-12-31": "0.00", "2015-09-30": "0.00", "2015-06-30": "0.00", "2015-03-31": "0.00", "2014-12-31": "0.00", "2014-09-30": "0.00", "2014-06-30": "0.00", "2014-03-31": "0.00", "2013-12-31": "0.00", "2013-09-30": "0.00", "2013-06-30": "0.00", "2013-03-31": "0.00", "2012-12-31": "0.00", "2012-09-30": "0.00", "2012-06-30": "0.00", "2012-03-31": "0.00", "2011-12-31": "0.00", "2011-09-30": "0.00", "2011-06-30": "0.00", "2011-03-31": "0.00", "2010-12-31": "0.00", "2010-09-30": "0.00", "2010-06-30": "0.00", "2010-03-31": "0.00", "2009-12-31": "0.00", "2009-09-30": "0.00", "2009-06-30": "0.00", "2009-03-31": "0.00", "2008-12-31": "0.00", "2008-09-30": "0.00", "2008-06-30": "0.00", "2008-03-31": "0.00", "2007-12-31": "0.00", "2007-09-30": "0.00", "2007-06-30": "0.00", "2007-03-31": "0.00", "2006-12-31": "0.00", "2006-09-30": "0.00", "2006-06-30": "0.00", "2006-03-31": "0.00", "2005-12-31": "0.00", "2005-09-30": "0.00", "2005-06-30": "0.00", "2005-03-31": "0.00"}, "debt equity ratio": {"current": "1.36", "2020-09-30": "2.28", "2020-06-30": "2.09", "2020-03-31": "1.76", "2019-12-31": "1.32", "2019-09-30": "1.20", "2019-06-30": "1.38", "2019-03-31": "1.30", "2018-12-31": "1.13", "2018-09-30": "1.27", "2018-06-30": "1.27", "2018-03-31": "1.14", "2017-12-31": "1.14", "2017-09-30": "1.31", "2017-06-30": "1.37", "2017-03-31": "1.39", "2016-12-31": "1.25", "2016-09-30": "1.67", "2016-06-30": "2.06", "2016-03-31": "1.73", "2015-12-31": "1.68", "2015-09-30": "1.16", "2015-06-30": "1.02", "2015-03-31": "0.97", "2014-12-31": "0.92", "2014-09-30": "0.90", "2014-06-30": "0.96", "2014-03-31": "1.11", "2013-12-31": "1.09", "2013-09-30": "0.98", "2013-06-30": "0.99", "2013-03-31": "1.11", "2012-12-31": "1.04", "2012-09-30": "1.00", "2012-06-30": "0.96", "2012-03-31": "0.94", "2011-12-31": "0.92", "2011-09-30": "0.89", "2011-06-30": "0.80", "2011-03-31": "0.80", "2010-12-31": "0.71", "2010-09-30": "0.71", "2010-06-30": "0.78", "2010-03-31": "0.81", "2009-12-31": "0.91", "2009-09-30": "0.92", "2009-06-30": "0.98", "2009-03-31": "0.99", "2008-12-31": "0.87", "2008-09-30": "0.69", "2008-06-30": "0.87", "2008-03-31": "0.92", "2007-12-31": "0.88", "2007-09-30": "0.93", "2007-06-30": "0.93", "2007-03-31": "0.98", "2006-12-31": "1.01", "2006-09-30": "0.99", "2006-06-30": "1.03", "2006-03-31": "1.01", "2005-12-31": "1.04", "2005-09-30": "1.12", "2005-06-30": "1.20", "2005-03-31": "1.25"}, "return on equity": {"2020-09-30": "-78.25%", "2020-06-30": "-60.82%", "2020-03-31": "-31.56%", "2019-12-31": "-5.20%", "2019-09-30": "18.78%", "2019-06-30": "46.93%", "2019-03-31": "30.36%", "2018-12-31": "27.44%", "2018-09-30": "16.93%", "2018-06-30": "-1.87%", "2018-03-31": "3.12%", "2017-12-31": "7.44%", "2017-09-30": "28.08%", "2017-06-30": "36.35%", "2017-03-31": "21.61%", "2016-12-31": "-10.01%", "2016-09-30": "-65.32%", "2016-06-30": "-95.91%", "2016-03-31": "-85.86%", "2015-12-31": "-73.63%", "2015-09-30": "-48.33%", "2015-06-30": "-24.13%", "2015-03-31": "-9.07%", "2014-12-31": "6.17%", "2014-09-30": "8.99%", "2014-06-30": "7.09%", "2014-03-31": "7.62%", "2013-12-31": "-0.11%", "2013-09-30": "-2.84%", "2013-06-30": "-8.34%", "2013-03-31": "-9.13%", "2012-12-31": "-0.94%", "2012-09-30": "2.99%", "2012-06-30": "11.12%", "2012-03-31": "21.79%", "2011-12-31": "22.62%", "2011-09-30": "23.49%", "2011-06-30": "29.58%", "2011-03-31": "20.41%", "2010-12-31": "25.39%", "2010-09-30": "27.38%", "2010-06-30": "19.15%", "2010-03-31": "17.56%", "2009-12-31": "-17.44%", "2009-09-30": "-68.31%", "2009-06-30": "-45.48%", "2009-03-31": "-34.85%", "2008-12-31": "-9.77%", "2008-09-30": "25.67%", "2008-06-30": "18.46%", "2008-03-31": "17.40%", "2007-12-31": "17.83%", "2007-09-30": "15.04%", "2007-06-30": "15.62%", "2007-03-31": "16.08%", "2006-12-31": "17.07%", "2006-09-30": "20.19%", "2006-06-30": "21.54%", "2006-03-31": "21.30%", "2005-12-31": "20.95%"}, "return on assets": {"2020-09-30": "-28.28%", "2020-06-30": "-24.34%", "2020-03-31": "-13.27%", "2019-12-31": "-2.26%", "2019-09-30": "8.36%", "2019-06-30": "20.76%", "2019-03-31": "13.54%", "2018-12-31": "12.48%", "2018-09-30": "7.71%", "2018-06-30": "-0.85%", "2018-03-31": "1.40%", "2017-12-31": "3.24%", "2017-09-30": "12.06%", "2017-06-30": "15.10%", "2017-03-31": "8.46%", "2016-12-31": "-3.79%", "2016-09-30": "-23.58%", "2016-06-30": "-37.13%", "2016-03-31": "-37.15%", "2015-12-31": "-34.46%", "2015-09-30": "-24.15%", "2015-06-30": "-12.40%", "2015-03-31": "-4.68%", "2014-12-31": "3.13%", "2014-09-30": "4.47%", "2014-06-30": "3.48%", "2014-03-31": "3.72%", "2013-12-31": "-0.05%", "2013-09-30": "-1.40%", "2013-06-30": "-4.10%", "2013-03-31": "-4.51%", "2012-12-31": "-0.48%", "2012-09-30": "1.53%", "2012-06-30": "5.77%", "2012-03-31": "11.55%", "2011-12-31": "12.21%", "2011-09-30": "13.04%", "2011-06-30": "16.85%", "2011-03-31": "11.67%", "2010-12-31": "14.51%", "2010-09-30": "15.24%", "2010-06-30": "10.34%", "2010-03-31": "9.25%", "2009-12-31": "-8.97%", "2009-09-30": "-35.32%", "2009-06-30": "-24.64%", "2009-03-31": "-19.04%", "2008-12-31": "-5.34%", "2008-09-30": "13.99%", "2008-06-30": "9.71%", "2008-03-31": "9.08%", "2007-12-31": "9.24%", "2007-09-30": "7.67%", "2007-06-30": "7.90%", "2007-03-31": "8.03%", "2006-12-31": "8.49%", "2006-09-30": "10.01%", "2006-06-30": "10.52%", "2006-03-31": "10.20%", "2005-12-31": "9.75%"}, "return on investments": {"2020-09-30": "-32.64%", "2020-06-30": "-25.58%", "2020-03-31": "-14.45%", "2019-12-31": "1.23%", "2019-09-30": "14.49%", "2019-06-30": "11.96%", "2019-03-31": "5.86%", "2018-12-31": "8.69%", "2018-09-30": "-4.52%", "2018-06-30": "-3.35%", "2018-03-31": "0.24%", "2017-12-31": "1.67%", "2017-09-30": "21.56%", "2017-06-30": "27.61%", "2017-03-31": "19.57%", "2016-12-31": "1.29%", "2016-09-30": "-33.14%", "2016-06-30": "-60.23%", "2016-03-31": "-65.29%", "2015-12-31": "-66.20%", "2015-09-30": "-46.26%", "2015-06-30": "-22.11%", "2015-03-31": "-4.12%", "2014-12-31": "12.71%", "2014-09-30": "13.79%", "2014-06-30": "11.50%", "2014-03-31": "10.22%", "2013-12-31": "2.01%", "2013-09-30": "-5.63%", "2013-06-30": "-7.84%", "2013-03-31": "-8.42%", "2012-12-31": "0.25%", "2012-09-30": "8.32%", "2012-06-30": "14.29%", "2012-03-31": "16.97%", "2011-12-31": "17.66%", "2011-09-30": "18.10%", "2011-06-30": "15.33%", "2011-03-31": "13.01%", "2010-12-31": "17.47%", "2010-09-30": "18.93%", "2010-06-30": "17.69%", "2010-03-31": "16.48%", "2009-12-31": "-21.24%", "2009-09-30": "-74.36%", "2009-06-30": "-52.02%", "2009-03-31": "-43.90%", "2008-12-31": "-14.27%", "2008-09-30": "22.80%", "2008-06-30": "13.72%", "2008-03-31": "13.97%", "2007-12-31": "14.42%", "2007-09-30": "16.96%", "2007-06-30": "17.61%", "2007-03-31": "17.05%", "2006-12-31": "18.64%", "2006-09-30": "21.21%", "2006-06-30": "23.91%", "2006-03-31": "25.43%", "2005-12-31": "24.50%"}, "return on tangible equity": {"2020-09-30": "-95.77%", "2020-06-30": "-72.07%", "2020-03-31": "-36.52%", "2019-12-31": "-5.91%", "2019-09-30": "21.04%", "2019-06-30": "52.11%", "2019-03-31": "33.16%", "2018-12-31": "30.76%", "2018-09-30": "18.79%", "2018-06-30": "-2.21%", "2018-03-31": "3.99%", "2017-12-31": "10.10%", "2017-09-30": "40.36%", "2017-06-30": "53.22%", "2017-03-31": "32.72%", "2016-12-31": "-15.33%", "2016-09-30": "-114.14%", "2016-06-30": "-163.32%", "2016-03-31": "-136.33%", "2015-12-31": "-110.75%", "2015-09-30": "-68.04%", "2015-06-30": "-33.68%", "2015-03-31": "-12.72%", "2014-12-31": "8.92%", "2014-09-30": "13.27%", "2014-06-30": "10.40%", "2014-03-31": "11.07%", "2013-12-31": "-0.15%", "2013-09-30": "-4.01%", "2013-06-30": "-11.77%", "2013-03-31": "-12.76%", "2012-12-31": "-1.31%", "2012-09-30": "4.14%", "2012-06-30": "15.39%", "2012-03-31": "30.34%", "2011-12-31": "31.95%", "2011-09-30": "33.59%", "2011-06-30": "42.89%", "2011-03-31": "30.27%", "2010-12-31": "38.14%", "2010-09-30": "42.14%", "2010-06-30": "30.46%", "2010-03-31": "28.67%", "2009-12-31": "-29.36%", "2009-09-30": "-111.69%", "2009-06-30": "-67.79%", "2009-03-31": "-49.29%", "2008-12-31": "-13.34%", "2008-09-30": "34.72%", "2008-06-30": "25.48%", "2008-03-31": "24.39%", "2007-12-31": "25.39%", "2007-09-30": "21.78%", "2007-06-30": "22.99%", "2007-03-31": "24.12%", "2006-12-31": "26.14%", "2006-09-30": "31.59%", "2006-06-30": "34.67%", "2006-03-31": "35.26%", "2005-12-31": "35.30%"}, "dividend yield history": {"last payout": "$0.44", "last yield": "2.46%"}}