{"ticker": "DXCM", "price": {"title": "DexCom Historical Annual Stock Price Data", "value": 411.03, "historical": {"2020": {"Average Stock Price": "346.1548", "Year Open": "219.3800", "Year High": "451.7900", "Year Low": "191.1600", "Year Close": "369.7200", "Annual % Change": "69.02%"}, "2019": {"Average Stock Price": "153.1049", "Year Open": "115.1800", "Year High": "229.1800", "Year Low": "111.3800", "Year Close": "218.7400", "Annual % Change": "82.59%"}, "2018": {"Average Stock Price": "98.9681", "Year Open": "57.9900", "Year High": "149.4600", "Year Low": "52.2500", "Year Close": "119.8000", "Annual % Change": "108.75%"}, "2017": {"Average Stock Price": "68.6193", "Year Open": "58.2500", "Year High": "85.4900", "Year Low": "44.4600", "Year Close": "57.3900", "Annual % Change": "-3.87%"}, "2016": {"Average Stock Price": "73.7757", "Year Open": "78.4900", "Year High": "95.8000", "Year Low": "53.3800", "Year Close": "59.7000", "Annual % Change": "-27.11%"}, "2015": {"Average Stock Price": "75.9920", "Year Open": "54.5100", "Year High": "101.9100", "Year Low": "54.2100", "Year Close": "81.9000", "Annual % Change": "48.77%"}, "2014": {"Average Stock Price": "41.6857", "Year Open": "34.7500", "Year High": "58.3000", "Year Low": "29.6800", "Year Close": "55.0500", "Annual % Change": "55.46%"}, "2013": {"Average Stock Price": "22.9696", "Year Open": "13.8500", "Year High": "35.4100", "Year Low": "13.8500", "Year Close": "35.4100", "Annual % Change": "160.56%"}, "2012": {"Average Stock Price": "11.9512", "Year Open": "9.4400", "Year High": "15.0300", "Year Low": "8.8300", "Year Close": "13.5900", "Annual % Change": "45.97%"}, "2011": {"Average Stock Price": "12.8612", "Year Open": "13.7100", "Year High": "16.7200", "Year Low": "6.9100", "Year Close": "9.3100", "Annual % Change": "-31.79%"}, "2010": {"Average Stock Price": "11.3407", "Year Open": "8.5600", "Year High": "14.3500", "Year Low": "8.5600", "Year Close": "13.6500", "Annual % Change": "69.14%"}, "2009": {"Average Stock Price": "5.8067", "Year Open": "2.7600", "Year High": "8.4800", "Year Low": "2.7600", "Year Close": "8.0700", "Annual % Change": "192.39%"}, "2008": {"Average Stock Price": "6.0654", "Year Open": "8.9500", "Year High": "9.6100", "Year Low": "1.3900", "Year Close": "2.7600", "Annual % Change": "-68.74%"}, "2007": {"Average Stock Price": "8.4515", "Year Open": "9.8800", "Year High": "10.6600", "Year Low": "6.4900", "Year Close": "8.8300", "Annual % Change": "-10.45%"}, "2006": {"Average Stock Price": "14.9095", "Year Open": "14.5000", "Year High": "25.8000", "Year Low": "8.6200", "Year Close": "9.8600", "Annual % Change": "-33.91%"}, "2005": {"Average Stock Price": "12.6160", "Year Open": "11.7400", "Year High": "15.9900", "Year Low": "9.7900", "Year Close": "14.9200", "Annual % Change": "0.00%"}}}, "market cap": {"value": "$39.47B"}, "income statement": {"Revenue": {"2019-12-31": "1476.00000", "2018-12-31": "1031.60000", "2017-12-31": "718.50000", "2016-12-31": "573.30000", "2015-12-31": "402.00000", "2014-12-31": "259.20000", "2013-12-31": "160.00000", "2012-12-31": "99.90000", "2011-12-31": "76.30000", "2010-12-31": "48.60000", "2009-12-31": "29.69300", "2008-12-31": "9.83800", "2007-12-31": "4.62700", "2006-12-31": "2.17000", "2005-12-31": ""}, "Cost Of Goods Sold": {"2019-12-31": "544.50000", "2018-12-31": "367.70000", "2017-12-31": "226.40000", "2016-12-31": "194.90000", "2015-12-31": "123.60000", "2014-12-31": "82.90000", "2013-12-31": "59.90000", "2012-12-31": "53.30000", "2011-12-31": "40.40000", "2010-12-31": "30.20000", "2009-12-31": "26.03200", "2008-12-31": "15.36700", "2007-12-31": "12.73600", "2006-12-31": "10.95900", "2005-12-31": ""}, "Gross Profit": {"2019-12-31": "931.50000", "2018-12-31": "663.90000", "2017-12-31": "492.10000", "2016-12-31": "378.40000", "2015-12-31": "278.40000", "2014-12-31": "176.30000", "2013-12-31": "100.10000", "2012-12-31": "46.60000", "2011-12-31": "35.90000", "2010-12-31": "18.40000", "2009-12-31": "3.66100", "2008-12-31": "-5.52900", "2007-12-31": "-8.10900", "2006-12-31": "-8.78900", "2005-12-31": ""}, "Research And Development Expenses": {"2019-12-31": "273.50000", "2018-12-31": "417.40000", "2017-12-31": "185.40000", "2016-12-31": "156.10000", "2015-12-31": "137.50000", "2014-12-31": "69.40000", "2013-12-31": "44.80000", "2012-12-31": "38.30000", "2011-12-31": "29.60000", "2010-12-31": "23.20000", "2009-12-31": "14.29400", "2008-12-31": "19.62900", "2007-12-31": "16.13100", "2006-12-31": "19.41900", "2005-12-31": "26.77000"}, "SG&A Expenses": {"2019-12-31": "515.70000", "2018-12-31": "432.80000", "2017-12-31": "349.20000", "2016-12-31": "286.20000", "2015-12-31": "198.00000", "2014-12-31": "128.40000", "2013-12-31": "84.20000", "2012-12-31": "64.00000", "2011-12-31": "51.10000", "2010-12-31": "40.50000", "2009-12-31": "35.20000", "2008-12-31": "27.66900", "2007-12-31": "22.43600", "2006-12-31": "21.11100", "2005-12-31": "5.66000"}, "Other Operating Income Or Expenses": {"2019-12-31": "", "2018-12-31": "", "2017-12-31": "", "2016-12-31": "", "2015-12-31": "", "2014-12-31": "", "2013-12-31": "", "2012-12-31": "", "2011-12-31": "", "2010-12-31": "", "2009-12-31": "", "2008-12-31": "", "2007-12-31": "", "2006-12-31": "", "2005-12-31": ""}, "Operating Expenses": {"2019-12-31": "1333.70000", "2018-12-31": "1217.90000", "2017-12-31": "761.00000", "2016-12-31": "637.20000", "2015-12-31": "459.10000", "2014-12-31": "280.70000", "2013-12-31": "188.90000", "2012-12-31": "155.60000", "2011-12-31": "121.10000", "2010-12-31": "93.90000", "2009-12-31": "75.52600", "2008-12-31": "62.66500", "2007-12-31": "51.30300", "2006-12-31": "51.48900", "2005-12-31": "32.43000"}, "Operating Income": {"2019-12-31": "142.30000", "2018-12-31": "-186.29990", "2017-12-31": "-42.50000", "2016-12-31": "-63.90000", "2015-12-31": "-57.10000", "2014-12-31": "-21.50000", "2013-12-31": "-28.90000", "2012-12-31": "-55.70000", "2011-12-31": "-44.80000", "2010-12-31": "-45.30000", "2009-12-31": "-45.83300", "2008-12-31": "-52.82700", "2007-12-31": "-46.67600", "2006-12-31": "-49.31900", "2005-12-31": "-32.43000"}, "Total Non-Operating Income/Expense": {"2019-12-31": "-38.10000", "2018-12-31": "59.80000", "2017-12-31": "-6.10000", "2016-12-31": "-1.00000", "2015-12-31": "-0.40000", "2014-12-31": "-0.80000", "2013-12-31": "-0.90000", "2012-12-31": "-0.10000", "2011-12-31": "0.10000", "2010-12-31": "-9.90000", "2009-12-31": "-7.69100", "2008-12-31": "-6.02900", "2007-12-31": "-1.77800", "2006-12-31": "2.72000", "2005-12-31": "1.66200"}, "Pre-Tax Income": {"2019-12-31": "104.20000", "2018-12-31": "-126.50000", "2017-12-31": "-48.60000", "2016-12-31": "-64.90000", "2015-12-31": "-57.50000", "2014-12-31": "-22.30000", "2013-12-31": "-29.80000", "2012-12-31": "-55.80000", "2011-12-31": "-44.70000", "2010-12-31": "-55.20000", "2009-12-31": "-53.52400", "2008-12-31": "-58.85600", "2007-12-31": "-48.45400", "2006-12-31": "-46.59900", "2005-12-31": "-30.76800"}, "Income Taxes": {"2019-12-31": "3.10000", "2018-12-31": "0.60000", "2017-12-31": "1.60000", "2016-12-31": "0.70000", "2015-12-31": "0.10000", "2014-12-31": "0.10000", "2013-12-31": "", "2012-12-31": "-1.30000", "2011-12-31": "", "2010-12-31": "0.00000", "2009-12-31": "", "2008-12-31": "", "2007-12-31": "", "2006-12-31": "", "2005-12-31": ""}, "Income After Taxes": {"2019-12-31": "101.10000", "2018-12-31": "-127.10000", "2017-12-31": "-50.20000", "2016-12-31": "-65.60000", "2015-12-31": "-57.60000", "2014-12-31": "-22.40000", "2013-12-31": "-29.80000", "2012-12-31": "-54.50000", "2011-12-31": "-44.70000", "2010-12-31": "-55.20000", "2009-12-31": "-53.52400", "2008-12-31": "-58.85600", "2007-12-31": "-48.45400", "2006-12-31": "-46.59900", "2005-12-31": "-30.76800"}, "Other Income": {"2019-12-31": "", "2018-12-31": "", "2017-12-31": "", "2016-12-31": "", "2015-12-31": "", "2014-12-31": "", "2013-12-31": "", "2012-12-31": "", "2011-12-31": "", "2010-12-31": "", "2009-12-31": "", "2008-12-31": "", "2007-12-31": "", "2006-12-31": "", "2005-12-31": ""}, "Income From Continuous Operations": {"2019-12-31": "101.10000", "2018-12-31": "-127.10000", "2017-12-31": "-50.20000", "2016-12-31": "-65.60000", "2015-12-31": "-57.60000", "2014-12-31": "-22.40000", "2013-12-31": "-29.80000", "2012-12-31": "-54.50000", "2011-12-31": "-44.70000", "2010-12-31": "-55.20000", "2009-12-31": "-53.52400", "2008-12-31": "-58.85600", "2007-12-31": "-48.45400", "2006-12-31": "-46.59900", "2005-12-31": "-30.76800"}, "Income From Discontinued Operations": {"2019-12-31": "", "2018-12-31": "", "2017-12-31": "", "2016-12-31": "", "2015-12-31": "", "2014-12-31": "", "2013-12-31": "", "2012-12-31": "", "2011-12-31": "", "2010-12-31": "", "2009-12-31": "", "2008-12-31": "", "2007-12-31": "", "2006-12-31": "", "2005-12-31": ""}, "Net Income": {"2019-12-31": "101.10000", "2018-12-31": "-127.10000", "2017-12-31": "-50.20000", "2016-12-31": "-65.60000", "2015-12-31": "-57.60000", "2014-12-31": "-22.40000", "2013-12-31": "-29.80000", "2012-12-31": "-54.50000", "2011-12-31": "-44.70000", "2010-12-31": "-55.20000", "2009-12-31": "-53.52400", "2008-12-31": "-58.85600", "2007-12-31": "-48.45400", "2006-12-31": "-46.59900", "2005-12-31": "-30.89000"}, "EBITDA": {"2019-12-31": "191.00000", "2018-12-31": "-157.19990", "2017-12-31": "-26.40000", "2016-12-31": "-48.90000", "2015-12-31": "-46.30000", "2014-12-31": "-13.10000", "2013-12-31": "-21.20000", "2012-12-31": "-48.20000", "2011-12-31": "-40.10000", "2010-12-31": "-42.20000", "2009-12-31": "-42.32300", "2008-12-31": "-49.63100", "2007-12-31": "-44.17500", "2006-12-31": "-46.99400", "2005-12-31": "-31.37800"}, "EBIT": {"2019-12-31": "142.30000", "2018-12-31": "-186.29990", "2017-12-31": "-42.50000", "2016-12-31": "-63.90000", "2015-12-31": "-57.10000", "2014-12-31": "-21.50000", "2013-12-31": "-28.90000", "2012-12-31": "-55.70000", "2011-12-31": "-44.80000", "2010-12-31": "-45.30000", "2009-12-31": "-45.83300", "2008-12-31": "-52.82700", "2007-12-31": "-46.67600", "2006-12-31": "-49.31900", "2005-12-31": "-32.43000"}, "Basic Shares Outstanding": {"2019-12-31": "91.10000", "2018-12-31": "88.20000", "2017-12-31": "86.30000", "2016-12-31": "83.60000", "2015-12-31": "79.80000", "2014-12-31": "75.20000", "2013-12-31": "71.10000", "2012-12-31": "68.70000", "2011-12-31": "65.60000", "2010-12-31": "56.90000", "2009-12-31": "44.34700", "2008-12-31": "29.48700", "2007-12-31": "28.31300", "2006-12-31": "27.23600", "2005-12-31": "18.94400"}, "Shares Outstanding": {"2019-12-31": "92.30000", "2018-12-31": "88.20000", "2017-12-31": "86.30000", "2016-12-31": "83.60000", "2015-12-31": "79.80000", "2014-12-31": "75.20000", "2013-12-31": "71.10000", "2012-12-31": "68.70000", "2011-12-31": "65.60000", "2010-12-31": "56.90000", "2009-12-31": "44.34700", "2008-12-31": "29.48700", "2007-12-31": "28.31300", "2006-12-31": "27.23600", "2005-12-31": "18.94400"}, "Basic EPS": {"2019-12-31": "1.11000", "2018-12-31": "-1.44000", "2017-12-31": "-0.58000", "2016-12-31": "-0.78000", "2015-12-31": "-0.72000", "2014-12-31": "-0.30000", "2013-12-31": "-0.42000", "2012-12-31": "-0.79000", "2011-12-31": "-0.68000", "2010-12-31": "-0.97000", "2009-12-31": "-1.21000", "2008-12-31": "-2.00000", "2007-12-31": "-1.71000", "2006-12-31": "-1.71000", "2005-12-31": "-1.63000"}, "EPS - Earnings Per Share": {"2019-12-31": "1.10000", "2018-12-31": "-1.44000", "2017-12-31": "-0.58000", "2016-12-31": "-0.78000", "2015-12-31": "-0.72000", "2014-12-31": "-0.30000", "2013-12-31": "-0.42000", "2012-12-31": "-0.79000", "2011-12-31": "-0.68000", "2010-12-31": "-0.97000", "2009-12-31": "-1.21000", "2008-12-31": "-2.00000", "2007-12-31": "-1.71000", "2006-12-31": "-1.71000", "2005-12-31": "-1.63000"}}, "income statement, quarterly": {"Revenue": {"2020-09-30": "500.90000", "2020-06-30": "451.80000", "2020-03-31": "405.10000", "2019-12-31": "462.79990", "2019-09-30": "396.30000", "2019-06-30": "336.40000", "2019-03-31": "280.50000", "2018-12-31": "338.00000", "2018-09-30": "266.70000", "2018-06-30": "242.50000", "2018-03-31": "184.40000", "2017-12-31": "221.00000", "2017-09-30": "184.60000", "2017-06-30": "170.60000", "2017-03-31": "142.30000", "2016-12-31": "171.20000", "2016-09-30": "148.60000", "2016-06-30": "137.30000", "2016-03-31": "116.20000", "2015-12-31": "130.80000", "2015-09-30": "105.20000", "2015-06-30": "93.20000", "2015-03-31": "72.80000", "2014-12-31": "84.30000", "2014-09-30": "69.00000", "2014-06-30": "58.80000", "2014-03-31": "47.10000", "2013-12-31": "51.70000", "2013-09-30": "42.90000", "2013-06-30": "35.80000", "2013-03-31": "29.60000", "2012-12-31": "33.30000", "2012-09-30": "23.10000", "2012-06-30": "23.40000", "2012-03-31": "20.10000", "2011-12-31": "22.45500", "2011-09-30": "18.25400", "2011-06-30": "21.41700", "2011-03-31": "14.17400", "2010-12-31": "15.60500", "2010-09-30": "11.66400", "2010-06-30": "11.78600", "2010-03-31": "9.54500", "2009-12-31": "10.47100", "2009-09-30": "7.25900", "2009-06-30": "6.75100", "2009-03-31": "5.21200", "2008-12-31": "4.07400", "2008-09-30": "1.92000", "2008-06-30": "1.98200", "2008-03-31": "1.86200", "2007-12-31": "1.52800", "2007-09-30": "1.22400", "2007-06-30": "0.86300", "2007-03-31": "1.01200", "2006-12-31": "0.83500", "2006-09-30": "0.84100", "2006-06-30": "0.47900", "2006-03-31": "0.01500", "2005-12-31": "", "2005-09-30": "", "2005-06-30": "", "2005-03-31": ""}, "Cost Of Goods Sold": {"2020-09-30": "160.50000", "2020-06-30": "167.70000", "2020-03-31": "148.60000", "2019-12-31": "153.50000", "2019-09-30": "149.40000", "2019-06-30": "129.90000", "2019-03-31": "111.70000", "2018-12-31": "115.20000", "2018-09-30": "98.10000", "2018-06-30": "88.90000", "2018-03-31": "65.50000", "2017-12-31": "67.50000", "2017-09-30": "57.60000", "2017-06-30": "53.10000", "2017-03-31": "48.20000", "2016-12-31": "54.50000", "2016-09-30": "47.50000", "2016-06-30": "51.80000", "2016-03-31": "41.10000", "2015-12-31": "39.60000", "2015-09-30": "30.50000", "2015-06-30": "27.20000", "2015-03-31": "26.30000", "2014-12-31": "24.90000", "2014-09-30": "21.80000", "2014-06-30": "18.90000", "2014-03-31": "17.30000", "2013-12-31": "17.60000", "2013-09-30": "15.30000", "2013-06-30": "13.90000", "2013-03-31": "13.10000", "2012-12-31": "15.70000", "2012-09-30": "14.70000", "2012-06-30": "12.20000", "2012-03-31": "10.70000", "2011-12-31": "11.70600", "2011-09-30": "10.09000", "2011-06-30": "9.54600", "2011-03-31": "9.05800", "2010-12-31": "8.65900", "2010-09-30": "8.18800", "2010-06-30": "7.26700", "2010-03-31": "6.08600", "2009-12-31": "6.36400", "2009-09-30": "6.39400", "2009-06-30": "7.79900", "2009-03-31": "5.47500", "2008-12-31": "4.89200", "2008-09-30": "3.84000", "2008-06-30": "3.39300", "2008-03-31": "3.24200", "2007-12-31": "3.65500", "2007-09-30": "3.11300", "2007-06-30": "2.90600", "2007-03-31": "3.06200", "2006-12-31": "3.39800", "2006-09-30": "3.38900", "2006-06-30": "2.09100", "2006-03-31": "2.08100", "2005-12-31": "", "2005-09-30": "", "2005-06-30": "", "2005-03-31": ""}, "Gross Profit": {"2020-09-30": "340.40000", "2020-06-30": "284.10000", "2020-03-31": "256.50000", "2019-12-31": "309.29990", "2019-09-30": "246.90000", "2019-06-30": "206.50000", "2019-03-31": "168.80000", "2018-12-31": "222.80000", "2018-09-30": "168.60000", "2018-06-30": "153.60000", "2018-03-31": "118.90000", "2017-12-31": "153.50000", "2017-09-30": "127.00000", "2017-06-30": "117.50000", "2017-03-31": "94.10000", "2016-12-31": "116.70000", "2016-09-30": "101.10000", "2016-06-30": "85.50000", "2016-03-31": "75.10000", "2015-12-31": "91.20000", "2015-09-30": "74.70000", "2015-06-30": "66.00000", "2015-03-31": "46.50000", "2014-12-31": "59.40000", "2014-09-30": "47.20000", "2014-06-30": "39.90000", "2014-03-31": "29.80000", "2013-12-31": "34.10000", "2013-09-30": "27.60000", "2013-06-30": "21.90000", "2013-03-31": "16.50000", "2012-12-31": "17.60000", "2012-09-30": "8.40000", "2012-06-30": "11.20000", "2012-03-31": "9.40000", "2011-12-31": "10.74900", "2011-09-30": "8.16400", "2011-06-30": "11.87100", "2011-03-31": "5.11600", "2010-12-31": "6.94600", "2010-09-30": "3.47600", "2010-06-30": "4.51900", "2010-03-31": "3.45900", "2009-12-31": "4.10700", "2009-09-30": "0.86500", "2009-06-30": "-1.04800", "2009-03-31": "-0.26300", "2008-12-31": "-0.81800", "2008-09-30": "-1.92000", "2008-06-30": "-1.41100", "2008-03-31": "-1.38000", "2007-12-31": "-2.12700", "2007-09-30": "-1.88900", "2007-06-30": "-2.04300", "2007-03-31": "-2.05000", "2006-12-31": "-2.56300", "2006-09-30": "-2.54800", "2006-06-30": "-1.61200", "2006-03-31": "-2.06600", "2005-12-31": "", "2005-09-30": "", "2005-06-30": "", "2005-03-31": ""}, "Research And Development Expenses": {"2020-09-30": "87.70000", "2020-06-30": "79.90000", "2020-03-31": "73.10000", "2019-12-31": "78.80000", "2019-09-30": "66.70000", "2019-06-30": "69.00000", "2019-03-31": "59.00000", "2018-12-31": "275.30000", "2018-09-30": "50.10000", "2018-06-30": "47.20000", "2018-03-31": "44.80000", "2017-12-31": "48.70000", "2017-09-30": "43.30000", "2017-06-30": "45.30000", "2017-03-31": "48.10000", "2016-12-31": "43.70000", "2016-09-30": "43.90000", "2016-06-30": "36.30000", "2016-03-31": "32.20000", "2015-12-31": "28.50000", "2015-09-30": "64.80000", "2015-06-30": "24.40000", "2015-03-31": "19.80000", "2014-12-31": "21.60000", "2014-09-30": "18.50000", "2014-06-30": "14.80000", "2014-03-31": "14.50000", "2013-12-31": "12.60000", "2013-09-30": "11.80000", "2013-06-30": "11.10000", "2013-03-31": "9.30000", "2012-12-31": "8.60000", "2012-09-30": "10.30000", "2012-06-30": "10.00000", "2012-03-31": "9.40000", "2011-12-31": "8.08500", "2011-09-30": "8.23100", "2011-06-30": "7.01600", "2011-03-31": "6.26800", "2010-12-31": "6.87500", "2010-09-30": "6.16100", "2010-06-30": "5.42500", "2010-03-31": "4.73900", "2009-12-31": "4.17200", "2009-09-30": "3.49600", "2009-06-30": "3.45500", "2009-03-31": "3.17100", "2008-12-31": "4.57100", "2008-09-30": "5.41800", "2008-06-30": "4.79700", "2008-03-31": "4.84300", "2007-12-31": "4.39700", "2007-09-30": "3.67100", "2007-06-30": "4.02800", "2007-03-31": "4.03500", "2006-12-31": "3.93000", "2006-09-30": "4.63400", "2006-06-30": "5.36100", "2006-03-31": "5.49400", "2005-12-31": "10.94640", "2005-09-30": "5.04300", "2005-06-30": "5.34560", "2005-03-31": "5.43510"}, "SG&A Expenses": {"2020-09-30": "158.60000", "2020-06-30": "136.40000", "2020-03-31": "149.80000", "2019-12-31": "129.00000", "2019-09-30": "124.20000", "2019-06-30": "138.30000", "2019-03-31": "124.20000", "2018-12-31": "112.10000", "2018-09-30": "104.60000", "2018-06-30": "111.30000", "2018-03-31": "104.80000", "2017-12-31": "92.80000", "2017-09-30": "84.20000", "2017-06-30": "85.80000", "2017-03-31": "86.40000", "2016-12-31": "79.10000", "2016-09-30": "75.70000", "2016-06-30": "69.30000", "2016-03-31": "62.10000", "2015-12-31": "61.10000", "2015-09-30": "52.30000", "2015-06-30": "45.20000", "2015-03-31": "39.40000", "2014-12-31": "36.20000", "2014-09-30": "33.70000", "2014-06-30": "30.90000", "2014-03-31": "27.60000", "2013-12-31": "23.80000", "2013-09-30": "21.60000", "2013-06-30": "20.70000", "2013-03-31": "18.10000", "2012-12-31": "17.30000", "2012-09-30": "15.40000", "2012-06-30": "15.90000", "2012-03-31": "15.40000", "2011-12-31": "14.89700", "2011-09-30": "13.24100", "2011-06-30": "12.24400", "2011-03-31": "10.71800", "2010-12-31": "9.96700", "2010-09-30": "10.37700", "2010-06-30": "10.36200", "2010-03-31": "9.79400", "2009-12-31": "9.39700", "2009-09-30": "8.94800", "2009-06-30": "8.95200", "2009-03-31": "7.90300", "2008-12-31": "7.34900", "2008-09-30": "6.65200", "2008-06-30": "7.24700", "2008-03-31": "6.42100", "2007-12-31": "5.65300", "2007-09-30": "5.94300", "2007-06-30": "5.46900", "2007-03-31": "5.37100", "2006-12-31": "5.26400", "2006-09-30": "7.07400", "2006-06-30": "4.93100", "2006-03-31": "3.84200", "2005-12-31": "1.65870", "2005-09-30": "1.81810", "2005-06-30": "1.49670", "2005-03-31": "0.68660"}, "Other Operating Income Or Expenses": {"2020-09-30": "", "2020-06-30": "", "2020-03-31": "", "2019-12-31": "", "2019-09-30": "", "2019-06-30": "", "2019-03-31": "", "2018-12-31": "", "2018-09-30": "", "2018-06-30": "", "2018-03-31": "", "2017-12-31": "", "2017-09-30": "", "2017-06-30": "", "2017-03-31": "", "2016-12-31": "", "2016-09-30": "", "2016-06-30": "", "2016-03-31": "", "2015-12-31": "", "2015-09-30": "", "2015-06-30": "", "2015-03-31": "", "2014-12-31": "", "2014-09-30": "", "2014-06-30": "", "2014-03-31": "", "2013-12-31": "", "2013-09-30": "", "2013-06-30": "", "2013-03-31": "", "2012-12-31": "", "2012-09-30": "", "2012-06-30": "", "2012-03-31": "", "2011-12-31": "", "2011-09-30": "", "2011-06-30": "", "2011-03-31": "", "2010-12-31": "", "2010-09-30": "", "2010-06-30": "", "2010-03-31": "", "2009-12-31": "", "2009-09-30": "", "2009-06-30": "", "2009-03-31": "", "2008-12-31": "", "2008-09-30": "", "2008-06-30": "", "2008-03-31": "", "2007-12-31": "", "2007-09-30": "", "2007-06-30": "", "2007-03-31": "", "2006-12-31": "", "2006-09-30": "", "2006-06-30": "", "2006-03-31": "", "2005-12-31": "", "2005-09-30": "", "2005-06-30": "", "2005-03-31": ""}, "Operating Expenses": {"2020-09-30": "406.80000", "2020-06-30": "384.00000", "2020-03-31": "371.50000", "2019-12-31": "361.30000", "2019-09-30": "340.30000", "2019-06-30": "337.20000", "2019-03-31": "294.90000", "2018-12-31": "502.59990", "2018-09-30": "252.80000", "2018-06-30": "247.40000", "2018-03-31": "215.10000", "2017-12-31": "209.00000", "2017-09-30": "185.10000", "2017-06-30": "184.20000", "2017-03-31": "182.70000", "2016-12-31": "177.30000", "2016-09-30": "167.10000", "2016-06-30": "157.40000", "2016-03-31": "135.40000", "2015-12-31": "129.20000", "2015-09-30": "147.60000", "2015-06-30": "96.80000", "2015-03-31": "85.50000", "2014-12-31": "82.70000", "2014-09-30": "74.00000", "2014-06-30": "64.60000", "2014-03-31": "59.40000", "2013-12-31": "54.00000", "2013-09-30": "48.70000", "2013-06-30": "45.70000", "2013-03-31": "40.50000", "2012-12-31": "41.60000", "2012-09-30": "40.40000", "2012-06-30": "38.10000", "2012-03-31": "35.50000", "2011-12-31": "34.68800", "2011-09-30": "31.56200", "2011-06-30": "28.80600", "2011-03-31": "26.04400", "2010-12-31": "25.50100", "2010-09-30": "24.72600", "2010-06-30": "23.05400", "2010-03-31": "20.61900", "2009-12-31": "19.93300", "2009-09-30": "18.83800", "2009-06-30": "20.20600", "2009-03-31": "16.54900", "2008-12-31": "16.81200", "2008-09-30": "15.91000", "2008-06-30": "15.43700", "2008-03-31": "14.50600", "2007-12-31": "13.70500", "2007-09-30": "12.72700", "2007-06-30": "12.40300", "2007-03-31": "12.46800", "2006-12-31": "12.59200", "2006-09-30": "15.09700", "2006-06-30": "12.38300", "2006-03-31": "11.41700", "2005-12-31": "12.60510", "2005-09-30": "6.86110", "2005-06-30": "6.84220", "2005-03-31": "6.12170"}, "Operating Income": {"2020-09-30": "94.10000", "2020-06-30": "67.80000", "2020-03-31": "33.60000", "2019-12-31": "101.50000", "2019-09-30": "56.00000", "2019-06-30": "-0.80000", "2019-03-31": "-14.40000", "2018-12-31": "-164.59990", "2018-09-30": "13.90000", "2018-06-30": "-4.90000", "2018-03-31": "-30.70000", "2017-12-31": "12.00000", "2017-09-30": "-0.50000", "2017-06-30": "-13.60000", "2017-03-31": "-40.40000", "2016-12-31": "-6.10010", "2016-09-30": "-18.50000", "2016-06-30": "-20.10000", "2016-03-31": "-19.20000", "2015-12-31": "1.60000", "2015-09-30": "-42.40000", "2015-06-30": "-3.60000", "2015-03-31": "-12.70000", "2014-12-31": "1.60000", "2014-09-30": "-5.00000", "2014-06-30": "-5.80000", "2014-03-31": "-12.30000", "2013-12-31": "-2.30000", "2013-09-30": "-5.80000", "2013-06-30": "-9.90000", "2013-03-31": "-10.90000", "2012-12-31": "-8.30000", "2012-09-30": "-17.30000", "2012-06-30": "-14.70000", "2012-03-31": "-15.40000", "2011-12-31": "-12.23300", "2011-09-30": "-13.30800", "2011-06-30": "-7.38900", "2011-03-31": "-11.87000", "2010-12-31": "-9.89600", "2010-09-30": "-13.06200", "2010-06-30": "-11.26800", "2010-03-31": "-11.07400", "2009-12-31": "-9.46200", "2009-09-30": "-11.57900", "2009-06-30": "-13.45500", "2009-03-31": "-11.33700", "2008-12-31": "-12.73800", "2008-09-30": "-13.99000", "2008-06-30": "-13.45500", "2008-03-31": "-12.64400", "2007-12-31": "-12.17700", "2007-09-30": "-11.50300", "2007-06-30": "-11.54000", "2007-03-31": "-11.45600", "2006-12-31": "-11.75700", "2006-09-30": "-14.25600", "2006-06-30": "-11.90400", "2006-03-31": "-11.40200", "2005-12-31": "-12.60510", "2005-09-30": "-6.86110", "2005-06-30": "-6.84220", "2005-03-31": "-6.12170"}, "Total Non-Operating Income/Expense": {"2020-09-30": "-19.00000", "2020-06-30": "-21.60000", "2020-03-31": "-11.20000", "2019-12-31": "-7.20000", "2019-09-30": "-10.20000", "2019-06-30": "-8.50000", "2019-03-31": "-12.20000", "2018-12-31": "-12.30000", "2018-09-30": "30.90000", "2018-06-30": "34.50000", "2018-03-31": "6.70000", "2017-12-31": "-3.40000", "2017-09-30": "-2.00000", "2017-06-30": "-0.80000", "2017-03-31": "0.10000", "2016-12-31": "-0.90000", "2016-09-30": "-0.10000", "2016-06-30": "", "2016-03-31": "", "2015-12-31": "0.00000", "2015-09-30": "-0.10000", "2015-06-30": "-0.10000", "2015-03-31": "-0.20000", "2014-12-31": "-0.20000", "2014-09-30": "-0.20000", "2014-06-30": "-0.20000", "2014-03-31": "-0.20000", "2013-12-31": "-0.30000", "2013-09-30": "-0.20000", "2013-06-30": "-0.20000", "2013-03-31": "-0.20000", "2012-12-31": "", "2012-09-30": "", "2012-06-30": "", "2012-03-31": "", "2011-12-31": "0.02800", "2011-09-30": "0.03000", "2011-06-30": "0.02200", "2011-03-31": "0.02000", "2010-12-31": "0.05400", "2010-09-30": "-0.33600", "2010-06-30": "-0.41900", "2010-03-31": "-9.19900", "2009-12-31": "-2.06700", "2009-09-30": "-1.94400", "2009-06-30": "-1.87500", "2009-03-31": "-1.80500", "2008-12-31": "-1.70700", "2008-09-30": "-1.64100", "2008-06-30": "-1.51100", "2008-03-31": "-1.17000", "2007-12-31": "-2.62800", "2007-09-30": "0.11900", "2007-06-30": "0.20400", "2007-03-31": "0.52700", "2006-12-31": "0.68300", "2006-09-30": "0.81800", "2006-06-30": "0.73600", "2006-03-31": "0.48300", "2005-12-31": "0.53690", "2005-09-30": "0.53140", "2005-06-30": "0.45800", "2005-03-31": "0.13570"}, "Pre-Tax Income": {"2020-09-30": "75.10000", "2020-06-30": "46.20000", "2020-03-31": "22.40000", "2019-12-31": "94.30000", "2019-09-30": "45.80000", "2019-06-30": "-9.30000", "2019-03-31": "-26.60000", "2018-12-31": "-176.90000", "2018-09-30": "44.80000", "2018-06-30": "29.60000", "2018-03-31": "-24.00000", "2017-12-31": "8.60000", "2017-09-30": "-2.50000", "2017-06-30": "-14.40000", "2017-03-31": "-40.30000", "2016-12-31": "-7.00000", "2016-09-30": "-18.60000", "2016-06-30": "-20.10000", "2016-03-31": "-19.20000", "2015-12-31": "1.60000", "2015-09-30": "-42.50000", "2015-06-30": "-3.70000", "2015-03-31": "-12.90000", "2014-12-31": "1.40000", "2014-09-30": "-5.20000", "2014-06-30": "-6.00000", "2014-03-31": "-12.50000", "2013-12-31": "-2.60000", "2013-09-30": "-6.00000", "2013-06-30": "-10.10000", "2013-03-31": "-11.10000", "2012-12-31": "-8.40000", "2012-09-30": "-17.30000", "2012-06-30": "-14.70000", "2012-03-31": "-15.40000", "2011-12-31": "-12.20500", "2011-09-30": "-13.27800", "2011-06-30": "-7.36700", "2011-03-31": "-11.85000", "2010-12-31": "-9.84200", "2010-09-30": "-13.39800", "2010-06-30": "-11.68700", "2010-03-31": "-20.27300", "2009-12-31": "-11.52900", "2009-09-30": "-13.52300", "2009-06-30": "-15.33000", "2009-03-31": "-13.14200", "2008-12-31": "-14.44500", "2008-09-30": "-15.63100", "2008-06-30": "-14.96600", "2008-03-31": "-13.81400", "2007-12-31": "-14.80500", "2007-09-30": "-11.38400", "2007-06-30": "-11.33600", "2007-03-31": "-10.92900", "2006-12-31": "-11.07400", "2006-09-30": "-13.43800", "2006-06-30": "-11.16800", "2006-03-31": "-10.91900", "2005-12-31": "-12.06820", "2005-09-30": "-6.32960", "2005-06-30": "-6.38420", "2005-03-31": "-5.98590"}, "Income Taxes": {"2020-09-30": "2.90000", "2020-06-30": "-0.10000", "2020-03-31": "2.50000", "2019-12-31": "1.60000", "2019-09-30": "", "2019-06-30": "1.20000", "2019-03-31": "0.30000", "2018-12-31": "2.80000", "2018-09-30": "-1.80000", "2018-06-30": "-0.60000", "2018-03-31": "0.20000", "2017-12-31": "18.00000", "2017-09-30": "-0.50000", "2017-06-30": "-17.30000", "2017-03-31": "1.40000", "2016-12-31": "0.40000", "2016-09-30": "0.20000", "2016-06-30": "0.10000", "2016-03-31": "", "2015-12-31": "", "2015-09-30": "0.00000", "2015-06-30": "", "2015-03-31": "", "2014-12-31": "", "2014-09-30": "", "2014-06-30": "", "2014-03-31": "", "2013-12-31": "", "2013-09-30": "", "2013-06-30": "", "2013-03-31": "", "2012-12-31": "", "2012-09-30": "0.00000", "2012-06-30": "0.00000", "2012-03-31": "-1.30000", "2011-12-31": "", "2011-09-30": "0.00000", "2011-06-30": "0.00000", "2011-03-31": "0.00000", "2010-12-31": "", "2010-09-30": "", "2010-06-30": "", "2010-03-31": "", "2009-12-31": "", "2009-09-30": "", "2009-06-30": "", "2009-03-31": "", "2008-12-31": "", "2008-09-30": "", "2008-06-30": "", "2008-03-31": "", "2007-12-31": "", "2007-09-30": "", "2007-06-30": "", "2007-03-31": "", "2006-12-31": "", "2006-09-30": "", "2006-06-30": "", "2006-03-31": "", "2005-12-31": "", "2005-09-30": "", "2005-06-30": "", "2005-03-31": ""}, "Income After Taxes": {"2020-09-30": "72.20000", "2020-06-30": "46.30000", "2020-03-31": "19.90000", "2019-12-31": "92.70000", "2019-09-30": "45.80000", "2019-06-30": "-10.50000", "2019-03-31": "-26.90000", "2018-12-31": "-179.70000", "2018-09-30": "46.60000", "2018-06-30": "30.20000", "2018-03-31": "-24.20000", "2017-12-31": "-9.40000", "2017-09-30": "-2.00000", "2017-06-30": "2.90000", "2017-03-31": "-41.70000", "2016-12-31": "-7.40000", "2016-09-30": "-18.80000", "2016-06-30": "-20.20000", "2016-03-31": "-19.20000", "2015-12-31": "1.50000", "2015-09-30": "-42.50000", "2015-06-30": "-3.70000", "2015-03-31": "-12.90000", "2014-12-31": "1.30000", "2014-09-30": "-5.20000", "2014-06-30": "-6.00000", "2014-03-31": "-12.50000", "2013-12-31": "-2.60000", "2013-09-30": "-6.00000", "2013-06-30": "-10.10000", "2013-03-31": "-11.10000", "2012-12-31": "-8.40000", "2012-09-30": "-17.30000", "2012-06-30": "-14.70000", "2012-03-31": "-14.10000", "2011-12-31": "-12.20500", "2011-09-30": "-13.27800", "2011-06-30": "-7.36700", "2011-03-31": "-11.85000", "2010-12-31": "-9.84200", "2010-09-30": "-13.39800", "2010-06-30": "-11.68700", "2010-03-31": "-20.27300", "2009-12-31": "-11.52900", "2009-09-30": "-13.52300", "2009-06-30": "-15.33000", "2009-03-31": "-13.14200", "2008-12-31": "-14.44500", "2008-09-30": "-15.63100", "2008-06-30": "-14.96600", "2008-03-31": "-13.81400", "2007-12-31": "-14.80500", "2007-09-30": "-11.38400", "2007-06-30": "-11.33600", "2007-03-31": "-10.92900", "2006-12-31": "-11.07400", "2006-09-30": "-13.43800", "2006-06-30": "-11.16800", "2006-03-31": "-10.91900", "2005-12-31": "-12.06820", "2005-09-30": "-6.32960", "2005-06-30": "-6.38420", "2005-03-31": "-5.98590"}, "Other Income": {"2020-09-30": "", "2020-06-30": "", "2020-03-31": "", "2019-12-31": "", "2019-09-30": "", "2019-06-30": "", "2019-03-31": "", "2018-12-31": "", "2018-09-30": "", "2018-06-30": "", "2018-03-31": "", "2017-12-31": "", "2017-09-30": "", "2017-06-30": "", "2017-03-31": "", "2016-12-31": "", "2016-09-30": "", "2016-06-30": "", "2016-03-31": "", "2015-12-31": "", "2015-09-30": "", "2015-06-30": "", "2015-03-31": "", "2014-12-31": "", "2014-09-30": "", "2014-06-30": "", "2014-03-31": "", "2013-12-31": "", "2013-09-30": "", "2013-06-30": "", "2013-03-31": "", "2012-12-31": "", "2012-09-30": "", "2012-06-30": "", "2012-03-31": "", "2011-12-31": "", "2011-09-30": "", "2011-06-30": "", "2011-03-31": "", "2010-12-31": "", "2010-09-30": "", "2010-06-30": "", "2010-03-31": "", "2009-12-31": "", "2009-09-30": "", "2009-06-30": "", "2009-03-31": "", "2008-12-31": "", "2008-09-30": "", "2008-06-30": "", "2008-03-31": "", "2007-12-31": "", "2007-09-30": "", "2007-06-30": "", "2007-03-31": "", "2006-12-31": "", "2006-09-30": "", "2006-06-30": "", "2006-03-31": "", "2005-12-31": "", "2005-09-30": "", "2005-06-30": "", "2005-03-31": ""}, "Income From Continuous Operations": {"2020-09-30": "72.20000", "2020-06-30": "46.30000", "2020-03-31": "19.90000", "2019-12-31": "92.70000", "2019-09-30": "45.80000", "2019-06-30": "-10.50000", "2019-03-31": "-26.90000", "2018-12-31": "-179.70000", "2018-09-30": "46.60000", "2018-06-30": "30.20000", "2018-03-31": "-24.20000", "2017-12-31": "-9.40000", "2017-09-30": "-2.00000", "2017-06-30": "2.90000", "2017-03-31": "-41.70000", "2016-12-31": "-7.40000", "2016-09-30": "-18.80000", "2016-06-30": "-20.20000", "2016-03-31": "-19.20000", "2015-12-31": "1.50000", "2015-09-30": "-42.50000", "2015-06-30": "-3.70000", "2015-03-31": "-12.90000", "2014-12-31": "1.30000", "2014-09-30": "-5.20000", "2014-06-30": "-6.00000", "2014-03-31": "-12.50000", "2013-12-31": "-2.60000", "2013-09-30": "-6.00000", "2013-06-30": "-10.10000", "2013-03-31": "-11.10000", "2012-12-31": "-8.40000", "2012-09-30": "-17.30000", "2012-06-30": "-14.70000", "2012-03-31": "-14.10000", "2011-12-31": "-12.20500", "2011-09-30": "-13.27800", "2011-06-30": "-7.36700", "2011-03-31": "-11.85000", "2010-12-31": "-9.84200", "2010-09-30": "-13.39800", "2010-06-30": "-11.68700", "2010-03-31": "-20.27300", "2009-12-31": "-11.52900", "2009-09-30": "-13.52300", "2009-06-30": "-15.33000", "2009-03-31": "-13.14200", "2008-12-31": "-14.44500", "2008-09-30": "-15.63100", "2008-06-30": "-14.96600", "2008-03-31": "-13.81400", "2007-12-31": "-14.80500", "2007-09-30": "-11.38400", "2007-06-30": "-11.33600", "2007-03-31": "-10.92900", "2006-12-31": "-11.07400", "2006-09-30": "-13.43800", "2006-06-30": "-11.16800", "2006-03-31": "-10.91900", "2005-12-31": "-12.06820", "2005-09-30": "-6.32960", "2005-06-30": "-6.38420", "2005-03-31": "-5.98590"}, "Income From Discontinued Operations": {"2020-09-30": "", "2020-06-30": "", "2020-03-31": "", "2019-12-31": "", "2019-09-30": "", "2019-06-30": "", "2019-03-31": "", "2018-12-31": "", "2018-09-30": "", "2018-06-30": "", "2018-03-31": "", "2017-12-31": "", "2017-09-30": "", "2017-06-30": "", "2017-03-31": "", "2016-12-31": "", "2016-09-30": "", "2016-06-30": "", "2016-03-31": "", "2015-12-31": "", "2015-09-30": "", "2015-06-30": "", "2015-03-31": "", "2014-12-31": "", "2014-09-30": "", "2014-06-30": "", "2014-03-31": "", "2013-12-31": "", "2013-09-30": "", "2013-06-30": "", "2013-03-31": "", "2012-12-31": "", "2012-09-30": "", "2012-06-30": "", "2012-03-31": "", "2011-12-31": "", "2011-09-30": "", "2011-06-30": "", "2011-03-31": "", "2010-12-31": "", "2010-09-30": "", "2010-06-30": "", "2010-03-31": "", "2009-12-31": "", "2009-09-30": "", "2009-06-30": "", "2009-03-31": "", "2008-12-31": "", "2008-09-30": "", "2008-06-30": "", "2008-03-31": "", "2007-12-31": "", "2007-09-30": "", "2007-06-30": "", "2007-03-31": "", "2006-12-31": "", "2006-09-30": "", "2006-06-30": "", "2006-03-31": "", "2005-12-31": "", "2005-09-30": "", "2005-06-30": "", "2005-03-31": ""}, "Net Income": {"2020-09-30": "72.20000", "2020-06-30": "46.30000", "2020-03-31": "19.90000", "2019-12-31": "92.70000", "2019-09-30": "45.80000", "2019-06-30": "-10.50000", "2019-03-31": "-26.90000", "2018-12-31": "-179.70000", "2018-09-30": "46.60000", "2018-06-30": "30.20000", "2018-03-31": "-24.20000", "2017-12-31": "-9.40000", "2017-09-30": "-2.00000", "2017-06-30": "2.90000", "2017-03-31": "-41.70000", "2016-12-31": "-7.40000", "2016-09-30": "-18.80000", "2016-06-30": "-20.20000", "2016-03-31": "-19.20000", "2015-12-31": "1.50000", "2015-09-30": "-42.50000", "2015-06-30": "-3.70000", "2015-03-31": "-12.90000", "2014-12-31": "1.30000", "2014-09-30": "-5.20000", "2014-06-30": "-6.00000", "2014-03-31": "-12.50000", "2013-12-31": "-2.60000", "2013-09-30": "-6.00000", "2013-06-30": "-10.10000", "2013-03-31": "-11.10000", "2012-12-31": "-8.40000", "2012-09-30": "-17.30000", "2012-06-30": "-14.70000", "2012-03-31": "-14.10000", "2011-12-31": "-12.20500", "2011-09-30": "-13.27800", "2011-06-30": "-7.36700", "2011-03-31": "-11.85000", "2010-12-31": "-9.84200", "2010-09-30": "-13.39800", "2010-06-30": "-11.68700", "2010-03-31": "-20.27300", "2009-12-31": "-11.52900", "2009-09-30": "-13.52300", "2009-06-30": "-15.33000", "2009-03-31": "-13.14200", "2008-12-31": "-14.44500", "2008-09-30": "-15.63100", "2008-06-30": "-14.96600", "2008-03-31": "-13.81400", "2007-12-31": "-14.80500", "2007-09-30": "-11.38400", "2007-06-30": "-11.33600", "2007-03-31": "-10.92900", "2006-12-31": "-11.07400", "2006-09-30": "-13.43800", "2006-06-30": "-11.16800", "2006-03-31": "-10.91900", "2005-12-31": "-12.06800", "2005-09-30": "-6.32960", "2005-06-30": "-6.39950", "2005-03-31": "-6.09290"}, "EBITDA": {"2020-09-30": "112.50000", "2020-06-30": "83.10000", "2020-03-31": "46.60000", "2019-12-31": "115.80000", "2019-09-30": "68.90000", "2019-06-30": "10.80000", "2019-03-31": "-4.50000", "2018-12-31": "-155.99990", "2018-09-30": "21.70000", "2018-06-30": "1.80000", "2018-03-31": "-24.70000", "2017-12-31": "16.20000", "2017-09-30": "3.80000", "2017-06-30": "-9.70000", "2017-03-31": "-36.70000", "2016-12-31": "-2.50010", "2016-09-30": "-14.40000", "2016-06-30": "-16.20000", "2016-03-31": "-15.80000", "2015-12-31": "4.20000", "2015-09-30": "-39.50000", "2015-06-30": "-0.90000", "2015-03-31": "-10.10000", "2014-12-31": "3.60000", "2014-09-30": "-2.70000", "2014-06-30": "-3.70000", "2014-03-31": "-10.30000", "2013-12-31": "-0.30000", "2013-09-30": "-3.90000", "2013-06-30": "-8.00000", "2013-03-31": "-9.00000", "2012-12-31": "-6.30000", "2012-09-30": "-15.00000", "2012-06-30": "-13.00000", "2012-03-31": "-13.90000", "2011-12-31": "-10.83900", "2011-09-30": "-12.01600", "2011-06-30": "-6.32700", "2011-03-31": "-10.91800", "2010-12-31": "-9.12000", "2010-09-30": "-12.23700", "2010-06-30": "-10.42900", "2010-03-31": "-10.41400", "2009-12-31": "-8.79600", "2009-09-30": "-10.77100", "2009-06-30": "-12.31400", "2009-03-31": "-10.44200", "2008-12-31": "-11.89600", "2008-09-30": "-13.21700", "2008-06-30": "-12.72600", "2008-03-31": "-11.79200", "2007-12-31": "-11.52100", "2007-09-30": "-10.92100", "2007-06-30": "-10.85300", "2007-03-31": "-10.88000", "2006-12-31": "-10.78900", "2006-09-30": "-13.78200", "2006-06-30": "-11.45200", "2006-03-31": "-10.97100", "2005-12-31": "-12.21840", "2005-09-30": "-6.53150", "2005-06-30": "-6.57750", "2005-03-31": "-6.05060"}, "EBIT": {"2020-09-30": "94.10000", "2020-06-30": "67.80000", "2020-03-31": "33.60000", "2019-12-31": "101.50010", "2019-09-30": "56.00000", "2019-06-30": "-0.80000", "2019-03-31": "-14.40000", "2018-12-31": "-164.59990", "2018-09-30": "13.90000", "2018-06-30": "-4.90000", "2018-03-31": "-30.70000", "2017-12-31": "12.00000", "2017-09-30": "-0.50000", "2017-06-30": "-13.60000", "2017-03-31": "-40.40000", "2016-12-31": "-6.10000", "2016-09-30": "-18.50000", "2016-06-30": "-20.10000", "2016-03-31": "-19.20000", "2015-12-31": "1.60000", "2015-09-30": "-42.40000", "2015-06-30": "-3.60000", "2015-03-31": "-12.70000", "2014-12-31": "1.60000", "2014-09-30": "-5.00000", "2014-06-30": "-5.80000", "2014-03-31": "-12.30000", "2013-12-31": "-2.30000", "2013-09-30": "-5.80000", "2013-06-30": "-9.90000", "2013-03-31": "-10.90000", "2012-12-31": "-8.30000", "2012-09-30": "-17.30000", "2012-06-30": "-14.70000", "2012-03-31": "-15.40000", "2011-12-31": "-12.23300", "2011-09-30": "-13.30800", "2011-06-30": "-7.38900", "2011-03-31": "-11.87000", "2010-12-31": "-9.89600", "2010-09-30": "-13.06200", "2010-06-30": "-11.26800", "2010-03-31": "-11.07400", "2009-12-31": "-9.46200", "2009-09-30": "-11.57900", "2009-06-30": "-13.45500", "2009-03-31": "-11.33700", "2008-12-31": "-12.73800", "2008-09-30": "-13.99000", "2008-06-30": "-13.45500", "2008-03-31": "-12.64400", "2007-12-31": "-12.17700", "2007-09-30": "-11.50300", "2007-06-30": "-11.54000", "2007-03-31": "-11.45600", "2006-12-31": "-11.75700", "2006-09-30": "-14.25600", "2006-06-30": "-11.90400", "2006-03-31": "-11.40200", "2005-12-31": "-12.60510", "2005-09-30": "-6.86110", "2005-06-30": "-6.84220", "2005-03-31": "-6.12170"}, "Basic Shares Outstanding": {"2020-09-30": "95.80000", "2020-06-30": "93.80000", "2020-03-31": "91.80000", "2019-12-31": "91.10000", "2019-09-30": "91.30000", "2019-06-30": "91.10000", "2019-03-31": "90.30000", "2018-12-31": "88.20000", "2018-09-30": "88.50000", "2018-06-30": "88.20000", "2018-03-31": "87.30000", "2017-12-31": "86.30000", "2017-09-30": "86.70000", "2017-06-30": "86.40000", "2017-03-31": "85.20000", "2016-12-31": "83.60000", "2016-09-30": "84.10000", "2016-06-30": "83.60000", "2016-03-31": "82.10000", "2015-12-31": "79.80000", "2015-09-30": "80.50000", "2015-06-30": "79.60000", "2015-03-31": "77.80000", "2014-12-31": "75.20000", "2014-09-30": "75.80000", "2014-06-30": "75.00000", "2014-03-31": "73.30000", "2013-12-31": "71.10000", "2013-09-30": "71.40000", "2013-06-30": "70.90000", "2013-03-31": "69.80000", "2012-12-31": "68.70000", "2012-09-30": "69.10000", "2012-06-30": "68.60000", "2012-03-31": "67.80000", "2011-12-31": "65.60000", "2011-09-30": "67.39700", "2011-06-30": "65.09600", "2011-03-31": "62.17900", "2010-12-31": "56.90000", "2010-09-30": "58.20000", "2010-06-30": "57.55400", "2010-03-31": "51.29100", "2009-12-31": "44.34700", "2009-09-30": "45.91900", "2009-06-30": "45.83200", "2009-03-31": "39.56900", "2008-12-31": "29.48700", "2008-09-30": "29.62700", "2008-06-30": "29.38700", "2008-03-31": "29.22800", "2007-12-31": "28.31300", "2007-09-30": "28.32500", "2007-06-30": "28.29900", "2007-03-31": "28.22300", "2006-12-31": "27.23600", "2006-09-30": "28.06800", "2006-06-30": "27.08000", "2006-03-31": "25.55700", "2005-12-31": "18.94400", "2005-09-30": "25.35400", "2005-06-30": "22.14000", "2005-03-31": "2.57800"}, "Shares Outstanding": {"2020-09-30": "99.50000", "2020-06-30": "97.00000", "2020-03-31": "94.10000", "2019-12-31": "92.30000", "2019-09-30": "92.50000", "2019-06-30": "91.10000", "2019-03-31": "90.30000", "2018-12-31": "88.20000", "2018-09-30": "90.30000", "2018-06-30": "89.40000", "2018-03-31": "87.30000", "2017-12-31": "86.30000", "2017-09-30": "86.70000", "2017-06-30": "87.40000", "2017-03-31": "85.20000", "2016-12-31": "83.60000", "2016-09-30": "84.10000", "2016-06-30": "83.60000", "2016-03-31": "82.10000", "2015-12-31": "79.80000", "2015-09-30": "80.50000", "2015-06-30": "79.60000", "2015-03-31": "77.80000", "2014-12-31": "75.20000", "2014-09-30": "76.10000", "2014-06-30": "75.30000", "2014-03-31": "73.30000", "2013-12-31": "71.10000", "2013-09-30": "71.40000", "2013-06-30": "70.90000", "2013-03-31": "69.80000", "2012-12-31": "68.70000", "2012-09-30": "69.10000", "2012-06-30": "68.60000", "2012-03-31": "67.80000", "2011-12-31": "65.60000", "2011-09-30": "67.39700", "2011-06-30": "65.09600", "2011-03-31": "62.17900", "2010-12-31": "56.90000", "2010-09-30": "58.20000", "2010-06-30": "57.55400", "2010-03-31": "51.29100", "2009-12-31": "44.34700", "2009-09-30": "45.91900", "2009-06-30": "45.83200", "2009-03-31": "39.56900", "2008-12-31": "29.48700", "2008-09-30": "29.62700", "2008-06-30": "29.38700", "2008-03-31": "29.22800", "2007-12-31": "28.31300", "2007-09-30": "28.32500", "2007-06-30": "28.29900", "2007-03-31": "28.22300", "2006-12-31": "27.23600", "2006-09-30": "28.06800", "2006-06-30": "27.08000", "2006-03-31": "25.55700", "2005-12-31": "18.94400", "2005-09-30": "25.35400", "2005-06-30": "22.14000", "2005-03-31": "2.57800"}, "Basic EPS": {"2020-09-30": "0.75000", "2020-06-30": "0.49000", "2020-03-31": "0.22000", "2019-12-31": "1.03000", "2019-09-30": "0.50000", "2019-06-30": "-0.12000", "2019-03-31": "-0.30000", "2018-12-31": "-2.03000", "2018-09-30": "0.53000", "2018-06-30": "0.34000", "2018-03-31": "-0.28000", "2017-12-31": "-0.10000", "2017-09-30": "-0.02000", "2017-06-30": "0.03000", "2017-03-31": "-0.49000", "2016-12-31": "-0.09000", "2016-09-30": "-0.22000", "2016-06-30": "-0.24000", "2016-03-31": "-0.23000", "2015-12-31": "0.03000", "2015-09-30": "-0.53000", "2015-06-30": "-0.05000", "2015-03-31": "-0.17000", "2014-12-31": "0.02000", "2014-09-30": "-0.07000", "2014-06-30": "-0.08000", "2014-03-31": "-0.17000", "2013-12-31": "-0.04000", "2013-09-30": "-0.08000", "2013-06-30": "-0.14000", "2013-03-31": "-0.16000", "2012-12-31": "-0.12000", "2012-09-30": "-0.25000", "2012-06-30": "-0.21000", "2012-03-31": "-0.21000", "2011-12-31": "-0.18000", "2011-09-30": "-0.20000", "2011-06-30": "-0.11000", "2011-03-31": "-0.19000", "2010-12-31": "-0.14000", "2010-09-30": "-0.23000", "2010-06-30": "-0.20000", "2010-03-31": "-0.40000", "2009-12-31": "-0.26000", "2009-09-30": "-0.29000", "2009-06-30": "-0.33000", "2009-03-31": "-0.33000", "2008-12-31": "-0.49000", "2008-09-30": "-0.53000", "2008-06-30": "-0.51000", "2008-03-31": "-0.47000", "2007-12-31": "-0.52000", "2007-09-30": "-0.40000", "2007-06-30": "-0.40000", "2007-03-31": "-0.39000", "2006-12-31": "-0.39000", "2006-09-30": "-0.48000", "2006-06-30": "-0.41000", "2006-03-31": "-0.43000", "2005-12-31": "1.27000", "2005-09-30": "-0.25000", "2005-06-30": "-0.29000", "2005-03-31": "-2.36000"}, "EPS - Earnings Per Share": {"2020-09-30": "0.73000", "2020-06-30": "0.48000", "2020-03-31": "0.21000", "2019-12-31": "1.02000", "2019-09-30": "0.50000", "2019-06-30": "-0.12000", "2019-03-31": "-0.30000", "2018-12-31": "-2.02000", "2018-09-30": "0.52000", "2018-06-30": "0.34000", "2018-03-31": "-0.28000", "2017-12-31": "-0.10000", "2017-09-30": "-0.02000", "2017-06-30": "0.03000", "2017-03-31": "-0.49000", "2016-12-31": "-0.09000", "2016-09-30": "-0.22000", "2016-06-30": "-0.24000", "2016-03-31": "-0.23000", "2015-12-31": "0.03000", "2015-09-30": "-0.53000", "2015-06-30": "-0.05000", "2015-03-31": "-0.17000", "2014-12-31": "0.04000", "2014-09-30": "-0.08000", "2014-06-30": "-0.09000", "2014-03-31": "-0.17000", "2013-12-31": "-0.04000", "2013-09-30": "-0.08000", "2013-06-30": "-0.14000", "2013-03-31": "-0.16000", "2012-12-31": "-0.12000", "2012-09-30": "-0.25000", "2012-06-30": "-0.21000", "2012-03-31": "-0.21000", "2011-12-31": "-0.18000", "2011-09-30": "-0.20000", "2011-06-30": "-0.11000", "2011-03-31": "-0.19000", "2010-12-31": "-0.14000", "2010-09-30": "-0.23000", "2010-06-30": "-0.20000", "2010-03-31": "-0.40000", "2009-12-31": "-0.26000", "2009-09-30": "-0.29000", "2009-06-30": "-0.33000", "2009-03-31": "-0.33000", "2008-12-31": "-0.49000", "2008-09-30": "-0.53000", "2008-06-30": "-0.51000", "2008-03-31": "-0.47000", "2007-12-31": "-0.52000", "2007-09-30": "-0.40000", "2007-06-30": "-0.40000", "2007-03-31": "-0.39000", "2006-12-31": "-0.39000", "2006-09-30": "-0.48000", "2006-06-30": "-0.41000", "2006-03-31": "-0.43000", "2005-12-31": "1.27000", "2005-09-30": "-0.25000", "2005-06-30": "-0.29000", "2005-03-31": "-2.36000"}}, "balance sheet": {"Cash On Hand": {"2019-12-31": "1533.30000", "2018-12-31": "1385.60000", "2017-12-31": "548.60000", "2016-12-31": "123.70000", "2015-12-31": "115.20000", "2014-12-31": "83.60000", "2013-12-31": "54.60000", "2012-12-31": "48.70000", "2011-12-31": "82.00000", "2010-12-31": "47.88800", "2009-12-31": "28.01600", "2008-12-31": "27.06800", "2007-12-31": "64.32300", "2006-12-31": "54.50800", "2005-12-31": "50.52480"}, "Receivables": {"2019-12-31": "286.30000", "2018-12-31": "226.70000", "2017-12-31": "134.30000", "2016-12-31": "101.70000", "2015-12-31": "74.10000", "2014-12-31": "42.40000", "2013-12-31": "26.10000", "2012-12-31": "19.50000", "2011-12-31": "12.50000", "2010-12-31": "6.67100", "2009-12-31": "3.49000", "2008-12-31": "1.11800", "2007-12-31": "0.21500", "2006-12-31": "0.12000", "2005-12-31": ""}, "Inventory": {"2019-12-31": "119.80000", "2018-12-31": "70.70000", "2017-12-31": "45.20000", "2016-12-31": "45.40000", "2015-12-31": "35.20000", "2014-12-31": "16.00000", "2013-12-31": "9.00000", "2012-12-31": "7.40000", "2011-12-31": "8.20000", "2010-12-31": "8.11200", "2009-12-31": "2.64100", "2008-12-31": "2.44600", "2007-12-31": "1.13900", "2006-12-31": "1.41300", "2005-12-31": ""}, "Pre-Paid Expenses": {"2019-12-31": "30.00000", "2018-12-31": "16.50000", "2017-12-31": "16.60000", "2016-12-31": "9.20000", "2015-12-31": "6.80000", "2014-12-31": "3.90000", "2013-12-31": "3.40000", "2012-12-31": "2.00000", "2011-12-31": "1.80000", "2010-12-31": "2.69000", "2009-12-31": "2.77300", "2008-12-31": "1.42600", "2007-12-31": "1.61400", "2006-12-31": "1.31500", "2005-12-31": "0.48800"}, "Other Current Assets": {"2019-12-31": "", "2018-12-31": "", "2017-12-31": "", "2016-12-31": "", "2015-12-31": "", "2014-12-31": "", "2013-12-31": "", "2012-12-31": "", "2011-12-31": "", "2010-12-31": "", "2009-12-31": "", "2008-12-31": "", "2007-12-31": "", "2006-12-31": "", "2005-12-31": ""}, "Total Current Assets": {"2019-12-31": "1969.40000", "2018-12-31": "1699.50000", "2017-12-31": "744.70000", "2016-12-31": "280.00000", "2015-12-31": "231.30000", "2014-12-31": "145.90000", "2013-12-31": "93.10000", "2012-12-31": "77.60000", "2011-12-31": "104.50000", "2010-12-31": "65.36100", "2009-12-31": "36.92000", "2008-12-31": "32.05800", "2007-12-31": "67.29100", "2006-12-31": "57.35600", "2005-12-31": "51.01280"}, "Property, Plant, And Equipment": {"2019-12-31": "321.30000", "2018-12-31": "183.10000", "2017-12-31": "145.60000", "2016-12-31": "109.40000", "2015-12-31": "54.70000", "2014-12-31": "31.20000", "2013-12-31": "20.70000", "2012-12-31": "18.90000", "2011-12-31": "15.00000", "2010-12-31": "10.76300", "2009-12-31": "6.42200", "2008-12-31": "6.10500", "2007-12-31": "6.64900", "2006-12-31": "6.11800", "2005-12-31": "5.46350"}, "Long-Term Investments": {"2019-12-31": "", "2018-12-31": "", "2017-12-31": "", "2016-12-31": "", "2015-12-31": "", "2014-12-31": "", "2013-12-31": "", "2012-12-31": "", "2011-12-31": "", "2010-12-31": "", "2009-12-31": "", "2008-12-31": "", "2007-12-31": "", "2006-12-31": "", "2005-12-31": ""}, "Goodwill And Intangible Assets": {"2019-12-31": "18.60000", "2018-12-31": "18.70000", "2017-12-31": "12.10000", "2016-12-31": "11.30000", "2015-12-31": "5.90000", "2014-12-31": "5.90000", "2013-12-31": "6.80000", "2012-12-31": "7.40000", "2011-12-31": "", "2010-12-31": "", "2009-12-31": "", "2008-12-31": "", "2007-12-31": "", "2006-12-31": "", "2005-12-31": ""}, "Other Long-Term Assets": {"2019-12-31": "14.20000", "2018-12-31": "14.70000", "2017-12-31": "1.70000", "2016-12-31": "2.10000", "2015-12-31": "0.10000", "2014-12-31": "1.60000", "2013-12-31": "1.90000", "2012-12-31": "2.10000", "2011-12-31": "1.00000", "2010-12-31": "1.04000", "2009-12-31": "3.60600", "2008-12-31": "5.71900", "2007-12-31": "3.31900", "2006-12-31": "1.07900", "2005-12-31": "0.25000"}, "Total Long-Term Assets": {"2019-12-31": "425.60000", "2018-12-31": "216.50000", "2017-12-31": "159.40000", "2016-12-31": "122.80000", "2015-12-31": "60.70000", "2014-12-31": "38.70000", "2013-12-31": "29.40000", "2012-12-31": "28.40000", "2011-12-31": "16.00000", "2010-12-31": "11.80300", "2009-12-31": "10.02800", "2008-12-31": "11.82400", "2007-12-31": "9.96800", "2006-12-31": "7.19700", "2005-12-31": "5.71350"}, "Total Assets": {"2019-12-31": "2395.00000", "2018-12-31": "1916.00000", "2017-12-31": "904.10000", "2016-12-31": "402.80000", "2015-12-31": "292.00000", "2014-12-31": "184.60000", "2013-12-31": "122.50000", "2012-12-31": "106.00000", "2011-12-31": "120.50000", "2010-12-31": "77.16400", "2009-12-31": "46.94800", "2008-12-31": "43.88200", "2007-12-31": "77.25900", "2006-12-31": "64.55300", "2005-12-31": "56.72630"}, "Total Current Liabilities": {"2019-12-31": "360.20000", "2018-12-31": "222.40000", "2017-12-31": "138.90000", "2016-12-31": "102.40000", "2015-12-31": "66.90000", "2014-12-31": "40.60000", "2013-12-31": "32.10000", "2012-12-31": "19.50000", "2011-12-31": "14.70000", "2010-12-31": "15.12900", "2009-12-31": "18.79600", "2008-12-31": "14.99600", "2007-12-31": "8.44700", "2006-12-31": "5.23000", "2005-12-31": "7.07410"}, "Long Term Debt": {"2019-12-31": "1059.70000", "2018-12-31": "1010.30000", "2017-12-31": "327.60000", "2016-12-31": "", "2015-12-31": "", "2014-12-31": "2.30000", "2013-12-31": "4.60000", "2012-12-31": "6.80000", "2011-12-31": "", "2010-12-31": "", "2009-12-31": "45.75700", "2008-12-31": "41.79600", "2007-12-31": "61.03100", "2006-12-31": "2.11800", "2005-12-31": ""}, "Other Non-Current Liabilities": {"2019-12-31": "20.10000", "2018-12-31": "20.00000", "2017-12-31": "18.20000", "2016-12-31": "16.60000", "2015-12-31": "3.90000", "2014-12-31": "1.50000", "2013-12-31": "1.70000", "2012-12-31": "2.10000", "2011-12-31": "1.00000", "2010-12-31": "1.04200", "2009-12-31": "0.84000", "2008-12-31": "0.88900", "2007-12-31": "0.66600", "2006-12-31": "0.37700", "2005-12-31": ""}, "Total Long Term Liabilities": {"2019-12-31": "1152.20000", "2018-12-31": "1030.30000", "2017-12-31": "345.80000", "2016-12-31": "16.60000", "2015-12-31": "3.90000", "2014-12-31": "3.80000", "2013-12-31": "6.30000", "2012-12-31": "9.50000", "2011-12-31": "1.30000", "2010-12-31": "1.04200", "2009-12-31": "46.59700", "2008-12-31": "48.35400", "2007-12-31": "61.69700", "2006-12-31": "2.49500", "2005-12-31": "0.24010"}, "Total Liabilities": {"2019-12-31": "1512.40000", "2018-12-31": "1252.70000", "2017-12-31": "484.70000", "2016-12-31": "119.00000", "2015-12-31": "70.80000", "2014-12-31": "44.40000", "2013-12-31": "38.40000", "2012-12-31": "29.00000", "2011-12-31": "16.00000", "2010-12-31": "16.17100", "2009-12-31": "65.39300", "2008-12-31": "63.35000", "2007-12-31": "70.14400", "2006-12-31": "7.72500", "2005-12-31": "7.31420"}, "Common Stock Net": {"2019-12-31": "0.10000", "2018-12-31": "0.10000", "2017-12-31": "0.10000", "2016-12-31": "0.10000", "2015-12-31": "0.10000", "2014-12-31": "0.10000", "2013-12-31": "0.10000", "2012-12-31": "0.10000", "2011-12-31": "0.10000", "2010-12-31": "0.06200", "2009-12-31": "0.04600", "2008-12-31": "0.03000", "2007-12-31": "0.02900", "2006-12-31": "0.02800", "2005-12-31": "0.02540"}, "Retained Earnings (Accumulated Deficit)": {"2019-12-31": "-695.70000", "2018-12-31": "-798.90000", "2017-12-31": "-671.80000", "2016-12-31": "-621.00000", "2015-12-31": "-555.40000", "2014-12-31": "-497.80000", "2013-12-31": "-475.40000", "2012-12-31": "-445.60000", "2011-12-31": "-391.10000", "2010-12-31": "-346.37800", "2009-12-31": "-291.20800", "2008-12-31": "-237.68400", "2007-12-31": "-176.25200", "2006-12-31": "-130.37400", "2005-12-31": "-83.77460"}, "Comprehensive Income": {"2019-12-31": "2.30000", "2018-12-31": "1.50000", "2017-12-31": "-2.60000", "2016-12-31": "-1.00000", "2015-12-31": "-0.30000", "2014-12-31": "-0.10000", "2013-12-31": "-0.10000", "2012-12-31": "-0.10000", "2011-12-31": "-0.10000", "2010-12-31": "-0.06600", "2009-12-31": "-0.01300", "2008-12-31": "0.05000", "2007-12-31": "0.01300", "2006-12-31": "0.01200", "2005-12-31": "-0.01190"}, "Other Share Holders Equity": {"2019-12-31": "", "2018-12-31": "", "2017-12-31": "", "2016-12-31": "", "2015-12-31": "", "2014-12-31": "", "2013-12-31": "", "2012-12-31": "", "2011-12-31": "", "2010-12-31": "", "2009-12-31": "", "2008-12-31": "", "2007-12-31": "", "2006-12-31": "", "2005-12-31": ""}, "Share Holder Equity": {"2019-12-31": "882.60000", "2018-12-31": "663.30000", "2017-12-31": "419.40000", "2016-12-31": "283.80000", "2015-12-31": "221.20000", "2014-12-31": "140.20000", "2013-12-31": "84.10000", "2012-12-31": "77.00000", "2011-12-31": "104.50000", "2010-12-31": "60.99300", "2009-12-31": "-18.44500", "2008-12-31": "-19.46800", "2007-12-31": "7.11500", "2006-12-31": "56.82800", "2005-12-31": "49.41210"}, "Total Liabilities And Share Holders Equity": {"2019-12-31": "2395.00000", "2018-12-31": "1916.00000", "2017-12-31": "904.10000", "2016-12-31": "402.80000", "2015-12-31": "292.00000", "2014-12-31": "184.60000", "2013-12-31": "122.50000", "2012-12-31": "106.00000", "2011-12-31": "120.50000", "2010-12-31": "77.16400", "2009-12-31": "46.94800", "2008-12-31": "43.88200", "2007-12-31": "77.25900", "2006-12-31": "64.55300", "2005-12-31": "56.72630"}}, "balance sheet, quarterly": {"Cash On Hand": {"2020-09-30": "2603.80000", "2020-06-30": "2508.80000", "2020-03-31": "1510.50000", "2019-12-31": "1533.30000", "2019-09-30": "1429.90000", "2019-06-30": "1377.50000", "2019-03-31": "1358.00000", "2018-12-31": "1385.60000", "2018-09-30": "668.70000", "2018-06-30": "606.10000", "2018-03-31": "533.90000", "2017-12-31": "548.60000", "2017-09-30": "525.80000", "2017-06-30": "496.60000", "2017-03-31": "181.10000", "2016-12-31": "123.70000", "2016-09-30": "127.30000", "2016-06-30": "115.60000", "2016-03-31": "106.50000", "2015-12-31": "115.20000", "2015-09-30": "113.30000", "2015-06-30": "97.50000", "2015-03-31": "83.80000", "2014-12-31": "83.60000", "2014-09-30": "74.90000", "2014-06-30": "61.30000", "2014-03-31": "57.40000", "2013-12-31": "54.60000", "2013-09-30": "47.60000", "2013-06-30": "46.40000", "2013-03-31": "45.30000", "2012-12-31": "48.70000", "2012-09-30": "53.38500", "2012-06-30": "61.18800", "2012-03-31": "70.18400", "2011-12-31": "82.00000", "2011-09-30": "97.31700", "2011-06-30": "106.01700", "2011-03-31": "38.54500", "2010-12-31": "47.88800", "2010-09-30": "31.57300", "2010-06-30": "40.08100", "2010-03-31": "49.92100", "2009-12-31": "28.01600", "2009-09-30": "37.71800", "2009-06-30": "48.87400", "2009-03-31": "61.45200", "2008-12-31": "27.06800", "2008-09-30": "25.38300", "2008-06-30": "37.85900", "2008-03-31": "50.58400", "2007-12-31": "64.32300", "2007-09-30": "74.27900", "2007-06-30": "84.20000", "2007-03-31": "93.17600", "2006-12-31": "54.50800", "2006-09-30": "64.67730", "2006-06-30": "72.34290", "2006-03-31": "38.67430", "2005-12-31": "50.52480", "2005-09-30": "59.45430", "2005-06-30": "66.58450", "2005-03-31": "21.75170"}, "Receivables": {"2020-09-30": "370.00000", "2020-06-30": "296.50000", "2020-03-31": "300.70000", "2019-12-31": "286.30000", "2019-09-30": "234.90000", "2019-06-30": "217.30000", "2019-03-31": "204.70000", "2018-12-31": "226.70000", "2018-09-30": "169.80000", "2018-06-30": "162.00000", "2018-03-31": "123.90000", "2017-12-31": "134.30000", "2017-09-30": "110.50000", "2017-06-30": "101.70000", "2017-03-31": "85.90000", "2016-12-31": "101.70000", "2016-09-30": "76.80000", "2016-06-30": "73.80000", "2016-03-31": "67.30000", "2015-12-31": "74.10000", "2015-09-30": "55.80000", "2015-06-30": "45.50000", "2015-03-31": "40.20000", "2014-12-31": "42.40000", "2014-09-30": "31.40000", "2014-06-30": "28.60000", "2014-03-31": "23.80000", "2013-12-31": "26.10000", "2013-09-30": "21.60000", "2013-06-30": "17.70000", "2013-03-31": "16.30000", "2012-12-31": "19.50000", "2012-09-30": "12.35700", "2012-06-30": "12.90000", "2012-03-31": "12.54300", "2011-12-31": "12.50000", "2011-09-30": "9.00300", "2011-06-30": "8.69400", "2011-03-31": "7.15800", "2010-12-31": "6.67100", "2010-09-30": "5.10200", "2010-06-30": "4.66100", "2010-03-31": "3.80100", "2009-12-31": "3.49000", "2009-09-30": "2.48700", "2009-06-30": "2.06700", "2009-03-31": "1.34500", "2008-12-31": "1.11800", "2008-09-30": "0.42900", "2008-06-30": "0.56800", "2008-03-31": "0.32100", "2007-12-31": "0.21500", "2007-09-30": "0.17100", "2007-06-30": "0.12600", "2007-03-31": "0.19800", "2006-12-31": "0.12000", "2006-09-30": "0.11920", "2006-06-30": "0.09140", "2006-03-31": "", "2005-12-31": "", "2005-09-30": "", "2005-06-30": "", "2005-03-31": ""}, "Inventory": {"2020-09-30": "200.70000", "2020-06-30": "165.30000", "2020-03-31": "141.90000", "2019-12-31": "119.80000", "2019-09-30": "120.40000", "2019-06-30": "117.90000", "2019-03-31": "101.10000", "2018-12-31": "70.70000", "2018-09-30": "55.20000", "2018-06-30": "46.20000", "2018-03-31": "51.60000", "2017-12-31": "45.20000", "2017-09-30": "43.30000", "2017-06-30": "42.80000", "2017-03-31": "46.50000", "2016-12-31": "45.40000", "2016-09-30": "44.70000", "2016-06-30": "42.90000", "2016-03-31": "46.10000", "2015-12-31": "35.20000", "2015-09-30": "30.60000", "2015-06-30": "22.40000", "2015-03-31": "18.40000", "2014-12-31": "16.00000", "2014-09-30": "14.30000", "2014-06-30": "11.60000", "2014-03-31": "8.90000", "2013-12-31": "9.00000", "2013-09-30": "10.00000", "2013-06-30": "7.30000", "2013-03-31": "7.50000", "2012-12-31": "7.40000", "2012-09-30": "7.14100", "2012-06-30": "7.37800", "2012-03-31": "8.04400", "2011-12-31": "8.20000", "2011-09-30": "6.45500", "2011-06-30": "6.25800", "2011-03-31": "6.42500", "2010-12-31": "8.11200", "2010-09-30": "6.35300", "2010-06-30": "4.08700", "2010-03-31": "3.85100", "2009-12-31": "2.64100", "2009-09-30": "1.93200", "2009-06-30": "1.36300", "2009-03-31": "2.36500", "2008-12-31": "2.44600", "2008-09-30": "2.59000", "2008-06-30": "2.77100", "2008-03-31": "1.82400", "2007-12-31": "1.13900", "2007-09-30": "1.03500", "2007-06-30": "1.25400", "2007-03-31": "1.45700", "2006-12-31": "1.41300", "2006-09-30": "1.93710", "2006-06-30": "3.20760", "2006-03-31": "1.91950", "2005-12-31": "", "2005-09-30": "", "2005-06-30": "", "2005-03-31": ""}, "Pre-Paid Expenses": {"2020-09-30": "62.60000", "2020-06-30": "62.40000", "2020-03-31": "42.60000", "2019-12-31": "30.00000", "2019-09-30": "30.50000", "2019-06-30": "31.50000", "2019-03-31": "27.00000", "2018-12-31": "16.50000", "2018-09-30": "20.40000", "2018-06-30": "21.70000", "2018-03-31": "19.90000", "2017-12-31": "16.60000", "2017-09-30": "13.30000", "2017-06-30": "15.70000", "2017-03-31": "17.00000", "2016-12-31": "9.20000", "2016-09-30": "9.80000", "2016-06-30": "8.70000", "2016-03-31": "7.50000", "2015-12-31": "6.80000", "2015-09-30": "4.00000", "2015-06-30": "5.00000", "2015-03-31": "3.80000", "2014-12-31": "3.90000", "2014-09-30": "2.80000", "2014-06-30": "4.00000", "2014-03-31": "3.50000", "2013-12-31": "3.40000", "2013-09-30": "2.50000", "2013-06-30": "2.80000", "2013-03-31": "2.20000", "2012-12-31": "2.00000", "2012-09-30": "2.68800", "2012-06-30": "2.52700", "2012-03-31": "2.05100", "2011-12-31": "1.80000", "2011-09-30": "2.45700", "2011-06-30": "3.01100", "2011-03-31": "2.30400", "2010-12-31": "2.69000", "2010-09-30": "1.46000", "2010-06-30": "1.61400", "2010-03-31": "1.43600", "2009-12-31": "2.77300", "2009-09-30": "1.23900", "2009-06-30": "1.81900", "2009-03-31": "1.34400", "2008-12-31": "1.42600", "2008-09-30": "1.38200", "2008-06-30": "1.75700", "2008-03-31": "1.11800", "2007-12-31": "1.61400", "2007-09-30": "1.59800", "2007-06-30": "1.93900", "2007-03-31": "1.25100", "2006-12-31": "1.31500", "2006-09-30": "1.21000", "2006-06-30": "1.40890", "2006-03-31": "0.56740", "2005-12-31": "0.48800", "2005-09-30": "1.01270", "2005-06-30": "0.76000", "2005-03-31": "0.15810"}, "Other Current Assets": {"2020-09-30": "", "2020-06-30": "", "2020-03-31": "", "2019-12-31": "", "2019-09-30": "", "2019-06-30": "", "2019-03-31": "", "2018-12-31": "", "2018-09-30": "", "2018-06-30": "", "2018-03-31": "", "2017-12-31": "", "2017-09-30": "", "2017-06-30": "", "2017-03-31": "", "2016-12-31": "", "2016-09-30": "", "2016-06-30": "", "2016-03-31": "", "2015-12-31": "", "2015-09-30": "", "2015-06-30": "", "2015-03-31": "", "2014-12-31": "", "2014-09-30": "", "2014-06-30": "", "2014-03-31": "", "2013-12-31": "", "2013-09-30": "", "2013-06-30": "", "2013-03-31": "", "2012-12-31": "", "2012-09-30": "", "2012-06-30": "", "2012-03-31": "", "2011-12-31": "", "2011-09-30": "", "2011-06-30": "", "2011-03-31": "", "2010-12-31": "", "2010-09-30": "", "2010-06-30": "", "2010-03-31": "", "2009-12-31": "", "2009-09-30": "", "2009-06-30": "", "2009-03-31": "", "2008-12-31": "", "2008-09-30": "", "2008-06-30": "", "2008-03-31": "", "2007-12-31": "", "2007-09-30": "", "2007-06-30": "", "2007-03-31": "", "2006-12-31": "", "2006-09-30": "", "2006-06-30": "", "2006-03-31": "", "2005-12-31": "", "2005-09-30": "", "2005-06-30": "", "2005-03-31": ""}, "Total Current Assets": {"2020-09-30": "3237.10000", "2020-06-30": "3033.00000", "2020-03-31": "1995.70000", "2019-12-31": "1969.40000", "2019-09-30": "1815.70000", "2019-06-30": "1744.20000", "2019-03-31": "1690.80000", "2018-12-31": "1699.50000", "2018-09-30": "914.10000", "2018-06-30": "836.00000", "2018-03-31": "729.30000", "2017-12-31": "744.70000", "2017-09-30": "692.90000", "2017-06-30": "656.80000", "2017-03-31": "330.50000", "2016-12-31": "280.00000", "2016-09-30": "258.60000", "2016-06-30": "241.00000", "2016-03-31": "227.40000", "2015-12-31": "231.30000", "2015-09-30": "203.70000", "2015-06-30": "170.40000", "2015-03-31": "146.20000", "2014-12-31": "145.90000", "2014-09-30": "123.40000", "2014-06-30": "105.50000", "2014-03-31": "93.60000", "2013-12-31": "93.10000", "2013-09-30": "81.70000", "2013-06-30": "74.20000", "2013-03-31": "71.30000", "2012-12-31": "77.60000", "2012-09-30": "75.57100", "2012-06-30": "83.99300", "2012-03-31": "92.82200", "2011-12-31": "104.50000", "2011-09-30": "115.23200", "2011-06-30": "123.98000", "2011-03-31": "54.43200", "2010-12-31": "65.36100", "2010-09-30": "44.48800", "2010-06-30": "50.44300", "2010-03-31": "59.00900", "2009-12-31": "36.92000", "2009-09-30": "43.37600", "2009-06-30": "54.12300", "2009-03-31": "66.50600", "2008-12-31": "32.05800", "2008-09-30": "29.78400", "2008-06-30": "42.95500", "2008-03-31": "53.84700", "2007-12-31": "67.29100", "2007-09-30": "77.08300", "2007-06-30": "87.51900", "2007-03-31": "96.08200", "2006-12-31": "57.35600", "2006-09-30": "67.94370", "2006-06-30": "77.05080", "2006-03-31": "41.16120", "2005-12-31": "51.01280", "2005-09-30": "60.46700", "2005-06-30": "67.34450", "2005-03-31": "21.90980"}, "Property, Plant, And Equipment": {"2020-09-30": "461.80000", "2020-06-30": "384.30000", "2020-03-31": "346.10000", "2019-12-31": "321.30000", "2019-09-30": "301.00000", "2019-06-30": "253.20000", "2019-03-31": "221.40000", "2018-12-31": "183.10000", "2018-09-30": "169.60000", "2018-06-30": "156.80000", "2018-03-31": "152.40000", "2017-12-31": "145.60000", "2017-09-30": "136.10000", "2017-06-30": "125.00000", "2017-03-31": "123.40000", "2016-12-31": "109.40000", "2016-09-30": "88.40000", "2016-06-30": "77.00000", "2016-03-31": "65.90000", "2015-12-31": "54.70000", "2015-09-30": "46.60000", "2015-06-30": "40.60000", "2015-03-31": "35.70000", "2014-12-31": "31.20000", "2014-09-30": "28.00000", "2014-06-30": "26.00000", "2014-03-31": "22.90000", "2013-12-31": "20.70000", "2013-09-30": "19.70000", "2013-06-30": "19.10000", "2013-03-31": "18.30000", "2012-12-31": "18.90000", "2012-09-30": "18.61300", "2012-06-30": "17.76800", "2012-03-31": "16.20600", "2011-12-31": "15.00000", "2011-09-30": "12.52400", "2011-06-30": "12.01600", "2011-03-31": "11.74800", "2010-12-31": "10.76300", "2010-09-30": "9.24000", "2010-06-30": "7.77500", "2010-03-31": "6.88000", "2009-12-31": "6.42200", "2009-09-30": "6.73100", "2009-06-30": "6.49500", "2009-03-31": "6.40300", "2008-12-31": "6.10500", "2008-09-30": "6.44200", "2008-06-30": "6.54300", "2008-03-31": "6.85400", "2007-12-31": "6.64900", "2007-09-30": "5.05800", "2007-06-30": "5.56500", "2007-03-31": "5.81900", "2006-12-31": "6.11800", "2006-09-30": "6.67850", "2006-06-30": "6.65720", "2006-03-31": "6.02650", "2005-12-31": "5.46350", "2005-09-30": "3.56050", "2005-06-30": "2.48210", "2005-03-31": "1.92860"}, "Long-Term Investments": {"2020-09-30": "", "2020-06-30": "", "2020-03-31": "", "2019-12-31": "", "2019-09-30": "", "2019-06-30": "", "2019-03-31": "", "2018-12-31": "", "2018-09-30": "", "2018-06-30": "", "2018-03-31": "", "2017-12-31": "", "2017-09-30": "", "2017-06-30": "", "2017-03-31": "", "2016-12-31": "", "2016-09-30": "", "2016-06-30": "", "2016-03-31": "", "2015-12-31": "", "2015-09-30": "", "2015-06-30": "", "2015-03-31": "", "2014-12-31": "", "2014-09-30": "", "2014-06-30": "", "2014-03-31": "", "2013-12-31": "", "2013-09-30": "", "2013-06-30": "", "2013-03-31": "", "2012-12-31": "", "2012-09-30": "", "2012-06-30": "", "2012-03-31": "", "2011-12-31": "", "2011-09-30": "", "2011-06-30": "", "2011-03-31": "", "2010-12-31": "", "2010-09-30": "", "2010-06-30": "", "2010-03-31": "", "2009-12-31": "", "2009-09-30": "", "2009-06-30": "", "2009-03-31": "", "2008-12-31": "", "2008-09-30": "", "2008-06-30": "", "2008-03-31": "", "2007-12-31": "", "2007-09-30": "", "2007-06-30": "", "2007-03-31": "", "2006-12-31": "", "2006-09-30": "", "2006-06-30": "", "2006-03-31": "", "2005-12-31": "", "2005-09-30": "", "2005-06-30": "", "2005-03-31": ""}, "Goodwill And Intangible Assets": {"2020-09-30": "19.00000", "2020-06-30": "18.70000", "2020-03-31": "18.60000", "2019-12-31": "18.60000", "2019-09-30": "18.40000", "2019-06-30": "18.70000", "2019-03-31": "18.60000", "2018-12-31": "18.70000", "2018-09-30": "18.40000", "2018-06-30": "11.90000", "2018-03-31": "12.30000", "2017-12-31": "12.10000", "2017-09-30": "12.00000", "2017-06-30": "11.90000", "2017-03-31": "11.40000", "2016-12-31": "11.30000", "2016-09-30": "13.40000", "2016-06-30": "13.60000", "2016-03-31": "5.70000", "2015-12-31": "5.90000", "2015-09-30": "6.10000", "2015-06-30": "6.20000", "2015-03-31": "5.80000", "2014-12-31": "5.90000", "2014-09-30": "6.30000", "2014-06-30": "6.50000", "2014-03-31": "6.60000", "2013-12-31": "6.80000", "2013-09-30": "6.90000", "2013-06-30": "7.10000", "2013-03-31": "7.20000", "2012-12-31": "7.40000", "2012-09-30": "7.47500", "2012-06-30": "7.62400", "2012-03-31": "7.77200", "2011-12-31": "", "2011-09-30": "", "2011-06-30": "", "2011-03-31": "", "2010-12-31": "", "2010-09-30": "", "2010-06-30": "", "2010-03-31": "", "2009-12-31": "", "2009-09-30": "", "2009-06-30": "", "2009-03-31": "", "2008-12-31": "", "2008-09-30": "", "2008-06-30": "", "2008-03-31": "", "2007-12-31": "", "2007-09-30": "", "2007-06-30": "", "2007-03-31": "", "2006-12-31": "", "2006-09-30": "", "2006-06-30": "", "2006-03-31": "", "2005-12-31": "", "2005-09-30": "", "2005-06-30": "", "2005-03-31": ""}, "Other Long-Term Assets": {"2020-09-30": "21.00000", "2020-06-30": "14.20000", "2020-03-31": "13.70000", "2019-12-31": "14.20000", "2019-09-30": "16.00000", "2019-06-30": "14.00000", "2019-03-31": "15.50000", "2018-12-31": "14.70000", "2018-09-30": "12.20000", "2018-06-30": "2.80000", "2018-03-31": "2.80000", "2017-12-31": "1.70000", "2017-09-30": "1.90000", "2017-06-30": "1.90000", "2017-03-31": "1.90000", "2016-12-31": "2.10000", "2016-09-30": "1.50000", "2016-06-30": "1.20000", "2016-03-31": "0.40000", "2015-12-31": "0.10000", "2015-09-30": "0.30000", "2015-06-30": "1.20000", "2015-03-31": "1.60000", "2014-12-31": "1.60000", "2014-09-30": "1.70000", "2014-06-30": "1.70000", "2014-03-31": "1.80000", "2013-12-31": "1.90000", "2013-09-30": "1.80000", "2013-06-30": "1.90000", "2013-03-31": "2.00000", "2012-12-31": "2.10000", "2012-09-30": "1.13700", "2012-06-30": "1.13700", "2012-03-31": "1.16200", "2011-12-31": "1.00000", "2011-09-30": "1.03700", "2011-06-30": "0.37300", "2011-03-31": "0.37500", "2010-12-31": "1.04000", "2010-09-30": "0.37700", "2010-06-30": "2.34700", "2010-03-31": "2.42500", "2009-12-31": "3.60600", "2009-09-30": "3.84900", "2009-06-30": "4.48300", "2009-03-31": "5.03700", "2008-12-31": "5.71900", "2008-09-30": "6.84900", "2008-06-30": "7.55500", "2008-03-31": "8.26100", "2007-12-31": "3.31900", "2007-09-30": "3.34800", "2007-06-30": "3.44300", "2007-03-31": "3.56000", "2006-12-31": "1.07900", "2006-09-30": "0.91400", "2006-06-30": "0.91400", "2006-03-31": "0.30000", "2005-12-31": "0.25000", "2005-09-30": "0.25000", "2005-06-30": "0.25000", "2005-03-31": "0.20000"}, "Total Long-Term Assets": {"2020-09-30": "596.10000", "2020-06-30": "488.80000", "2020-03-31": "452.20000", "2019-12-31": "425.60000", "2019-09-30": "370.00000", "2019-06-30": "321.70000", "2019-03-31": "283.20000", "2018-12-31": "216.50000", "2018-09-30": "200.20000", "2018-06-30": "171.50000", "2018-03-31": "167.50000", "2017-12-31": "159.40000", "2017-09-30": "150.00000", "2017-06-30": "138.80000", "2017-03-31": "136.70000", "2016-12-31": "122.80000", "2016-09-30": "103.30000", "2016-06-30": "91.80000", "2016-03-31": "72.00000", "2015-12-31": "60.70000", "2015-09-30": "53.00000", "2015-06-30": "48.00000", "2015-03-31": "43.10000", "2014-12-31": "38.70000", "2014-09-30": "36.00000", "2014-06-30": "34.20000", "2014-03-31": "31.30000", "2013-12-31": "29.40000", "2013-09-30": "28.40000", "2013-06-30": "28.10000", "2013-03-31": "27.50000", "2012-12-31": "28.40000", "2012-09-30": "27.22500", "2012-06-30": "26.52900", "2012-03-31": "25.14000", "2011-12-31": "16.00000", "2011-09-30": "13.56100", "2011-06-30": "12.38900", "2011-03-31": "12.12300", "2010-12-31": "11.80300", "2010-09-30": "9.61700", "2010-06-30": "10.12200", "2010-03-31": "9.30500", "2009-12-31": "10.02800", "2009-09-30": "10.58000", "2009-06-30": "10.97800", "2009-03-31": "11.44000", "2008-12-31": "11.82400", "2008-09-30": "13.29100", "2008-06-30": "14.09800", "2008-03-31": "15.11500", "2007-12-31": "9.96800", "2007-09-30": "8.40600", "2007-06-30": "9.00800", "2007-03-31": "9.37900", "2006-12-31": "7.19700", "2006-09-30": "7.59250", "2006-06-30": "7.57120", "2006-03-31": "6.32650", "2005-12-31": "5.71350", "2005-09-30": "3.81050", "2005-06-30": "2.73210", "2005-03-31": "3.45500"}, "Total Assets": {"2020-09-30": "3833.20000", "2020-06-30": "3521.80000", "2020-03-31": "2447.90000", "2019-12-31": "2395.00000", "2019-09-30": "2185.70000", "2019-06-30": "2065.90000", "2019-03-31": "1974.00000", "2018-12-31": "1916.00000", "2018-09-30": "1114.30000", "2018-06-30": "1007.50000", "2018-03-31": "896.80000", "2017-12-31": "904.10000", "2017-09-30": "842.90000", "2017-06-30": "795.60000", "2017-03-31": "467.20000", "2016-12-31": "402.80000", "2016-09-30": "361.90000", "2016-06-30": "332.80000", "2016-03-31": "299.40000", "2015-12-31": "292.00000", "2015-09-30": "256.70000", "2015-06-30": "218.40000", "2015-03-31": "189.30000", "2014-12-31": "184.60000", "2014-09-30": "159.40000", "2014-06-30": "139.70000", "2014-03-31": "124.90000", "2013-12-31": "122.50000", "2013-09-30": "110.10000", "2013-06-30": "102.30000", "2013-03-31": "98.80000", "2012-12-31": "106.00000", "2012-09-30": "102.79600", "2012-06-30": "110.52200", "2012-03-31": "117.96200", "2011-12-31": "120.50000", "2011-09-30": "128.79300", "2011-06-30": "136.36900", "2011-03-31": "66.55500", "2010-12-31": "77.16400", "2010-09-30": "54.10500", "2010-06-30": "60.56500", "2010-03-31": "68.31400", "2009-12-31": "46.94800", "2009-09-30": "53.95600", "2009-06-30": "65.10100", "2009-03-31": "77.94600", "2008-12-31": "43.88200", "2008-09-30": "43.07500", "2008-06-30": "57.05300", "2008-03-31": "68.96200", "2007-12-31": "77.25900", "2007-09-30": "85.48900", "2007-06-30": "96.52700", "2007-03-31": "105.46100", "2006-12-31": "64.55300", "2006-09-30": "75.53610", "2006-06-30": "84.62210", "2006-03-31": "47.48770", "2005-12-31": "56.72630", "2005-09-30": "64.27740", "2005-06-30": "70.07660", "2005-03-31": "25.36480"}, "Total Current Liabilities": {"2020-09-30": "506.40000", "2020-06-30": "400.10000", "2020-03-31": "342.80000", "2019-12-31": "360.20000", "2019-09-30": "322.40000", "2019-06-30": "288.20000", "2019-03-31": "235.40000", "2018-12-31": "222.40000", "2018-09-30": "193.90000", "2018-06-30": "170.80000", "2018-03-31": "125.10000", "2017-12-31": "138.90000", "2017-09-30": "118.20000", "2017-06-30": "105.10000", "2017-03-31": "171.70000", "2016-12-31": "102.40000", "2016-09-30": "86.10000", "2016-06-30": "73.90000", "2016-03-31": "64.10000", "2015-12-31": "66.90000", "2015-09-30": "58.80000", "2015-06-30": "44.20000", "2015-03-31": "37.00000", "2014-12-31": "40.60000", "2014-09-30": "40.60000", "2014-06-30": "35.60000", "2014-03-31": "29.70000", "2013-12-31": "32.10000", "2013-09-30": "27.40000", "2013-06-30": "21.10000", "2013-03-31": "16.20000", "2012-12-31": "19.50000", "2012-09-30": "20.40400", "2012-06-30": "16.96100", "2012-03-31": "16.07600", "2011-12-31": "14.70000", "2011-09-30": "14.74300", "2011-06-30": "13.77600", "2011-03-31": "11.59500", "2010-12-31": "15.12900", "2010-09-30": "17.00800", "2010-06-30": "15.51400", "2010-03-31": "15.82800", "2009-12-31": "18.79600", "2009-09-30": "17.53500", "2009-06-30": "16.62400", "2009-03-31": "14.99700", "2008-12-31": "14.99600", "2008-09-30": "7.82700", "2008-06-30": "8.60900", "2008-03-31": "8.09700", "2007-12-31": "8.44700", "2007-09-30": "6.10700", "2007-06-30": "7.44700", "2007-03-31": "6.49800", "2006-12-31": "5.23000", "2006-09-30": "6.56800", "2006-06-30": "4.92430", "2006-03-31": "6.96770", "2005-12-31": "7.07410", "2005-09-30": "2.91860", "2005-06-30": "2.86860", "2005-03-31": "2.79770"}, "Long Term Debt": {"2020-09-30": "1645.80000", "2020-06-30": "1658.80000", "2020-03-31": "1072.40000", "2019-12-31": "1059.70000", "2019-09-30": "1047.10000", "2019-06-30": "1034.70000", "2019-03-31": "1022.40000", "2018-12-31": "1010.30000", "2018-09-30": "338.80000", "2018-06-30": "335.00000", "2018-03-31": "331.30000", "2017-12-31": "327.60000", "2017-09-30": "324.00000", "2017-06-30": "320.50000", "2017-03-31": "", "2016-12-31": "", "2016-09-30": "", "2016-06-30": "", "2016-03-31": "", "2015-12-31": "", "2015-09-30": "0.40000", "2015-06-30": "1.10000", "2015-03-31": "1.70000", "2014-12-31": "2.30000", "2014-09-30": "2.90000", "2014-06-30": "3.50000", "2014-03-31": "4.10000", "2013-12-31": "4.60000", "2013-09-30": "5.20000", "2013-06-30": "5.80000", "2013-03-31": "6.30000", "2012-12-31": "6.80000", "2012-09-30": "", "2012-06-30": "", "2012-03-31": "", "2011-12-31": "", "2011-09-30": "", "2011-06-30": "", "2011-03-31": "", "2010-12-31": "", "2010-09-30": "0.88100", "2010-06-30": "3.28300", "2010-03-31": "4.96800", "2009-12-31": "45.75700", "2009-09-30": "44.68300", "2009-06-30": "1.95300", "2009-03-31": "42.70600", "2008-12-31": "41.79600", "2008-09-30": "61.65000", "2008-06-30": "0.25400", "2008-03-31": "62.78800", "2007-12-31": "61.03100", "2007-09-30": "61.37500", "2007-06-30": "61.71900", "2007-03-31": "62.14900", "2006-12-31": "2.11800", "2006-09-30": "2.16000", "2006-06-30": "1.35000", "2006-03-31": "", "2005-12-31": "", "2005-09-30": "", "2005-06-30": "", "2005-03-31": ""}, "Other Non-Current Liabilities": {"2020-09-30": "78.50000", "2020-06-30": "35.30000", "2020-03-31": "20.90000", "2019-12-31": "20.10000", "2019-09-30": "17.60000", "2019-06-30": "17.50000", "2019-03-31": "18.10000", "2018-12-31": "20.00000", "2018-09-30": "19.40000", "2018-06-30": "19.60000", "2018-03-31": "18.70000", "2017-12-31": "18.20000", "2017-09-30": "16.70000", "2017-06-30": "16.30000", "2017-03-31": "17.70000", "2016-12-31": "16.60000", "2016-09-30": "14.00000", "2016-06-30": "12.50000", "2016-03-31": "4.10000", "2015-12-31": "3.90000", "2015-09-30": "4.20000", "2015-06-30": "2.40000", "2015-03-31": "2.00000", "2014-12-31": "1.50000", "2014-09-30": "0.90000", "2014-06-30": "1.00000", "2014-03-31": "1.10000", "2013-12-31": "1.70000", "2013-09-30": "2.80000", "2013-06-30": "3.10000", "2013-03-31": "2.70000", "2012-12-31": "2.10000", "2012-09-30": "1.57000", "2012-06-30": "1.55100", "2012-03-31": "1.50100", "2011-12-31": "1.00000", "2011-09-30": "0.98500", "2011-06-30": "1.01800", "2011-03-31": "1.02700", "2010-12-31": "1.04200", "2010-09-30": "0.97200", "2010-06-30": "0.75000", "2010-03-31": "0.79100", "2009-12-31": "0.84000", "2009-09-30": "0.83900", "2009-06-30": "0.88000", "2009-03-31": "0.91600", "2008-12-31": "0.88900", "2008-09-30": "0.67900", "2008-06-30": "0.67900", "2008-03-31": "0.67300", "2007-12-31": "0.66600", "2007-09-30": "0.68300", "2007-06-30": "0.68400", "2007-03-31": "0.41200", "2006-12-31": "0.37700", "2006-09-30": "", "2006-06-30": "", "2006-03-31": "", "2005-12-31": "", "2005-09-30": "", "2005-06-30": "", "2005-03-31": ""}, "Total Long Term Liabilities": {"2020-09-30": "1827.50000", "2020-06-30": "1767.80000", "2020-03-31": "1170.60000", "2019-12-31": "1152.20000", "2019-09-30": "1099.00000", "2019-06-30": "1089.40000", "2019-03-31": "1070.00000", "2018-12-31": "1030.30000", "2018-09-30": "358.20000", "2018-06-30": "354.60000", "2018-03-31": "350.00000", "2017-12-31": "345.80000", "2017-09-30": "340.70000", "2017-06-30": "336.80000", "2017-03-31": "17.70000", "2016-12-31": "16.60000", "2016-09-30": "14.00000", "2016-06-30": "12.50000", "2016-03-31": "4.10000", "2015-12-31": "3.90000", "2015-09-30": "4.60000", "2015-06-30": "3.50000", "2015-03-31": "3.70000", "2014-12-31": "3.80000", "2014-09-30": "3.80000", "2014-06-30": "4.50000", "2014-03-31": "5.20000", "2013-12-31": "6.30000", "2013-09-30": "8.00000", "2013-06-30": "8.90000", "2013-03-31": "9.00000", "2012-12-31": "9.50000", "2012-09-30": "2.13900", "2012-06-30": "2.25300", "2012-03-31": "2.33500", "2011-12-31": "1.30000", "2011-09-30": "0.98500", "2011-06-30": "1.01800", "2011-03-31": "1.59800", "2010-12-31": "1.04200", "2010-09-30": "1.85300", "2010-06-30": "4.03300", "2010-03-31": "5.75900", "2009-12-31": "46.59700", "2009-09-30": "45.52200", "2009-06-30": "46.50000", "2009-03-31": "47.79500", "2008-12-31": "48.35400", "2008-09-30": "62.54100", "2008-06-30": "63.15200", "2008-03-31": "63.75700", "2007-12-31": "61.69700", "2007-09-30": "62.05800", "2007-06-30": "62.40300", "2007-03-31": "62.56100", "2006-12-31": "2.49500", "2006-09-30": "2.62250", "2006-06-30": "1.69100", "2006-03-31": "0.23820", "2005-12-31": "0.24010", "2005-09-30": "0.24200", "2005-06-30": "0.14690", "2005-03-31": "0.13300"}, "Total Liabilities": {"2020-09-30": "2333.90000", "2020-06-30": "2167.90000", "2020-03-31": "1513.40000", "2019-12-31": "1512.40000", "2019-09-30": "1421.40000", "2019-06-30": "1377.60000", "2019-03-31": "1305.40000", "2018-12-31": "1252.70000", "2018-09-30": "552.10000", "2018-06-30": "525.40000", "2018-03-31": "475.10000", "2017-12-31": "484.70000", "2017-09-30": "458.90000", "2017-06-30": "441.90000", "2017-03-31": "189.40000", "2016-12-31": "119.00000", "2016-09-30": "100.10000", "2016-06-30": "86.40000", "2016-03-31": "68.20000", "2015-12-31": "70.80000", "2015-09-30": "63.40000", "2015-06-30": "47.70000", "2015-03-31": "40.70000", "2014-12-31": "44.40000", "2014-09-30": "44.40000", "2014-06-30": "40.10000", "2014-03-31": "34.90000", "2013-12-31": "38.40000", "2013-09-30": "35.40000", "2013-06-30": "30.00000", "2013-03-31": "25.20000", "2012-12-31": "29.00000", "2012-09-30": "22.54300", "2012-06-30": "19.21400", "2012-03-31": "18.41100", "2011-12-31": "16.00000", "2011-09-30": "15.72800", "2011-06-30": "14.79400", "2011-03-31": "13.19300", "2010-12-31": "16.17100", "2010-09-30": "18.86100", "2010-06-30": "19.54700", "2010-03-31": "21.58700", "2009-12-31": "65.39300", "2009-09-30": "63.05700", "2009-06-30": "63.12400", "2009-03-31": "62.79200", "2008-12-31": "63.35000", "2008-09-30": "70.36800", "2008-06-30": "71.76100", "2008-03-31": "71.85400", "2007-12-31": "70.14400", "2007-09-30": "68.16500", "2007-06-30": "69.85000", "2007-03-31": "69.05900", "2006-12-31": "7.72500", "2006-09-30": "9.19050", "2006-06-30": "6.61530", "2006-03-31": "7.20580", "2005-12-31": "7.31420", "2005-09-30": "3.16070", "2005-06-30": "3.01540", "2005-03-31": "2.93070"}, "Common Stock Net": {"2020-09-30": "0.10000", "2020-06-30": "0.10000", "2020-03-31": "0.10000", "2019-12-31": "0.10000", "2019-09-30": "0.10000", "2019-06-30": "0.10000", "2019-03-31": "0.10000", "2018-12-31": "0.10000", "2018-09-30": "0.10000", "2018-06-30": "0.10000", "2018-03-31": "0.10000", "2017-12-31": "0.10000", "2017-09-30": "0.10000", "2017-06-30": "0.10000", "2017-03-31": "0.10000", "2016-12-31": "0.10000", "2016-09-30": "0.10000", "2016-06-30": "0.10000", "2016-03-31": "0.10000", "2015-12-31": "0.10000", "2015-09-30": "0.10000", "2015-06-30": "0.10000", "2015-03-31": "0.10000", "2014-12-31": "0.10000", "2014-09-30": "0.10000", "2014-06-30": "0.10000", "2014-03-31": "0.10000", "2013-12-31": "0.10000", "2013-09-30": "0.10000", "2013-06-30": "0.10000", "2013-03-31": "0.10000", "2012-12-31": "0.10000", "2012-09-30": "0.07000", "2012-06-30": "0.06900", "2012-03-31": "0.06900", "2011-12-31": "0.10000", "2011-09-30": "0.06800", "2011-06-30": "0.06800", "2011-03-31": "0.06300", "2010-12-31": "0.06200", "2010-09-30": "0.06000", "2010-06-30": "0.05800", "2010-03-31": "0.05800", "2009-12-31": "0.04600", "2009-09-30": "0.04600", "2009-06-30": "0.04600", "2009-03-31": "0.04600", "2008-12-31": "0.03000", "2008-09-30": "0.03000", "2008-06-30": "0.03000", "2008-03-31": "0.03000", "2007-12-31": "0.02900", "2007-09-30": "0.02800", "2007-06-30": "0.02800", "2007-03-31": "0.02800", "2006-12-31": "0.02800", "2006-09-30": "0.02810", "2006-06-30": "0.02810", "2006-03-31": "0.02570", "2005-12-31": "0.02540", "2005-09-30": "0.02540", "2005-06-30": "0.02540", "2005-03-31": "0.00280"}, "Retained Earnings (Accumulated Deficit)": {"2020-09-30": "-557.30000", "2020-06-30": "-629.50000", "2020-03-31": "-675.80000", "2019-12-31": "-695.70000", "2019-09-30": "-788.40000", "2019-06-30": "-834.20000", "2019-03-31": "-823.70000", "2018-12-31": "-798.90000", "2018-09-30": "-619.20000", "2018-06-30": "-665.80000", "2018-03-31": "-696.00000", "2017-12-31": "-671.80000", "2017-09-30": "-662.40000", "2017-06-30": "-660.40000", "2017-03-31": "-663.30000", "2016-12-31": "-621.00000", "2016-09-30": "-613.60000", "2016-06-30": "-594.80000", "2016-03-31": "-574.60000", "2015-12-31": "-555.40000", "2015-09-30": "-556.90000", "2015-06-30": "-514.40000", "2015-03-31": "-510.70000", "2014-12-31": "-497.80000", "2014-09-30": "-499.10000", "2014-06-30": "-493.90000", "2014-03-31": "-487.90000", "2013-12-31": "-475.40000", "2013-09-30": "-472.80000", "2013-06-30": "-466.80000", "2013-03-31": "-456.70000", "2012-12-31": "-445.60000", "2012-09-30": "-437.14200", "2012-06-30": "-419.87900", "2012-03-31": "-405.18800", "2011-12-31": "-391.10000", "2011-09-30": "-378.87300", "2011-06-30": "-365.59500", "2011-03-31": "-358.22800", "2010-12-31": "-346.37800", "2010-09-30": "-336.56600", "2010-06-30": "-323.16800", "2010-03-31": "-311.48100", "2009-12-31": "-291.20800", "2009-09-30": "-279.67900", "2009-06-30": "-266.15600", "2009-03-31": "-250.82600", "2008-12-31": "-237.68400", "2008-09-30": "-217.98600", "2008-06-30": "-203.29800", "2008-03-31": "-189.22400", "2007-12-31": "-176.25200", "2007-09-30": "-164.02300", "2007-06-30": "-152.63900", "2007-03-31": "-141.30300", "2006-12-31": "-130.37400", "2006-09-30": "-119.30020", "2006-06-30": "-105.86250", "2006-03-31": "-94.69370", "2005-12-31": "-83.77460", "2005-09-30": "-71.70700", "2005-06-30": "-65.37730", "2005-03-31": "-58.97790"}, "Comprehensive Income": {"2020-09-30": "2.80000", "2020-06-30": "3.50000", "2020-03-31": "3.70000", "2019-12-31": "2.30000", "2019-09-30": "1.00000", "2019-06-30": "2.00000", "2019-03-31": "1.60000", "2018-12-31": "1.50000", "2018-09-30": "-0.30000", "2018-06-30": "-1.30000", "2018-03-31": "-4.90000", "2017-12-31": "-2.60000", "2017-09-30": "-2.20000", "2017-06-30": "-1.60000", "2017-03-31": "-1.30000", "2016-12-31": "-1.00000", "2016-09-30": "-0.70000", "2016-06-30": "-0.70000", "2016-03-31": "-0.30000", "2015-12-31": "-0.30000", "2015-09-30": "-0.30000", "2015-06-30": "-0.30000", "2015-03-31": "-0.30000", "2014-12-31": "-0.10000", "2014-09-30": "-0.10000", "2014-06-30": "-0.20000", "2014-03-31": "-0.10000", "2013-12-31": "-0.10000", "2013-09-30": "-0.10000", "2013-06-30": "-0.10000", "2013-03-31": "-0.10000", "2012-12-31": "-0.10000", "2012-09-30": "-0.09300", "2012-06-30": "-0.08800", "2012-03-31": "-0.10300", "2011-12-31": "-0.10000", "2011-09-30": "-0.09400", "2011-06-30": "-0.10100", "2011-03-31": "-0.08300", "2010-12-31": "-0.06600", "2010-09-30": "-0.03900", "2010-06-30": "-0.00500", "2010-03-31": "-0.04000", "2009-12-31": "-0.01300", "2009-09-30": "0.03600", "2009-06-30": "0.06300", "2009-03-31": "0.01300", "2008-12-31": "0.05000", "2008-09-30": "-0.08100", "2008-06-30": "-0.04500", "2008-03-31": "0.05300", "2007-12-31": "0.01300", "2007-09-30": "0.03400", "2007-06-30": "-0.03300", "2007-03-31": "0.00800", "2006-12-31": "0.01200", "2006-09-30": "0.00240", "2006-06-30": "-0.06270", "2006-03-31": "-0.01590", "2005-12-31": "-0.01190", "2005-09-30": "-0.02100", "2005-06-30": "-0.02150", "2005-03-31": "-0.00860"}, "Other Share Holders Equity": {"2020-09-30": "", "2020-06-30": "", "2020-03-31": "", "2019-12-31": "", "2019-09-30": "", "2019-06-30": "", "2019-03-31": "", "2018-12-31": "", "2018-09-30": "", "2018-06-30": "", "2018-03-31": "", "2017-12-31": "", "2017-09-30": "", "2017-06-30": "", "2017-03-31": "", "2016-12-31": "", "2016-09-30": "", "2016-06-30": "", "2016-03-31": "", "2015-12-31": "", "2015-09-30": "", "2015-06-30": "", "2015-03-31": "", "2014-12-31": "", "2014-09-30": "", "2014-06-30": "", "2014-03-31": "", "2013-12-31": "", "2013-09-30": "", "2013-06-30": "", "2013-03-31": "", "2012-12-31": "", "2012-09-30": "", "2012-06-30": "", "2012-03-31": "", "2011-12-31": "", "2011-09-30": "", "2011-06-30": "", "2011-03-31": "", "2010-12-31": "", "2010-09-30": "", "2010-06-30": "", "2010-03-31": "", "2009-12-31": "", "2009-09-30": "", "2009-06-30": "", "2009-03-31": "", "2008-12-31": "", "2008-09-30": "", "2008-06-30": "", "2008-03-31": "", "2007-12-31": "", "2007-09-30": "", "2007-06-30": "", "2007-03-31": "", "2006-12-31": "", "2006-09-30": "", "2006-06-30": "", "2006-03-31": "", "2005-12-31": "", "2005-09-30": "", "2005-06-30": "", "2005-03-31": ""}, "Share Holder Equity": {"2020-09-30": "1499.30000", "2020-06-30": "1353.90000", "2020-03-31": "934.50000", "2019-12-31": "882.60000", "2019-09-30": "764.30000", "2019-06-30": "688.30000", "2019-03-31": "668.60000", "2018-12-31": "663.30000", "2018-09-30": "562.20000", "2018-06-30": "482.10000", "2018-03-31": "421.70000", "2017-12-31": "419.40000", "2017-09-30": "384.00000", "2017-06-30": "353.70000", "2017-03-31": "277.80000", "2016-12-31": "283.80000", "2016-09-30": "261.80000", "2016-06-30": "246.40000", "2016-03-31": "231.20000", "2015-12-31": "221.20000", "2015-09-30": "193.30000", "2015-06-30": "170.70000", "2015-03-31": "148.60000", "2014-12-31": "140.20000", "2014-09-30": "115.00000", "2014-06-30": "99.60000", "2014-03-31": "90.00000", "2013-12-31": "84.10000", "2013-09-30": "74.70000", "2013-06-30": "72.30000", "2013-03-31": "73.60000", "2012-12-31": "77.00000", "2012-09-30": "80.25300", "2012-06-30": "91.30800", "2012-03-31": "99.55100", "2011-12-31": "104.50000", "2011-09-30": "113.06500", "2011-06-30": "121.57500", "2011-03-31": "53.36200", "2010-12-31": "60.99300", "2010-09-30": "35.24400", "2010-06-30": "41.01800", "2010-03-31": "46.72700", "2009-12-31": "-18.44500", "2009-09-30": "-9.10100", "2009-06-30": "1.97700", "2009-03-31": "15.15400", "2008-12-31": "-19.46800", "2008-09-30": "-27.29300", "2008-06-30": "-14.70800", "2008-03-31": "-2.89200", "2007-12-31": "7.11500", "2007-09-30": "17.32400", "2007-06-30": "26.67700", "2007-03-31": "36.40200", "2006-12-31": "56.82800", "2006-09-30": "66.34560", "2006-06-30": "78.00670", "2006-03-31": "40.28180", "2005-12-31": "49.41210", "2005-09-30": "61.11680", "2005-06-30": "67.06120", "2005-03-31": "22.43410"}, "Total Liabilities And Share Holders Equity": {"2020-09-30": "3833.20000", "2020-06-30": "3521.80000", "2020-03-31": "2447.90000", "2019-12-31": "2395.00000", "2019-09-30": "2185.70000", "2019-06-30": "2065.90000", "2019-03-31": "1974.00000", "2018-12-31": "1916.00000", "2018-09-30": "1114.30000", "2018-06-30": "1007.50000", "2018-03-31": "896.80000", "2017-12-31": "904.10000", "2017-09-30": "842.90000", "2017-06-30": "795.60000", "2017-03-31": "467.20000", "2016-12-31": "402.80000", "2016-09-30": "361.90000", "2016-06-30": "332.80000", "2016-03-31": "299.40000", "2015-12-31": "292.00000", "2015-09-30": "256.70000", "2015-06-30": "218.40000", "2015-03-31": "189.30000", "2014-12-31": "184.60000", "2014-09-30": "159.40000", "2014-06-30": "139.70000", "2014-03-31": "124.90000", "2013-12-31": "122.50000", "2013-09-30": "110.10000", "2013-06-30": "102.30000", "2013-03-31": "98.80000", "2012-12-31": "106.00000", "2012-09-30": "102.79600", "2012-06-30": "110.52200", "2012-03-31": "117.96200", "2011-12-31": "120.50000", "2011-09-30": "128.79300", "2011-06-30": "136.36900", "2011-03-31": "66.55500", "2010-12-31": "77.16400", "2010-09-30": "54.10500", "2010-06-30": "60.56500", "2010-03-31": "68.31400", "2009-12-31": "46.94800", "2009-09-30": "53.95600", "2009-06-30": "65.10100", "2009-03-31": "77.94600", "2008-12-31": "43.88200", "2008-09-30": "43.07500", "2008-06-30": "57.05300", "2008-03-31": "68.96200", "2007-12-31": "77.25900", "2007-09-30": "85.48900", "2007-06-30": "96.52700", "2007-03-31": "105.46100", "2006-12-31": "64.55300", "2006-09-30": "75.53610", "2006-06-30": "84.62210", "2006-03-31": "47.48770", "2005-12-31": "56.72630", "2005-09-30": "64.27740", "2005-06-30": "70.07660", "2005-03-31": "25.36480"}}, "cash flow statement": {"Net Income/Loss": {"2019-12-31": "101.10000", "2018-12-31": "-127.10000", "2017-12-31": "-50.20000", "2016-12-31": "-65.60000", "2015-12-31": "-57.60000", "2014-12-31": "-22.40000", "2013-12-31": "-29.80000", "2012-12-31": "-54.50000", "2011-12-31": "-44.70000", "2010-12-31": "-55.20000", "2009-12-31": "-53.52400", "2008-12-31": "-58.85600", "2007-12-31": "-48.45400", "2006-12-31": "-46.59900", "2005-12-31": "-30.76800"}, "Total Depreciation And Amortization - Cash Flow": {"2019-12-31": "48.70000", "2018-12-31": "29.10000", "2017-12-31": "16.10000", "2016-12-31": "15.00000", "2015-12-31": "10.80000", "2014-12-31": "8.40000", "2013-12-31": "7.70000", "2012-12-31": "7.50000", "2011-12-31": "4.70000", "2010-12-31": "3.10000", "2009-12-31": "3.51000", "2008-12-31": "3.19600", "2007-12-31": "2.50100", "2006-12-31": "2.32500", "2005-12-31": "1.05200"}, "Other Non-Cash Items": {"2019-12-31": "158.60000", "2018-12-31": "262.10000", "2017-12-31": "123.50000", "2016-12-31": "113.10000", "2015-12-31": "120.20000", "2014-12-31": "50.40000", "2013-12-31": "27.30000", "2012-12-31": "17.80000", "2011-12-31": "13.50000", "2010-12-31": "19.10000", "2009-12-31": "12.86500", "2008-12-31": "12.09700", "2007-12-31": "9.03700", "2006-12-31": "5.85300", "2005-12-31": "1.78600"}, "Total Non-Cash Items": {"2019-12-31": "207.30000", "2018-12-31": "291.20000", "2017-12-31": "139.60000", "2016-12-31": "128.10000", "2015-12-31": "131.00000", "2014-12-31": "58.80000", "2013-12-31": "35.00000", "2012-12-31": "25.30000", "2011-12-31": "18.20000", "2010-12-31": "22.20000", "2009-12-31": "16.37500", "2008-12-31": "15.29300", "2007-12-31": "11.53800", "2006-12-31": "8.17800", "2005-12-31": "2.83800"}, "Change In Accounts Receivable": {"2019-12-31": "-60.00000", "2018-12-31": "-93.20000", "2017-12-31": "-31.80000", "2016-12-31": "-27.20000", "2015-12-31": "-31.70000", "2014-12-31": "-16.30000", "2013-12-31": "-6.50000", "2012-12-31": "-7.00000", "2011-12-31": "-5.90000", "2010-12-31": "-3.20000", "2009-12-31": "-2.37200", "2008-12-31": "-0.90300", "2007-12-31": "-0.09500", "2006-12-31": "-0.12000", "2005-12-31": ""}, "Change In Inventories": {"2019-12-31": "-49.10000", "2018-12-31": "-25.50000", "2017-12-31": "0.40000", "2016-12-31": "-9.80000", "2015-12-31": "-19.20000", "2014-12-31": "-7.00000", "2013-12-31": "-1.60000", "2012-12-31": "0.70000", "2011-12-31": "-0.10000", "2010-12-31": "-5.40000", "2009-12-31": "-0.19500", "2008-12-31": "-1.30700", "2007-12-31": "0.27400", "2006-12-31": "-1.41300", "2005-12-31": ""}, "Change In Accounts Payable": {"2019-12-31": "", "2018-12-31": "", "2017-12-31": "", "2016-12-31": "", "2015-12-31": "", "2014-12-31": "", "2013-12-31": "", "2012-12-31": "", "2011-12-31": "", "2010-12-31": "", "2009-12-31": "", "2008-12-31": "", "2007-12-31": "", "2006-12-31": "", "2005-12-31": ""}, "Change In Assets/Liabilities": {"2019-12-31": "-9.80000", "2018-12-31": "-2.20000", "2017-12-31": "-1.90000", "2016-12-31": "1.10000", "2015-12-31": "1.00000", "2014-12-31": "0.00000", "2013-12-31": "-2.90000", "2012-12-31": "-0.30000", "2011-12-31": "0.30000", "2010-12-31": "-2.00000", "2009-12-31": "-3.47200", "2008-12-31": "9.03500", "2007-12-31": "0.78000", "2006-12-31": "-0.97900", "2005-12-31": "-0.13000"}, "Total Change In Assets/Liabilities": {"2019-12-31": "6.10000", "2018-12-31": "-40.90000", "2017-12-31": "2.60000", "2016-12-31": "-6.30000", "2015-12-31": "-24.40000", "2014-12-31": "-12.80000", "2013-12-31": "-2.80000", "2012-12-31": "-3.90000", "2011-12-31": "-3.60000", "2010-12-31": "-9.70000", "2009-12-31": "-2.24000", "2008-12-31": "6.11200", "2007-12-31": "3.70900", "2006-12-31": "-5.31400", "2005-12-31": "5.37600"}, "Cash Flow From Operating Activities": {"2019-12-31": "314.50000", "2018-12-31": "123.20000", "2017-12-31": "92.00000", "2016-12-31": "56.20000", "2015-12-31": "49.00000", "2014-12-31": "23.60000", "2013-12-31": "2.40000", "2012-12-31": "-33.10000", "2011-12-31": "-30.10000", "2010-12-31": "-42.70000", "2009-12-31": "-39.38900", "2008-12-31": "-37.45100", "2007-12-31": "-33.20700", "2006-12-31": "-43.73500", "2005-12-31": "-22.55400"}, "Net Change In Property, Plant, And Equipment": {"2019-12-31": "-180.00000", "2018-12-31": "-67.10000", "2017-12-31": "-66.00000", "2016-12-31": "-55.70000", "2015-12-31": "-33.30000", "2014-12-31": "-16.20000", "2013-12-31": "-7.90000", "2012-12-31": "-9.50000", "2011-12-31": "-8.00000", "2010-12-31": "-6.90000", "2009-12-31": "-2.69000", "2008-12-31": "-2.49200", "2007-12-31": "-3.44300", "2006-12-31": "-3.35200", "2005-12-31": "-4.67700"}, "Net Change In Intangible Assets": {"2019-12-31": "", "2018-12-31": "", "2017-12-31": "", "2016-12-31": "", "2015-12-31": "", "2014-12-31": "", "2013-12-31": "", "2012-12-31": "", "2011-12-31": "", "2010-12-31": "", "2009-12-31": "", "2008-12-31": "", "2007-12-31": "", "2006-12-31": "", "2005-12-31": ""}, "Net Acquisitions/Divestitures": {"2019-12-31": "", "2018-12-31": "-11.30000", "2017-12-31": "", "2016-12-31": "0.30000", "2015-12-31": "-0.50000", "2014-12-31": "", "2013-12-31": "", "2012-12-31": "", "2011-12-31": "", "2010-12-31": "", "2009-12-31": "", "2008-12-31": "", "2007-12-31": "", "2006-12-31": "", "2005-12-31": ""}, "Net Change In Short-term Investments": {"2019-12-31": "", "2018-12-31": "", "2017-12-31": "", "2016-12-31": "", "2015-12-31": "", "2014-12-31": "", "2013-12-31": "", "2012-12-31": "", "2011-12-31": "", "2010-12-31": "", "2009-12-31": "", "2008-12-31": "", "2007-12-31": "", "2006-12-31": "", "2005-12-31": ""}, "Net Change In Long-Term Investments": {"2019-12-31": "-835.20000", "2018-12-31": "-61.40000", "2017-12-31": "-78.40000", "2016-12-31": "-0.50000", "2015-12-31": "-17.70000", "2014-12-31": "-0.60000", "2013-12-31": "28.80000", "2012-12-31": "37.90000", "2011-12-31": "-38.40000", "2010-12-31": "-18.70000", "2009-12-31": "-11.41400", "2008-12-31": "26.81600", "2007-12-31": "-5.00100", "2006-12-31": "-23.20700", "2005-12-31": "-13.49300"}, "Net Change In Investments - Total": {"2019-12-31": "-835.20000", "2018-12-31": "-61.40000", "2017-12-31": "-78.40000", "2016-12-31": "-0.50000", "2015-12-31": "-17.70000", "2014-12-31": "-0.60000", "2013-12-31": "28.80000", "2012-12-31": "37.90000", "2011-12-31": "-38.40000", "2010-12-31": "-18.70000", "2009-12-31": "-11.41400", "2008-12-31": "26.81600", "2007-12-31": "-5.00100", "2006-12-31": "-23.20700", "2005-12-31": "-13.49300"}, "Investing Activities - Other": {"2019-12-31": "", "2018-12-31": "", "2017-12-31": "", "2016-12-31": "", "2015-12-31": "", "2014-12-31": "", "2013-12-31": "", "2012-12-31": "", "2011-12-31": "", "2010-12-31": "", "2009-12-31": "", "2008-12-31": "", "2007-12-31": "", "2006-12-31": "", "2005-12-31": ""}, "Cash Flow From Investing Activities": {"2019-12-31": "-1015.20000", "2018-12-31": "-139.80000", "2017-12-31": "-144.40000", "2016-12-31": "-55.90000", "2015-12-31": "-51.50000", "2014-12-31": "-16.80000", "2013-12-31": "20.90000", "2012-12-31": "28.40000", "2011-12-31": "-46.40000", "2010-12-31": "-25.60000", "2009-12-31": "-14.10400", "2008-12-31": "24.32400", "2007-12-31": "-8.44400", "2006-12-31": "-26.55900", "2005-12-31": "-18.17000"}, "Net Long-Term Debt": {"2019-12-31": "", "2018-12-31": "617.70000", "2017-12-31": "389.00000", "2016-12-31": "", "2015-12-31": "-2.30000", "2014-12-31": "-2.20000", "2013-12-31": "-0.20000", "2012-12-31": "6.60000", "2011-12-31": "-0.50000", "2010-12-31": "-0.90000", "2009-12-31": "-1.93100", "2008-12-31": "0.95000", "2007-12-31": "56.65200", "2006-12-31": "3.02600", "2005-12-31": ""}, "Net Current Debt": {"2019-12-31": "", "2018-12-31": "", "2017-12-31": "", "2016-12-31": "", "2015-12-31": "", "2014-12-31": "", "2013-12-31": "", "2012-12-31": "", "2011-12-31": "", "2010-12-31": "", "2009-12-31": "", "2008-12-31": "", "2007-12-31": "-10.95000", "2006-12-31": "", "2005-12-31": ""}, "Debt Issuance/Retirement Net - Total": {"2019-12-31": "", "2018-12-31": "617.70000", "2017-12-31": "389.00000", "2016-12-31": "", "2015-12-31": "-2.30000", "2014-12-31": "-2.20000", "2013-12-31": "-0.20000", "2012-12-31": "6.60000", "2011-12-31": "-0.50000", "2010-12-31": "-0.90000", "2009-12-31": "-1.93100", "2008-12-31": "0.95000", "2007-12-31": "45.70200", "2006-12-31": "3.02600", "2005-12-31": ""}, "Net Common Equity Issued/Repurchased": {"2019-12-31": "11.90000", "2018-12-31": "94.60000", "2017-12-31": "10.10000", "2016-12-31": "10.40000", "2015-12-31": "19.10000", "2014-12-31": "24.00000", "2013-12-31": "12.00000", "2012-12-31": "3.60000", "2011-12-31": "74.70000", "2010-12-31": "70.50000", "2009-12-31": "46.31000", "2008-12-31": "1.76200", "2007-12-31": "0.89700", "2006-12-31": "48.18800", "2005-12-31": "50.74100"}, "Net Total Equity Issued/Repurchased": {"2019-12-31": "11.90000", "2018-12-31": "94.60000", "2017-12-31": "10.10000", "2016-12-31": "10.40000", "2015-12-31": "19.10000", "2014-12-31": "24.00000", "2013-12-31": "12.00000", "2012-12-31": "3.60000", "2011-12-31": "74.70000", "2010-12-31": "70.50000", "2009-12-31": "46.31000", "2008-12-31": "1.76200", "2007-12-31": "0.89700", "2006-12-31": "48.18800", "2005-12-31": "50.74100"}, "Total Common And Preferred Stock Dividends Paid": {"2019-12-31": "", "2018-12-31": "", "2017-12-31": "", "2016-12-31": "", "2015-12-31": "", "2014-12-31": "", "2013-12-31": "", "2012-12-31": "", "2011-12-31": "", "2010-12-31": "", "2009-12-31": "", "2008-12-31": "", "2007-12-31": "", "2006-12-31": "", "2005-12-31": ""}, "Financial Activities - Other": {"2019-12-31": "-1.20000", "2018-12-31": "-1.90000", "2017-12-31": "", "2016-12-31": "-2.30000", "2015-12-31": "", "2014-12-31": "", "2013-12-31": "", "2012-12-31": "", "2011-12-31": "", "2010-12-31": "", "2009-12-31": "", "2008-12-31": "", "2007-12-31": "", "2006-12-31": "", "2005-12-31": ""}, "Cash Flow From Financial Activities": {"2019-12-31": "10.70000", "2018-12-31": "710.40000", "2017-12-31": "399.10000", "2016-12-31": "8.10000", "2015-12-31": "16.80000", "2014-12-31": "21.80000", "2013-12-31": "11.80000", "2012-12-31": "10.20000", "2011-12-31": "74.20000", "2010-12-31": "69.60000", "2009-12-31": "44.37900", "2008-12-31": "2.71200", "2007-12-31": "46.59900", "2006-12-31": "51.21400", "2005-12-31": "50.74100"}, "Net Cash Flow": {"2019-12-31": "-690.70000", "2018-12-31": "695.60000", "2017-12-31": "347.00000", "2016-12-31": "8.40000", "2015-12-31": "14.30000", "2014-12-31": "28.60000", "2013-12-31": "35.10000", "2012-12-31": "5.50000", "2011-12-31": "-2.30000", "2010-12-31": "1.30000", "2009-12-31": "-9.12300", "2008-12-31": "-10.41500", "2007-12-31": "4.94800", "2006-12-31": "-19.08000", "2005-12-31": "10.01700"}, "Stock-Based Compensation": {"2019-12-31": "102.70000", "2018-12-31": "101.90000", "2017-12-31": "106.20000", "2016-12-31": "110.80000", "2015-12-31": "82.70000", "2014-12-31": "50.00000", "2013-12-31": "24.60000", "2012-12-31": "18.40000", "2011-12-31": "13.50000", "2010-12-31": "9.40000", "2009-12-31": "8.36600", "2008-12-31": "7.68300", "2007-12-31": "6.12200", "2006-12-31": "5.85300", "2005-12-31": "0.12000"}, "Common Stock Dividends Paid": {"2019-12-31": "", "2018-12-31": "", "2017-12-31": "", "2016-12-31": "", "2015-12-31": "", "2014-12-31": "", "2013-12-31": "", "2012-12-31": "", "2011-12-31": "", "2010-12-31": "", "2009-12-31": "", "2008-12-31": "", "2007-12-31": "", "2006-12-31": "", "2005-12-31": ""}}, "cash flow statement, quarterly": {"Net Income/Loss": {"2020-09-30": 72.2, "2020-06-30": 46.3, "2020-03-31": "19.90000", "2019-12-31": 92.7, "2019-09-30": 45.8, "2019-06-30": -10.5, "2019-03-31": "-26.90000", "2018-12-31": -179.7, "2018-09-30": 46.6, "2018-06-30": 30.2, "2018-03-31": "-24.20000", "2017-12-31": -9.4, "2017-09-30": -2, "2017-06-30": 2.9, "2017-03-31": "-41.70000", "2016-12-31": -7.4, "2016-09-30": -18.8, "2016-06-30": -20.2, "2016-03-31": "-19.20000", "2015-12-31": 1.5, "2015-09-30": -42.5, "2015-06-30": -3.7, "2015-03-31": "-12.90000", "2014-12-31": 1.3, "2014-09-30": -5.2, "2014-06-30": -6, "2014-03-31": "-12.50000", "2013-12-31": -2.6, "2013-09-30": -6, "2013-06-30": -10.1, "2013-03-31": "-11.10000", "2012-12-31": -8.5, "2012-09-30": -17.2, "2012-06-30": -14.7, "2012-03-31": "-14.10000", "2011-12-31": -12.205, "2011-09-30": -13.278, "2011-06-30": -7.367, "2011-03-31": "-11.85000", "2010-12-31": -9.842, "2010-09-30": -13.398, "2010-06-30": -11.687, "2010-03-31": "-20.27300", "2009-12-31": -11.529, "2009-09-30": -13.523, "2009-06-30": -15.33, "2009-03-31": "-13.14200", "2008-12-31": -14.445, "2008-09-30": -15.631, "2008-06-30": -14.966, "2008-03-31": "-13.81400", "2007-12-31": -14.805, "2007-09-30": -11.384, "2007-06-30": -11.336, "2007-03-31": "-10.92900", "2006-12-31": -11.074, "2006-09-30": -13.438, "2006-06-30": -11.168, "2006-03-31": "-10.91900", "2005-12-31": -12.0682, "2005-09-30": -6.3296, "2005-06-30": -6.3843, "2005-03-31": "-5.98590"}, "Total Depreciation And Amortization - Cash Flow": {"2020-09-30": 18.4, "2020-06-30": 15.3, "2020-03-31": "13.00000", "2019-12-31": 14.3, "2019-09-30": 12.9, "2019-06-30": 11.6, "2019-03-31": "9.90000", "2018-12-31": 8.6, "2018-09-30": 7.8, "2018-06-30": 6.7, "2018-03-31": "6.00000", "2017-12-31": 4.2, "2017-09-30": 4.3, "2017-06-30": 3.9, "2017-03-31": "3.70000", "2016-12-31": 3.6, "2016-09-30": 4.1, "2016-06-30": 3.9, "2016-03-31": "3.40000", "2015-12-31": 2.6, "2015-09-30": 2.9, "2015-06-30": 2.7, "2015-03-31": "2.60000", "2014-12-31": 2, "2014-09-30": 2.3, "2014-06-30": 2.1, "2014-03-31": "2.00000", "2013-12-31": 2, "2013-09-30": 1.9, "2013-06-30": 1.9, "2013-03-31": "1.90000", "2012-12-31": 2, "2012-09-30": 2.3, "2012-06-30": 1.7, "2012-03-31": "1.50000", "2011-12-31": 1.394, "2011-09-30": 1.292, "2011-06-30": 1.062, "2011-03-31": "0.95200", "2010-12-31": 0.776, "2010-09-30": 0.825, "2010-06-30": 0.839, "2010-03-31": "0.66000", "2009-12-31": 0.666, "2009-09-30": 0.808, "2009-06-30": 1.141, "2009-03-31": "0.89500", "2008-12-31": 0.842, "2008-09-30": 0.773, "2008-06-30": 0.729, "2008-03-31": "0.85200", "2007-12-31": 0.656, "2007-09-30": 0.582, "2007-06-30": 0.687, "2007-03-31": "0.57600", "2006-12-31": 0.968, "2006-09-30": 0.474, "2006-06-30": 0.452, "2006-03-31": "0.43100", "2005-12-31": 0.3866, "2005-09-30": 0.3296, "2005-06-30": 0.2647, "2005-03-31": "0.07110"}, "Other Non-Cash Items": {"2020-09-30": 54.9, "2020-06-30": 57.1, "2020-03-31": "36.70000", "2019-12-31": 37.7, "2019-09-30": 39.4, "2019-06-30": 39.8, "2019-03-31": "41.70000", "2018-12-31": 253.4, "2018-09-30": -3.6, "2018-06-30": -7.7, "2018-03-31": "20.00000", "2017-12-31": 51.5, "2017-09-30": 25, "2017-06-30": 16, "2017-03-31": "31.00000", "2016-12-31": 30.7, "2016-09-30": 29.6, "2016-06-30": 27.6, "2016-03-31": "25.20000", "2015-12-31": 24.2, "2015-09-30": 59.6, "2015-06-30": 20.3, "2015-03-31": "16.10000", "2014-12-31": 15.4, "2014-09-30": 12.9, "2014-06-30": 12.1, "2014-03-31": "10.00000", "2013-12-31": 7.3, "2013-09-30": 7.6, "2013-06-30": 7.1, "2013-03-31": "5.30000", "2012-12-31": 4.3, "2012-09-30": 5.1, "2012-06-30": 5.5, "2012-03-31": "2.90000", "2011-12-31": 3.567, "2011-09-30": 3.728, "2011-06-30": 3.657, "2011-03-31": "2.54800", "2010-12-31": 2.191, "2010-09-30": 2.68, "2010-06-30": 3.105, "2010-03-31": "11.12400", "2009-12-31": 3.453, "2009-09-30": 3.371, "2009-06-30": 3.227, "2009-03-31": "2.81400", "2008-12-31": 3.415, "2008-09-30": 2.824, "2008-06-30": 2.964, "2008-03-31": "2.89400", "2007-12-31": 4.792, "2007-09-30": 1.704, "2007-06-30": 1.445, "2007-03-31": "1.09600", "2006-12-31": 1.49, "2006-09-30": 1.439, "2006-06-30": 1.635, "2006-03-31": "1.28900", "2005-12-31": 0.3169, "2005-09-30": 0.4028, "2005-06-30": 0.4806, "2005-03-31": "0.58570"}, "Total Non-Cash Items": {"2020-09-30": 73.3, "2020-06-30": 72.4, "2020-03-31": "49.70000", "2019-12-31": 52, "2019-09-30": 52.3, "2019-06-30": 51.4, "2019-03-31": "51.60000", "2018-12-31": 262, "2018-09-30": 4.2, "2018-06-30": -1, "2018-03-31": "26.00000", "2017-12-31": 55.7, "2017-09-30": 29.3, "2017-06-30": 19.9, "2017-03-31": "34.70000", "2016-12-31": 34.3, "2016-09-30": 33.7, "2016-06-30": 31.5, "2016-03-31": "28.60000", "2015-12-31": 26.8, "2015-09-30": 62.5, "2015-06-30": 23, "2015-03-31": "18.70000", "2014-12-31": 17.4, "2014-09-30": 15.2, "2014-06-30": 14.2, "2014-03-31": "12.00000", "2013-12-31": 9.3, "2013-09-30": 9.5, "2013-06-30": 9, "2013-03-31": "7.20000", "2012-12-31": 6.3, "2012-09-30": 7.4, "2012-06-30": 7.2, "2012-03-31": "4.40000", "2011-12-31": 4.961, "2011-09-30": 5.02, "2011-06-30": 4.719, "2011-03-31": "3.50000", "2010-12-31": 2.967, "2010-09-30": 3.505, "2010-06-30": 3.944, "2010-03-31": "11.78400", "2009-12-31": 4.119, "2009-09-30": 4.179, "2009-06-30": 4.368, "2009-03-31": "3.70900", "2008-12-31": 4.257, "2008-09-30": 3.597, "2008-06-30": 3.693, "2008-03-31": "3.74600", "2007-12-31": 5.448, "2007-09-30": 2.286, "2007-06-30": 2.132, "2007-03-31": "1.67200", "2006-12-31": 2.458, "2006-09-30": 1.913, "2006-06-30": 2.087, "2006-03-31": "1.72000", "2005-12-31": 0.7035, "2005-09-30": 0.7324, "2005-06-30": 0.7453, "2005-03-31": "0.65680"}, "Change In Accounts Receivable": {"2020-09-30": -73.4, "2020-06-30": 4.3, "2020-03-31": "-14.70000", "2019-12-31": -50.8, "2019-09-30": -18.4, "2019-06-30": -12.3, "2019-03-31": "21.50000", "2018-12-31": -57, "2018-09-30": -8.1, "2018-06-30": -38.8, "2018-03-31": "10.70000", "2017-12-31": -23.6, "2017-09-30": -8.7, "2017-06-30": -15.3, "2017-03-31": "15.80000", "2016-12-31": -25, "2016-09-30": -3, "2016-06-30": -6, "2016-03-31": "6.80000", "2015-12-31": -18.3, "2015-09-30": -10.3, "2015-06-30": -5.3, "2015-03-31": "2.20000", "2014-12-31": -11, "2014-09-30": -2.8, "2014-06-30": -4.7, "2014-03-31": "2.20000", "2013-12-31": -4.5, "2013-09-30": -3.8, "2013-06-30": -1.4, "2013-03-31": "3.20000", "2012-12-31": -7.2, "2012-09-30": 0.6, "2012-06-30": -0.4, "2012-03-31": "", "2011-12-31": -3.568, "2011-09-30": -0.309, "2011-06-30": -1.536, "2011-03-31": "-0.48700", "2010-12-31": -1.588, "2010-09-30": -0.441, "2010-06-30": -0.86, "2010-03-31": "-0.31100", "2009-12-31": -1.003, "2009-09-30": -0.42, "2009-06-30": -0.722, "2009-03-31": "-0.22700", "2008-12-31": -0.689, "2008-09-30": 0.139, "2008-06-30": -0.247, "2008-03-31": "-0.10600", "2007-12-31": -0.044, "2007-09-30": -0.045, "2007-06-30": 0.072, "2007-03-31": "-0.07800", "2006-12-31": -0.001, "2006-09-30": -0.028, "2006-06-30": -0.091, "2006-03-31": "", "2005-12-31": 0, "2005-09-30": 0, "2005-06-30": 0, "2005-03-31": ""}, "Change In Inventories": {"2020-09-30": -35.4, "2020-06-30": -23.3, "2020-03-31": "-22.20000", "2019-12-31": 0.6, "2019-09-30": -2.5, "2019-06-30": -16.8, "2019-03-31": "-30.40000", "2018-12-31": -15.5, "2018-09-30": -9, "2018-06-30": 5.4, "2018-03-31": "-6.40000", "2017-12-31": -1.8, "2017-09-30": -0.6, "2017-06-30": 3.8, "2017-03-31": "-1.00000", "2016-12-31": -0.9, "2016-09-30": -1.7, "2016-06-30": 3.7, "2016-03-31": "-10.90000", "2015-12-31": -4.6, "2015-09-30": -8.2, "2015-06-30": -4, "2015-03-31": "-2.40000", "2014-12-31": -1.7, "2014-09-30": -2.7, "2014-06-30": -2.8, "2014-03-31": "0.20000", "2013-12-31": 0.9, "2013-09-30": -2.7, "2013-06-30": 0.3, "2013-03-31": "-0.10000", "2012-12-31": -0.3, "2012-09-30": 0.2, "2012-06-30": 0.7, "2012-03-31": "0.10000", "2011-12-31": -1.757, "2011-09-30": -0.197, "2011-06-30": 0.167, "2011-03-31": "1.68700", "2010-12-31": -1.688, "2010-09-30": -2.266, "2010-06-30": -0.236, "2010-03-31": "-1.21000", "2009-12-31": -0.709, "2009-09-30": -0.569, "2009-06-30": 1.002, "2009-03-31": "0.08100", "2008-12-31": 0.144, "2008-09-30": 0.181, "2008-06-30": -0.947, "2008-03-31": "-0.68500", "2007-12-31": -0.104, "2007-09-30": 0.219, "2007-06-30": 0.203, "2007-03-31": "-0.04400", "2006-12-31": 0.524, "2006-09-30": 1.271, "2006-06-30": -1.288, "2006-03-31": "-1.92000", "2005-12-31": 0, "2005-09-30": 0, "2005-06-30": 0, "2005-03-31": ""}, "Change In Accounts Payable": {"2020-09-30": 0, "2020-06-30": 0, "2020-03-31": "", "2019-12-31": 0, "2019-09-30": 0, "2019-06-30": 0, "2019-03-31": "", "2018-12-31": 0, "2018-09-30": 0, "2018-06-30": 0, "2018-03-31": "", "2017-12-31": 0, "2017-09-30": 0, "2017-06-30": 0, "2017-03-31": "", "2016-12-31": 0, "2016-09-30": 0, "2016-06-30": 0, "2016-03-31": "", "2015-12-31": 0, "2015-09-30": 0, "2015-06-30": 0, "2015-03-31": "", "2014-12-31": 0, "2014-09-30": 0, "2014-06-30": 0, "2014-03-31": "", "2013-12-31": 0, "2013-09-30": 0, "2013-06-30": 0, "2013-03-31": "", "2012-12-31": 0, "2012-09-30": 0, "2012-06-30": 0, "2012-03-31": "", "2011-12-31": 0, "2011-09-30": 0, "2011-06-30": 0, "2011-03-31": "", "2010-12-31": 0, "2010-09-30": 0, "2010-06-30": 0, "2010-03-31": "", "2009-12-31": 0, "2009-09-30": 0, "2009-06-30": 0, "2009-03-31": "", "2008-12-31": 0, "2008-09-30": 0, "2008-06-30": 0, "2008-03-31": "", "2007-12-31": 0, "2007-09-30": 0, "2007-06-30": 0, "2007-03-31": "", "2006-12-31": 0, "2006-09-30": 0, "2006-06-30": 0, "2006-03-31": "", "2005-12-31": 0, "2005-09-30": 0, "2005-06-30": 0, "2005-03-31": ""}, "Change In Assets/Liabilities": {"2020-09-30": 16, "2020-06-30": -5.4, "2020-03-31": "-7.00000", "2019-12-31": 1.2, "2019-09-30": -4.2, "2019-06-30": 1.6, "2019-03-31": "-8.40000", "2018-12-31": 0.3, "2018-09-30": -2.4, "2018-06-30": 2.5, "2018-03-31": "-2.60000", "2017-12-31": -1.5, "2017-09-30": 3.8, "2017-06-30": 2.1, "2017-03-31": "-6.30000", "2016-12-31": 3.3, "2016-09-30": -0.2, "2016-06-30": -1, "2016-03-31": "-1.00000", "2015-12-31": -3.7, "2015-09-30": 4.4, "2015-06-30": -1, "2015-03-31": "1.30000", "2014-12-31": -0.3, "2014-09-30": 1.5, "2014-06-30": -1, "2014-03-31": "-0.20000", "2013-12-31": -0.9, "2013-09-30": 0.2, "2013-06-30": -1, "2013-03-31": "-1.20000", "2012-12-31": 0.6, "2012-09-30": -0.6, "2012-06-30": -0.9, "2012-03-31": "0.60000", "2011-12-31": 0.851, "2011-09-30": 0.385, "2011-06-30": -0.94, "2011-03-31": "0.00400", "2010-12-31": -1.724, "2010-09-30": 1.003, "2010-06-30": -1.873, "2010-03-31": "0.59400", "2009-12-31": -2.269, "2009-09-30": -0.132, "2009-06-30": -1.669, "2009-03-31": "0.59800", "2008-12-31": 12.285, "2008-09-30": 0.866, "2008-06-30": 0.055, "2008-03-31": "-4.17100", "2007-12-31": 0.001, "2007-09-30": 0.258, "2007-06-30": 0.439, "2007-03-31": "0.08200", "2006-12-31": -0.173, "2006-09-30": 0.253, "2006-06-30": -0.96, "2006-03-31": "-0.09900", "2005-12-31": 0.5297, "2005-09-30": -0.0298, "2005-06-30": -0.5234, "2005-03-31": "-0.10650"}, "Total Change In Assets/Liabilities": {"2020-09-30": 2.1, "2020-06-30": 35.4, "2020-03-31": "-67.70000", "2019-12-31": -1, "2019-09-30": -3.6, "2019-06-30": 23.6, "2019-03-31": "-12.90000", "2018-12-31": -48.6, "2018-09-30": 6, "2018-06-30": 12.2, "2018-03-31": "-10.50000", "2017-12-31": -5.1, "2017-09-30": 8.9, "2017-06-30": -8.5, "2017-03-31": "7.30000", "2016-12-31": -13.6, "2016-09-30": 8.1, "2016-06-30": 8.8, "2016-03-31": "-9.60000", "2015-12-31": -17, "2015-09-30": -1.7, "2015-06-30": -3.3, "2015-03-31": "-2.40000", "2014-12-31": -10.3, "2014-09-30": 1.4, "2014-06-30": -2, "2014-03-31": "-1.90000", "2013-12-31": -2.3, "2013-09-30": -1.9, "2013-06-30": 2, "2013-03-31": "-0.60000", "2012-12-31": -8.4, "2012-09-30": 3.8, "2012-06-30": 1.2, "2012-03-31": "-0.50000", "2011-12-31": -4.3, "2011-09-30": 1.517, "2011-06-30": 0.122, "2011-03-31": "-0.93900", "2010-12-31": -6.613, "2010-09-30": 0.423, "2010-06-30": -1.562, "2010-03-31": "-1.94800", "2009-12-31": -1.763, "2009-09-30": -0.464, "2009-06-30": -0.074, "2009-03-31": "0.06100", "2008-12-31": 12.714, "2008-09-30": 0.417, "2008-06-30": -0.627, "2008-03-31": "-6.39200", "2007-12-31": 2.193, "2007-09-30": -0.908, "2007-06-30": 1.577, "2007-03-31": "0.84700", "2006-12-31": -1.357, "2006-09-30": 2.751, "2006-06-30": -4.532, "2006-03-31": "-2.17600", "2005-12-31": 4.7053, "2005-09-30": 0.0003, "2005-06-30": 0.4491, "2005-03-31": "0.22130"}, "Cash Flow From Operating Activities": {"2020-09-30": 147.6, "2020-06-30": 154.1, "2020-03-31": "1.90000", "2019-12-31": 143.7, "2019-09-30": 94.5, "2019-06-30": 64.5, "2019-03-31": "11.80000", "2018-12-31": 33.7, "2018-09-30": 56.8, "2018-06-30": 41.4, "2018-03-31": "-8.70000", "2017-12-31": 41.2, "2017-09-30": 36.2, "2017-06-30": 14.3, "2017-03-31": "0.30000", "2016-12-31": 13.3, "2016-09-30": 23, "2016-06-30": 20.1, "2016-03-31": "-0.20000", "2015-12-31": 11.3, "2015-09-30": 17.9, "2015-06-30": 16.4, "2015-03-31": "3.40000", "2014-12-31": 8.4, "2014-09-30": 11.4, "2014-06-30": 6.2, "2014-03-31": "-2.40000", "2013-12-31": 4.4, "2013-09-30": 1.6, "2013-06-30": 0.9, "2013-03-31": "-4.50000", "2012-12-31": -10.6, "2012-09-30": -6, "2012-06-30": -6.3, "2012-03-31": "-10.20000", "2011-12-31": -11.544, "2011-09-30": -6.741, "2011-06-30": -2.526, "2011-03-31": "-9.28900", "2010-12-31": -13.488, "2010-09-30": -9.47, "2010-06-30": -9.305, "2010-03-31": "-10.43700", "2009-12-31": -9.173, "2009-09-30": -9.808, "2009-06-30": -11.036, "2009-03-31": "-9.37200", "2008-12-31": 2.526, "2008-09-30": -11.617, "2008-06-30": -11.901, "2008-03-31": "-16.45900", "2007-12-31": -7.164, "2007-09-30": -10.006, "2007-06-30": -7.627, "2007-03-31": "-8.41000", "2006-12-31": -9.973, "2006-09-30": -8.774, "2006-06-30": -13.613, "2006-03-31": "-11.37500", "2005-12-31": -6.6594, "2005-09-30": -5.597, "2005-06-30": -5.1897, "2005-03-31": "-5.10790"}, "Net Change In Property, Plant, And Equipment": {"2020-09-30": -47.4, "2020-06-30": -58.2, "2020-03-31": "-33.20000", "2019-12-31": -44.1, "2019-09-30": -49.7, "2019-06-30": -46.9, "2019-03-31": "-39.30000", "2018-12-31": -17.7, "2018-09-30": -23.8, "2018-06-30": -10.3, "2018-03-31": "-15.30000", "2017-12-31": -17.6, "2017-09-30": -13.5, "2017-06-30": -12, "2017-03-31": "-22.90000", "2016-12-31": -17.6, "2016-09-30": -16.1, "2016-06-30": -10.5, "2016-03-31": "-11.50000", "2015-12-31": -11.6, "2015-09-30": -7.4, "2015-06-30": -6.3, "2015-03-31": "-8.00000", "2014-12-31": -4.6, "2014-09-30": -3.7, "2014-06-30": -4, "2014-03-31": "-3.90000", "2013-12-31": -2.3, "2013-09-30": -2.2, "2013-06-30": -2, "2013-03-31": "-1.40000", "2012-12-31": -1.4, "2012-09-30": -2.9, "2012-06-30": -2.9, "2012-03-31": "-2.30000", "2011-12-31": -3.543, "2011-09-30": -1.506, "2011-06-30": -1.16, "2011-03-31": "-1.79100", "2010-12-31": -2.366, "2010-09-30": -2.093, "2010-06-30": -1.483, "2010-03-31": "-0.95800", "2009-12-31": -0.161, "2009-09-30": -0.825, "2009-06-30": -0.754, "2009-03-31": "-0.95000", "2008-12-31": -0.431, "2008-09-30": -0.609, "2008-06-30": -0.392, "2008-03-31": "-1.06000", "2007-12-31": -2.595, "2007-09-30": -0.13, "2007-06-30": -0.391, "2007-03-31": "-0.32700", "2006-12-31": -0.511, "2006-09-30": -0.62, "2006-06-30": -1.179, "2006-03-31": "-1.04200", "2005-12-31": -2.2822, "2005-09-30": -1.4243, "2005-06-30": -0.7462, "2005-03-31": "-0.22430"}, "Net Change In Intangible Assets": {"2020-09-30": 0, "2020-06-30": 0, "2020-03-31": "", "2019-12-31": 0, "2019-09-30": 0, "2019-06-30": 0, "2019-03-31": "", "2018-12-31": 0, "2018-09-30": 0, "2018-06-30": 0, "2018-03-31": "", "2017-12-31": 0, "2017-09-30": 0, "2017-06-30": 0, "2017-03-31": "", "2016-12-31": 0, "2016-09-30": 0, "2016-06-30": 0, "2016-03-31": "", "2015-12-31": 0, "2015-09-30": 0, "2015-06-30": 0, "2015-03-31": "", "2014-12-31": 0, "2014-09-30": 0, "2014-06-30": 0, "2014-03-31": "", "2013-12-31": 0, "2013-09-30": 0, "2013-06-30": 0, "2013-03-31": "", "2012-12-31": 0, "2012-09-30": 0, "2012-06-30": 0, "2012-03-31": "", "2011-12-31": 0, "2011-09-30": 0, "2011-06-30": 0, "2011-03-31": "", "2010-12-31": 0, "2010-09-30": 0, "2010-06-30": 0, "2010-03-31": "", "2009-12-31": 0, "2009-09-30": 0, "2009-06-30": 0, "2009-03-31": "", "2008-12-31": 0, "2008-09-30": 0, "2008-06-30": 0, "2008-03-31": "", "2007-12-31": 0, "2007-09-30": 0, "2007-06-30": 0, "2007-03-31": "", "2006-12-31": 0, "2006-09-30": 0, "2006-06-30": 0, "2006-03-31": "", "2005-12-31": 0, "2005-09-30": 0, "2005-06-30": 0, "2005-03-31": ""}, "Net Acquisitions/Divestitures": {"2020-09-30": 0, "2020-06-30": 0, "2020-03-31": "", "2019-12-31": 0, "2019-09-30": 0, "2019-06-30": 0, "2019-03-31": "", "2018-12-31": 0, "2018-09-30": -11.3, "2018-06-30": 0, "2018-03-31": "", "2017-12-31": 0, "2017-09-30": 0, "2017-06-30": 0, "2017-03-31": "", "2016-12-31": -0.1, "2016-09-30": 0, "2016-06-30": 0.4, "2016-03-31": "", "2015-12-31": 0, "2015-09-30": 0, "2015-06-30": -0.5, "2015-03-31": "", "2014-12-31": 0, "2014-09-30": 0, "2014-06-30": 0, "2014-03-31": "", "2013-12-31": 0, "2013-09-30": 0, "2013-06-30": 0, "2013-03-31": "", "2012-12-31": 0, "2012-09-30": 0, "2012-06-30": 0, "2012-03-31": "", "2011-12-31": 0, "2011-09-30": 0, "2011-06-30": 0, "2011-03-31": "", "2010-12-31": 0, "2010-09-30": 0, "2010-06-30": 0, "2010-03-31": "", "2009-12-31": 0, "2009-09-30": 0, "2009-06-30": 0, "2009-03-31": "", "2008-12-31": 0, "2008-09-30": 0, "2008-06-30": 0, "2008-03-31": "", "2007-12-31": 0, "2007-09-30": 0, "2007-06-30": 0, "2007-03-31": "", "2006-12-31": 0, "2006-09-30": 0, "2006-06-30": 0, "2006-03-31": "", "2005-12-31": 0, "2005-09-30": 0, "2005-06-30": 0, "2005-03-31": ""}, "Net Change In Short-term Investments": {"2020-09-30": 0, "2020-06-30": 0, "2020-03-31": "", "2019-12-31": 0, "2019-09-30": 0, "2019-06-30": 0, "2019-03-31": "", "2018-12-31": 0, "2018-09-30": 0, "2018-06-30": 0, "2018-03-31": "", "2017-12-31": 0, "2017-09-30": 0, "2017-06-30": 0, "2017-03-31": "", "2016-12-31": 0, "2016-09-30": 0, "2016-06-30": 0, "2016-03-31": "", "2015-12-31": 0, "2015-09-30": 0, "2015-06-30": 0, "2015-03-31": "", "2014-12-31": 0, "2014-09-30": 0, "2014-06-30": 0, "2014-03-31": "", "2013-12-31": 0, "2013-09-30": 0, "2013-06-30": 0, "2013-03-31": "", "2012-12-31": 0, "2012-09-30": 0, "2012-06-30": 0, "2012-03-31": "", "2011-12-31": 0, "2011-09-30": 0, "2011-06-30": 0, "2011-03-31": "", "2010-12-31": 0, "2010-09-30": 0, "2010-06-30": 0, "2010-03-31": "", "2009-12-31": 0, "2009-09-30": 0, "2009-06-30": 0, "2009-03-31": "", "2008-12-31": 0, "2008-09-30": 0, "2008-06-30": 0, "2008-03-31": "", "2007-12-31": 0, "2007-09-30": 0, "2007-06-30": 0, "2007-03-31": "", "2006-12-31": 0, "2006-09-30": 0, "2006-06-30": 0, "2006-03-31": "", "2005-12-31": 0, "2005-09-30": 0, "2005-06-30": 0, "2005-03-31": ""}, "Net Change In Long-Term Investments": {"2020-09-30": 45.8999, "2020-06-30": -1054.7, "2020-03-31": "164.20000", "2019-12-31": -51.4, "2019-09-30": -363.1, "2019-06-30": -591.3, "2019-03-31": "170.60000", "2018-12-31": 48.6, "2018-09-30": 39.7, "2018-06-30": -149.6, "2018-03-31": "-0.10000", "2017-12-31": 16.5, "2017-09-30": -23.1, "2017-06-30": -73.3, "2017-03-31": "1.50000", "2016-12-31": 0.4, "2016-09-30": -1.7, "2016-06-30": 0.5, "2016-03-31": "0.30000", "2015-12-31": -1.1, "2015-09-30": 1.7, "2015-06-30": -0.4, "2015-03-31": "-17.90000", "2014-12-31": -0.1, "2014-09-30": -0.1, "2014-06-30": 0, "2014-03-31": "-0.40000", "2013-12-31": 2.8, "2013-09-30": 3.9, "2013-06-30": 8.1, "2013-03-31": "14.00000", "2012-12-31": 8, "2012-09-30": 6.4, "2012-06-30": 9.5, "2012-03-31": "14.00000", "2011-12-31": 0.068, "2011-09-30": -9.096, "2011-06-30": -37.939, "2011-03-31": "8.56700", "2010-12-31": -18.053, "2010-09-30": 9.42, "2010-06-30": 4.996, "2010-03-31": "-15.06300", "2009-12-31": 6.7, "2009-09-30": 13.008, "2009-06-30": 7.239, "2009-03-31": "-38.36100", "2008-12-31": 6.465, "2008-09-30": 12.091, "2008-06-30": -6.386, "2008-03-31": "14.64600", "2007-12-31": 17.902, "2007-09-30": -0.543, "2007-06-30": -21.217, "2007-03-31": "-1.14300", "2006-12-31": 5.065, "2006-09-30": 7.147, "2006-06-30": -30.266, "2006-03-31": "-5.15300", "2005-12-31": 4.0515, "2005-09-30": -2.3188, "2005-06-30": -6.1732, "2005-03-31": "-9.05250"}, "Net Change In Investments - Total": {"2020-09-30": 45.8999, "2020-06-30": -1054.7, "2020-03-31": "164.20000", "2019-12-31": -51.4, "2019-09-30": -363.1, "2019-06-30": -591.3, "2019-03-31": "170.60000", "2018-12-31": 48.6, "2018-09-30": 39.7, "2018-06-30": -149.6, "2018-03-31": "-0.10000", "2017-12-31": 16.5, "2017-09-30": -23.1, "2017-06-30": -73.3, "2017-03-31": "1.50000", "2016-12-31": 0.4, "2016-09-30": -1.7, "2016-06-30": 0.5, "2016-03-31": "0.30000", "2015-12-31": -1.1, "2015-09-30": 1.7, "2015-06-30": -0.4, "2015-03-31": "-17.90000", "2014-12-31": -0.1, "2014-09-30": -0.1, "2014-06-30": 0, "2014-03-31": "-0.40000", "2013-12-31": 2.8, "2013-09-30": 3.9, "2013-06-30": 8.1, "2013-03-31": "14.00000", "2012-12-31": 8, "2012-09-30": 6.4, "2012-06-30": 9.5, "2012-03-31": "14.00000", "2011-12-31": 0.068, "2011-09-30": -9.096, "2011-06-30": -37.939, "2011-03-31": "8.56700", "2010-12-31": -18.053, "2010-09-30": 9.42, "2010-06-30": 4.996, "2010-03-31": "-15.06300", "2009-12-31": 6.7, "2009-09-30": 13.008, "2009-06-30": 7.239, "2009-03-31": "-38.36100", "2008-12-31": 6.465, "2008-09-30": 12.091, "2008-06-30": -6.386, "2008-03-31": "14.64600", "2007-12-31": 17.902, "2007-09-30": -0.543, "2007-06-30": -21.217, "2007-03-31": "-1.14300", "2006-12-31": 5.065, "2006-09-30": 7.147, "2006-06-30": -30.266, "2006-03-31": "-5.15300", "2005-12-31": 4.0515, "2005-09-30": -2.3188, "2005-06-30": -6.1732, "2005-03-31": "-9.05250"}, "Investing Activities - Other": {"2020-09-30": -7.8, "2020-06-30": -2.4, "2020-03-31": "-0.40000", "2019-12-31": 1.2, "2019-09-30": 0, "2019-06-30": -1.2, "2019-03-31": "", "2018-12-31": 0, "2018-09-30": 0, "2018-06-30": 0, "2018-03-31": "", "2017-12-31": 0, "2017-09-30": 0, "2017-06-30": 0, "2017-03-31": "", "2016-12-31": 0, "2016-09-30": 0, "2016-06-30": 0, "2016-03-31": "", "2015-12-31": 0, "2015-09-30": 0, "2015-06-30": 0, "2015-03-31": "", "2014-12-31": 0, "2014-09-30": 0, "2014-06-30": 0, "2014-03-31": "", "2013-12-31": 0, "2013-09-30": 0, "2013-06-30": 0, "2013-03-31": "", "2012-12-31": 0, "2012-09-30": 0, "2012-06-30": 0, "2012-03-31": "", "2011-12-31": 0, "2011-09-30": 0, "2011-06-30": 0, "2011-03-31": "", "2010-12-31": 0, "2010-09-30": 0, "2010-06-30": 0, "2010-03-31": "", "2009-12-31": 0, "2009-09-30": 0, "2009-06-30": 0, "2009-03-31": "", "2008-12-31": 0, "2008-09-30": 0, "2008-06-30": 0, "2008-03-31": "", "2007-12-31": 0, "2007-09-30": 0, "2007-06-30": 0, "2007-03-31": "", "2006-12-31": 0, "2006-09-30": 0, "2006-06-30": 0, "2006-03-31": "", "2005-12-31": 0, "2005-09-30": 0, "2005-06-30": 0, "2005-03-31": ""}, "Cash Flow From Investing Activities": {"2020-09-30": -9.3, "2020-06-30": -1115.3, "2020-03-31": "130.60000", "2019-12-31": -94.3, "2019-09-30": -412.8, "2019-06-30": -639.4, "2019-03-31": "131.30000", "2018-12-31": 30.9, "2018-09-30": 4.6, "2018-06-30": -159.9, "2018-03-31": "-15.40000", "2017-12-31": -1.1, "2017-09-30": -36.6, "2017-06-30": -85.3, "2017-03-31": "-21.40000", "2016-12-31": -17.3, "2016-09-30": -17.8, "2016-06-30": -9.6, "2016-03-31": "-11.20000", "2015-12-31": -12.7, "2015-09-30": -5.7, "2015-06-30": -7.2, "2015-03-31": "-25.90000", "2014-12-31": -4.7, "2014-09-30": -3.8, "2014-06-30": -4, "2014-03-31": "-4.30000", "2013-12-31": 0.5, "2013-09-30": 1.7, "2013-06-30": 6.1, "2013-03-31": "12.60000", "2012-12-31": 6.6, "2012-09-30": 3.5, "2012-06-30": 6.6, "2012-03-31": "11.70000", "2011-12-31": -3.475, "2011-09-30": -10.602, "2011-06-30": -39.099, "2011-03-31": "6.77600", "2010-12-31": -20.419, "2010-09-30": 7.327, "2010-06-30": 3.513, "2010-03-31": "-16.02100", "2009-12-31": 6.539, "2009-09-30": 12.183, "2009-06-30": 6.485, "2009-03-31": "-39.31100", "2008-12-31": 6.034, "2008-09-30": 11.482, "2008-06-30": -6.778, "2008-03-31": "13.58600", "2007-12-31": 15.307, "2007-09-30": -0.673, "2007-06-30": -21.608, "2007-03-31": "-1.47000", "2006-12-31": 4.554, "2006-09-30": 6.527, "2006-06-30": -31.445, "2006-03-31": "-6.19500", "2005-12-31": 1.7694, "2005-09-30": -3.7432, "2005-06-30": -6.9194, "2005-03-31": "-9.27680"}, "Net Long-Term Debt": {"2020-09-30": 0, "2020-06-30": 906.2001, "2020-03-31": "", "2019-12-31": 0, "2019-09-30": 0, "2019-06-30": 0, "2019-03-31": "", "2018-12-31": 617.7, "2018-09-30": 0, "2018-06-30": 0, "2018-03-31": "", "2017-12-31": 0, "2017-09-30": 0, "2017-06-30": 389, "2017-03-31": "", "2016-12-31": 2.3, "2016-09-30": 0, "2016-06-30": -1.7, "2016-03-31": "-0.60000", "2015-12-31": -0.6, "2015-09-30": -0.5, "2015-06-30": -0.6, "2015-03-31": "-0.60000", "2014-12-31": -0.6, "2014-09-30": -0.5, "2014-06-30": -0.6, "2014-03-31": "-0.50000", "2013-12-31": -0.2, "2013-09-30": 0, "2013-06-30": 0, "2013-03-31": "", "2012-12-31": 6.6, "2012-09-30": 0, "2012-06-30": 0, "2012-03-31": "", "2011-12-31": 0.025, "2011-09-30": -0.075, "2011-06-30": -0.225, "2011-03-31": "-0.22500", "2010-12-31": -0.225, "2010-09-30": -0.225, "2010-06-30": -0.225, "2010-03-31": "-0.22500", "2009-12-31": -0.225, "2009-09-30": -0.569, "2009-06-30": -0.569, "2009-03-31": "-0.56800", "2008-12-31": -0.569, "2008-09-30": -0.569, "2008-06-30": -0.569, "2008-03-31": "2.65700", "2007-12-31": -0.411, "2007-09-30": -0.344, "2007-06-30": -0.723, "2007-03-31": "58.13000", "2006-12-31": 0.326, "2006-09-30": 1.2, "2006-06-30": 1.5, "2006-03-31": "", "2005-12-31": 0, "2005-09-30": 0, "2005-06-30": 0, "2005-03-31": ""}, "Net Current Debt": {"2020-09-30": 0, "2020-06-30": 0, "2020-03-31": "", "2019-12-31": 0, "2019-09-30": 0, "2019-06-30": 0, "2019-03-31": "", "2018-12-31": 0, "2018-09-30": 0, "2018-06-30": 0, "2018-03-31": "", "2017-12-31": 0, "2017-09-30": 0, "2017-06-30": -75, "2017-03-31": "75.00000", "2016-12-31": 0, "2016-09-30": 0, "2016-06-30": 0, "2016-03-31": "", "2015-12-31": 0, "2015-09-30": 0, "2015-06-30": 0, "2015-03-31": "", "2014-12-31": 0, "2014-09-30": 0, "2014-06-30": 0, "2014-03-31": "", "2013-12-31": 0, "2013-09-30": 0, "2013-06-30": 0, "2013-03-31": "", "2012-12-31": 0, "2012-09-30": 0, "2012-06-30": 0, "2012-03-31": "", "2011-12-31": 0, "2011-09-30": 0, "2011-06-30": 0, "2011-03-31": "", "2010-12-31": 0, "2010-09-30": 0, "2010-06-30": 0, "2010-03-31": "", "2009-12-31": 0, "2009-09-30": 0, "2009-06-30": 0, "2009-03-31": "", "2008-12-31": 0, "2008-09-30": 0, "2008-06-30": 0, "2008-03-31": "", "2007-12-31": 0, "2007-09-30": 0, "2007-06-30": 0, "2007-03-31": "-10.95000", "2006-12-31": 0, "2006-09-30": 0, "2006-06-30": 0, "2006-03-31": "", "2005-12-31": 0, "2005-09-30": 0, "2005-06-30": 0, "2005-03-31": ""}, "Debt Issuance/Retirement Net - Total": {"2020-09-30": 0, "2020-06-30": 906.2001, "2020-03-31": "", "2019-12-31": 0, "2019-09-30": 0, "2019-06-30": 0, "2019-03-31": "", "2018-12-31": 617.7, "2018-09-30": 0, "2018-06-30": 0, "2018-03-31": "", "2017-12-31": 0, "2017-09-30": 0, "2017-06-30": 314, "2017-03-31": "75.00000", "2016-12-31": 2.3, "2016-09-30": 0, "2016-06-30": -1.7, "2016-03-31": "-0.60000", "2015-12-31": -0.6, "2015-09-30": -0.5, "2015-06-30": -0.6, "2015-03-31": "-0.60000", "2014-12-31": -0.6, "2014-09-30": -0.5, "2014-06-30": -0.6, "2014-03-31": "-0.50000", "2013-12-31": -0.2, "2013-09-30": 0, "2013-06-30": 0, "2013-03-31": "", "2012-12-31": 6.6, "2012-09-30": 0, "2012-06-30": 0, "2012-03-31": "", "2011-12-31": 0.025, "2011-09-30": -0.075, "2011-06-30": -0.225, "2011-03-31": "-0.22500", "2010-12-31": -0.225, "2010-09-30": -0.225, "2010-06-30": -0.225, "2010-03-31": "-0.22500", "2009-12-31": -0.225, "2009-09-30": -0.569, "2009-06-30": -0.569, "2009-03-31": "-0.56800", "2008-12-31": -0.569, "2008-09-30": -0.569, "2008-06-30": -0.569, "2008-03-31": "2.65700", "2007-12-31": -0.411, "2007-09-30": -0.344, "2007-06-30": -0.723, "2007-03-31": "47.18000", "2006-12-31": 0.326, "2006-09-30": 1.2, "2006-06-30": 1.5, "2006-03-31": "", "2005-12-31": 0, "2005-09-30": 0, "2005-06-30": 0, "2005-03-31": ""}, "Net Common Equity Issued/Repurchased": {"2020-09-30": 8.6, "2020-06-30": 0, "2020-03-31": "6.70000", "2019-12-31": 0, "2019-09-30": 6.8, "2019-06-30": 0.1, "2019-03-31": "5.00000", "2018-12-31": 84, "2018-09-30": 5.4, "2018-06-30": 1, "2018-03-31": "4.20000", "2017-12-31": 0.1, "2017-09-30": 4.3, "2017-06-30": 0.4, "2017-03-31": "5.30000", "2016-12-31": 0.5, "2016-09-30": 5.1, "2016-06-30": 1, "2016-03-31": "3.80000", "2015-12-31": 2.8, "2015-09-30": 5.9, "2015-06-30": 4.9, "2015-03-31": "5.50000", "2014-12-31": 5.5, "2014-09-30": 6.6, "2014-06-30": 2.2, "2014-03-31": "9.70000", "2013-12-31": 5.1, "2013-09-30": 1.9, "2013-06-30": 2.3, "2013-03-31": "2.70000", "2012-12-31": 0.7, "2012-09-30": 1.3, "2012-06-30": 0.5, "2012-03-31": "1.10000", "2011-12-31": 0.038, "2011-09-30": 1.033, "2011-06-30": 71.941, "2011-03-31": "1.68800", "2010-12-31": 33.439, "2010-09-30": 1.85, "2010-06-30": 1.397, "2010-03-31": "33.81400", "2009-12-31": 0.079, "2009-09-30": 0.343, "2009-06-30": 0.078, "2009-03-31": "45.81000", "2008-12-31": 0.066, "2008-09-30": 0.384, "2008-06-30": 0.259, "2008-03-31": "1.05300", "2007-12-31": 0.207, "2007-09-30": 0.315, "2007-06-30": 0.014, "2007-03-31": "0.36100", "2006-12-31": 0.057, "2006-09-30": 0.272, "2006-06-30": 47.355, "2006-03-31": "0.50400", "2005-12-31": 0.0169, "2005-09-30": -0.031, "2005-06-30": 50.5766, "2005-03-31": "0.17850"}, "Net Total Equity Issued/Repurchased": {"2020-09-30": 8.6, "2020-06-30": 0, "2020-03-31": "6.70000", "2019-12-31": 0, "2019-09-30": 6.8, "2019-06-30": 0.1, "2019-03-31": "5.00000", "2018-12-31": 84, "2018-09-30": 5.4, "2018-06-30": 1, "2018-03-31": "4.20000", "2017-12-31": 0.1, "2017-09-30": 4.3, "2017-06-30": 0.4, "2017-03-31": "5.30000", "2016-12-31": 0.5, "2016-09-30": 5.1, "2016-06-30": 1, "2016-03-31": "3.80000", "2015-12-31": 2.8, "2015-09-30": 5.9, "2015-06-30": 4.9, "2015-03-31": "5.50000", "2014-12-31": 5.5, "2014-09-30": 6.6, "2014-06-30": 2.2, "2014-03-31": "9.70000", "2013-12-31": 5.1, "2013-09-30": 1.9, "2013-06-30": 2.3, "2013-03-31": "2.70000", "2012-12-31": 0.7, "2012-09-30": 1.3, "2012-06-30": 0.5, "2012-03-31": "1.10000", "2011-12-31": 0.038, "2011-09-30": 1.033, "2011-06-30": 71.941, "2011-03-31": "1.68800", "2010-12-31": 33.439, "2010-09-30": 1.85, "2010-06-30": 1.397, "2010-03-31": "33.81400", "2009-12-31": 0.079, "2009-09-30": 0.343, "2009-06-30": 0.078, "2009-03-31": "45.81000", "2008-12-31": 0.066, "2008-09-30": 0.384, "2008-06-30": 0.259, "2008-03-31": "1.05300", "2007-12-31": 0.207, "2007-09-30": 0.315, "2007-06-30": 0.014, "2007-03-31": "0.36100", "2006-12-31": 0.057, "2006-09-30": 0.272, "2006-06-30": 47.355, "2006-03-31": "0.50400", "2005-12-31": 0.0169, "2005-09-30": -0.031, "2005-06-30": 50.5766, "2005-03-31": "0.17850"}, "Total Common And Preferred Stock Dividends Paid": {"2020-09-30": 0, "2020-06-30": 0, "2020-03-31": "", "2019-12-31": 0, "2019-09-30": 0, "2019-06-30": 0, "2019-03-31": "", "2018-12-31": 0, "2018-09-30": 0, "2018-06-30": 0, "2018-03-31": "", "2017-12-31": 0, "2017-09-30": 0, "2017-06-30": 0, "2017-03-31": "", "2016-12-31": 0, "2016-09-30": 0, "2016-06-30": 0, "2016-03-31": "", "2015-12-31": 0, "2015-09-30": 0, "2015-06-30": 0, "2015-03-31": "", "2014-12-31": 0, "2014-09-30": 0, "2014-06-30": 0, "2014-03-31": "", "2013-12-31": 0, "2013-09-30": 0, "2013-06-30": 0, "2013-03-31": "", "2012-12-31": 0, "2012-09-30": 0, "2012-06-30": 0, "2012-03-31": "", "2011-12-31": 0, "2011-09-30": 0, "2011-06-30": 0, "2011-03-31": "", "2010-12-31": 0, "2010-09-30": 0, "2010-06-30": 0, "2010-03-31": "", "2009-12-31": 0, "2009-09-30": 0, "2009-06-30": 0, "2009-03-31": "", "2008-12-31": 0, "2008-09-30": 0, "2008-06-30": 0, "2008-03-31": "", "2007-12-31": 0, "2007-09-30": 0, "2007-06-30": 0, "2007-03-31": "", "2006-12-31": 0, "2006-09-30": 0, "2006-06-30": 0, "2006-03-31": "", "2005-12-31": 0, "2005-09-30": 0, "2005-06-30": 0, "2005-03-31": ""}, "Financial Activities - Other": {"2020-09-30": -4.1, "2020-06-30": -0.2, "2020-03-31": "-0.20000", "2019-12-31": -0.1, "2019-09-30": -0.8, "2019-06-30": -0.2, "2019-03-31": "-0.10000", "2018-12-31": -0.1, "2018-09-30": 0, "2018-06-30": -1.8, "2018-03-31": "", "2017-12-31": 0, "2017-09-30": 0, "2017-06-30": 0, "2017-03-31": "", "2016-12-31": -2.3, "2016-09-30": 0, "2016-06-30": 0, "2016-03-31": "", "2015-12-31": 0, "2015-09-30": 0, "2015-06-30": 0, "2015-03-31": "", "2014-12-31": 0, "2014-09-30": 0, "2014-06-30": 0, "2014-03-31": "", "2013-12-31": 0, "2013-09-30": 0, "2013-06-30": 0, "2013-03-31": "", "2012-12-31": 0, "2012-09-30": 0, "2012-06-30": 0, "2012-03-31": "", "2011-12-31": 0, "2011-09-30": 0, "2011-06-30": 0, "2011-03-31": "", "2010-12-31": 0, "2010-09-30": 0, "2010-06-30": 0, "2010-03-31": "", "2009-12-31": 0, "2009-09-30": 0, "2009-06-30": 0, "2009-03-31": "", "2008-12-31": 0, "2008-09-30": 0, "2008-06-30": 0, "2008-03-31": "", "2007-12-31": 0, "2007-09-30": 0, "2007-06-30": 0, "2007-03-31": "", "2006-12-31": 0, "2006-09-30": 0, "2006-06-30": 0, "2006-03-31": "", "2005-12-31": 0, "2005-09-30": 0, "2005-06-30": 0.3917, "2005-03-31": "-0.39170"}, "Cash Flow From Financial Activities": {"2020-09-30": 4.5, "2020-06-30": 906, "2020-03-31": "6.50000", "2019-12-31": -0.1, "2019-09-30": 6, "2019-06-30": -0.1, "2019-03-31": "4.90000", "2018-12-31": 701.6, "2018-09-30": 5.4, "2018-06-30": -0.8, "2018-03-31": "4.20000", "2017-12-31": 0.1, "2017-09-30": 4.3, "2017-06-30": 314.4, "2017-03-31": "80.30000", "2016-12-31": 0.5, "2016-09-30": 5.1, "2016-06-30": -0.7, "2016-03-31": "3.20000", "2015-12-31": 2.2, "2015-09-30": 5.4, "2015-06-30": 4.3, "2015-03-31": "4.90000", "2014-12-31": 4.9, "2014-09-30": 6.1, "2014-06-30": 1.6, "2014-03-31": "9.20000", "2013-12-31": 4.9, "2013-09-30": 1.9, "2013-06-30": 2.3, "2013-03-31": "2.70000", "2012-12-31": 7.3, "2012-09-30": 1.3, "2012-06-30": 0.5, "2012-03-31": "1.10000", "2011-12-31": 0.063, "2011-09-30": 0.958, "2011-06-30": 71.716, "2011-03-31": "1.46300", "2010-12-31": 33.214, "2010-09-30": 1.625, "2010-06-30": 1.172, "2010-03-31": "33.58900", "2009-12-31": -0.146, "2009-09-30": -0.226, "2009-06-30": -0.491, "2009-03-31": "45.24200", "2008-12-31": -0.503, "2008-09-30": -0.185, "2008-06-30": -0.31, "2008-03-31": "3.71000", "2007-12-31": -0.204, "2007-09-30": -0.029, "2007-06-30": -0.709, "2007-03-31": "47.54100", "2006-12-31": 0.383, "2006-09-30": 1.472, "2006-06-30": 48.855, "2006-03-31": "0.50400", "2005-12-31": 0.0169, "2005-09-30": -0.031, "2005-06-30": 50.9683, "2005-03-31": "-0.21320"}, "Net Cash Flow": {"2020-09-30": 143.8, "2020-06-30": -54.9, "2020-03-31": "138.50000", "2019-12-31": 50.3, "2019-09-30": -313.7, "2019-06-30": -575.9, "2019-03-31": "148.60000", "2018-12-31": 769.4, "2018-09-30": 67.2, "2018-06-30": -120.2, "2018-03-31": "-20.80000", "2017-12-31": 39.4, "2017-09-30": 6.2, "2017-06-30": 242.4, "2017-03-31": "59.00000", "2016-12-31": -3.2, "2016-09-30": 10.2, "2016-06-30": 9.6, "2016-03-31": "-8.20000", "2015-12-31": 0.8, "2015-09-30": 17.6, "2015-06-30": 13.5, "2015-03-31": "-17.60000", "2014-12-31": 8.6, "2014-09-30": 13.7, "2014-06-30": 3.8, "2014-03-31": "2.50000", "2013-12-31": 9.8, "2013-09-30": 5.2, "2013-06-30": 9.3, "2013-03-31": "10.80000", "2012-12-31": 3.3, "2012-09-30": -1.2, "2012-06-30": 0.8, "2012-03-31": "2.60000", "2011-12-31": -14.934, "2011-09-30": -16.366, "2011-06-30": 30.084, "2011-03-31": "-1.08400", "2010-12-31": -0.652, "2010-09-30": -0.561, "2010-06-30": -4.61, "2010-03-31": "7.12300", "2009-12-31": -2.785, "2009-09-30": 2.154, "2009-06-30": -5.068, "2009-03-31": "-3.42400", "2008-12-31": 8.058, "2008-09-30": -0.321, "2008-06-30": -18.989, "2008-03-31": "0.83700", "2007-12-31": 7.939, "2007-09-30": -10.708, "2007-06-30": -29.944, "2007-03-31": "37.66100", "2006-12-31": -5.036, "2006-09-30": -0.775, "2006-06-30": 3.797, "2006-03-31": "-17.06600", "2005-12-31": -4.8731, "2005-09-30": -9.3711, "2005-06-30": 38.8591, "2005-03-31": "-14.59790"}, "Stock-Based Compensation": {"2020-09-30": 30.7, "2020-06-30": 30.7, "2020-03-31": "23.90000", "2019-12-31": 23.6, "2019-09-30": 24.4, "2019-06-30": 29.7, "2019-03-31": "25.00000", "2018-12-31": 24.6, "2018-09-30": 27.1, "2018-06-30": 25.6, "2018-03-31": "24.60000", "2017-12-31": 24.9, "2017-09-30": 25.4, "2017-06-30": 25.3, "2017-03-31": "30.60000", "2016-12-31": 29.1, "2016-09-30": 29, "2016-06-30": 27.6, "2016-03-31": "25.10000", "2015-12-31": 23.5, "2015-09-30": 22.6, "2015-06-30": 20.7, "2015-03-31": "15.90000", "2014-12-31": 14.3, "2014-09-30": 13.8, "2014-06-30": 13.2, "2014-03-31": "8.70000", "2013-12-31": 6.6, "2013-09-30": 6.6, "2013-06-30": 6.4, "2013-03-31": "5.00000", "2012-12-31": 4.5, "2012-09-30": 4.9, "2012-06-30": 4.9, "2012-03-31": "4.10000", "2011-12-31": 3.567, "2011-09-30": 3.728, "2011-06-30": 3.657, "2011-03-31": "2.54800", "2010-12-31": 2.037, "2010-09-30": 2.317, "2010-06-30": 2.771, "2010-03-31": "2.27500", "2009-12-31": 2.154, "2009-09-30": 2.13, "2009-06-30": 2.041, "2009-03-31": "2.04100", "2008-12-31": 1.976, "2008-09-30": 1.787, "2008-06-30": 1.972, "2008-03-31": "1.94800", "2007-12-31": 1.877, "2007-09-30": 1.704, "2007-06-30": 1.445, "2007-03-31": "1.09600", "2006-12-31": 1.49, "2006-09-30": 1.439, "2006-06-30": 1.635, "2006-03-31": "1.28900", "2005-12-31": -1.3491, "2005-09-30": 0.4028, "2005-06-30": 0.4806, "2005-03-31": "0.58570"}, "Common Stock Dividends Paid": {"2020-09-30": 0, "2020-06-30": 0, "2020-03-31": "", "2019-12-31": 0, "2019-09-30": 0, "2019-06-30": 0, "2019-03-31": "", "2018-12-31": 0, "2018-09-30": 0, "2018-06-30": 0, "2018-03-31": "", "2017-12-31": 0, "2017-09-30": 0, "2017-06-30": 0, "2017-03-31": "", "2016-12-31": 0, "2016-09-30": 0, "2016-06-30": 0, "2016-03-31": "", "2015-12-31": 0, "2015-09-30": 0, "2015-06-30": 0, "2015-03-31": "", "2014-12-31": 0, "2014-09-30": 0, "2014-06-30": 0, "2014-03-31": "", "2013-12-31": 0, "2013-09-30": 0, "2013-06-30": 0, "2013-03-31": "", "2012-12-31": 0, "2012-09-30": 0, "2012-06-30": 0, "2012-03-31": "", "2011-12-31": 0, "2011-09-30": 0, "2011-06-30": 0, "2011-03-31": "", "2010-12-31": 0, "2010-09-30": 0, "2010-06-30": 0, "2010-03-31": "", "2009-12-31": 0, "2009-09-30": 0, "2009-06-30": 0, "2009-03-31": "", "2008-12-31": 0, "2008-09-30": 0, "2008-06-30": 0, "2008-03-31": "", "2007-12-31": 0, "2007-09-30": 0, "2007-06-30": 0, "2007-03-31": "", "2006-12-31": 0, "2006-09-30": 0, "2006-06-30": 0, "2006-03-31": "", "2005-12-31": 0, "2005-09-30": 0, "2005-06-30": 0, "2005-03-31": ""}}, "financial ratios": {"Current Ratio": {"2019-12-31": "5.46750", "2018-12-31": "7.64160", "2017-12-31": "5.36140", "2016-12-31": "2.73440", "2015-12-31": "3.45740", "2014-12-31": "3.59360", "2013-12-31": "2.90030", "2012-12-31": "3.97950", "2011-12-31": "7.10880", "2010-12-31": "4.32020", "2009-12-31": "1.96420", "2008-12-31": "2.13780", "2007-12-31": "7.96630", "2006-12-31": "10.96670", "2005-12-31": "7.21120"}, "Long-term Debt / Capital": {"2019-12-31": "0.54560", "2018-12-31": "0.60370", "2017-12-31": "0.43860", "2016-12-31": "", "2015-12-31": "", "2014-12-31": "0.01610", "2013-12-31": "0.05190", "2012-12-31": "0.08110", "2011-12-31": "", "2010-12-31": "", "2009-12-31": "1.67530", "2008-12-31": "1.87190", "2007-12-31": "0.89560", "2006-12-31": "0.03590", "2005-12-31": ""}, "Debt/Equity Ratio": {"2019-12-31": "1.20070", "2018-12-31": "1.52310", "2017-12-31": "0.78110", "2016-12-31": "", "2015-12-31": "0.01040", "2014-12-31": "0.03280", "2013-12-31": "0.08090", "2012-12-31": "0.09090", "2011-12-31": "", "2010-12-31": "0.00860", "2009-12-31": "-2.52950", "2008-12-31": "-2.24610", "2007-12-31": "8.77100", "2006-12-31": "0.05320", "2005-12-31": ""}, "Gross Margin": {"2019-12-31": "63.10980", "2018-12-31": "64.35640", "2017-12-31": "68.48990", "2016-12-31": "66.00380", "2015-12-31": "69.25370", "2014-12-31": "68.01700", "2013-12-31": "62.56250", "2012-12-31": "46.64660", "2011-12-31": "47.05110", "2010-12-31": "37.86010", "2009-12-31": "12.32950", "2008-12-31": "-56.20050", "2007-12-31": "-175.25400", "2006-12-31": "-405.02300", "2005-12-31": ""}, "Operating Margin": {"2019-12-31": "9.64090", "2018-12-31": "-18.05930", "2017-12-31": "-5.91510", "2016-12-31": "-11.14600", "2015-12-31": "-14.20400", "2014-12-31": "-8.29480", "2013-12-31": "-18.06250", "2012-12-31": "-55.75580", "2011-12-31": "-58.71560", "2010-12-31": "-93.20990", "2009-12-31": "-154.35620", "2008-12-31": "-536.96890", "2007-12-31": "-1008.77500", "2006-12-31": "-2272.76500", "2005-12-31": ""}, "EBIT Margin": {"2019-12-31": "9.64090", "2018-12-31": "-18.05930", "2017-12-31": "-5.91510", "2016-12-31": "-11.14600", "2015-12-31": "-14.20400", "2014-12-31": "-8.29480", "2013-12-31": "-18.06250", "2012-12-31": "-55.75580", "2011-12-31": "-58.71560", "2010-12-31": "-93.20990", "2009-12-31": "-154.35620", "2008-12-31": "-536.96890", "2007-12-31": "-1008.77500", "2006-12-31": "-2272.76500", "2005-12-31": ""}, "EBITDA Margin": {"2019-12-31": "12.94040", "2018-12-31": "-15.23850", "2017-12-31": "-3.67430", "2016-12-31": "-8.52960", "2015-12-31": "-11.51740", "2014-12-31": "-5.05400", "2013-12-31": "-13.25000", "2012-12-31": "-48.24830", "2011-12-31": "-52.55570", "2010-12-31": "-86.83130", "2009-12-31": "-142.53530", "2008-12-31": "-504.48260", "2007-12-31": "-954.72240", "2006-12-31": "-2165.62200", "2005-12-31": ""}, "Pre-Tax Profit Margin": {"2019-12-31": "7.05960", "2018-12-31": "-12.26250", "2017-12-31": "-6.76410", "2016-12-31": "-11.32040", "2015-12-31": "-14.30350", "2014-12-31": "-8.60340", "2013-12-31": "-18.62500", "2012-12-31": "-55.85590", "2011-12-31": "-58.58450", "2010-12-31": "-113.58030", "2009-12-31": "-180.25800", "2008-12-31": "-598.25160", "2007-12-31": "-1047.20100", "2006-12-31": "-2147.41900", "2005-12-31": ""}, "Net Profit Margin": {"2019-12-31": "6.84960", "2018-12-31": "-12.32070", "2017-12-31": "-6.98680", "2016-12-31": "-11.44250", "2015-12-31": "-14.32840", "2014-12-31": "-8.64200", "2013-12-31": "-18.62500", "2012-12-31": "-54.55460", "2011-12-31": "-58.58450", "2010-12-31": "-113.58030", "2009-12-31": "-180.25800", "2008-12-31": "-598.25160", "2007-12-31": "-1047.20100", "2006-12-31": "-2147.41900", "2005-12-31": ""}, "Asset Turnover": {"2019-12-31": "0.61630", "2018-12-31": "0.53840", "2017-12-31": "0.79470", "2016-12-31": "1.42330", "2015-12-31": "1.37670", "2014-12-31": "1.40410", "2013-12-31": "1.30610", "2012-12-31": "0.94250", "2011-12-31": "0.63320", "2010-12-31": "0.62980", "2009-12-31": "0.63250", "2008-12-31": "0.22420", "2007-12-31": "0.05990", "2006-12-31": "0.03360", "2005-12-31": ""}, "Inventory Turnover Ratio": {"2019-12-31": "4.54510", "2018-12-31": "5.20080", "2017-12-31": "5.00880", "2016-12-31": "4.29300", "2015-12-31": "3.51140", "2014-12-31": "5.18130", "2013-12-31": "6.65560", "2012-12-31": "7.20270", "2011-12-31": "4.92680", "2010-12-31": "3.72290", "2009-12-31": "9.85690", "2008-12-31": "6.28250", "2007-12-31": "11.18170", "2006-12-31": "7.75580", "2005-12-31": ""}, "Receiveable Turnover": {"2019-12-31": "5.15540", "2018-12-31": "4.55050", "2017-12-31": "5.35000", "2016-12-31": "5.63720", "2015-12-31": "5.42510", "2014-12-31": "6.11320", "2013-12-31": "6.13030", "2012-12-31": "5.12310", "2011-12-31": "6.10400", "2010-12-31": "7.28530", "2009-12-31": "8.50800", "2008-12-31": "8.79960", "2007-12-31": "21.52090", "2006-12-31": "18.08330", "2005-12-31": ""}, "Days Sales In Receivables": {"2019-12-31": "70.79910", "2018-12-31": "80.21080", "2017-12-31": "68.22480", "2016-12-31": "64.74880", "2015-12-31": "67.27990", "2014-12-31": "59.70680", "2013-12-31": "59.54060", "2012-12-31": "71.24630", "2011-12-31": "59.79690", "2010-12-31": "50.10110", "2009-12-31": "42.90070", "2008-12-31": "41.47900", "2007-12-31": "16.96020", "2006-12-31": "20.18430", "2005-12-31": ""}, "ROE - Return On Equity": {"2019-12-31": "11.45480", "2018-12-31": "-19.16180", "2017-12-31": "-11.96950", "2016-12-31": "-23.11490", "2015-12-31": "-26.03980", "2014-12-31": "-15.97720", "2013-12-31": "-35.43400", "2012-12-31": "-70.77930", "2011-12-31": "-42.77510", "2010-12-31": "-90.50220", "2009-12-31": "290.18150", "2008-12-31": "302.32170", "2007-12-31": "-681.01150", "2006-12-31": "-82.00010", "2005-12-31": "-62.26820"}, "Return On Tangible Equity": {"2019-12-31": "11.70140", "2018-12-31": "-19.71770", "2017-12-31": "-12.32510", "2016-12-31": "-24.07340", "2015-12-31": "-26.75340", "2014-12-31": "-16.67910", "2013-12-31": "-38.55110", "2012-12-31": "-78.30460", "2011-12-31": "-42.77510", "2010-12-31": "-90.50220", "2009-12-31": "290.18170", "2008-12-31": "302.32180", "2007-12-31": "-681.01140", "2006-12-31": "-82.00010", "2005-12-31": "-62.26820"}, "ROA - Return On Assets": {"2019-12-31": "4.22130", "2018-12-31": "-6.63360", "2017-12-31": "-5.55250", "2016-12-31": "-16.28600", "2015-12-31": "-19.72600", "2014-12-31": "-12.13430", "2013-12-31": "-24.32650", "2012-12-31": "-51.41510", "2011-12-31": "-37.09540", "2010-12-31": "-71.53600", "2009-12-31": "-114.00700", "2008-12-31": "-134.12330", "2007-12-31": "-62.71630", "2006-12-31": "-72.18720", "2005-12-31": "-54.23940"}, "ROI - Return On Investment": {"2019-12-31": "5.20520", "2018-12-31": "-7.59440", "2017-12-31": "-6.72020", "2016-12-31": "-23.11490", "2015-12-31": "-26.03980", "2014-12-31": "-15.71930", "2013-12-31": "-33.59640", "2012-12-31": "-65.03580", "2011-12-31": "-42.77510", "2010-12-31": "-90.50220", "2009-12-31": "-195.97250", "2008-12-31": "-263.59730", "2007-12-31": "-71.10320", "2006-12-31": "-79.05370", "2005-12-31": "-62.26820"}, "Book Value Per Share": {"2019-12-31": "9.63540", "2018-12-31": "7.37000", "2017-12-31": "4.82070", "2016-12-31": "3.35460", "2015-12-31": "2.70750", "2014-12-31": "1.81370", "2013-12-31": "1.16000", "2012-12-31": "1.10790", "2011-12-31": "1.54810", "2010-12-31": "0.98250", "2009-12-31": "-0.40060", "2008-12-31": "-0.65280", "2007-12-31": "0.24860", "2006-12-31": "2.01780", "2005-12-31": "1.94410"}, "Operating Cash Flow Per Share": {"2019-12-31": 2.0106, "2018-12-31": 0.3308, "2017-12-31": 0.3938, "2016-12-31": 0.0582, "2015-12-31": 0.3002, "2014-12-31": 0.28, "2013-12-31": 0.5156, "2012-12-31": -0.023, "2011-12-31": 0.2916, "2010-12-31": 0.1378, "2009-12-31": 0.3819, "2008-12-31": -0.0972, "2007-12-31": 0.4329, "2006-12-31": -0.4152, "2005-12-31": -1.1906}, "Free Cash Flow Per Share": {"2019-12-31": 0.8211, "2018-12-31": 0.3348, "2017-12-31": 0.2953, "2016-12-31": -0.1907, "2015-12-31": 0.0983, "2014-12-31": 0.1758, "2013-12-31": 0.5427, "2012-12-31": -0.0393, "2011-12-31": 0.2909, "2010-12-31": 0.0772, "2009-12-31": 0.4057, "2008-12-31": -0.0601, "2007-12-31": 0.4344, "2006-12-31": -0.2915, "2005-12-31": -1.4374}}, "financial ratios, quarterly": {"Current Ratio": {"2020-09-30": "6.39240", "2020-06-30": "7.58060", "2020-03-31": "5.82180", "2019-12-31": "5.46750", "2019-09-30": "5.63180", "2019-06-30": "6.05200", "2019-03-31": "7.18270", "2018-12-31": "7.64160", "2018-09-30": "4.71430", "2018-06-30": "4.89460", "2018-03-31": "5.82970", "2017-12-31": "5.36140", "2017-09-30": "5.86210", "2017-06-30": "6.24930", "2017-03-31": "1.92490", "2016-12-31": "2.73440", "2016-09-30": "3.00350", "2016-06-30": "3.26120", "2016-03-31": "3.54760", "2015-12-31": "3.45740", "2015-09-30": "3.46430", "2015-06-30": "3.85520", "2015-03-31": "3.95140", "2014-12-31": "3.59360", "2014-09-30": "3.03940", "2014-06-30": "2.96350", "2014-03-31": "3.15150", "2013-12-31": "2.90030", "2013-09-30": "2.98180", "2013-06-30": "3.51660", "2013-03-31": "4.40120", "2012-12-31": "3.97950", "2012-09-30": "3.70370", "2012-06-30": "4.95210", "2012-03-31": "5.77390", "2011-12-31": "7.10880", "2011-09-30": "7.81600", "2011-06-30": "8.99970", "2011-03-31": "4.69440", "2010-12-31": "4.32020", "2010-09-30": "2.61570", "2010-06-30": "3.25150", "2010-03-31": "3.72810", "2009-12-31": "1.96420", "2009-09-30": "2.47370", "2009-06-30": "3.25570", "2009-03-31": "4.43460", "2008-12-31": "2.13780", "2008-09-30": "3.80530", "2008-06-30": "4.98950", "2008-03-31": "6.65020", "2007-12-31": "7.96630", "2007-09-30": "12.62210", "2007-06-30": "11.75230", "2007-03-31": "14.78640", "2006-12-31": "10.96670", "2006-09-30": "10.34460", "2006-06-30": "15.64690", "2006-03-31": "5.90750", "2005-12-31": "7.21120", "2005-09-30": "20.71750", "2005-06-30": "23.47670", "2005-03-31": "7.83140"}, "Long-term Debt / Capital": {"2020-09-30": "0.52330", "2020-06-30": "0.55060", "2020-03-31": "0.53440", "2019-12-31": "0.54560", "2019-09-30": "0.57810", "2019-06-30": "0.60050", "2019-03-31": "0.60460", "2018-12-31": "0.60370", "2018-09-30": "0.37600", "2018-06-30": "0.41000", "2018-03-31": "0.44000", "2017-12-31": "0.43860", "2017-09-30": "0.45760", "2017-06-30": "0.47540", "2017-03-31": "", "2016-12-31": "", "2016-09-30": "", "2016-06-30": "", "2016-03-31": "", "2015-12-31": "", "2015-09-30": "0.00210", "2015-06-30": "0.00640", "2015-03-31": "0.01130", "2014-12-31": "0.01610", "2014-09-30": "0.02460", "2014-06-30": "0.03390", "2014-03-31": "0.04360", "2013-12-31": "0.05190", "2013-09-30": "0.06510", "2013-06-30": "0.07430", "2013-03-31": "0.07880", "2012-12-31": "0.08110", "2012-09-30": "", "2012-06-30": "", "2012-03-31": "", "2011-12-31": "", "2011-09-30": "", "2011-06-30": "", "2011-03-31": "", "2010-12-31": "", "2010-09-30": "0.02440", "2010-06-30": "0.07410", "2010-03-31": "0.09610", "2009-12-31": "1.67530", "2009-09-30": "1.25580", "2009-06-30": "0.49690", "2009-03-31": "0.73810", "2008-12-31": "1.87190", "2008-09-30": "1.79440", "2008-06-30": "-0.01760", "2008-03-31": "1.04830", "2007-12-31": "0.89560", "2007-09-30": "0.77990", "2007-06-30": "0.69820", "2007-03-31": "0.63060", "2006-12-31": "0.03590", "2006-09-30": "0.03150", "2006-06-30": "0.01700", "2006-03-31": "", "2005-12-31": "", "2005-09-30": "", "2005-06-30": "", "2005-03-31": ""}, "Debt/Equity Ratio": {"2020-09-30": "1.09770", "2020-06-30": "1.22520", "2020-03-31": "1.14760", "2019-12-31": "1.20070", "2019-09-30": "1.37000", "2019-06-30": "1.50330", "2019-03-31": "1.52920", "2018-12-31": "1.52310", "2018-09-30": "0.60260", "2018-06-30": "0.69490", "2018-03-31": "0.78560", "2017-12-31": "0.78110", "2017-09-30": "0.84380", "2017-06-30": "0.90610", "2017-03-31": "0.27000", "2016-12-31": "", "2016-09-30": "", "2016-06-30": "", "2016-03-31": "0.00740", "2015-12-31": "0.01040", "2015-09-30": "0.01500", "2015-06-30": "0.02050", "2015-03-31": "0.02760", "2014-12-31": "0.03280", "2014-09-30": "0.04520", "2014-06-30": "0.05820", "2014-03-31": "0.07000", "2013-12-31": "0.08090", "2013-09-30": "0.09370", "2013-06-30": "0.09680", "2013-03-31": "0.09510", "2012-12-31": "0.09090", "2012-09-30": "", "2012-06-30": "", "2012-03-31": "", "2011-12-31": "", "2011-09-30": "", "2011-06-30": "0.00060", "2011-03-31": "0.00560", "2010-12-31": "0.00860", "2010-09-30": "0.04630", "2010-06-30": "0.10200", "2010-03-31": "0.12560", "2009-12-31": "-2.52950", "2009-09-30": "-5.00860", "2009-06-30": "1.61710", "2009-03-31": "2.92290", "2008-12-31": "-2.24610", "2008-09-30": "-2.34220", "2008-06-30": "-0.17190", "2008-03-31": "-22.49760", "2007-12-31": "8.77100", "2007-09-30": "3.62210", "2007-06-30": "2.36510", "2007-03-31": "1.74270", "2006-12-31": "0.05320", "2006-09-30": "0.04070", "2006-06-30": "0.01920", "2006-03-31": "", "2005-12-31": "", "2005-09-30": "", "2005-06-30": "", "2005-03-31": ""}, "Gross Margin": {"2020-09-30": "67.95770", "2020-06-30": "62.88180", "2020-03-31": "63.31770", "2019-12-31": "66.83230", "2019-09-30": "62.30130", "2019-06-30": "61.38530", "2019-03-31": "60.17830", "2018-12-31": "65.91720", "2018-09-30": "63.21710", "2018-06-30": "63.34020", "2018-03-31": "64.47940", "2017-12-31": "69.45700", "2017-09-30": "68.79740", "2017-06-30": "68.87460", "2017-03-31": "66.12790", "2016-12-31": "68.16590", "2016-09-30": "68.03500", "2016-06-30": "62.27240", "2016-03-31": "64.63000", "2015-12-31": "69.72480", "2015-09-30": "71.00760", "2015-06-30": "70.81550", "2015-03-31": "63.87360", "2014-12-31": "70.46260", "2014-09-30": "68.40580", "2014-06-30": "67.85720", "2014-03-31": "63.26960", "2013-12-31": "65.95740", "2013-09-30": "64.33570", "2013-06-30": "61.17320", "2013-03-31": "55.74320", "2012-12-31": "52.85280", "2012-09-30": "36.36360", "2012-06-30": "47.86330", "2012-03-31": "46.76620", "2011-12-31": "47.86910", "2011-09-30": "44.72450", "2011-06-30": "55.42790", "2011-03-31": "36.09430", "2010-12-31": "44.51140", "2010-09-30": "29.80110", "2010-06-30": "38.34210", "2010-03-31": "36.23890", "2009-12-31": "39.22260", "2009-09-30": "11.91620", "2009-06-30": "-15.52360", "2009-03-31": "-5.04600", "2008-12-31": "-20.07850", "2008-09-30": "-100.00000", "2008-06-30": "-71.19070", "2008-03-31": "-74.11390", "2007-12-31": "-139.20160", "2007-09-30": "-154.33010", "2007-06-30": "-236.73230", "2007-03-31": "-202.56920", "2006-12-31": "-306.94610", "2006-09-30": "-302.97260", "2006-06-30": "-336.53450", "2006-03-31": "-13773.33000", "2005-12-31": "", "2005-09-30": "", "2005-06-30": "", "2005-03-31": ""}, "Operating Margin": {"2020-09-30": "18.78620", "2020-06-30": "15.00660", "2020-03-31": "8.29430", "2019-12-31": "21.93170", "2019-09-30": "14.13070", "2019-06-30": "-0.23780", "2019-03-31": "-5.13370", "2018-12-31": "-48.69820", "2018-09-30": "5.21190", "2018-06-30": "-2.02060", "2018-03-31": "-16.64860", "2017-12-31": "5.42990", "2017-09-30": "-0.27080", "2017-06-30": "-7.97190", "2017-03-31": "-28.39070", "2016-12-31": "-3.56310", "2016-09-30": "-12.44950", "2016-06-30": "-14.63950", "2016-03-31": "-16.52320", "2015-12-31": "1.22320", "2015-09-30": "-40.30420", "2015-06-30": "-3.86270", "2015-03-31": "-17.44510", "2014-12-31": "1.89800", "2014-09-30": "-7.24640", "2014-06-30": "-9.86390", "2014-03-31": "-26.11470", "2013-12-31": "-4.44870", "2013-09-30": "-13.51980", "2013-06-30": "-27.65360", "2013-03-31": "-36.82430", "2012-12-31": "-24.92490", "2012-09-30": "-74.89180", "2012-06-30": "-62.82050", "2012-03-31": "-76.61690", "2011-12-31": "-54.47780", "2011-09-30": "-72.90460", "2011-06-30": "-34.50060", "2011-03-31": "-83.74490", "2010-12-31": "-63.41560", "2010-09-30": "-111.98560", "2010-06-30": "-95.60500", "2010-03-31": "-116.01890", "2009-12-31": "-90.36380", "2009-09-30": "-159.51240", "2009-06-30": "-199.30380", "2009-03-31": "-217.51730", "2008-12-31": "-312.66560", "2008-09-30": "-728.64590", "2008-06-30": "-678.85970", "2008-03-31": "-679.05480", "2007-12-31": "-796.92440", "2007-09-30": "-939.78760", "2007-06-30": "-1337.19600", "2007-03-31": "-1132.01600", "2006-12-31": "-1408.02400", "2006-09-30": "-1695.12500", "2006-06-30": "-2485.17700", "2006-03-31": "-76013.33000", "2005-12-31": "", "2005-09-30": "", "2005-06-30": "", "2005-03-31": ""}, "EBIT Margin": {"2020-09-30": "18.78620", "2020-06-30": "15.00660", "2020-03-31": "8.29430", "2019-12-31": "21.93170", "2019-09-30": "14.13070", "2019-06-30": "-0.23780", "2019-03-31": "-5.13370", "2018-12-31": "-48.69820", "2018-09-30": "5.21190", "2018-06-30": "-2.02060", "2018-03-31": "-16.64860", "2017-12-31": "5.42990", "2017-09-30": "-0.27080", "2017-06-30": "-7.97190", "2017-03-31": "-28.39070", "2016-12-31": "-3.56310", "2016-09-30": "-12.44950", "2016-06-30": "-14.63950", "2016-03-31": "-16.52320", "2015-12-31": "1.22320", "2015-09-30": "-40.30420", "2015-06-30": "-3.86270", "2015-03-31": "-17.44510", "2014-12-31": "1.89800", "2014-09-30": "-7.24640", "2014-06-30": "-9.86390", "2014-03-31": "-26.11470", "2013-12-31": "-4.44870", "2013-09-30": "-13.51980", "2013-06-30": "-27.65360", "2013-03-31": "-36.82430", "2012-12-31": "-24.92490", "2012-09-30": "-74.89180", "2012-06-30": "-62.82050", "2012-03-31": "-76.61690", "2011-12-31": "-54.47780", "2011-09-30": "-72.90460", "2011-06-30": "-34.50060", "2011-03-31": "-83.74490", "2010-12-31": "-63.41560", "2010-09-30": "-111.98560", "2010-06-30": "-95.60500", "2010-03-31": "-116.01890", "2009-12-31": "-90.36380", "2009-09-30": "-159.51240", "2009-06-30": "-199.30380", "2009-03-31": "-217.51730", "2008-12-31": "-312.66560", "2008-09-30": "-728.64590", "2008-06-30": "-678.85970", "2008-03-31": "-679.05480", "2007-12-31": "-796.92430", "2007-09-30": "-939.78760", "2007-06-30": "-1337.19600", "2007-03-31": "-1132.01600", "2006-12-31": "-1408.02400", "2006-09-30": "-1695.12500", "2006-06-30": "-2485.17700", "2006-03-31": "-76013.33000", "2005-12-31": "", "2005-09-30": "", "2005-06-30": "", "2005-03-31": ""}, "EBITDA Margin": {"2020-09-30": "", "2020-06-30": "", "2020-03-31": "", "2019-12-31": "", "2019-09-30": "", "2019-06-30": "", "2019-03-31": "", "2018-12-31": "", "2018-09-30": "", "2018-06-30": "", "2018-03-31": "", "2017-12-31": "", "2017-09-30": "", "2017-06-30": "", "2017-03-31": "", "2016-12-31": "", "2016-09-30": "", "2016-06-30": "", "2016-03-31": "", "2015-12-31": "", "2015-09-30": "", "2015-06-30": "", "2015-03-31": "", "2014-12-31": "", "2014-09-30": "", "2014-06-30": "", "2014-03-31": "", "2013-12-31": "", "2013-09-30": "", "2013-06-30": "", "2013-03-31": "", "2012-12-31": "", "2012-09-30": "", "2012-06-30": "", "2012-03-31": "", "2011-12-31": "", "2011-09-30": "", "2011-06-30": "", "2011-03-31": "", "2010-12-31": "", "2010-09-30": "", "2010-06-30": "", "2010-03-31": "", "2009-12-31": "", "2009-09-30": "", "2009-06-30": "", "2009-03-31": "", "2008-12-31": "", "2008-09-30": "", "2008-06-30": "", "2008-03-31": "", "2007-12-31": "", "2007-09-30": "", "2007-06-30": "", "2007-03-31": "", "2006-12-31": "", "2006-09-30": "", "2006-06-30": "", "2006-03-31": "", "2005-12-31": "", "2005-09-30": "", "2005-06-30": "", "2005-03-31": ""}, "Pre-Tax Profit Margin": {"2020-09-30": "14.99300", "2020-06-30": "10.22580", "2020-03-31": "5.52950", "2019-12-31": "20.37600", "2019-09-30": "11.55690", "2019-06-30": "-2.76460", "2019-03-31": "-9.48310", "2018-12-31": "-52.33730", "2018-09-30": "16.79790", "2018-06-30": "12.20620", "2018-03-31": "-13.01520", "2017-12-31": "3.89140", "2017-09-30": "-1.35430", "2017-06-30": "-8.44080", "2017-03-31": "-28.32050", "2016-12-31": "-4.08880", "2016-09-30": "-12.51680", "2016-06-30": "-14.63950", "2016-03-31": "-16.52320", "2015-12-31": "1.22320", "2015-09-30": "-40.39920", "2015-06-30": "-3.97000", "2015-03-31": "-17.71980", "2014-12-31": "1.66070", "2014-09-30": "-7.53620", "2014-06-30": "-10.20410", "2014-03-31": "-26.53930", "2013-12-31": "-5.02900", "2013-09-30": "-13.98600", "2013-06-30": "-28.21230", "2013-03-31": "-37.50000", "2012-12-31": "-25.22520", "2012-09-30": "-74.89180", "2012-06-30": "-62.82050", "2012-03-31": "-76.61690", "2011-12-31": "-54.35310", "2011-09-30": "-72.74020", "2011-06-30": "-34.39790", "2011-03-31": "-83.60380", "2010-12-31": "-63.06960", "2010-09-30": "-114.86620", "2010-06-30": "-99.16000", "2010-03-31": "-212.39390", "2009-12-31": "-110.10410", "2009-09-30": "-186.29290", "2009-06-30": "-227.07750", "2009-03-31": "-252.14890", "2008-12-31": "-354.56550", "2008-09-30": "-814.11460", "2008-06-30": "-755.09590", "2008-03-31": "-741.89050", "2007-12-31": "-968.91390", "2007-09-30": "-930.06520", "2007-06-30": "-1313.55700", "2007-03-31": "-1079.94100", "2006-12-31": "-1326.22800", "2006-09-30": "-1597.86000", "2006-06-30": "-2331.52400", "2006-03-31": "-72793.34000", "2005-12-31": "", "2005-09-30": "", "2005-06-30": "", "2005-03-31": ""}, "Net Profit Margin": {"2020-09-30": "14.41410", "2020-06-30": "10.24790", "2020-03-31": "4.91240", "2019-12-31": "20.03030", "2019-09-30": "11.55690", "2019-06-30": "-3.12130", "2019-03-31": "-9.59000", "2018-12-31": "-53.16570", "2018-09-30": "17.47280", "2018-06-30": "12.45360", "2018-03-31": "-13.12360", "2017-12-31": "-4.25340", "2017-09-30": "-1.08340", "2017-06-30": "1.69990", "2017-03-31": "-29.30430", "2016-12-31": "-4.32240", "2016-09-30": "-12.65140", "2016-06-30": "-14.71230", "2016-03-31": "-16.52320", "2015-12-31": "1.14680", "2015-09-30": "-40.39920", "2015-06-30": "-3.97000", "2015-03-31": "-17.71980", "2014-12-31": "1.54210", "2014-09-30": "-7.53620", "2014-06-30": "-10.20410", "2014-03-31": "-26.53930", "2013-12-31": "-5.02900", "2013-09-30": "-13.98600", "2013-06-30": "-28.21230", "2013-03-31": "-37.50000", "2012-12-31": "-25.22520", "2012-09-30": "-74.89180", "2012-06-30": "-62.82050", "2012-03-31": "-70.14930", "2011-12-31": "-54.35310", "2011-09-30": "-72.74020", "2011-06-30": "-34.39790", "2011-03-31": "-83.60380", "2010-12-31": "-63.06960", "2010-09-30": "-114.86630", "2010-06-30": "-99.16000", "2010-03-31": "-212.39390", "2009-12-31": "-110.10410", "2009-09-30": "-186.29290", "2009-06-30": "-227.07750", "2009-03-31": "-252.14890", "2008-12-31": "-354.56550", "2008-09-30": "-814.11460", "2008-06-30": "-755.09590", "2008-03-31": "-741.89040", "2007-12-31": "-968.91360", "2007-09-30": "-930.06540", "2007-06-30": "-1313.55700", "2007-03-31": "-1079.94100", "2006-12-31": "-1326.22800", "2006-09-30": "-1597.86000", "2006-06-30": "-2331.52400", "2006-03-31": "-72793.34000", "2005-12-31": "", "2005-09-30": "", "2005-06-30": "", "2005-03-31": ""}, "Asset Turnover": {"2020-09-30": "0.13070", "2020-06-30": "0.12830", "2020-03-31": "0.16550", "2019-12-31": "0.19320", "2019-09-30": "0.18130", "2019-06-30": "0.16280", "2019-03-31": "0.14210", "2018-12-31": "0.17640", "2018-09-30": "0.23930", "2018-06-30": "0.24070", "2018-03-31": "0.20560", "2017-12-31": "0.24440", "2017-09-30": "0.21900", "2017-06-30": "0.21440", "2017-03-31": "0.30460", "2016-12-31": "0.42500", "2016-09-30": "0.41060", "2016-06-30": "0.41260", "2016-03-31": "0.38810", "2015-12-31": "0.44790", "2015-09-30": "0.40980", "2015-06-30": "0.42670", "2015-03-31": "0.38460", "2014-12-31": "0.45670", "2014-09-30": "0.43290", "2014-06-30": "0.42090", "2014-03-31": "0.37710", "2013-12-31": "0.42200", "2013-09-30": "0.38960", "2013-06-30": "0.35000", "2013-03-31": "0.29960", "2012-12-31": "0.31420", "2012-09-30": "0.22470", "2012-06-30": "0.21170", "2012-03-31": "0.17040", "2011-12-31": "0.18630", "2011-09-30": "0.14170", "2011-06-30": "0.15710", "2011-03-31": "0.21300", "2010-12-31": "0.20220", "2010-09-30": "0.21560", "2010-06-30": "0.19460", "2010-03-31": "0.13970", "2009-12-31": "0.22300", "2009-09-30": "0.13450", "2009-06-30": "0.10370", "2009-03-31": "0.06690", "2008-12-31": "0.09280", "2008-09-30": "0.04460", "2008-06-30": "0.03470", "2008-03-31": "0.02700", "2007-12-31": "0.01980", "2007-09-30": "0.01430", "2007-06-30": "0.00890", "2007-03-31": "0.00960", "2006-12-31": "0.01290", "2006-09-30": "0.01110", "2006-06-30": "0.00570", "2006-03-31": "0.00030", "2005-12-31": "", "2005-09-30": "", "2005-06-30": "", "2005-03-31": ""}, "Inventory Turnover Ratio": {"2020-09-30": "0.79970", "2020-06-30": "1.01450", "2020-03-31": "1.04720", "2019-12-31": "1.28130", "2019-09-30": "1.24090", "2019-06-30": "1.10180", "2019-03-31": "1.10480", "2018-12-31": "1.62940", "2018-09-30": "1.77720", "2018-06-30": "1.92420", "2018-03-31": "1.26940", "2017-12-31": "1.49340", "2017-09-30": "1.33030", "2017-06-30": "1.24070", "2017-03-31": "1.03660", "2016-12-31": "1.20040", "2016-09-30": "1.06260", "2016-06-30": "1.20750", "2016-03-31": "0.89150", "2015-12-31": "1.12500", "2015-09-30": "0.99670", "2015-06-30": "1.21430", "2015-03-31": "1.42930", "2014-12-31": "1.55630", "2014-09-30": "1.52450", "2014-06-30": "1.62930", "2014-03-31": "1.94380", "2013-12-31": "1.95560", "2013-09-30": "1.53000", "2013-06-30": "1.90410", "2013-03-31": "1.74670", "2012-12-31": "2.12160", "2012-09-30": "2.05850", "2012-06-30": "1.65360", "2012-03-31": "1.33020", "2011-12-31": "1.42760", "2011-09-30": "1.56310", "2011-06-30": "1.52540", "2011-03-31": "1.40980", "2010-12-31": "1.06740", "2010-09-30": "1.28880", "2010-06-30": "1.77810", "2010-03-31": "1.58040", "2009-12-31": "2.40970", "2009-09-30": "3.30950", "2009-06-30": "5.72190", "2009-03-31": "2.31500", "2008-12-31": "2.00000", "2008-09-30": "1.48260", "2008-06-30": "1.22450", "2008-03-31": "1.77740", "2007-12-31": "3.20900", "2007-09-30": "3.00770", "2007-06-30": "2.31740", "2007-03-31": "2.10160", "2006-12-31": "2.40480", "2006-09-30": "1.74950", "2006-06-30": "0.65190", "2006-03-31": "1.08410", "2005-12-31": "", "2005-09-30": "", "2005-06-30": "", "2005-03-31": ""}, "Receiveable Turnover": {"2020-09-30": "1.35380", "2020-06-30": "1.52380", "2020-03-31": "1.34720", "2019-12-31": "1.61650", "2019-09-30": "1.68710", "2019-06-30": "1.54810", "2019-03-31": "1.37030", "2018-12-31": "1.49100", "2018-09-30": "1.57070", "2018-06-30": "1.49690", "2018-03-31": "1.48830", "2017-12-31": "1.64560", "2017-09-30": "1.67060", "2017-06-30": "1.67750", "2017-03-31": "1.65660", "2016-12-31": "1.68340", "2016-09-30": "1.93490", "2016-06-30": "1.86040", "2016-03-31": "1.72660", "2015-12-31": "1.76520", "2015-09-30": "1.88530", "2015-06-30": "2.04840", "2015-03-31": "1.81090", "2014-12-31": "1.98820", "2014-09-30": "2.19750", "2014-06-30": "2.05590", "2014-03-31": "1.97900", "2013-12-31": "1.98080", "2013-09-30": "1.98610", "2013-06-30": "2.02260", "2013-03-31": "1.81600", "2012-12-31": "1.70770", "2012-09-30": "1.86940", "2012-06-30": "1.81400", "2012-03-31": "1.60250", "2011-12-31": "1.79640", "2011-09-30": "2.02750", "2011-06-30": "2.46340", "2011-03-31": "1.98020", "2010-12-31": "2.33920", "2010-09-30": "2.28620", "2010-06-30": "2.52860", "2010-03-31": "2.51120", "2009-12-31": "3.00030", "2009-09-30": "2.91880", "2009-06-30": "3.26610", "2009-03-31": "3.87510", "2008-12-31": "3.64400", "2008-09-30": "4.47550", "2008-06-30": "3.48940", "2008-03-31": "5.80060", "2007-12-31": "7.10700", "2007-09-30": "7.15790", "2007-06-30": "6.84920", "2007-03-31": "5.11110", "2006-12-31": "6.95830", "2006-09-30": "7.05410", "2006-06-30": "5.24050", "2006-03-31": "", "2005-12-31": "", "2005-09-30": "", "2005-06-30": "", "2005-03-31": ""}, "Days Sales In Receivables": {"2020-09-30": "66.48030", "2020-06-30": "59.06380", "2020-03-31": "66.80570", "2019-12-31": "55.67630", "2019-09-30": "53.34600", "2019-06-30": "58.13620", "2019-03-31": "65.67920", "2018-12-31": "60.36390", "2018-09-30": "57.30030", "2018-06-30": "60.12370", "2018-03-31": "60.47180", "2017-12-31": "54.69230", "2017-09-30": "53.87320", "2017-06-30": "53.65180", "2017-03-31": "54.32890", "2016-12-31": "53.46380", "2016-09-30": "46.51410", "2016-06-30": "48.37580", "2016-03-31": "52.12570", "2015-12-31": "50.98620", "2015-09-30": "47.73760", "2015-06-30": "43.93780", "2015-03-31": "49.69780", "2014-12-31": "45.26690", "2014-09-30": "40.95650", "2014-06-30": "43.77550", "2014-03-31": "45.47770", "2013-12-31": "45.43520", "2013-09-30": "45.31470", "2013-06-30": "44.49720", "2013-03-31": "49.56080", "2012-12-31": "52.70270", "2012-09-30": "48.14420", "2012-06-30": "49.61540", "2012-03-31": "56.16270", "2011-12-31": "50.10020", "2011-09-30": "44.38860", "2011-06-30": "36.53450", "2011-03-31": "45.45080", "2010-12-31": "38.47420", "2010-09-30": "39.36730", "2010-06-30": "35.59220", "2010-03-31": "35.83970", "2009-12-31": "29.99710", "2009-09-30": "30.83480", "2009-06-30": "27.55590", "2009-03-31": "23.22530", "2008-12-31": "24.69810", "2008-09-30": "20.10940", "2008-06-30": "25.79210", "2008-03-31": "15.51560", "2007-12-31": "12.66360", "2007-09-30": "12.57350", "2007-06-30": "13.14020", "2007-03-31": "17.60870", "2006-12-31": "12.93410", "2006-09-30": "12.75850", "2006-06-30": "17.17400", "2006-03-31": "", "2005-12-31": "", "2005-09-30": "", "2005-06-30": "", "2005-03-31": ""}, "ROE - Return On Equity": {"2020-09-30": "4.81560", "2020-06-30": "3.41980", "2020-03-31": "2.12950", "2019-12-31": "10.50310", "2019-09-30": "5.99240", "2019-06-30": "-1.52550", "2019-03-31": "-4.02330", "2018-12-31": "-27.09180", "2018-09-30": "8.28890", "2018-06-30": "6.26430", "2018-03-31": "-5.73870", "2017-12-31": "-2.24130", "2017-09-30": "-0.52080", "2017-06-30": "0.81990", "2017-03-31": "-15.01080", "2016-12-31": "-2.60750", "2016-09-30": "-7.18110", "2016-06-30": "-8.19810", "2016-03-31": "-8.30450", "2015-12-31": "0.67810", "2015-09-30": "-21.98660", "2015-06-30": "-2.16750", "2015-03-31": "-8.68100", "2014-12-31": "0.92720", "2014-09-30": "-4.52170", "2014-06-30": "-6.02410", "2014-03-31": "-13.88890", "2013-12-31": "-3.09160", "2013-09-30": "-8.03210", "2013-06-30": "-13.96960", "2013-03-31": "-15.08150", "2012-12-31": "-10.90910", "2012-09-30": "-21.55680", "2012-06-30": "-16.09940", "2012-03-31": "-14.16360", "2011-12-31": "-11.67940", "2011-09-30": "-11.74370", "2011-06-30": "-6.05960", "2011-03-31": "-22.20680", "2010-12-31": "-16.13630", "2010-09-30": "-38.01500", "2010-06-30": "-28.49240", "2010-03-31": "-43.38600", "2009-12-31": "62.50470", "2009-09-30": "148.58820", "2009-06-30": "-775.42870", "2009-03-31": "-86.72310", "2008-12-31": "74.19870", "2008-09-30": "57.27110", "2008-06-30": "101.75410", "2008-03-31": "477.66130", "2007-12-31": "-208.08140", "2007-09-30": "-65.71230", "2007-06-30": "-42.49360", "2007-03-31": "-30.02310", "2006-12-31": "-19.48690", "2006-09-30": "-20.25450", "2006-06-30": "-14.31670", "2006-03-31": "-27.10650", "2005-12-31": "-24.42360", "2005-09-30": "-10.35660", "2005-06-30": "-9.52000", "2005-03-31": "10.95320"}, "Return On Tangible Equity": {"2020-09-30": "4.87740", "2020-06-30": "3.46760", "2020-03-31": "2.17270", "2019-12-31": "10.72920", "2019-09-30": "6.14020", "2019-06-30": "-1.56810", "2019-03-31": "-4.13850", "2018-12-31": "-27.87780", "2018-09-30": "8.56930", "2018-06-30": "6.42280", "2018-03-31": "-5.91110", "2017-12-31": "-2.30790", "2017-09-30": "-0.53760", "2017-06-30": "0.84840", "2017-03-31": "-15.65320", "2016-12-31": "-2.71560", "2016-09-30": "-7.56840", "2016-06-30": "-8.67700", "2016-03-31": "-8.51440", "2015-12-31": "0.69670", "2015-09-30": "-22.70300", "2015-06-30": "-2.24920", "2015-03-31": "-9.03360", "2014-12-31": "0.96800", "2014-09-30": "-4.78380", "2014-06-30": "-6.44470", "2014-03-31": "-14.98800", "2013-12-31": "-3.36350", "2013-09-30": "-8.84960", "2013-06-30": "-15.49080", "2013-03-31": "-16.71690", "2012-12-31": "-12.06900", "2012-09-30": "-23.77090", "2012-06-30": "-17.56610", "2012-03-31": "-15.36300", "2011-12-31": "-11.67940", "2011-09-30": "-11.74370", "2011-06-30": "-6.05960", "2011-03-31": "-22.20680", "2010-12-31": "-16.13630", "2010-09-30": "-38.01500", "2010-06-30": "-28.49240", "2010-03-31": "-43.38600", "2009-12-31": "62.50480", "2009-09-30": "148.58810", "2009-06-30": "-775.41830", "2009-03-31": "-86.72300", "2008-12-31": "74.19870", "2008-09-30": "57.27110", "2008-06-30": "101.75410", "2008-03-31": "477.66280", "2007-12-31": "-208.08140", "2007-09-30": "-65.71230", "2007-06-30": "-42.49350", "2007-03-31": "-30.02310", "2006-12-31": "-19.48690", "2006-09-30": "-20.25450", "2006-06-30": "-14.31670", "2006-03-31": "-27.10650", "2005-12-31": "-24.42360", "2005-09-30": "-10.35660", "2005-06-30": "-9.52000", "2005-03-31": "-26.68230"}, "ROA - Return On Assets": {"2020-09-30": "1.88350", "2020-06-30": "1.31470", "2020-03-31": "0.81290", "2019-12-31": "3.87060", "2019-09-30": "2.09540", "2019-06-30": "-0.50830", "2019-03-31": "-1.36270", "2018-12-31": "-9.37890", "2018-09-30": "4.18200", "2018-06-30": "2.99750", "2018-03-31": "-2.69850", "2017-12-31": "-1.03970", "2017-09-30": "-0.23730", "2017-06-30": "0.36450", "2017-03-31": "-8.92550", "2016-12-31": "-1.83710", "2016-09-30": "-5.19480", "2016-06-30": "-6.06970", "2016-03-31": "-6.41280", "2015-12-31": "0.51370", "2015-09-30": "-16.55630", "2015-06-30": "-1.69410", "2015-03-31": "-6.81460", "2014-12-31": "0.70420", "2014-09-30": "-3.26220", "2014-06-30": "-4.29490", "2014-03-31": "-10.00800", "2013-12-31": "-2.12240", "2013-09-30": "-5.44960", "2013-06-30": "-9.87290", "2013-03-31": "-11.23480", "2012-12-31": "-7.92450", "2012-09-30": "-16.82950", "2012-06-30": "-13.30050", "2012-03-31": "-11.95300", "2011-12-31": "-10.12860", "2011-09-30": "-10.30960", "2011-06-30": "-5.40230", "2011-03-31": "-17.80480", "2010-12-31": "-12.75470", "2010-09-30": "-24.76300", "2010-06-30": "-19.29660", "2010-03-31": "-29.67620", "2009-12-31": "-24.55700", "2009-09-30": "-25.06300", "2009-06-30": "-23.54800", "2009-03-31": "-16.86040", "2008-12-31": "-32.91780", "2008-09-30": "-36.28790", "2008-06-30": "-26.23180", "2008-03-31": "-20.03130", "2007-12-31": "-19.16280", "2007-09-30": "-13.31630", "2007-06-30": "-11.74390", "2007-03-31": "-10.36310", "2006-12-31": "-17.15490", "2006-09-30": "-17.79020", "2006-06-30": "-13.19750", "2006-03-31": "-22.99330", "2005-12-31": "-21.27440", "2005-09-30": "-9.84730", "2005-06-30": "-9.11040", "2005-03-31": "-23.59940"}, "ROI - Return On Investment": {"2020-09-30": "2.29560", "2020-06-30": "1.53680", "2020-03-31": "0.99160", "2019-12-31": "4.77270", "2019-09-30": "2.52840", "2019-06-30": "-0.60940", "2019-03-31": "-1.59080", "2018-12-31": "-10.73730", "2018-09-30": "5.17200", "2018-06-30": "3.69600", "2018-03-31": "-3.21380", "2017-12-31": "-1.25840", "2017-09-30": "-0.28250", "2017-06-30": "0.43010", "2017-03-31": "-15.01080", "2016-12-31": "-2.60750", "2016-09-30": "-7.18110", "2016-06-30": "-8.19810", "2016-03-31": "-8.30450", "2015-12-31": "0.67810", "2015-09-30": "-21.94120", "2015-06-30": "-2.15370", "2015-03-31": "-8.58280", "2014-12-31": "0.91230", "2014-09-30": "-4.41050", "2014-06-30": "-5.81960", "2014-03-31": "-13.28370", "2013-12-31": "-2.93120", "2013-09-30": "-7.50940", "2013-06-30": "-12.93210", "2013-03-31": "-13.89240", "2012-12-31": "-10.02390", "2012-09-30": "-21.55680", "2012-06-30": "-16.09940", "2012-03-31": "-14.16360", "2011-12-31": "-11.67940", "2011-09-30": "-11.74370", "2011-06-30": "-6.05960", "2011-03-31": "-22.20680", "2010-12-31": "-16.13630", "2010-09-30": "-37.08790", "2010-06-30": "-26.38090", "2010-03-31": "-39.21660", "2009-12-31": "-42.21220", "2009-09-30": "-38.00520", "2009-06-30": "-390.07640", "2009-03-31": "-22.71350", "2008-12-31": "-64.69450", "2008-09-30": "-45.49580", "2008-06-30": "103.54230", "2008-03-31": "-23.06330", "2007-12-31": "-21.72540", "2007-09-30": "-14.46520", "2007-06-30": "-12.82410", "2007-03-31": "-11.08970", "2006-12-31": "-18.78670", "2006-09-30": "-19.61590", "2006-06-30": "-14.07320", "2006-03-31": "-27.10650", "2005-12-31": "-24.42360", "2005-09-30": "-10.35660", "2005-06-30": "-9.52000", "2005-03-31": "-26.68230"}, "Book Value Per Share": {"2020-09-30": "15.61770", "2020-06-30": "14.19180", "2020-03-31": "10.12460", "2019-12-31": "9.63540", "2019-09-30": "8.35300", "2019-06-30": "7.54710", "2019-03-31": "7.34730", "2018-12-31": "7.37000", "2018-09-30": "6.33110", "2018-06-30": "5.45360", "2018-03-31": "4.78660", "2017-12-31": "4.82070", "2017-09-30": "4.41890", "2017-06-30": "4.08900", "2017-03-31": "3.21900", "2016-12-31": "3.35460", "2016-09-30": "3.09820", "2016-06-30": "2.94030", "2016-03-31": "2.77220", "2015-12-31": "2.70750", "2015-09-30": "2.37760", "2015-06-30": "2.13380", "2015-03-31": "1.91490", "2014-12-31": "1.81370", "2014-09-30": "1.50520", "2014-06-30": "1.32100", "2014-03-31": "1.20320", "2013-12-31": "1.16000", "2013-09-30": "1.04180", "2013-06-30": "1.01550", "2013-03-31": "1.04100", "2012-12-31": "1.10790", "2012-09-30": "1.15890", "2012-06-30": "1.32510", "2012-03-31": "1.45220", "2011-12-31": "1.54810", "2011-09-30": "1.67500", "2011-06-30": "1.80560", "2011-03-31": "0.85570", "2010-12-31": "0.98250", "2010-09-30": "0.60020", "2010-06-30": "0.70810", "2010-03-31": "0.81350", "2009-12-31": "-0.40060", "2009-09-30": "-0.19770", "2009-06-30": "0.04310", "2009-03-31": "0.32810", "2008-12-31": "-0.65280", "2008-09-30": "-0.94840", "2008-06-30": "-0.51110", "2008-03-31": "-0.09720", "2007-12-31": "0.24860", "2007-09-30": "0.61230", "2007-06-30": "0.94030", "2007-03-31": "1.28480", "2006-12-31": "2.01780", "2006-09-30": "2.36090", "2006-06-30": "2.78010", "2006-03-31": "1.57020", "2005-12-31": "1.94410", "2005-09-30": "2.40830", "2005-06-30": "2.64320", "2005-03-31": "7.85510"}, "Operating Cash Flow Per Share": {"2020-09-30": 1.4431, "2020-06-30": 1.588, "2020-03-31": "0.02020", "2019-12-31": 1.5609, "2019-09-30": 1.009, "2019-06-30": 0.7068, "2019-03-31": "0.13070", "2018-12-31": 0.4057, "2018-09-30": 0.6253, "2018-06-30": 0.4655, "2018-03-31": "-0.09970", "2017-12-31": 0.4801, "2017-09-30": 0.4189, "2017-06-30": 0.1635, "2017-03-31": "0.00350", "2016-12-31": 0.1621, "2016-09-30": 0.2721, "2016-06-30": 0.2404, "2016-03-31": "-0.00240", "2015-12-31": 0.1457, "2015-09-30": 0.2196, "2015-06-30": 0.205, "2015-03-31": "0.04370", "2014-12-31": 0.1141, "2014-09-30": 0.1492, "2014-06-30": 0.0832, "2014-03-31": "-0.03270", "2013-12-31": 0.0618, "2013-09-30": 0.0228, "2013-06-30": 0.0137, "2013-03-31": "-0.06450", "2012-12-31": -0.1562, "2012-09-30": -0.0851, "2012-06-30": -0.0901, "2012-03-31": "-0.15040", "2011-12-31": -0.1835, "2011-09-30": -0.0938, "2011-06-30": -0.0321, "2011-03-31": "-0.14940", "2010-12-31": -0.2485, "2010-09-30": -0.1589, "2010-06-30": -0.1395, "2010-03-31": "-0.20350", "2009-12-31": -0.2302, "2009-09-30": -0.2127, "2009-06-30": -0.2084, "2009-03-31": "-0.23690", "2008-12-31": 0.0792, "2008-09-30": -0.3842, "2008-06-30": -0.402, "2008-03-31": "-0.56310", "2007-12-31": -0.2535, "2007-09-30": -0.3527, "2007-06-30": -0.2687, "2007-03-31": "-0.29800", "2006-12-31": -0.4029, "2006-09-30": -0.2802, "2006-06-30": -0.4776, "2006-03-31": "-0.44510", "2005-12-31": -0.5637, "2005-09-30": -0.1618, "2005-06-30": 1.5162, "2005-03-31": "-1.98130"}, "Free Cash Flow Per Share": {"2020-09-30": 0.9903, "2020-06-30": 0.9986, "2020-03-31": "-0.33260", "2019-12-31": 1.0799, "2019-09-30": 0.486, "2019-06-30": 0.1958, "2019-03-31": "-0.30450", "2018-12-31": 0.192, "2018-09-30": 0.3647, "2018-06-30": 0.3543, "2018-03-31": "-0.27490", "2017-12-31": 0.2736, "2017-09-30": 0.26, "2017-06-30": 0.033, "2017-03-31": "-0.26530", "2016-12-31": -0.0511, "2016-09-30": 0.0822, "2016-06-30": 0.1174, "2016-03-31": "-0.14250", "2015-12-31": -0.0021, "2015-09-30": 0.1297, "2015-06-30": 0.1282, "2015-03-31": "-0.05910", "2014-12-31": 0.0511, "2014-09-30": 0.1017, "2014-06-30": 0.0315, "2014-03-31": "-0.08590", "2013-12-31": 0.029, "2013-09-30": -0.0077, "2013-06-30": -0.0142, "2013-03-31": "-0.08450", "2012-12-31": -0.1773, "2012-09-30": -0.1265, "2012-06-30": -0.1319, "2012-03-31": "-0.18440", "2011-12-31": -0.2393, "2011-09-30": -0.1147, "2011-06-30": -0.0486, "2011-03-31": "-0.17820", "2010-12-31": -0.2919, "2010-09-30": -0.1944, "2010-06-30": -0.1632, "2010-03-31": "-0.22220", "2009-12-31": -0.2358, "2009-09-30": -0.2306, "2009-06-30": -0.2216, "2009-03-31": "-0.26090", "2008-12-31": 0.0643, "2008-09-30": -0.4044, "2008-06-30": -0.4151, "2008-03-31": "-0.59940", "2007-12-31": -0.3451, "2007-09-30": -0.3573, "2007-06-30": -0.2825, "2007-03-31": "-0.30960", "2006-12-31": -0.4248, "2006-09-30": -0.2993, "2006-06-30": -0.5189, "2006-03-31": "-0.48590", "2005-12-31": -0.716, "2005-09-30": -0.2125, "2005-06-30": 1.5594, "2005-03-31": "-2.06830"}}, "revenue": {"DexCom Annual Revenue (Millions of US $)": {"2019": "$1,476", "2018": "$1,032", "2017": "$719", "2016": "$573", "2015": "$402", "2014": "$259", "2013": "$160", "2012": "$100", "2011": "$76", "2010": "$49", "2009": "$30", "2008": "$10", "2007": "$5", "2006": "$2", "2005": "$"}, "DexCom Quarterly Revenue (Millions of US $)": {"2020-09-30": "$501", "2020-06-30": "$452", "2020-03-31": "$405", "2019-12-31": "$463", "2019-09-30": "$396", "2019-06-30": "$336", "2019-03-31": "$281", "2018-12-31": "$338", "2018-09-30": "$267", "2018-06-30": "$243", "2018-03-31": "$184", "2017-12-31": "$221", "2017-09-30": "$185", "2017-06-30": "$171", "2017-03-31": "$142", "2016-12-31": "$171", "2016-09-30": "$149", "2016-06-30": "$137", "2016-03-31": "$116", "2015-12-31": "$131", "2015-09-30": "$105", "2015-06-30": "$93", "2015-03-31": "$73", "2014-12-31": "$84", "2014-09-30": "$69", "2014-06-30": "$59", "2014-03-31": "$47", "2013-12-31": "$52", "2013-09-30": "$43", "2013-06-30": "$36", "2013-03-31": "$30", "2012-12-31": "$33", "2012-09-30": "$23", "2012-06-30": "$23", "2012-03-31": "$20", "2011-12-31": "$22", "2011-09-30": "$18", "2011-06-30": "$21", "2011-03-31": "$14", "2010-12-31": "$16", "2010-09-30": "$12", "2010-06-30": "$12", "2010-03-31": "$10", "2009-12-31": "$10", "2009-09-30": "$7", "2009-06-30": "$7", "2009-03-31": "$5", "2008-12-31": "$4", "2008-09-30": "$2", "2008-06-30": "$2", "2008-03-31": "$2", "2007-12-31": "$2", "2007-09-30": "$1", "2007-06-30": "$1", "2007-03-31": "$1", "2006-12-31": "$1", "2006-09-30": "$1", "2006-06-30": "$0", "2006-03-31": "$0", "2005-12-31": "", "2005-09-30": "", "2005-06-30": "", "2005-03-31": ""}}, "gross-profit": {"DexCom Annual Gross Profit (Millions of US $)": {"2019": "$932", "2018": "$664", "2017": "$492", "2016": "$378", "2015": "$278", "2014": "$176", "2013": "$100", "2012": "$47", "2011": "$36", "2010": "$18", "2009": "$4", "2008": "$-6", "2007": "$-8", "2006": "$-9", "2005": "$"}, "DexCom Quarterly Gross Profit (Millions of US $)": {"2020-09-30": "$340", "2020-06-30": "$284", "2020-03-31": "$257", "2019-12-31": "$309", "2019-09-30": "$247", "2019-06-30": "$207", "2019-03-31": "$169", "2018-12-31": "$223", "2018-09-30": "$169", "2018-06-30": "$154", "2018-03-31": "$119", "2017-12-31": "$154", "2017-09-30": "$127", "2017-06-30": "$118", "2017-03-31": "$94", "2016-12-31": "$117", "2016-09-30": "$101", "2016-06-30": "$86", "2016-03-31": "$75", "2015-12-31": "$91", "2015-09-30": "$75", "2015-06-30": "$66", "2015-03-31": "$47", "2014-12-31": "$59", "2014-09-30": "$47", "2014-06-30": "$40", "2014-03-31": "$30", "2013-12-31": "$34", "2013-09-30": "$28", "2013-06-30": "$22", "2013-03-31": "$17", "2012-12-31": "$18", "2012-09-30": "$8", "2012-06-30": "$11", "2012-03-31": "$9", "2011-12-31": "$11", "2011-09-30": "$8", "2011-06-30": "$12", "2011-03-31": "$5", "2010-12-31": "$7", "2010-09-30": "$3", "2010-06-30": "$5", "2010-03-31": "$3", "2009-12-31": "$4", "2009-09-30": "$1", "2009-06-30": "$-1", "2009-03-31": "$-0", "2008-12-31": "$-1", "2008-09-30": "$-2", "2008-06-30": "$-1", "2008-03-31": "$-1", "2007-12-31": "$-2", "2007-09-30": "$-2", "2007-06-30": "$-2", "2007-03-31": "$-2", "2006-12-31": "$-3", "2006-09-30": "$-3", "2006-06-30": "$-2", "2006-03-31": "$-2", "2005-12-31": "", "2005-09-30": "", "2005-06-30": "", "2005-03-31": ""}}, "operating-income": {"DexCom Annual Operating Income (Millions of US $)": {"2019": "$142", "2018": "$-186", "2017": "$-43", "2016": "$-64", "2015": "$-57", "2014": "$-22", "2013": "$-29", "2012": "$-56", "2011": "$-45", "2010": "$-45", "2009": "$-46", "2008": "$-53", "2007": "$-47", "2006": "$-49", "2005": "$-32"}, "DexCom Quarterly Operating Income (Millions of US $)": {"2020-09-30": "$94", "2020-06-30": "$68", "2020-03-31": "$34", "2019-12-31": "$102", "2019-09-30": "$56", "2019-06-30": "$-1", "2019-03-31": "$-14", "2018-12-31": "$-165", "2018-09-30": "$14", "2018-06-30": "$-5", "2018-03-31": "$-31", "2017-12-31": "$12", "2017-09-30": "$-1", "2017-06-30": "$-14", "2017-03-31": "$-40", "2016-12-31": "$-6", "2016-09-30": "$-19", "2016-06-30": "$-20", "2016-03-31": "$-19", "2015-12-31": "$2", "2015-09-30": "$-42", "2015-06-30": "$-4", "2015-03-31": "$-13", "2014-12-31": "$2", "2014-09-30": "$-5", "2014-06-30": "$-6", "2014-03-31": "$-12", "2013-12-31": "$-2", "2013-09-30": "$-6", "2013-06-30": "$-10", "2013-03-31": "$-11", "2012-12-31": "$-8", "2012-09-30": "$-17", "2012-06-30": "$-15", "2012-03-31": "$-15", "2011-12-31": "$-12", "2011-09-30": "$-13", "2011-06-30": "$-7", "2011-03-31": "$-12", "2010-12-31": "$-10", "2010-09-30": "$-13", "2010-06-30": "$-11", "2010-03-31": "$-11", "2009-12-31": "$-9", "2009-09-30": "$-12", "2009-06-30": "$-13", "2009-03-31": "$-11", "2008-12-31": "$-13", "2008-09-30": "$-14", "2008-06-30": "$-13", "2008-03-31": "$-13", "2007-12-31": "$-12", "2007-09-30": "$-12", "2007-06-30": "$-12", "2007-03-31": "$-11", "2006-12-31": "$-12", "2006-09-30": "$-14", "2006-06-30": "$-12", "2006-03-31": "$-11", "2005-12-31": "$-13", "2005-09-30": "$-7", "2005-06-30": "$-7", "2005-03-31": "$-6"}}, "ebitda": {"DexCom Annual EBITDA (Millions of US $)": {"2019": "$191", "2018": "$-157", "2017": "$-26", "2016": "$-49", "2015": "$-46", "2014": "$-13", "2013": "$-21", "2012": "$-48", "2011": "$-40", "2010": "$-42", "2009": "$-42", "2008": "$-50", "2007": "$-44", "2006": "$-47", "2005": "$-31"}, "DexCom Quarterly EBITDA (Millions of US $)": {"2020-09-30": "$113", "2020-06-30": "$83", "2020-03-31": "$47", "2019-12-31": "$116", "2019-09-30": "$69", "2019-06-30": "$11", "2019-03-31": "$-5", "2018-12-31": "$-156", "2018-09-30": "$22", "2018-06-30": "$2", "2018-03-31": "$-25", "2017-12-31": "$16", "2017-09-30": "$4", "2017-06-30": "$-10", "2017-03-31": "$-37", "2016-12-31": "$-3", "2016-09-30": "$-14", "2016-06-30": "$-16", "2016-03-31": "$-16", "2015-12-31": "$4", "2015-09-30": "$-40", "2015-06-30": "$-1", "2015-03-31": "$-10", "2014-12-31": "$4", "2014-09-30": "$-3", "2014-06-30": "$-4", "2014-03-31": "$-10", "2013-12-31": "$-0", "2013-09-30": "$-4", "2013-06-30": "$-8", "2013-03-31": "$-9", "2012-12-31": "$-6", "2012-09-30": "$-15", "2012-06-30": "$-13", "2012-03-31": "$-14", "2011-12-31": "$-11", "2011-09-30": "$-12", "2011-06-30": "$-6", "2011-03-31": "$-11", "2010-12-31": "$-9", "2010-09-30": "$-12", "2010-06-30": "$-10", "2010-03-31": "$-10", "2009-12-31": "$-9", "2009-09-30": "$-11", "2009-06-30": "$-12", "2009-03-31": "$-10", "2008-12-31": "$-12", "2008-09-30": "$-13", "2008-06-30": "$-13", "2008-03-31": "$-12", "2007-12-31": "$-12", "2007-09-30": "$-11", "2007-06-30": "$-11", "2007-03-31": "$-11", "2006-12-31": "$-11", "2006-09-30": "$-14", "2006-06-30": "$-11", "2006-03-31": "$-11", "2005-12-31": "$-12", "2005-09-30": "$-7", "2005-06-30": "$-7", "2005-03-31": "$-6"}}, "net-income": {"DexCom Annual Net Income (Millions of US $)": {"2019": "$101", "2018": "$-127", "2017": "$-50", "2016": "$-66", "2015": "$-58", "2014": "$-22", "2013": "$-30", "2012": "$-55", "2011": "$-45", "2010": "$-55", "2009": "$-54", "2008": "$-59", "2007": "$-48", "2006": "$-47", "2005": "$-31"}, "DexCom Quarterly Net Income (Millions of US $)": {"2020-09-30": "$72", "2020-06-30": "$46", "2020-03-31": "$20", "2019-12-31": "$93", "2019-09-30": "$46", "2019-06-30": "$-11", "2019-03-31": "$-27", "2018-12-31": "$-180", "2018-09-30": "$47", "2018-06-30": "$30", "2018-03-31": "$-24", "2017-12-31": "$-9", "2017-09-30": "$-2", "2017-06-30": "$3", "2017-03-31": "$-42", "2016-12-31": "$-7", "2016-09-30": "$-19", "2016-06-30": "$-20", "2016-03-31": "$-19", "2015-12-31": "$2", "2015-09-30": "$-43", "2015-06-30": "$-4", "2015-03-31": "$-13", "2014-12-31": "$1", "2014-09-30": "$-5", "2014-06-30": "$-6", "2014-03-31": "$-13", "2013-12-31": "$-3", "2013-09-30": "$-6", "2013-06-30": "$-10", "2013-03-31": "$-11", "2012-12-31": "$-8", "2012-09-30": "$-17", "2012-06-30": "$-15", "2012-03-31": "$-14", "2011-12-31": "$-12", "2011-09-30": "$-13", "2011-06-30": "$-7", "2011-03-31": "$-12", "2010-12-31": "$-10", "2010-09-30": "$-13", "2010-06-30": "$-12", "2010-03-31": "$-20", "2009-12-31": "$-12", "2009-09-30": "$-14", "2009-06-30": "$-15", "2009-03-31": "$-13", "2008-12-31": "$-14", "2008-09-30": "$-16", "2008-06-30": "$-15", "2008-03-31": "$-14", "2007-12-31": "$-15", "2007-09-30": "$-11", "2007-06-30": "$-11", "2007-03-31": "$-11", "2006-12-31": "$-11", "2006-09-30": "$-13", "2006-06-30": "$-11", "2006-03-31": "$-11", "2005-12-31": "$-12", "2005-09-30": "$-6", "2005-06-30": "$-6", "2005-03-31": "$-6"}}, "eps-earnings-per-share-diluted": {"DexCom Annual EPS": {"2019": "$1.10", "2018": "$-1.44", "2017": "$-0.58", "2016": "$-0.78", "2015": "$-0.72", "2014": "$-0.30", "2013": "$-0.42", "2012": "$-0.79", "2011": "$-0.68", "2010": "$-0.97", "2009": "$-1.21", "2008": "$-2.00", "2007": "$-1.71", "2006": "$-1.71", "2005": "$-1.63"}, "DexCom Quarterly EPS": {"2020-09-30": "$0.73", "2020-06-30": "$0.48", "2020-03-31": "$0.21", "2019-12-31": "$1.02", "2019-09-30": "$0.50", "2019-06-30": "$-0.12", "2019-03-31": "$-0.30", "2018-12-31": "$-2.02", "2018-09-30": "$0.52", "2018-06-30": "$0.34", "2018-03-31": "$-0.28", "2017-12-31": "$-0.10", "2017-09-30": "$-0.02", "2017-06-30": "$0.03", "2017-03-31": "$-0.49", "2016-12-31": "$-0.09", "2016-09-30": "$-0.22", "2016-06-30": "$-0.24", "2016-03-31": "$-0.23", "2015-12-31": "$0.03", "2015-09-30": "$-0.53", "2015-06-30": "$-0.05", "2015-03-31": "$-0.17", "2014-12-31": "$0.04", "2014-09-30": "$-0.08", "2014-06-30": "$-0.09", "2014-03-31": "$-0.17", "2013-12-31": "$-0.04", "2013-09-30": "$-0.08", "2013-06-30": "$-0.14", "2013-03-31": "$-0.16", "2012-12-31": "$-0.12", "2012-09-30": "$-0.25", "2012-06-30": "$-0.21", "2012-03-31": "$-0.21", "2011-12-31": "$-0.18", "2011-09-30": "$-0.20", "2011-06-30": "$-0.11", "2011-03-31": "$-0.19", "2010-12-31": "$-0.14", "2010-09-30": "$-0.23", "2010-06-30": "$-0.20", "2010-03-31": "$-0.40", "2009-12-31": "$-0.26", "2009-09-30": "$-0.29", "2009-06-30": "$-0.33", "2009-03-31": "$-0.33", "2008-12-31": "$-0.49", "2008-09-30": "$-0.53", "2008-06-30": "$-0.51", "2008-03-31": "$-0.47", "2007-12-31": "$-0.52", "2007-09-30": "$-0.40", "2007-06-30": "$-0.40", "2007-03-31": "$-0.39", "2006-12-31": "$-0.39", "2006-09-30": "$-0.48", "2006-06-30": "$-0.41", "2006-03-31": "$-0.43", "2005-12-31": "$1.27", "2005-09-30": "$-0.25", "2005-06-30": "$-0.29", "2005-03-31": "$-2.36"}}, "shares-outstanding": {"DexCom Annual Shares Outstanding (Millions of Shares)": {"2019": "92", "2018": "88", "2017": "86", "2016": "84", "2015": "80", "2014": "75", "2013": "71", "2012": "69", "2011": "66", "2010": "57", "2009": "44", "2008": "29", "2007": "28", "2006": "27", "2005": "19"}, "DexCom Quarterly Shares Outstanding (Millions of Shares)": {"2020-09-30": "100", "2020-06-30": "97", "2020-03-31": "94", "2019-12-31": "92", "2019-09-30": "93", "2019-06-30": "91", "2019-03-31": "90", "2018-12-31": "88", "2018-09-30": "90", "2018-06-30": "89", "2018-03-31": "87", "2017-12-31": "86", "2017-09-30": "87", "2017-06-30": "87", "2017-03-31": "85", "2016-12-31": "84", "2016-09-30": "84", "2016-06-30": "84", "2016-03-31": "82", "2015-12-31": "80", "2015-09-30": "81", "2015-06-30": "80", "2015-03-31": "78", "2014-12-31": "75", "2014-09-30": "76", "2014-06-30": "75", "2014-03-31": "73", "2013-12-31": "71", "2013-09-30": "71", "2013-06-30": "71", "2013-03-31": "70", "2012-12-31": "69", "2012-09-30": "69", "2012-06-30": "69", "2012-03-31": "68", "2011-12-31": "66", "2011-09-30": "67", "2011-06-30": "65", "2011-03-31": "62", "2010-12-31": "57", "2010-09-30": "58", "2010-06-30": "58", "2010-03-31": "51", "2009-12-31": "44", "2009-09-30": "46", "2009-06-30": "46", "2009-03-31": "40", "2008-12-31": "29", "2008-09-30": "30", "2008-06-30": "29", "2008-03-31": "29", "2007-12-31": "28", "2007-09-30": "28", "2007-06-30": "28", "2007-03-31": "28", "2006-12-31": "27", "2006-09-30": "28", "2006-06-30": "27", "2006-03-31": "26", "2005-12-31": "19", "2005-09-30": "25", "2005-06-30": "22", "2005-03-31": "3"}}, "total-assets": {"DexCom Annual Total Assets (Millions of US $)": {"2019": "$2,395", "2018": "$1,916", "2017": "$904", "2016": "$403", "2015": "$292", "2014": "$185", "2013": "$123", "2012": "$106", "2011": "$121", "2010": "$77", "2009": "$47", "2008": "$44", "2007": "$77", "2006": "$65", "2005": "$57"}, "DexCom Quarterly Total Assets (Millions of US $)": {"2020-09-30": "$3,833", "2020-06-30": "$3,522", "2020-03-31": "$2,448", "2019-12-31": "$2,395", "2019-09-30": "$2,186", "2019-06-30": "$2,066", "2019-03-31": "$1,974", "2018-12-31": "$1,916", "2018-09-30": "$1,114", "2018-06-30": "$1,008", "2018-03-31": "$897", "2017-12-31": "$904", "2017-09-30": "$843", "2017-06-30": "$796", "2017-03-31": "$467", "2016-12-31": "$403", "2016-09-30": "$362", "2016-06-30": "$333", "2016-03-31": "$299", "2015-12-31": "$292", "2015-09-30": "$257", "2015-06-30": "$218", "2015-03-31": "$189", "2014-12-31": "$185", "2014-09-30": "$159", "2014-06-30": "$140", "2014-03-31": "$125", "2013-12-31": "$123", "2013-09-30": "$110", "2013-06-30": "$102", "2013-03-31": "$99", "2012-12-31": "$106", "2012-09-30": "$103", "2012-06-30": "$111", "2012-03-31": "$118", "2011-12-31": "$121", "2011-09-30": "$129", "2011-06-30": "$136", "2011-03-31": "$67", "2010-12-31": "$77", "2010-09-30": "$54", "2010-06-30": "$61", "2010-03-31": "$68", "2009-12-31": "$47", "2009-09-30": "$54", "2009-06-30": "$65", "2009-03-31": "$78", "2008-12-31": "$44", "2008-09-30": "$43", "2008-06-30": "$57", "2008-03-31": "$69", "2007-12-31": "$77", "2007-09-30": "$85", "2007-06-30": "$97", "2007-03-31": "$105", "2006-12-31": "$65", "2006-09-30": "$76", "2006-06-30": "$85", "2006-03-31": "$47", "2005-12-31": "$57", "2005-09-30": "$64", "2005-06-30": "$70", "2005-03-31": "$25"}}, "cash-on-hand": {"DexCom Annual Cash on Hand (Millions of US $)": {"2019": "$1,533", "2018": "$1,386", "2017": "$549", "2016": "$124", "2015": "$115", "2014": "$84", "2013": "$55", "2012": "$49", "2011": "$82", "2010": "$48", "2009": "$28", "2008": "$27", "2007": "$64", "2006": "$55", "2005": "$51"}, "DexCom Quarterly Cash on Hand (Millions of US $)": {"2020-09-30": "$2,604", "2020-06-30": "$2,509", "2020-03-31": "$1,511", "2019-12-31": "$1,533", "2019-09-30": "$1,430", "2019-06-30": "$1,378", "2019-03-31": "$1,358", "2018-12-31": "$1,386", "2018-09-30": "$669", "2018-06-30": "$606", "2018-03-31": "$534", "2017-12-31": "$549", "2017-09-30": "$526", "2017-06-30": "$497", "2017-03-31": "$181", "2016-12-31": "$124", "2016-09-30": "$127", "2016-06-30": "$116", "2016-03-31": "$107", "2015-12-31": "$115", "2015-09-30": "$113", "2015-06-30": "$98", "2015-03-31": "$84", "2014-12-31": "$84", "2014-09-30": "$75", "2014-06-30": "$61", "2014-03-31": "$57", "2013-12-31": "$55", "2013-09-30": "$48", "2013-06-30": "$46", "2013-03-31": "$45", "2012-12-31": "$49", "2012-09-30": "$53", "2012-06-30": "$61", "2012-03-31": "$70", "2011-12-31": "$82", "2011-09-30": "$97", "2011-06-30": "$106", "2011-03-31": "$39", "2010-12-31": "$48", "2010-09-30": "$32", "2010-06-30": "$40", "2010-03-31": "$50", "2009-12-31": "$28", "2009-09-30": "$38", "2009-06-30": "$49", "2009-03-31": "$61", "2008-12-31": "$27", "2008-09-30": "$25", "2008-06-30": "$38", "2008-03-31": "$51", "2007-12-31": "$64", "2007-09-30": "$74", "2007-06-30": "$84", "2007-03-31": "$93", "2006-12-31": "$55", "2006-09-30": "$65", "2006-06-30": "$72", "2006-03-31": "$39", "2005-12-31": "$51", "2005-09-30": "$59", "2005-06-30": "$67", "2005-03-31": "$22"}}, "long-term-debt": {"DexCom Annual Long Term Debt (Millions of US $)": {"2019": "$1,060", "2018": "$1,010", "2017": "$328", "2016": "$", "2015": "$", "2014": "$2", "2013": "$5", "2012": "$7", "2011": "$", "2010": "$", "2009": "$46", "2008": "$42", "2007": "$61", "2006": "$2", "2005": "$"}, "DexCom Quarterly Long Term Debt (Millions of US $)": {"2020-09-30": "$1,646", "2020-06-30": "$1,659", "2020-03-31": "$1,072", "2019-12-31": "$1,060", "2019-09-30": "$1,047", "2019-06-30": "$1,035", "2019-03-31": "$1,022", "2018-12-31": "$1,010", "2018-09-30": "$339", "2018-06-30": "$335", "2018-03-31": "$331", "2017-12-31": "$328", "2017-09-30": "$324", "2017-06-30": "$321", "2017-03-31": "", "2016-12-31": "", "2016-09-30": "", "2016-06-30": "", "2016-03-31": "", "2015-12-31": "", "2015-09-30": "$0", "2015-06-30": "$1", "2015-03-31": "$2", "2014-12-31": "$2", "2014-09-30": "$3", "2014-06-30": "$4", "2014-03-31": "$4", "2013-12-31": "$5", "2013-09-30": "$5", "2013-06-30": "$6", "2013-03-31": "$6", "2012-12-31": "$7", "2012-09-30": "", "2012-06-30": "", "2012-03-31": "", "2011-12-31": "", "2011-09-30": "", "2011-06-30": "", "2011-03-31": "", "2010-12-31": "", "2010-09-30": "$1", "2010-06-30": "$3", "2010-03-31": "$5", "2009-12-31": "$46", "2009-09-30": "$45", "2009-06-30": "$2", "2009-03-31": "$43", "2008-12-31": "$42", "2008-09-30": "$62", "2008-06-30": "$0", "2008-03-31": "$63", "2007-12-31": "$61", "2007-09-30": "$61", "2007-06-30": "$62", "2007-03-31": "$62", "2006-12-31": "$2", "2006-09-30": "$2", "2006-06-30": "$1", "2006-03-31": "", "2005-12-31": "", "2005-09-30": "", "2005-06-30": "", "2005-03-31": ""}}, "total-liabilities": {"DexCom Annual Total Liabilities (Millions of US $)": {"2019": "$1,512", "2018": "$1,253", "2017": "$485", "2016": "$119", "2015": "$71", "2014": "$44", "2013": "$38", "2012": "$29", "2011": "$16", "2010": "$16", "2009": "$65", "2008": "$63", "2007": "$70", "2006": "$8", "2005": "$7"}, "DexCom Quarterly Total Liabilities (Millions of US $)": {"2020-09-30": "$2,334", "2020-06-30": "$2,168", "2020-03-31": "$1,513", "2019-12-31": "$1,512", "2019-09-30": "$1,421", "2019-06-30": "$1,378", "2019-03-31": "$1,305", "2018-12-31": "$1,253", "2018-09-30": "$552", "2018-06-30": "$525", "2018-03-31": "$475", "2017-12-31": "$485", "2017-09-30": "$459", "2017-06-30": "$442", "2017-03-31": "$189", "2016-12-31": "$119", "2016-09-30": "$100", "2016-06-30": "$86", "2016-03-31": "$68", "2015-12-31": "$71", "2015-09-30": "$63", "2015-06-30": "$48", "2015-03-31": "$41", "2014-12-31": "$44", "2014-09-30": "$44", "2014-06-30": "$40", "2014-03-31": "$35", "2013-12-31": "$38", "2013-09-30": "$35", "2013-06-30": "$30", "2013-03-31": "$25", "2012-12-31": "$29", "2012-09-30": "$23", "2012-06-30": "$19", "2012-03-31": "$18", "2011-12-31": "$16", "2011-09-30": "$16", "2011-06-30": "$15", "2011-03-31": "$13", "2010-12-31": "$16", "2010-09-30": "$19", "2010-06-30": "$20", "2010-03-31": "$22", "2009-12-31": "$65", "2009-09-30": "$63", "2009-06-30": "$63", "2009-03-31": "$63", "2008-12-31": "$63", "2008-09-30": "$70", "2008-06-30": "$72", "2008-03-31": "$72", "2007-12-31": "$70", "2007-09-30": "$68", "2007-06-30": "$70", "2007-03-31": "$69", "2006-12-31": "$8", "2006-09-30": "$9", "2006-06-30": "$7", "2006-03-31": "$7", "2005-12-31": "$7", "2005-09-30": "$3", "2005-06-30": "$3", "2005-03-31": "$3"}}, "total-share-holder-equity": {"DexCom Annual Share Holder Equity (Millions of US $)": {"2019": "$883", "2018": "$663", "2017": "$419", "2016": "$284", "2015": "$221", "2014": "$140", "2013": "$84", "2012": "$77", "2011": "$105", "2010": "$61", "2009": "$-18", "2008": "$-19", "2007": "$7", "2006": "$57", "2005": "$49"}, "DexCom Quarterly Share Holder Equity (Millions of US $)": {"2020-09-30": "$1,499", "2020-06-30": "$1,354", "2020-03-31": "$935", "2019-12-31": "$883", "2019-09-30": "$764", "2019-06-30": "$688", "2019-03-31": "$669", "2018-12-31": "$663", "2018-09-30": "$562", "2018-06-30": "$482", "2018-03-31": "$422", "2017-12-31": "$419", "2017-09-30": "$384", "2017-06-30": "$354", "2017-03-31": "$278", "2016-12-31": "$284", "2016-09-30": "$262", "2016-06-30": "$246", "2016-03-31": "$231", "2015-12-31": "$221", "2015-09-30": "$193", "2015-06-30": "$171", "2015-03-31": "$149", "2014-12-31": "$140", "2014-09-30": "$115", "2014-06-30": "$100", "2014-03-31": "$90", "2013-12-31": "$84", "2013-09-30": "$75", "2013-06-30": "$72", "2013-03-31": "$74", "2012-12-31": "$77", "2012-09-30": "$80", "2012-06-30": "$91", "2012-03-31": "$100", "2011-12-31": "$105", "2011-09-30": "$113", "2011-06-30": "$122", "2011-03-31": "$53", "2010-12-31": "$61", "2010-09-30": "$35", "2010-06-30": "$41", "2010-03-31": "$47", "2009-12-31": "$-18", "2009-09-30": "$-9", "2009-06-30": "$2", "2009-03-31": "$15", "2008-12-31": "$-19", "2008-09-30": "$-27", "2008-06-30": "$-15", "2008-03-31": "$-3", "2007-12-31": "$7", "2007-09-30": "$17", "2007-06-30": "$27", "2007-03-31": "$36", "2006-12-31": "$57", "2006-09-30": "$66", "2006-06-30": "$78", "2006-03-31": "$40", "2005-12-31": "$49", "2005-09-30": "$61", "2005-06-30": "$67", "2005-03-31": "$22"}}, "profit-margins": {"current": "12.69%"}, "gross margin": {"2020-09-30": "65.35%", "2020-06-30": "63.93%", "2020-03-31": "63.75%", "2019-12-31": "63.14%", "2019-09-30": "62.62%", "2019-06-30": "62.85%", "2019-03-31": "63.33%", "2018-12-31": "64.44%", "2018-09-30": "65.14%", "2018-06-30": "66.51%", "2018-03-31": "68.07%", "2017-12-31": "68.57%", "2017-09-30": "68.16%", "2017-06-30": "67.93%", "2017-03-31": "66.44%", "2016-12-31": "66.14%", "2016-09-30": "66.23%", "2016-06-30": "66.87%", "2016-03-31": "68.99%", "2015-12-31": "69.40%", "2015-09-30": "69.58%", "2015-06-30": "68.65%", "2015-03-31": "67.72%", "2014-12-31": "67.95%", "2014-09-30": "66.52%", "2014-06-30": "65.67%", "2014-03-31": "64.04%", "2013-12-31": "62.73%", "2013-09-30": "59.86%", "2013-06-30": "53.28%", "2013-03-31": "49.54%", "2012-12-31": "46.46%", "2012-09-30": "44.32%", "2012-06-30": "46.99%", "2012-03-31": "49.38%", "2011-12-31": "48.00%", "2011-09-30": "46.38%", "2011-06-30": "42.86%", "2011-03-31": "37.04%", "2010-12-31": "36.00%", "2010-09-30": "34.09%", "2010-06-30": "33.33%", "2010-03-31": "20.59%", "2009-12-31": "13.79%", "2009-09-30": "-4.35%", "2009-06-30": "-22.22%", "2009-03-31": "-30.77%", "2008-12-31": "-50.00%", "2008-09-30": "-75.00%", "2008-06-30": "-85.71%", "2008-03-31": "-116.67%", "2007-12-31": "-160.00%", "2007-09-30": "-225.00%", "2007-06-30": "-250.00%", "2007-03-31": "-333.33%", "2006-12-31": "-500.00%"}, "operating margin": {"2020-09-30": "16.36%", "2020-06-30": "15.15%", "2020-03-31": "11.94%", "2019-12-31": "9.69%", "2019-09-30": "-9.18%", "2019-06-30": "-13.58%", "2019-03-31": "-15.06%", "2018-12-31": "-18.12%", "2018-09-30": "-1.09%", "2018-06-30": "-3.00%", "2018-03-31": "-4.47%", "2017-12-31": "-5.98%", "2017-09-30": "-9.12%", "2017-06-30": "-12.48%", "2017-03-31": "-14.19%", "2016-12-31": "-11.17%", "2016-09-30": "-10.51%", "2016-06-30": "-16.16%", "2016-03-31": "-14.16%", "2015-12-31": "-14.18%", "2015-09-30": "-16.06%", "2015-06-30": "-6.27%", "2015-03-31": "-7.72%", "2014-12-31": "-8.11%", "2014-09-30": "-11.01%", "2014-06-30": "-12.94%", "2014-03-31": "-16.85%", "2013-12-31": "-18.01%", "2013-09-30": "-24.65%", "2013-06-30": "-37.70%", "2013-03-31": "-46.79%", "2012-12-31": "-55.56%", "2012-09-30": "-67.05%", "2012-06-30": "-66.27%", "2012-03-31": "-58.02%", "2011-12-31": "-58.67%", "2011-09-30": "-60.87%", "2011-06-30": "-66.67%", "2011-03-31": "-85.19%", "2010-12-31": "-90.00%", "2010-09-30": "-100.00%", "2010-06-30": "-110.26%", "2010-03-31": "-132.35%", "2009-12-31": "-155.17%", "2009-09-30": "-213.04%", "2009-06-30": "-283.33%", "2009-03-31": "-392.31%", "2008-12-31": "-530.00%", "2008-09-30": "-650.00%", "2008-06-30": "-714.29%", "2008-03-31": "-816.67%", "2007-12-31": "-940.00%", "2007-09-30": "-1175.00%", "2007-06-30": "-1225.00%", "2007-03-31": "-1633.33%", "2006-12-31": "-2450.00%"}, "ebitda margin": {"2020-09-30": "19.71%", "2020-06-30": "18.36%", "2020-03-31": "15.19%", "2019-12-31": "12.94%", "2019-09-30": "-6.00%", "2019-06-30": "-10.47%", "2019-03-31": "-12.13%", "2018-12-31": "-15.21%", "2018-09-30": "1.64%", "2018-06-30": "-0.36%", "2018-03-31": "-1.97%", "2017-12-31": "-3.76%", "2017-09-30": "-6.88%", "2017-06-30": "-10.11%", "2017-03-31": "-11.69%", "2016-12-31": "-8.55%", "2016-09-30": "-7.88%", "2016-06-30": "-13.91%", "2016-03-31": "-11.91%", "2015-12-31": "-11.69%", "2015-09-30": "-13.24%", "2015-06-30": "-3.13%", "2015-03-31": "-4.56%", "2014-12-31": "-5.02%", "2014-09-30": "-7.49%", "2014-06-30": "-8.96%", "2014-03-31": "-12.36%", "2013-12-31": "-13.04%", "2013-09-30": "-19.01%", "2013-06-30": "-31.15%", "2013-03-31": "-39.45%", "2012-12-31": "-48.48%", "2012-09-30": "-60.23%", "2012-06-30": "-60.24%", "2012-03-31": "-53.09%", "2011-12-31": "-53.33%", "2011-09-30": "-55.07%", "2011-06-30": "-60.32%", "2011-03-31": "-77.78%", "2010-12-31": "-82.00%", "2010-09-30": "-93.18%", "2010-06-30": "-102.56%", "2010-03-31": "-123.53%", "2009-12-31": "-144.83%", "2009-09-30": "-195.65%", "2009-06-30": "-261.11%", "2009-03-31": "-369.23%", "2008-12-31": "-500.00%", "2008-09-30": "-625.00%", "2008-06-30": "-685.71%", "2008-03-31": "-766.67%", "2007-12-31": "-900.00%", "2007-09-30": "-1100.00%", "2007-06-30": "-1175.00%", "2007-03-31": "-1566.67%", "2006-12-31": "-2350.00%"}, "pre tax profit margin": {"2020-09-30": "13.01%", "2020-06-30": "12.12%", "2020-03-31": "9.56%", "2019-12-31": "7.05%", "2019-09-30": "-12.36%", "2019-06-30": "-13.75%", "2019-03-31": "-11.43%", "2018-12-31": "-12.21%", "2018-09-30": "6.56%", "2018-06-30": "1.44%", "2018-03-31": "-4.20%", "2017-12-31": "-6.68%", "2017-09-30": "-9.57%", "2017-06-30": "-12.64%", "2017-03-31": "-14.36%", "2016-12-31": "-11.34%", "2016-09-30": "-10.51%", "2016-06-30": "-16.36%", "2016-03-31": "-14.38%", "2015-12-31": "-14.43%", "2015-09-30": "-16.62%", "2015-06-30": "-6.58%", "2015-03-31": "-8.07%", "2014-12-31": "-8.88%", "2014-09-30": "-11.89%", "2014-06-30": "-13.93%", "2014-03-31": "-17.98%", "2013-12-31": "-18.63%", "2013-09-30": "-24.65%", "2013-06-30": "-37.70%", "2013-03-31": "-46.79%", "2012-12-31": "-55.56%", "2012-09-30": "-67.05%", "2012-06-30": "-66.27%", "2012-03-31": "-58.02%", "2011-12-31": "-58.67%", "2011-09-30": "-60.87%", "2011-06-30": "-66.67%", "2011-03-31": "-87.04%", "2010-12-31": "-110.00%", "2010-09-30": "-129.55%", "2010-06-30": "-148.72%", "2010-03-31": "-179.41%", "2009-12-31": "-186.21%", "2009-09-30": "-243.48%", "2009-06-30": "-322.22%", "2009-03-31": "-446.15%", "2008-12-31": "-590.00%", "2008-09-30": "-750.00%", "2008-06-30": "-785.71%", "2008-03-31": "-850.00%", "2007-12-31": "-960.00%", "2007-09-30": "-1100.00%", "2007-06-30": "-1150.00%", "2007-03-31": "-1533.33%", "2006-12-31": "-2300.00%"}, "net profit margin": {"2020-09-30": "12.69%", "2020-06-30": "11.95%", "2020-03-31": "9.25%", "2019-12-31": "6.84%", "2019-09-30": "-12.73%", "2019-06-30": "-13.99%", "2019-03-31": "-11.51%", "2018-12-31": "-12.31%", "2018-09-30": "4.81%", "2018-06-30": "-0.60%", "2018-03-31": "-4.20%", "2017-12-31": "-6.95%", "2017-09-30": "-7.17%", "2017-06-30": "-10.27%", "2017-03-31": "-14.69%", "2016-12-31": "-11.34%", "2016-09-30": "-10.51%", "2016-06-30": "-16.36%", "2016-03-31": "-14.38%", "2015-12-31": "-14.43%", "2015-09-30": "-16.62%", "2015-06-30": "-6.58%", "2015-03-31": "-8.07%", "2014-12-31": "-8.88%", "2014-09-30": "-11.89%", "2014-06-30": "-13.93%", "2014-03-31": "-17.98%", "2013-12-31": "-18.63%", "2013-09-30": "-24.65%", "2013-06-30": "-37.70%", "2013-03-31": "-46.79%", "2012-12-31": "-54.55%", "2012-09-30": "-65.91%", "2012-06-30": "-65.06%", "2012-03-31": "-56.79%", "2011-12-31": "-58.67%", "2011-09-30": "-60.87%", "2011-06-30": "-66.67%", "2011-03-31": "-87.04%", "2010-12-31": "-110.00%", "2010-09-30": "-129.55%", "2010-06-30": "-148.72%", "2010-03-31": "-179.41%", "2009-12-31": "-186.21%", "2009-09-30": "-243.48%", "2009-06-30": "-322.22%", "2009-03-31": "-446.15%", "2008-12-31": "-590.00%", "2008-09-30": "-750.00%", "2008-06-30": "-785.71%", "2008-03-31": "-850.00%", "2007-12-31": "-960.00%", "2007-09-30": "-1100.00%", "2007-06-30": "-1150.00%", "2007-03-31": "-1533.33%", "2006-12-31": "-2300.00%"}, "pe ratio": {"current": "123.80", "2021-02-05": "169.85", "2020-09-30": "170.34", "2020-06-30": "185.11", "2020-03-31": "169.35", "2019-12-31": "202.54", "2019-09-30": "0.00", "2019-06-30": "0.00", "2019-03-31": "0.00", "2018-12-31": "0.00", "2018-09-30": "304.34", "2018-06-30": "0.00", "2018-03-31": "0.00", "2017-12-31": "0.00", "2017-09-30": "0.00", "2017-06-30": "0.00", "2017-03-31": "0.00", "2016-12-31": "0.00", "2016-09-30": "0.00", "2016-06-30": "0.00", "2016-03-31": "0.00", "2015-12-31": "0.00", "2015-09-30": "0.00", "2015-06-30": "0.00", "2015-03-31": "0.00", "2014-12-31": "0.00", "2014-09-30": "0.00", "2014-06-30": "0.00", "2014-03-31": "0.00", "2013-12-31": "0.00", "2013-09-30": "0.00", "2013-06-30": "0.00", "2013-03-31": "0.00", "2012-12-31": "0.00", "2012-09-30": "0.00", "2012-06-30": "0.00", "2012-03-31": "0.00", "2011-12-31": "0.00", "2011-09-30": "0.00", "2011-06-30": "0.00", "2011-03-31": "0.00", "2010-12-31": "0.00", "2010-09-30": "0.00", "2010-06-30": "0.00", "2010-03-31": "0.00", "2009-12-31": "0.00", "2009-09-30": "0.00", "2009-06-30": "0.00", "2009-03-31": "0.00", "2008-12-31": "0.00", "2008-09-30": "0.00", "2008-06-30": "0.00", "2008-03-31": "0.00", "2007-12-31": "0.00", "2007-09-30": "0.00", "2007-06-30": "0.00", "2007-03-31": "0.00", "2006-12-31": "0.00"}, "price sales": {"2021-02-05": "21.62", "2020-09-30": "21.68", "2020-06-30": "22.20", "2020-03-31": "15.57", "2019-12-31": "13.59", "2019-09-30": "10.01", "2019-06-30": "11.03", "2019-03-31": "9.45", "2018-12-31": "10.32", "2018-09-30": "13.83", "2018-06-30": "9.98", "2018-03-31": "8.47", "2017-12-31": "6.90", "2017-09-30": "6.27", "2017-06-30": "9.84", "2017-03-31": "11.89", "2016-12-31": "8.69", "2016-09-30": "13.56", "2016-06-30": "13.21", "2016-03-31": "12.28", "2015-12-31": "16.21", "2015-09-30": "18.94", "2015-06-30": "19.35", "2015-03-31": "16.65", "2014-12-31": "15.95", "2014-09-30": "13.08", "2014-06-30": "14.41", "2014-03-31": "16.71", "2013-12-31": "15.69", "2013-09-30": "14.01", "2013-06-30": "12.84", "2013-03-31": "10.55", "2012-12-31": "9.33", "2012-09-30": "11.44", "2012-06-30": "10.36", "2012-03-31": "8.42", "2011-12-31": "7.96", "2011-09-30": "10.89", "2011-06-30": "14.05", "2011-03-31": "17.10", "2010-12-31": "15.77", "2010-09-30": "15.98", "2010-06-30": "14.72", "2010-03-31": "13.39", "2009-12-31": "11.99", "2009-09-30": "13.78", "2009-06-30": "12.84", "2009-03-31": "10.30", "2008-12-31": "8.26", "2008-09-30": "24.77", "2008-06-30": "26.45", "2008-03-31": "21.63", "2007-12-31": "53.99", "2007-09-30": "71.31", "2007-06-30": "64.50", "2007-03-31": "68.85", "2006-12-31": "124.97"}, "price book": {"current": "26.33", "2021-02-05": "26.32", "2020-09-30": "26.40", "2020-06-30": "28.57", "2020-03-31": "26.60", "2019-12-31": "22.70", "2019-09-30": "17.87", "2019-06-30": "19.85", "2019-03-31": "16.21", "2018-12-31": "16.26", "2018-09-30": "22.59", "2018-06-30": "17.42", "2018-03-31": "15.49", "2017-12-31": "11.90", "2017-09-30": "11.07", "2017-06-30": "17.89", "2017-03-31": "26.32", "2016-12-31": "17.80", "2016-09-30": "28.29", "2016-06-30": "26.98", "2016-03-31": "24.50", "2015-12-31": "30.25", "2015-09-30": "36.11", "2015-06-30": "37.48", "2015-03-31": "32.56", "2014-12-31": "30.35", "2014-09-30": "26.57", "2014-06-30": "30.02", "2014-03-31": "34.38", "2013-12-31": "30.53", "2013-09-30": "27.09", "2013-06-30": "22.11", "2013-03-31": "16.06", "2012-12-31": "12.27", "2012-09-30": "12.97", "2012-06-30": "9.78", "2012-03-31": "7.18", "2011-12-31": "6.01", "2011-09-30": "7.16", "2011-06-30": "8.03", "2011-03-31": "18.14", "2010-12-31": "13.89", "2010-09-30": "22.03", "2010-06-30": "16.33", "2010-03-31": "11.97", "2009-12-31": "-20.14", "2009-09-30": "-40.11", "2009-06-30": "143.62", "2009-03-31": "12.62", "2008-12-31": "-4.23", "2008-09-30": "-6.53", "2008-06-30": "-11.82", "2008-03-31": "-42.59", "2007-12-31": "35.52", "2007-09-30": "16.33", "2007-06-30": "8.71", "2007-03-31": "6.12", "2006-12-31": "4.89", "2006-09-30": "4.71", "2006-06-30": "4.88", "2006-03-31": "12.91"}, "price fcf": {"2021-02-05": "", "2020-09-30": "$2.74", "2020-06-30": "$2.23", "2020-03-31": "$1.43", "2019-12-31": "$1.46", "2019-09-30": "$0.57", "2019-06-30": "$0.45", "2019-03-31": "$0.61", "2018-12-31": "$0.64", "2018-09-30": "$0.72", "2018-06-30": "$0.61", "2018-03-31": "$0.29", "2017-12-31": "$0.30", "2017-09-30": "$-0.02", "2017-06-30": "$-0.20", "2017-03-31": "$-0.12", "2016-12-31": "$0.01", "2016-09-30": "$0.06", "2016-06-30": "$0.10", "2016-03-31": "$0.11", "2015-12-31": "$0.20", "2015-09-30": "$0.25", "2015-06-30": "$0.22", "2015-03-31": "$0.13", "2014-12-31": "$0.10", "2014-09-30": "$0.08", "2014-06-30": "$-0.03", "2014-03-31": "$-0.08", "2013-12-31": "$-0.08", "2013-09-30": "$-0.28", "2013-06-30": "$-0.40", "2013-03-31": "$-0.52", "2012-12-31": "$-0.62", "2012-09-30": "$-0.68", "2012-06-30": "$-0.67", "2012-03-31": "$-0.59", "2011-12-31": "$-0.58", "2011-09-30": "$-0.63", "2011-06-30": "$-0.71", "2011-03-31": "$-0.83", "2010-12-31": "$-0.87", "2010-09-30": "$-0.82", "2010-06-30": "$-0.85", "2010-03-31": "$-0.91", "2009-12-31": "$-0.95", "2009-09-30": "$-0.65", "2009-06-30": "$-0.82", "2009-03-31": "$-1.02", "2008-12-31": "$-1.35", "2008-09-30": "$-1.76", "2008-06-30": "$-1.72", "2008-03-31": "$-1.58", "2007-12-31": "$-1.29", "2007-09-30": "$-1.37", "2007-06-30": "$-1.32", "2007-03-31": "$-1.55", "2006-12-31": "$-1.73"}, "net worth": {"value": "$39.47B"}, "current ratio": {"current": "6.39", "2020-09-30": "6.39", "2020-06-30": "7.58", "2020-03-31": "5.82", "2019-12-31": "5.47", "2019-09-30": "5.63", "2019-06-30": "6.05", "2019-03-31": "7.18", "2018-12-31": "7.64", "2018-09-30": "4.71", "2018-06-30": "4.90", "2018-03-31": "5.83", "2017-12-31": "5.36", "2017-09-30": "5.86", "2017-06-30": "6.25", "2017-03-31": "1.93", "2016-12-31": "2.73", "2016-09-30": "3.00", "2016-06-30": "3.26", "2016-03-31": "3.55", "2015-12-31": "3.46", "2015-09-30": "3.46", "2015-06-30": "3.86", "2015-03-31": "3.95", "2014-12-31": "3.59", "2014-09-30": "3.04", "2014-06-30": "2.96", "2014-03-31": "3.15", "2013-12-31": "2.90", "2013-09-30": "2.98", "2013-06-30": "3.52", "2013-03-31": "4.40", "2012-12-31": "3.98", "2012-09-30": "3.70", "2012-06-30": "4.95", "2012-03-31": "5.77", "2011-12-31": "7.11", "2011-09-30": "7.82", "2011-06-30": "9.00", "2011-03-31": "4.69", "2010-12-31": "4.32", "2010-09-30": "2.62", "2010-06-30": "3.25", "2010-03-31": "3.73", "2009-12-31": "1.96", "2009-09-30": "2.47", "2009-06-30": "3.26", "2009-03-31": "4.44", "2008-12-31": "2.14", "2008-09-30": "3.81", "2008-06-30": "4.99", "2008-03-31": "6.65", "2007-12-31": "7.97", "2007-09-30": "12.62", "2007-06-30": "11.75", "2007-03-31": "14.79", "2006-12-31": "10.97", "2006-09-30": "10.35", "2006-06-30": "15.65", "2006-03-31": "5.91", "2005-12-31": "7.21", "2005-09-30": "20.72", "2005-06-30": "23.48", "2005-03-31": "7.83"}, "quick ratio": {"2020-09-30": "6.00", "2020-06-30": "7.17", "2020-03-31": "5.41", "2019-12-31": "5.14", "2019-09-30": "5.26", "2019-06-30": "5.64", "2019-03-31": "6.75", "2018-12-31": "7.32", "2018-09-30": "4.43", "2018-06-30": "4.62", "2018-03-31": "5.42", "2017-12-31": "5.04", "2017-09-30": "5.50", "2017-06-30": "5.84", "2017-03-31": "1.65", "2016-12-31": "2.29", "2016-09-30": "2.48", "2016-06-30": "2.68", "2016-03-31": "2.83", "2015-12-31": "2.93", "2015-09-30": "2.94", "2015-06-30": "3.35", "2015-03-31": "3.45", "2014-12-31": "3.20", "2014-09-30": "2.69", "2014-06-30": "2.64", "2014-03-31": "2.85", "2013-12-31": "2.62", "2013-09-30": "2.62", "2013-06-30": "3.17", "2013-03-31": "3.94", "2012-12-31": "3.60", "2012-09-30": "3.35", "2012-06-30": "4.52", "2012-03-31": "5.27", "2011-12-31": "6.55", "2011-09-30": "7.38", "2011-06-30": "8.55", "2011-03-31": "4.14", "2010-12-31": "3.78", "2010-09-30": "2.24", "2010-06-30": "2.99", "2010-03-31": "3.49", "2009-12-31": "1.82", "2009-09-30": "2.36", "2009-06-30": "3.17", "2009-03-31": "4.28", "2008-12-31": "1.98", "2008-09-30": "3.47", "2008-06-30": "4.67", "2008-03-31": "6.43", "2007-12-31": "7.83", "2007-09-30": "12.45", "2007-06-30": "11.58", "2007-03-31": "14.56", "2006-12-31": "10.70", "2006-09-30": "10.05", "2006-06-30": "15.00", "2006-03-31": "5.63", "2005-12-31": "0.00", "2005-09-30": "0.00", "2005-06-30": "0.00", "2005-03-31": "0.00"}, "debt equity ratio": {"current": "1.10", "2020-09-30": "1.56", "2020-06-30": "1.60", "2020-03-31": "1.62", "2019-12-31": "1.71", "2019-09-30": "1.86", "2019-06-30": "2.00", "2019-03-31": "1.95", "2018-12-31": "1.89", "2018-09-30": "0.98", "2018-06-30": "1.09", "2018-03-31": "1.13", "2017-12-31": "1.16", "2017-09-30": "1.20", "2017-06-30": "1.25", "2017-03-31": "0.68", "2016-12-31": "0.42", "2016-09-30": "0.38", "2016-06-30": "0.35", "2016-03-31": "0.30", "2015-12-31": "0.32", "2015-09-30": "0.33", "2015-06-30": "0.28", "2015-03-31": "0.27", "2014-12-31": "0.32", "2014-09-30": "0.39", "2014-06-30": "0.40", "2014-03-31": "0.39", "2013-12-31": "0.46", "2013-09-30": "0.47", "2013-06-30": "0.42", "2013-03-31": "0.34", "2012-12-31": "0.38", "2012-09-30": "0.28", "2012-06-30": "0.21", "2012-03-31": "0.19", "2011-12-31": "0.15", "2011-09-30": "0.14", "2011-06-30": "0.12", "2011-03-31": "0.25", "2010-12-31": "0.27", "2010-09-30": "0.54", "2010-06-30": "0.48", "2010-03-31": "0.46", "2009-12-31": "-3.55", "2009-09-30": "-6.93", "2009-06-30": "31.93", "2009-03-31": "4.14", "2008-12-31": "-3.25", "2008-09-30": "-2.58", "2008-06-30": "-4.88", "2008-03-31": "-24.85", "2007-12-31": "9.86", "2007-09-30": "3.94", "2007-06-30": "2.62", "2007-03-31": "1.90", "2006-12-31": "0.14", "2006-09-30": "0.14", "2006-06-30": "0.09", "2006-03-31": "0.18", "2005-12-31": "0.15", "2005-09-30": "0.05", "2005-06-30": "0.05", "2005-03-31": "0.13"}, "return on equity": {"2020-09-30": "19.78%", "2020-06-30": "20.83%", "2020-03-31": "18.10%", "2019-12-31": "13.45%", "2019-09-30": "-24.71%", "2019-06-30": "-26.49%", "2019-03-31": "-21.89%", "2018-12-31": "-23.86%", "2018-09-30": "9.34%", "2018-06-30": "-1.17%", "2018-03-31": "-8.11%", "2017-12-31": "-13.94%", "2017-09-30": "-14.77%", "2017-06-30": "-22.07%", "2017-03-31": "-32.90%", "2016-12-31": "-25.42%", "2016-09-30": "-23.33%", "2016-06-30": "-35.91%", "2016-03-31": "-31.37%", "2015-12-31": "-31.61%", "2015-09-30": "-36.14%", "2015-06-30": "-14.61%", "2015-03-31": "-18.25%", "2014-12-31": "-20.67%", "2014-09-30": "-27.76%", "2014-06-30": "-32.09%", "2014-03-31": "-39.88%", "2013-12-31": "-39.34%", "2013-09-30": "-46.98%", "2013-06-30": "-60.73%", "2013-03-31": "-63.35%", "2012-12-31": "-62.07%", "2012-09-30": "-61.70%", "2012-06-30": "-52.81%", "2012-03-31": "-41.82%", "2011-12-31": "-44.78%", "2011-09-30": "-48.14%", "2011-06-30": "-61.99%", "2011-03-31": "-98.95%", "2010-12-31": "-119.57%", "2010-09-30": "-217.14%", "2010-06-30": "-380.33%", "2010-03-31": "-1109.09%", "2009-12-31": "2160.00%", "2009-09-30": "2036.36%", "2009-06-30": "800.00%", "2009-03-31": "504.35%", "2008-12-31": "368.75%", "2008-09-30": "631.58%", "2008-06-30": "-3666.67%", "2008-03-31": "-425.00%", "2007-12-31": "-220.69%", "2007-09-30": "-128.47%", "2007-06-30": "-98.92%", "2007-03-31": "-77.64%", "2006-12-31": "-76.35%", "2006-09-30": "-80.69%", "2006-06-30": "-70.18%", "2006-03-31": "-64.52%", "2005-12-31": "-60.30%"}, "return on assets": {"2020-09-30": "7.58%", "2020-06-30": "7.77%", "2020-03-31": "6.51%", "2019-12-31": "4.69%", "2019-09-30": "-8.45%", "2019-06-30": "-9.67%", "2019-03-31": "-8.65%", "2018-12-31": "-10.29%", "2018-09-30": "4.49%", "2018-06-30": "-0.55%", "2018-03-31": "-3.72%", "2017-12-31": "-6.64%", "2017-09-30": "-7.65%", "2017-06-30": "-12.82%", "2017-03-31": "-22.49%", "2016-12-31": "-18.61%", "2016-09-30": "-17.42%", "2016-06-30": "-27.10%", "2016-03-31": "-24.02%", "2015-12-31": "-24.27%", "2015-09-30": "-27.80%", "2015-06-30": "-11.19%", "2015-03-31": "-13.67%", "2014-12-31": "-15.11%", "2014-09-30": "-19.74%", "2014-06-30": "-22.49%", "2014-03-31": "-27.83%", "2013-12-31": "-27.65%", "2013-09-30": "-33.57%", "2013-06-30": "-44.88%", "2013-03-31": "-48.69%", "2012-12-31": "-49.32%", "2012-09-30": "-51.21%", "2012-06-30": "-45.09%", "2012-03-31": "-36.51%", "2011-12-31": "-38.85%", "2011-09-30": "-41.08%", "2011-06-30": "-50.30%", "2011-03-31": "-72.59%", "2010-12-31": "-84.62%", "2010-09-30": "-99.13%", "2010-06-30": "-100.87%", "2010-03-31": "-104.27%", "2009-12-31": "-88.52%", "2009-09-30": "-92.95%", "2009-06-30": "-100.87%", "2009-03-31": "-104.50%", "2008-12-31": "-110.80%", "2008-09-30": "-97.56%", "2008-06-30": "-76.39%", "2008-03-31": "-62.20%", "2007-12-31": "-52.75%", "2007-09-30": "-50.00%", "2007-06-30": "-53.64%", "2007-03-31": "-55.59%", "2006-12-31": "-67.40%", "2006-09-30": "-70.94%", "2006-06-30": "-63.24%", "2006-03-31": "-58.82%", "2005-12-31": "-55.56%"}, "return on investments": {"2020-09-30": "11.79%", "2020-06-30": "11.85%", "2020-03-31": "10.21%", "2019-12-31": "7.98%", "2019-09-30": "-7.19%", "2019-06-30": "-11.09%", "2019-03-31": "-13.38%", "2018-12-31": "-18.05%", "2018-09-30": "-1.24%", "2018-06-30": "-3.31%", "2018-03-31": "-4.72%", "2017-12-31": "-8.08%", "2017-09-30": "-17.66%", "2017-06-30": "-46.88%", "2017-03-31": "inf%", "2016-12-31": "inf%", "2016-09-30": "inf%", "2016-06-30": "-162.89%", "2016-03-31": "-68.85%", "2015-12-31": "-44.19%", "2015-09-30": "-34.60%", "2015-06-30": "-13.72%", "2015-03-31": "-17.12%", "2014-12-31": "-18.34%", "2014-09-30": "-24.75%", "2014-06-30": "-28.42%", "2014-03-31": "-35.19%", "2013-12-31": "-35.47%", "2013-09-30": "-43.48%", "2013-06-30": "-76.03%", "2013-03-31": "-124.39%", "2012-12-31": "-261.90%", "2012-09-30": "inf%", "2012-06-30": "inf%", "2012-03-31": "inf%", "2011-12-31": "inf%", "2011-09-30": "inf%", "2011-06-30": "-466.67%", "2011-03-31": "-230.00%", "2010-12-31": "-136.36%", "2010-09-30": "-110.69%", "2010-06-30": "-108.18%", "2010-03-31": "-151.26%", "2009-12-31": "-144.00%", "2009-09-30": "-163.33%", "2009-06-30": "-172.88%", "2009-03-31": "-204.00%", "2008-12-31": "-207.84%", "2008-09-30": "-140.54%", "2008-06-30": "-103.63%", "2008-03-31": "-66.44%", "2007-12-31": "-56.29%", "2007-09-30": "-57.85%", "2007-06-30": "-62.22%", "2007-03-31": "-64.05%", "2006-12-31": "-94.69%", "2006-09-30": "-135.14%", "2006-06-30": "-217.72%", "2006-03-31": "inf%", "2005-12-31": "inf%"}, "return on tangible equity": {"2020-09-30": "20.11%", "2020-06-30": "21.24%", "2020-03-31": "18.52%", "2019-12-31": "13.79%", "2019-09-30": "-25.38%", "2019-06-30": "-27.26%", "2019-03-31": "-22.52%", "2018-12-31": "-24.56%", "2018-09-30": "9.62%", "2018-06-30": "-1.21%", "2018-03-31": "-8.37%", "2017-12-31": "-14.42%", "2017-09-30": "-15.32%", "2017-06-30": "-23.03%", "2017-03-31": "-34.51%", "2016-12-31": "-26.53%", "2016-09-30": "-24.30%", "2016-06-30": "-37.17%", "2016-03-31": "-32.28%", "2015-12-31": "-32.68%", "2015-09-30": "-37.52%", "2015-06-30": "-15.25%", "2015-03-31": "-19.21%", "2014-12-31": "-21.96%", "2014-09-30": "-29.83%", "2014-06-30": "-34.89%", "2014-03-31": "-43.69%", "2013-12-31": "-43.48%", "2013-09-30": "-52.04%", "2013-06-30": "-67.15%", "2013-03-31": "-69.62%", "2012-12-31": "-67.71%", "2012-09-30": "-65.54%", "2012-06-30": "-54.82%", "2012-03-31": "-42.59%", "2011-12-31": "-44.78%", "2011-09-30": "-48.14%", "2011-06-30": "-61.99%", "2011-03-31": "-98.95%", "2010-12-31": "-119.57%", "2010-09-30": "-217.14%", "2010-06-30": "-380.33%", "2010-03-31": "-1109.09%", "2009-12-31": "2160.00%", "2009-09-30": "2036.36%", "2009-06-30": "800.00%", "2009-03-31": "504.35%", "2008-12-31": "368.75%", "2008-09-30": "631.58%", "2008-06-30": "-3666.67%", "2008-03-31": "-425.00%", "2007-12-31": "-220.69%", "2007-09-30": "-128.47%", "2007-06-30": "-98.92%", "2007-03-31": "-77.64%", "2006-12-31": "-76.35%", "2006-09-30": "-80.69%", "2006-06-30": "-70.18%", "2006-03-31": "-64.52%", "2005-12-31": "-60.30%"}, "dividend yield history": {"last payout": "$0.00", "last yield": "0.00%"}}