{"ticker": "DFS", "price": {"title": "Discover Financial Services Historical Annual Stock Price Data", "value": 92.77, "historical": {"2020": {"Average Stock Price": "59.3046", "Year Open": "85.3000", "Year High": "90.5300", "Year Low": "25.2500", "Year Close": "90.5300", "Annual % Change": "6.73%"}, "2019": {"Average Stock Price": "77.8551", "Year Open": "59.4100", "Year High": "92.9100", "Year Low": "58.4100", "Year Close": "84.8200", "Annual % Change": "43.81%"}, "2018": {"Average Stock Price": "73.6896", "Year Open": "76.9100", "Year High": "81.3100", "Year Low": "55.0900", "Year Close": "58.9800", "Annual % Change": "-23.32%"}, "2017": {"Average Stock Price": "65.3747", "Year Open": "72.7300", "Year High": "77.5000", "Year Low": "57.6600", "Year Close": "76.9200", "Annual % Change": "6.70%"}, "2016": {"Average Stock Price": "55.9209", "Year Open": "52.7100", "Year High": "73.1800", "Year Low": "43.2500", "Year Close": "72.0900", "Annual % Change": "34.45%"}, "2015": {"Average Stock Price": "57.0212", "Year Open": "65.3600", "Year High": "65.3600", "Year Low": "50.6000", "Year Close": "53.6200", "Annual % Change": "-18.12%"}, "2014": {"Average Stock Price": "60.3750", "Year Open": "55.3600", "Year High": "66.3800", "Year Low": "52.2100", "Year Close": "65.4900", "Annual % Change": "17.05%"}, "2013": {"Average Stock Price": "47.2915", "Year Open": "39.5300", "Year High": "55.9500", "Year Low": "37.8000", "Year Close": "55.9500", "Annual % Change": "45.14%"}, "2012": {"Average Stock Price": "34.8424", "Year Open": "24.2100", "Year High": "41.6100", "Year Low": "24.2100", "Year Close": "38.5500", "Annual % Change": "60.63%"}, "2011": {"Average Stock Price": "23.5782", "Year Open": "18.8300", "Year High": "27.5200", "Year Low": "18.6200", "Year Close": "24.0000", "Annual % Change": "29.52%"}, "2010": {"Average Stock Price": "15.5296", "Year Open": "14.6100", "Year High": "19.2700", "Year Low": "12.4300", "Year Close": "18.5300", "Annual % Change": "25.97%"}, "2009": {"Average Stock Price": "11.0640", "Year Open": "9.5100", "Year High": "17.0800", "Year Low": "4.8900", "Year Close": "14.7100", "Annual % Change": "54.35%"}, "2008": {"Average Stock Price": "14.3086", "Year Open": "14.9000", "Year High": "19.2500", "Year Low": "6.6700", "Year Close": "9.5300", "Annual % Change": "-36.80%"}, "2007": {"Average Stock Price": "21.6068", "Year Open": "28.7500", "Year High": "31.7000", "Year Low": "14.9400", "Year Close": "15.0800", "Annual % Change": "0.00%"}}}, "market cap": {"value": "$28.4B"}, "income statement": {"Revenue": {"2020-12-31": "12953.00000", "2019-12-31": "13989.00000", "2018-12-31": "12848.00000", "2017-12-31": "11545.00000", "2016-12-31": "10497.00000", "2015-12-31": "10002.00000", "2014-12-31": "9611.00000", "2013-12-31": "9370.00000", "2012-12-31": "", "2012-11-30": "8984.00000", "2011-11-30": "8550.00000", "2010-11-30": "8241.00000", "2009-11-30": "7985.67500", "2008-11-30": "6957.02100", "2007-11-30": "5961.08400", "2006-12-31": "", "2006-11-30": "5577.85600", "2005-12-31": "", "2005-11-30": "5111.84800"}, "Cost Of Goods Sold": {"2020-12-31": "1865.00000", "2019-12-31": "2530.00000", "2018-12-31": "2139.00000", "2017-12-31": "1648.00000", "2016-12-31": "1398.00000", "2015-12-31": "1263.00000", "2014-12-31": "1134.00000", "2013-12-31": "1146.00000", "2012-12-31": "", "2012-11-30": "1331.00000", "2011-11-30": "1485.00000", "2010-11-30": "1583.00000", "2009-11-30": "1251.28400", "2008-11-30": "1288.00400", "2007-11-30": "1223.27000", "2006-12-31": "", "2006-11-30": "836.28000", "2005-12-31": "", "2005-11-30": "776.47900"}, "Gross Profit": {"2020-12-31": "11088.00000", "2019-12-31": "11459.00000", "2018-12-31": "10709.00000", "2017-12-31": "9897.00000", "2016-12-31": "9099.00000", "2015-12-31": "8739.00000", "2014-12-31": "8477.00000", "2013-12-31": "8224.00000", "2012-12-31": "", "2012-11-30": "7653.00000", "2011-11-30": "7065.00000", "2010-11-30": "6658.00000", "2009-11-30": "6734.39100", "2008-11-30": "5669.01700", "2007-11-30": "4737.81400", "2006-12-31": "", "2006-11-30": "4741.57600", "2005-12-31": "", "2005-11-30": "4335.36900"}, "Research And Development Expenses": {"2020-12-31": "", "2019-12-31": "", "2018-12-31": "", "2017-12-31": "", "2016-12-31": "", "2015-12-31": "", "2014-12-31": "", "2013-12-31": "", "2012-12-31": "", "2012-11-30": "", "2011-11-30": "", "2010-11-30": "", "2009-11-30": "", "2008-11-30": "", "2007-11-30": "", "2006-12-31": "", "2006-11-30": "", "2005-12-31": "", "2005-11-30": ""}, "SG&A Expenses": {"2020-12-31": "9653.00000", "2019-12-31": "7624.00000", "2018-12-31": "7112.00000", "2017-12-31": "6360.00000", "2016-12-31": "5443.00000", "2015-12-31": "5127.00000", "2014-12-31": "4783.00000", "2013-12-31": "4280.00000", "2012-12-31": "", "2012-11-30": "3900.00000", "2011-11-30": "3554.00000", "2010-11-30": "5389.00000", "2009-11-30": "4613.49300", "2008-11-30": "4011.41200", "2007-11-30": "3212.10100", "2006-12-31": "3212.10100", "2006-11-30": "3073.82300", "2005-12-31": "3073.82300", "2005-11-30": "3411.11300"}, "Other Operating Income Or Expenses": {"2020-12-31": "", "2019-12-31": "", "2018-12-31": "", "2017-12-31": "", "2016-12-31": "", "2015-12-31": "", "2014-12-31": "", "2013-12-31": "", "2012-12-31": "", "2012-11-30": "", "2011-11-30": "", "2010-11-30": "", "2009-11-30": "", "2008-11-30": "", "2007-11-30": "", "2006-12-31": "", "2006-11-30": "", "2005-12-31": "", "2005-11-30": ""}, "Operating Expenses": {"2020-12-31": "11518.00000", "2019-12-31": "10154.00000", "2018-12-31": "9251.00000", "2017-12-31": "8008.00000", "2016-12-31": "6841.00000", "2015-12-31": "6390.00000", "2014-12-31": "5917.00000", "2013-12-31": "5426.00000", "2012-12-31": "", "2012-11-30": "5231.00000", "2011-11-30": "5039.00000", "2010-11-30": "6972.00000", "2009-11-30": "5864.77700", "2008-11-30": "5299.41600", "2007-11-30": "4435.37100", "2006-12-31": "3212.10100", "2006-11-30": "3910.10300", "2005-12-31": "3073.82300", "2005-11-30": "4187.59200"}, "Operating Income": {"2020-12-31": "1435.00000", "2019-12-31": "3835.00000", "2018-12-31": "3597.00000", "2017-12-31": "3537.00000", "2016-12-31": "3656.00000", "2015-12-31": "3612.00000", "2014-12-31": "3694.00000", "2013-12-31": "3944.00000", "2012-12-31": "", "2012-11-30": "3753.00000", "2011-11-30": "3511.00000", "2010-11-30": "1269.00000", "2009-11-30": "2120.89800", "2008-11-30": "1657.60500", "2007-11-30": "1525.71300", "2006-12-31": "-3212.10100", "2006-11-30": "1667.75300", "2005-12-31": "-3073.82300", "2005-11-30": "924.25590"}, "Total Non-Operating Income/Expense": {"2020-12-31": "", "2019-12-31": "", "2018-12-31": "", "2017-12-31": "", "2016-12-31": "", "2015-12-31": "", "2014-12-31": "", "2013-12-31": "", "2012-12-31": "", "2012-11-30": "", "2011-11-30": "", "2010-11-30": "", "2009-11-30": "", "2008-11-30": "", "2007-11-30": "", "2006-12-31": "", "2006-11-30": "", "2005-12-31": "", "2005-11-30": ""}, "Pre-Tax Income": {"2020-12-31": "1435.00000", "2019-12-31": "3835.00000", "2018-12-31": "3597.00000", "2017-12-31": "3537.00000", "2016-12-31": "3656.00000", "2015-12-31": "3612.00000", "2014-12-31": "3694.00000", "2013-12-31": "3944.00000", "2012-12-31": "", "2012-11-30": "3753.00000", "2011-11-30": "3511.00000", "2010-11-30": "1269.00000", "2009-11-30": "2120.89800", "2008-11-30": "1657.60500", "2007-11-30": "1525.71300", "2006-12-31": "-3212.10100", "2006-11-30": "1667.75300", "2005-12-31": "-3073.82300", "2005-11-30": "924.25600"}, "Income Taxes": {"2020-12-31": "294.00000", "2019-12-31": "878.00000", "2018-12-31": "855.00000", "2017-12-31": "1438.00000", "2016-12-31": "1263.00000", "2015-12-31": "1315.00000", "2014-12-31": "1371.00000", "2013-12-31": "1474.00000", "2012-12-31": "", "2012-11-30": "1408.00000", "2011-11-30": "1284.00000", "2010-11-30": "504.00000", "2009-11-30": "844.71300", "2008-11-30": "594.69200", "2007-11-30": "561.51400", "2006-12-31": "", "2006-11-30": "535.56300", "2005-12-31": "", "2005-11-30": "346.34100"}, "Income After Taxes": {"2020-12-31": "1141.00000", "2019-12-31": "2957.00000", "2018-12-31": "2742.00000", "2017-12-31": "2099.00000", "2016-12-31": "2393.00000", "2015-12-31": "2297.00000", "2014-12-31": "2323.00000", "2013-12-31": "2470.00000", "2012-12-31": "", "2012-11-30": "2345.00000", "2011-11-30": "2227.00000", "2010-11-30": "765.00000", "2009-11-30": "1276.18500", "2008-11-30": "1062.91300", "2007-11-30": "964.19900", "2006-12-31": "-3212.10100", "2006-11-30": "1132.19000", "2005-12-31": "-3073.82300", "2005-11-30": "577.91500"}, "Other Income": {"2020-12-31": "", "2019-12-31": "", "2018-12-31": "", "2017-12-31": "", "2016-12-31": "", "2015-12-31": "", "2014-12-31": "", "2013-12-31": "", "2012-12-31": "", "2012-11-30": "", "2011-11-30": "", "2010-11-30": "", "2009-11-30": "", "2008-11-30": "", "2007-11-30": "", "2006-12-31": "", "2006-11-30": "", "2005-12-31": "", "2005-11-30": ""}, "Income From Continuous Operations": {"2020-12-31": "1141.00000", "2019-12-31": "2957.00000", "2018-12-31": "2742.00000", "2017-12-31": "2099.00000", "2016-12-31": "2393.00000", "2015-12-31": "2297.00000", "2014-12-31": "2323.00000", "2013-12-31": "2470.00000", "2012-12-31": "", "2012-11-30": "2345.00000", "2011-11-30": "2227.00000", "2010-11-30": "765.00000", "2009-11-30": "1276.18500", "2008-11-30": "1062.91300", "2007-11-30": "964.19900", "2006-12-31": "-3212.10100", "2006-11-30": "1132.19000", "2005-12-31": "577.91500", "2005-11-30": "577.91500"}, "Income From Discontinued Operations": {"2020-12-31": "", "2019-12-31": "", "2018-12-31": "", "2017-12-31": "", "2016-12-31": "", "2015-12-31": "", "2014-12-31": "", "2013-12-31": "", "2012-12-31": "", "2012-11-30": "", "2011-11-30": "", "2010-11-30": "", "2009-11-30": "", "2008-11-30": "-135.16300", "2007-11-30": "-375.56900", "2006-12-31": "", "2006-11-30": "-55.57400", "2005-12-31": "-55.57400", "2005-11-30": ""}, "Net Income": {"2020-12-31": "1104.00000", "2019-12-31": "2908.00000", "2018-12-31": "2689.00000", "2017-12-31": "2031.00000", "2016-12-31": "2339.00000", "2015-12-31": "2246.00000", "2014-12-31": "2270.00000", "2013-12-31": "2414.00000", "2012-12-31": "", "2012-11-30": "2318.00000", "2011-11-30": "2202.00000", "2010-11-30": "668.00000", "2009-11-30": "1276.18500", "2008-11-30": "927.75000", "2007-11-30": "588.63000", "2006-12-31": "588.63000", "2006-11-30": "1076.61600", "2005-12-31": "1076.61600", "2005-11-30": "577.91500"}, "EBITDA": {"2020-12-31": "", "2019-12-31": "", "2018-12-31": "", "2017-12-31": "", "2016-12-31": "", "2015-12-31": "", "2014-12-31": "", "2013-12-31": "", "2012-12-31": "", "2012-11-30": "", "2011-11-30": "", "2010-11-30": "", "2009-11-30": "", "2008-11-30": "", "2007-11-30": "", "2006-12-31": "", "2006-11-30": "", "2005-12-31": "", "2005-11-30": ""}, "EBIT": {"2020-12-31": "", "2019-12-31": "", "2018-12-31": "", "2017-12-31": "", "2016-12-31": "", "2015-12-31": "", "2014-12-31": "", "2013-12-31": "", "2012-12-31": "", "2012-11-30": "", "2011-11-30": "", "2010-11-30": "", "2009-11-30": "", "2008-11-30": "", "2007-11-30": "", "2006-12-31": "", "2006-11-30": "", "2005-12-31": "", "2005-11-30": ""}, "Basic Shares Outstanding": {"2020-12-31": "307.00000", "2019-12-31": "320.00000", "2018-12-31": "344.00000", "2017-12-31": "374.00000", "2016-12-31": "405.00000", "2015-12-31": "437.00000", "2014-12-31": "462.00000", "2013-12-31": "485.49200", "2012-12-31": "", "2012-11-30": "519.00000", "2011-11-30": "542.00000", "2010-11-30": "544.00000", "2009-11-30": "504.55000", "2008-11-30": "479.33500", "2007-11-30": "477.32800", "2006-12-31": "", "2006-11-30": "477.23600", "2005-12-31": "", "2005-11-30": "477.23600"}, "Shares Outstanding": {"2020-12-31": "307.00000", "2019-12-31": "320.00000", "2018-12-31": "345.00000", "2017-12-31": "374.00000", "2016-12-31": "406.00000", "2015-12-31": "438.00000", "2014-12-31": "463.00000", "2013-12-31": "486.86100", "2012-12-31": "", "2012-11-30": "520.00000", "2011-11-30": "543.00000", "2010-11-30": "549.00000", "2009-11-30": "507.90700", "2008-11-30": "479.35700", "2007-11-30": "478.87900", "2006-12-31": "", "2006-11-30": "477.23600", "2005-12-31": "", "2005-11-30": "477.23600"}, "Basic EPS": {"2020-12-31": "3.60000", "2019-12-31": "9.09000", "2018-12-31": "7.81000", "2017-12-31": "5.43000", "2016-12-31": "5.77000", "2015-12-31": "5.14000", "2014-12-31": "4.91000", "2013-12-31": "4.97000", "2012-12-31": "", "2012-11-30": "4.47000", "2011-11-30": "4.06000", "2010-11-30": "1.23000", "2009-11-30": "2.39000", "2008-11-30": "1.90000", "2007-11-30": "1.23000", "2006-12-31": "", "2006-11-30": "2.26000", "2005-12-31": "", "2005-11-30": "1.21000"}, "EPS - Earnings Per Share": {"2020-12-31": "3.60000", "2019-12-31": "9.08000", "2018-12-31": "7.79000", "2017-12-31": "5.42000", "2016-12-31": "5.77000", "2015-12-31": "5.13000", "2014-12-31": "4.90000", "2013-12-31": "4.96000", "2012-12-31": "0.00000", "2012-11-30": "4.46000", "2011-11-30": "4.06000", "2010-11-30": "1.22000", "2009-11-30": "2.38000", "2008-11-30": "1.90000", "2007-11-30": "1.23000", "2006-12-31": "0.00000", "2006-11-30": "2.26000", "2005-12-31": "0.00000", "2005-11-30": "1.21000"}}, "income statement, quarterly": {"Revenue": {"2020-12-31": "3207.00000", "2020-09-30": "3130.00000", "2020-06-30": "3144.00000", "2020-03-31": "3472.00000", "2019-12-31": "3559.00000", "2019-09-30": "3538.00000", "2019-06-30": "3497.00000", "2019-03-31": "3395.00000", "2018-12-31": "3412.00000", "2018-09-30": "3282.00000", "2018-06-30": "3110.00000", "2018-03-31": "3044.00000", "2017-12-31": "3050.00000", "2017-09-30": "2951.00000", "2017-06-30": "2819.00000", "2017-03-31": "2725.00000", "2016-12-31": "2724.00000", "2016-09-30": "2660.00000", "2016-06-30": "2555.00000", "2016-03-31": "2558.00000", "2015-12-31": "2534.00000", "2015-09-30": "2511.00000", "2015-06-30": "2486.00000", "2015-03-31": "2471.00000", "2014-12-31": "2339.00000", "2014-09-30": "2478.00000", "2014-06-30": "2446.00000", "2014-03-31": "2348.00000", "2013-12-31": "2402.00000", "2013-09-30": "2340.00000", "2013-06-30": "2338.00000", "2013-03-31": "2290.00000", "2012-12-31": "", "2012-11-30": "", "2012-09-30": "2326.00000", "2012-08-31": "2289.21900", "2012-06-30": "2198.00000", "2012-05-31": "2188.75800", "2012-03-31": "2152.00000", "2012-02-29": "2196.06200", "2011-11-30": "", "2011-08-31": "2151.05500", "2011-05-31": "2117.12200", "2011-02-28": "2115.58800", "2010-11-30": "", "2010-08-31": "2100.08300", "2010-05-31": "2064.62600", "2010-02-28": "2105.02600", "2009-11-30": "", "2009-08-31": "2149.17700", "2009-05-31": "1939.10400", "2009-02-28": "2005.74900", "2008-11-30": "", "2008-08-31": "1556.81300", "2008-05-31": "1456.95500", "2008-02-29": "1638.34600", "2007-11-30": "", "2007-08-31": "1478.91100", "2007-05-31": "1467.44200", "2007-03-31": "", "2007-02-28": "1402.55500", "2006-11-30": "", "2006-09-30": "", "2006-08-31": "1532.12200", "2006-06-30": "", "2006-05-31": "1539.20800"}, "Cost Of Goods Sold": {"2020-12-31": "383.00000", "2020-09-30": "416.00000", "2020-06-30": "482.00000", "2020-03-31": "584.00000", "2019-12-31": "615.00000", "2019-09-30": "638.00000", "2019-06-30": "645.00000", "2019-03-31": "632.00000", "2018-12-31": "605.00000", "2018-09-30": "558.00000", "2018-06-30": "507.00000", "2018-03-31": "469.00000", "2017-12-31": "436.00000", "2017-09-30": "426.00000", "2017-06-30": "400.00000", "2017-03-31": "386.00000", "2016-12-31": "366.00000", "2016-09-30": "359.00000", "2016-06-30": "339.00000", "2016-03-31": "334.00000", "2015-12-31": "329.00000", "2015-09-30": "323.00000", "2015-06-30": "311.00000", "2015-03-31": "300.00000", "2014-12-31": "302.00000", "2014-09-30": "288.00000", "2014-06-30": "274.00000", "2014-03-31": "270.00000", "2013-12-31": "273.00000", "2013-09-30": "278.00000", "2013-06-30": "297.00000", "2013-03-31": "298.00000", "2012-12-31": "", "2012-11-30": "", "2012-09-30": "321.00000", "2012-08-31": "325.31000", "2012-06-30": "332.00000", "2012-05-31": "340.53900", "2012-03-31": "349.00000", "2012-02-29": "353.26000", "2011-11-30": "", "2011-08-31": "362.05300", "2011-05-31": "379.97900", "2011-02-28": "382.72800", "2010-11-30": "", "2010-08-31": "389.13700", "2010-05-31": "404.62100", "2010-02-28": "413.72400", "2009-11-30": "", "2009-08-31": "304.40100", "2009-05-31": "320.00500", "2009-02-28": "312.72000", "2008-11-30": "", "2008-08-31": "305.64300", "2008-05-31": "313.24800", "2008-02-29": "339.44100", "2007-11-30": "", "2007-08-31": "317.12400", "2007-05-31": "303.42200", "2007-03-31": "", "2007-02-28": "251.80700", "2006-11-30": "", "2006-09-30": "", "2006-08-31": "250.44000", "2006-06-30": "", "2006-05-31": "217.33600"}, "Gross Profit": {"2020-12-31": "2824.00000", "2020-09-30": "2714.00000", "2020-06-30": "2662.00000", "2020-03-31": "2888.00000", "2019-12-31": "2944.00000", "2019-09-30": "2900.00000", "2019-06-30": "2852.00000", "2019-03-31": "2763.00000", "2018-12-31": "2807.00000", "2018-09-30": "2724.00000", "2018-06-30": "2603.00000", "2018-03-31": "2575.00000", "2017-12-31": "2614.00000", "2017-09-30": "2525.00000", "2017-06-30": "2419.00000", "2017-03-31": "2339.00000", "2016-12-31": "2358.00000", "2016-09-30": "2301.00000", "2016-06-30": "2216.00000", "2016-03-31": "2224.00000", "2015-12-31": "2205.00000", "2015-09-30": "2188.00000", "2015-06-30": "2175.00000", "2015-03-31": "2171.00000", "2014-12-31": "2037.00000", "2014-09-30": "2190.00000", "2014-06-30": "2172.00000", "2014-03-31": "2078.00000", "2013-12-31": "2129.00000", "2013-09-30": "2062.00000", "2013-06-30": "2041.00000", "2013-03-31": "1992.00000", "2012-12-31": "", "2012-11-30": "", "2012-09-30": "2005.00000", "2012-08-31": "1963.90900", "2012-06-30": "1866.00000", "2012-05-31": "1848.21900", "2012-03-31": "1803.00000", "2012-02-29": "1842.80200", "2011-11-30": "", "2011-08-31": "1789.00200", "2011-05-31": "1737.14300", "2011-02-28": "1732.86000", "2010-11-30": "", "2010-08-31": "1710.94600", "2010-05-31": "1660.00500", "2010-02-28": "1691.30200", "2009-11-30": "", "2009-08-31": "1844.77600", "2009-05-31": "1619.09900", "2009-02-28": "1693.02900", "2008-11-30": "", "2008-08-31": "1251.17000", "2008-05-31": "1143.70700", "2008-02-29": "1298.90500", "2007-11-30": "", "2007-08-31": "1161.78700", "2007-05-31": "1164.02000", "2007-03-31": "", "2007-02-28": "1150.74800", "2006-11-30": "", "2006-09-30": "", "2006-08-31": "1281.68200", "2006-06-30": "", "2006-05-31": "1321.87200"}, "Research And Development Expenses": {"2020-12-31": "", "2020-09-30": "", "2020-06-30": "", "2020-03-31": "", "2019-12-31": "", "2019-09-30": "", "2019-06-30": "", "2019-03-31": "", "2018-12-31": "", "2018-09-30": "", "2018-06-30": "", "2018-03-31": "", "2017-12-31": "", "2017-09-30": "", "2017-06-30": "", "2017-03-31": "", "2016-12-31": "", "2016-09-30": "", "2016-06-30": "", "2016-03-31": "", "2015-12-31": "", "2015-09-30": "", "2015-06-30": "", "2015-03-31": "", "2014-12-31": "", "2014-09-30": "", "2014-06-30": "", "2014-03-31": "", "2013-12-31": "", "2013-09-30": "", "2013-06-30": "", "2013-03-31": "", "2012-12-31": "", "2012-11-30": "", "2012-09-30": "", "2012-08-31": "", "2012-06-30": "", "2012-05-31": "", "2012-03-31": "", "2012-02-29": "", "2011-11-30": "", "2011-08-31": "", "2011-05-31": "", "2011-02-28": "", "2010-11-30": "", "2010-08-31": "", "2010-05-31": "", "2010-02-28": "", "2009-11-30": "", "2009-08-31": "", "2009-05-31": "", "2009-02-28": "", "2008-11-30": "", "2008-08-31": "", "2008-05-31": "", "2008-02-29": "", "2007-11-30": "", "2007-08-31": "", "2007-05-31": "", "2007-03-31": "", "2007-02-28": "", "2006-11-30": "", "2006-09-30": "", "2006-08-31": "", "2006-06-30": "", "2006-05-31": ""}, "SG&A Expenses": {"2020-12-31": "1809.00000", "2020-09-30": "1755.00000", "2020-06-30": "3123.00000", "2020-03-31": "2966.00000", "2019-12-31": "2020.00000", "2019-09-30": "1906.00000", "2019-06-30": "1865.00000", "2019-03-31": "1833.00000", "2018-12-31": "1910.00000", "2018-09-30": "1757.00000", "2018-06-30": "1726.00000", "2018-03-31": "1719.00000", "2017-12-31": "1715.00000", "2017-09-30": "1622.00000", "2017-06-30": "1552.00000", "2017-03-31": "1471.00000", "2016-12-31": "1475.00000", "2016-09-30": "1340.00000", "2016-06-30": "1318.00000", "2016-03-31": "1310.00000", "2015-12-31": "1417.00000", "2015-09-30": "1214.00000", "2015-06-30": "1233.00000", "2015-03-31": "1263.00000", "2014-12-31": "1389.00000", "2014-09-30": "1181.00000", "2014-06-30": "1157.00000", "2014-03-31": "1056.00000", "2013-12-31": "1192.00000", "2013-09-30": "1116.00000", "2013-06-30": "1060.00000", "2013-03-31": "912.00000", "2012-12-31": "", "2012-11-30": "", "2012-09-30": "977.00000", "2012-08-31": "952.19500", "2012-06-30": "1020.00000", "2012-05-31": "981.05200", "2012-03-31": "756.00000", "2012-02-29": "828.55600", "2011-11-30": "", "2011-08-31": "741.92100", "2011-05-31": "810.68400", "2011-02-28": "1012.85700", "2010-11-30": "", "2010-08-31": "1278.80300", "2010-05-31": "1237.81200", "2010-02-28": "1862.01000", "2009-11-30": "", "2009-08-31": "904.83700", "2009-05-31": "1204.48900", "2009-02-28": "1496.93600", "2008-11-30": "", "2008-08-31": "977.38500", "2008-05-31": "817.79390", "2008-02-29": "907.97490", "2007-11-30": "", "2007-08-31": "771.71100", "2007-05-31": "768.43400", "2007-03-31": "", "2007-02-28": "739.03900", "2006-11-30": "", "2006-09-30": "", "2006-08-31": "914.15100", "2006-06-30": "", "2006-05-31": "777.53600"}, "Other Operating Income Or Expenses": {"2020-12-31": "", "2020-09-30": "", "2020-06-30": "", "2020-03-31": "", "2019-12-31": "", "2019-09-30": "", "2019-06-30": "", "2019-03-31": "", "2018-12-31": "", "2018-09-30": "", "2018-06-30": "", "2018-03-31": "", "2017-12-31": "", "2017-09-30": "", "2017-06-30": "", "2017-03-31": "", "2016-12-31": "", "2016-09-30": "", "2016-06-30": "", "2016-03-31": "", "2015-12-31": "", "2015-09-30": "", "2015-06-30": "", "2015-03-31": "", "2014-12-31": "", "2014-09-30": "", "2014-06-30": "", "2014-03-31": "", "2013-12-31": "", "2013-09-30": "", "2013-06-30": "", "2013-03-31": "", "2012-12-31": "", "2012-11-30": "", "2012-09-30": "", "2012-08-31": "", "2012-06-30": "", "2012-05-31": "", "2012-03-31": "", "2012-02-29": "", "2011-11-30": "", "2011-08-31": "", "2011-05-31": "", "2011-02-28": "", "2010-11-30": "", "2010-08-31": "", "2010-05-31": "", "2010-02-28": "", "2009-11-30": "", "2009-08-31": "", "2009-05-31": "", "2009-02-28": "", "2008-11-30": "", "2008-08-31": "", "2008-05-31": "", "2008-02-29": "", "2007-11-30": "", "2007-08-31": "", "2007-05-31": "", "2007-03-31": "", "2007-02-28": "", "2006-11-30": "", "2006-09-30": "", "2006-08-31": "", "2006-06-30": "", "2006-05-31": ""}, "Operating Expenses": {"2020-12-31": "2192.00000", "2020-09-30": "2171.00000", "2020-06-30": "3605.00000", "2020-03-31": "3550.00000", "2019-12-31": "2635.00000", "2019-09-30": "2544.00000", "2019-06-30": "2510.00000", "2019-03-31": "2465.00000", "2018-12-31": "2515.00000", "2018-09-30": "2315.00000", "2018-06-30": "2233.00000", "2018-03-31": "2188.00000", "2017-12-31": "2151.00000", "2017-09-30": "2048.00000", "2017-06-30": "1952.00000", "2017-03-31": "1857.00000", "2016-12-31": "1841.00000", "2016-09-30": "1699.00000", "2016-06-30": "1657.00000", "2016-03-31": "1644.00000", "2015-12-31": "1746.00000", "2015-09-30": "1537.00000", "2015-06-30": "1544.00000", "2015-03-31": "1563.00000", "2014-12-31": "1691.00000", "2014-09-30": "1469.00000", "2014-06-30": "1431.00000", "2014-03-31": "1326.00000", "2013-12-31": "1465.00000", "2013-09-30": "1394.00000", "2013-06-30": "1357.00000", "2013-03-31": "1210.00000", "2012-12-31": "", "2012-11-30": "", "2012-09-30": "1298.00000", "2012-08-31": "1277.50500", "2012-06-30": "1352.00000", "2012-05-31": "1321.59100", "2012-03-31": "1105.00000", "2012-02-29": "1181.81600", "2011-11-30": "", "2011-08-31": "1103.97400", "2011-05-31": "1190.66300", "2011-02-28": "1395.58500", "2010-11-30": "", "2010-08-31": "1667.94000", "2010-05-31": "1642.43300", "2010-02-28": "2275.73400", "2009-11-30": "", "2009-08-31": "1209.23800", "2009-05-31": "1524.49400", "2009-02-28": "1809.65600", "2008-11-30": "", "2008-08-31": "1283.02800", "2008-05-31": "1131.04200", "2008-02-29": "1247.41600", "2007-11-30": "", "2007-08-31": "1088.83500", "2007-05-31": "1071.85600", "2007-03-31": "", "2007-02-28": "990.84600", "2006-11-30": "", "2006-09-30": "", "2006-08-31": "1164.59100", "2006-06-30": "", "2006-05-31": "994.87200"}, "Operating Income": {"2020-12-31": "1015.00000", "2020-09-30": "959.00000", "2020-06-30": "-461.00000", "2020-03-31": "-78.00000", "2019-12-31": "924.00000", "2019-09-30": "994.00000", "2019-06-30": "987.00000", "2019-03-31": "930.00000", "2018-12-31": "897.00000", "2018-09-30": "967.00000", "2018-06-30": "877.00000", "2018-03-31": "856.00000", "2017-12-31": "899.00000", "2017-09-30": "903.00000", "2017-06-30": "867.00000", "2017-03-31": "868.00000", "2016-12-31": "883.00000", "2016-09-30": "961.00000", "2016-06-30": "898.00000", "2016-03-31": "914.00000", "2015-12-31": "788.00000", "2015-09-30": "974.00000", "2015-06-30": "942.00000", "2015-03-31": "908.00000", "2014-12-31": "648.00000", "2014-09-30": "1009.00000", "2014-06-30": "1015.00000", "2014-03-31": "1022.00000", "2013-12-31": "937.00000", "2013-09-30": "946.00000", "2013-06-30": "981.00000", "2013-03-31": "1080.00000", "2012-12-31": "", "2012-11-30": "", "2012-09-30": "1028.00000", "2012-08-31": "1011.71400", "2012-06-30": "846.00000", "2012-05-31": "867.16700", "2012-03-31": "1047.00000", "2012-02-29": "1014.24600", "2011-11-30": "", "2011-08-31": "1047.08100", "2011-05-31": "926.45910", "2011-02-28": "720.00290", "2010-11-30": "", "2010-08-31": "432.14310", "2010-05-31": "422.19300", "2010-02-28": "-170.70800", "2009-11-30": "", "2009-08-31": "939.93900", "2009-05-31": "414.61000", "2009-02-28": "196.09300", "2008-11-30": "", "2008-08-31": "273.78490", "2008-05-31": "325.91310", "2008-02-29": "390.93010", "2007-11-30": "", "2007-08-31": "390.07600", "2007-05-31": "395.58610", "2007-03-31": "", "2007-02-28": "411.70890", "2006-11-30": "", "2006-09-30": "", "2006-08-31": "367.53100", "2006-06-30": "", "2006-05-31": "544.33600"}, "Total Non-Operating Income/Expense": {"2020-12-31": "", "2020-09-30": "", "2020-06-30": "", "2020-03-31": "", "2019-12-31": "", "2019-09-30": "", "2019-06-30": "", "2019-03-31": "", "2018-12-31": "", "2018-09-30": "", "2018-06-30": "", "2018-03-31": "", "2017-12-31": "", "2017-09-30": "", "2017-06-30": "", "2017-03-31": "", "2016-12-31": "", "2016-09-30": "", "2016-06-30": "", "2016-03-31": "", "2015-12-31": "", "2015-09-30": "", "2015-06-30": "", "2015-03-31": "", "2014-12-31": "", "2014-09-30": "", "2014-06-30": "", "2014-03-31": "", "2013-12-31": "", "2013-09-30": "", "2013-06-30": "", "2013-03-31": "", "2012-12-31": "", "2012-11-30": "", "2012-09-30": "", "2012-08-31": "", "2012-06-30": "", "2012-05-31": "", "2012-03-31": "", "2012-02-29": "", "2011-11-30": "", "2011-08-31": "", "2011-05-31": "", "2011-02-28": "", "2010-11-30": "", "2010-08-31": "", "2010-05-31": "", "2010-02-28": "", "2009-11-30": "", "2009-08-31": "", "2009-05-31": "", "2009-02-28": "", "2008-11-30": "", "2008-08-31": "", "2008-05-31": "", "2008-02-29": "", "2007-11-30": "", "2007-08-31": "", "2007-05-31": "", "2007-03-31": "", "2007-02-28": "", "2006-11-30": "", "2006-09-30": "", "2006-08-31": "", "2006-06-30": "", "2006-05-31": ""}, "Pre-Tax Income": {"2020-12-31": "1015.00000", "2020-09-30": "959.00000", "2020-06-30": "-461.00000", "2020-03-31": "-78.00000", "2019-12-31": "924.00000", "2019-09-30": "994.00000", "2019-06-30": "987.00000", "2019-03-31": "930.00000", "2018-12-31": "897.00000", "2018-09-30": "967.00000", "2018-06-30": "877.00000", "2018-03-31": "856.00000", "2017-12-31": "899.00000", "2017-09-30": "903.00000", "2017-06-30": "867.00000", "2017-03-31": "868.00000", "2016-12-31": "883.00000", "2016-09-30": "961.00000", "2016-06-30": "898.00000", "2016-03-31": "914.00000", "2015-12-31": "788.00000", "2015-09-30": "974.00000", "2015-06-30": "942.00000", "2015-03-31": "908.00000", "2014-12-31": "648.00000", "2014-09-30": "1009.00000", "2014-06-30": "1015.00000", "2014-03-31": "1022.00000", "2013-12-31": "937.00000", "2013-09-30": "946.00000", "2013-06-30": "981.00000", "2013-03-31": "1080.00000", "2012-12-31": "", "2012-11-30": "", "2012-09-30": "1028.00000", "2012-08-31": "1011.71400", "2012-06-30": "846.00000", "2012-05-31": "867.16700", "2012-03-31": "1047.00000", "2012-02-29": "1014.24600", "2011-11-30": "", "2011-08-31": "1047.08100", "2011-05-31": "926.45900", "2011-02-28": "720.00300", "2010-11-30": "", "2010-08-31": "432.14300", "2010-05-31": "422.19300", "2010-02-28": "-170.70800", "2009-11-30": "", "2009-08-31": "939.93900", "2009-05-31": "414.61000", "2009-02-28": "196.09300", "2008-11-30": "", "2008-08-31": "273.78500", "2008-05-31": "325.91300", "2008-02-29": "390.93000", "2007-11-30": "", "2007-08-31": "390.07600", "2007-05-31": "395.58600", "2007-03-31": "", "2007-02-28": "411.70900", "2006-11-30": "", "2006-09-30": "", "2006-08-31": "367.53100", "2006-06-30": "", "2006-05-31": "544.33600"}, "Income Taxes": {"2020-12-31": "216.00000", "2020-09-30": "188.00000", "2020-06-30": "-93.00000", "2020-03-31": "-17.00000", "2019-12-31": "216.00000", "2019-09-30": "224.00000", "2019-06-30": "234.00000", "2019-03-31": "204.00000", "2018-12-31": "210.00000", "2018-09-30": "247.00000", "2018-06-30": "208.00000", "2018-03-31": "190.00000", "2017-12-31": "512.00000", "2017-09-30": "301.00000", "2017-06-30": "321.00000", "2017-03-31": "304.00000", "2016-12-31": "320.00000", "2016-09-30": "322.00000", "2016-06-30": "282.00000", "2016-03-31": "339.00000", "2015-12-31": "288.00000", "2015-09-30": "362.00000", "2015-06-30": "343.00000", "2015-03-31": "322.00000", "2014-12-31": "244.00000", "2014-09-30": "365.00000", "2014-06-30": "371.00000", "2014-03-31": "391.00000", "2013-12-31": "335.00000", "2013-09-30": "353.00000", "2013-06-30": "379.00000", "2013-03-31": "407.00000", "2012-12-31": "", "2012-11-30": "", "2012-09-30": "391.00000", "2012-08-31": "385.02800", "2012-06-30": "321.00000", "2012-05-31": "330.57600", "2012-03-31": "397.00000", "2012-02-29": "383.24000", "2011-11-30": "", "2011-08-31": "398.26300", "2011-05-31": "326.04000", "2011-02-28": "255.11100", "2010-11-30": "", "2010-08-31": "171.52600", "2010-05-31": "164.12600", "2010-02-28": "-67.17000", "2009-11-30": "", "2009-08-31": "362.48500", "2009-05-31": "188.81000", "2009-02-28": "75.69900", "2008-11-30": "", "2008-08-31": "94.88500", "2008-05-31": "124.37000", "2008-02-29": "152.10100", "2007-11-30": "", "2007-08-31": "145.92500", "2007-05-31": "145.33000", "2007-03-31": "", "2007-02-28": "151.89100", "2006-11-30": "", "2006-09-30": "", "2006-08-31": "126.13800", "2006-06-30": "", "2006-05-31": "201.05800"}, "Income After Taxes": {"2020-12-31": "799.00000", "2020-09-30": "771.00000", "2020-06-30": "-368.00000", "2020-03-31": "-61.00000", "2019-12-31": "708.00000", "2019-09-30": "770.00000", "2019-06-30": "753.00000", "2019-03-31": "726.00000", "2018-12-31": "687.00000", "2018-09-30": "720.00000", "2018-06-30": "669.00000", "2018-03-31": "666.00000", "2017-12-31": "387.00000", "2017-09-30": "602.00000", "2017-06-30": "546.00000", "2017-03-31": "564.00000", "2016-12-31": "563.00000", "2016-09-30": "639.00000", "2016-06-30": "616.00000", "2016-03-31": "575.00000", "2015-12-31": "500.00000", "2015-09-30": "612.00000", "2015-06-30": "599.00000", "2015-03-31": "586.00000", "2014-12-31": "404.00000", "2014-09-30": "644.00000", "2014-06-30": "644.00000", "2014-03-31": "631.00000", "2013-12-31": "602.00000", "2013-09-30": "593.00000", "2013-06-30": "602.00000", "2013-03-31": "673.00000", "2012-12-31": "", "2012-11-30": "", "2012-09-30": "637.00000", "2012-08-31": "626.68600", "2012-06-30": "525.00000", "2012-05-31": "536.59100", "2012-03-31": "650.00000", "2012-02-29": "631.00600", "2011-11-30": "", "2011-08-31": "648.81810", "2011-05-31": "600.41890", "2011-02-28": "464.89200", "2010-11-30": "", "2010-08-31": "260.61700", "2010-05-31": "258.06700", "2010-02-28": "-103.53800", "2009-11-30": "", "2009-08-31": "577.45400", "2009-05-31": "225.80000", "2009-02-28": "120.39400", "2008-11-30": "", "2008-08-31": "178.90000", "2008-05-31": "201.54300", "2008-02-29": "238.82900", "2007-11-30": "", "2007-08-31": "244.15100", "2007-05-31": "250.25600", "2007-03-31": "", "2007-02-28": "259.81800", "2006-11-30": "", "2006-09-30": "", "2006-08-31": "241.39300", "2006-06-30": "", "2006-05-31": "343.27800"}, "Other Income": {"2020-12-31": "", "2020-09-30": "", "2020-06-30": "", "2020-03-31": "", "2019-12-31": "", "2019-09-30": "", "2019-06-30": "", "2019-03-31": "", "2018-12-31": "", "2018-09-30": "", "2018-06-30": "", "2018-03-31": "", "2017-12-31": "", "2017-09-30": "", "2017-06-30": "", "2017-03-31": "", "2016-12-31": "", "2016-09-30": "", "2016-06-30": "", "2016-03-31": "", "2015-12-31": "", "2015-09-30": "", "2015-06-30": "", "2015-03-31": "", "2014-12-31": "", "2014-09-30": "", "2014-06-30": "", "2014-03-31": "", "2013-12-31": "", "2013-09-30": "", "2013-06-30": "", "2013-03-31": "", "2012-12-31": "", "2012-11-30": "", "2012-09-30": "", "2012-08-31": "", "2012-06-30": "", "2012-05-31": "", "2012-03-31": "", "2012-02-29": "", "2011-11-30": "", "2011-08-31": "", "2011-05-31": "", "2011-02-28": "", "2010-11-30": "", "2010-08-31": "", "2010-05-31": "", "2010-02-28": "", "2009-11-30": "", "2009-08-31": "", "2009-05-31": "", "2009-02-28": "", "2008-11-30": "", "2008-08-31": "", "2008-05-31": "", "2008-02-29": "", "2007-11-30": "", "2007-08-31": "", "2007-05-31": "", "2007-03-31": "", "2007-02-28": "", "2006-11-30": "", "2006-09-30": "", "2006-08-31": "", "2006-06-30": "", "2006-05-31": ""}, "Income From Continuous Operations": {"2020-12-31": "799.00000", "2020-09-30": "771.00000", "2020-06-30": "-368.00000", "2020-03-31": "-61.00000", "2019-12-31": "708.00000", "2019-09-30": "770.00000", "2019-06-30": "753.00000", "2019-03-31": "726.00000", "2018-12-31": "687.00000", "2018-09-30": "720.00000", "2018-06-30": "669.00000", "2018-03-31": "666.00000", "2017-12-31": "387.00000", "2017-09-30": "602.00000", "2017-06-30": "546.00000", "2017-03-31": "564.00000", "2016-12-31": "563.00000", "2016-09-30": "639.00000", "2016-06-30": "616.00000", "2016-03-31": "575.00000", "2015-12-31": "500.00000", "2015-09-30": "612.00000", "2015-06-30": "599.00000", "2015-03-31": "586.00000", "2014-12-31": "404.00000", "2014-09-30": "644.00000", "2014-06-30": "644.00000", "2014-03-31": "631.00000", "2013-12-31": "602.00000", "2013-09-30": "593.00000", "2013-06-30": "602.00000", "2013-03-31": "673.00000", "2012-12-31": "", "2012-11-30": "", "2012-09-30": "637.00000", "2012-08-31": "626.68600", "2012-06-30": "525.00000", "2012-05-31": "536.59100", "2012-03-31": "650.00000", "2012-02-29": "631.00600", "2011-11-30": "", "2011-08-31": "648.81810", "2011-05-31": "600.41890", "2011-02-28": "464.89200", "2010-11-30": "", "2010-08-31": "260.61700", "2010-05-31": "258.06700", "2010-02-28": "-103.53800", "2009-11-30": "", "2009-08-31": "577.45400", "2009-05-31": "225.80000", "2009-02-28": "120.39400", "2008-11-30": "", "2008-08-31": "178.90000", "2008-05-31": "201.54300", "2008-02-29": "238.82900", "2007-11-30": "", "2007-08-31": "244.15100", "2007-05-31": "250.25600", "2007-03-31": "", "2007-02-28": "259.81800", "2006-11-30": "", "2006-09-30": "241.39300", "2006-08-31": "241.39300", "2006-06-30": "343.27800", "2006-05-31": "343.27800"}, "Income From Discontinued Operations": {"2020-12-31": "", "2020-09-30": "", "2020-06-30": "", "2020-03-31": "", "2019-12-31": "", "2019-09-30": "", "2019-06-30": "", "2019-03-31": "", "2018-12-31": "", "2018-09-30": "", "2018-06-30": "", "2018-03-31": "", "2017-12-31": "", "2017-09-30": "", "2017-06-30": "", "2017-03-31": "", "2016-12-31": "", "2016-09-30": "", "2016-06-30": "", "2016-03-31": "", "2015-12-31": "", "2015-09-30": "", "2015-06-30": "", "2015-03-31": "", "2014-12-31": "", "2014-09-30": "", "2014-06-30": "", "2014-03-31": "", "2013-12-31": "", "2013-09-30": "", "2013-06-30": "", "2013-03-31": "", "2012-12-31": "", "2012-11-30": "", "2012-09-30": "", "2012-08-31": "", "2012-06-30": "", "2012-05-31": "", "2012-03-31": "", "2012-02-29": "", "2011-11-30": "", "2011-08-31": "", "2011-05-31": "", "2011-02-28": "", "2010-11-30": "", "2010-08-31": "", "2010-05-31": "", "2010-02-28": "", "2009-11-30": "", "2009-08-31": "", "2009-05-31": "", "2009-02-28": "", "2008-11-30": "", "2008-08-31": "1.15300", "2008-05-31": "32.60500", "2008-02-29": "-157.61500", "2007-11-30": "", "2007-08-31": "-41.91100", "2007-05-31": "-41.01400", "2007-03-31": "", "2007-02-28": "-26.18600", "2006-11-30": "", "2006-09-30": "0.00000", "2006-08-31": "", "2006-06-30": "0.00000", "2006-05-31": ""}, "Net Income": {"2020-12-31": "794.00000", "2020-09-30": "751.00000", "2020-06-30": "-369.00000", "2020-03-31": "-78.00000", "2019-12-31": "707.00000", "2019-09-30": "749.00000", "2019-06-30": "747.00000", "2019-03-31": "705.00000", "2018-12-31": "681.00000", "2018-09-30": "699.00000", "2018-06-30": "663.00000", "2018-03-31": "646.00000", "2017-12-31": "359.00000", "2017-09-30": "589.00000", "2017-06-30": "532.00000", "2017-03-31": "551.00000", "2016-12-31": "550.00000", "2016-09-30": "625.00000", "2016-06-30": "602.00000", "2016-03-31": "562.00000", "2015-12-31": "488.00000", "2015-09-30": "599.00000", "2015-06-30": "586.00000", "2015-03-31": "573.00000", "2014-12-31": "392.00000", "2014-09-30": "630.00000", "2014-06-30": "630.00000", "2014-03-31": "618.00000", "2013-12-31": "588.00000", "2013-09-30": "579.00000", "2013-06-30": "588.00000", "2013-03-31": "659.00000", "2012-12-31": "", "2012-11-30": "", "2012-09-30": "631.00000", "2012-08-31": "620.77000", "2012-06-30": "520.00000", "2012-05-31": "531.54500", "2012-03-31": "644.00000", "2012-02-29": "624.42400", "2011-11-30": "", "2011-08-31": "641.77200", "2011-05-31": "593.48800", "2011-02-28": "459.42800", "2010-11-30": "", "2010-08-31": "260.61700", "2010-05-31": "258.06700", "2010-02-28": "-103.53800", "2009-11-30": "", "2009-08-31": "577.45400", "2009-05-31": "225.80000", "2009-02-28": "120.39400", "2008-11-30": "", "2008-08-31": "180.05300", "2008-05-31": "234.14800", "2008-02-29": "81.21400", "2007-11-30": "", "2007-08-31": "202.24000", "2007-05-31": "209.24200", "2007-03-31": "233.63200", "2007-02-28": "233.63200", "2006-11-30": "", "2006-09-30": "241.39300", "2006-08-31": "241.39300", "2006-06-30": "343.27800", "2006-05-31": "343.27800"}, "EBITDA": {"2020-12-31": "", "2020-09-30": "", "2020-06-30": "", "2020-03-31": "", "2019-12-31": "", "2019-09-30": "", "2019-06-30": "", "2019-03-31": "", "2018-12-31": "", "2018-09-30": "", "2018-06-30": "", "2018-03-31": "", "2017-12-31": "", "2017-09-30": "", "2017-06-30": "", "2017-03-31": "", "2016-12-31": "", "2016-09-30": "", "2016-06-30": "", "2016-03-31": "", "2015-12-31": "", "2015-09-30": "", "2015-06-30": "", "2015-03-31": "", "2014-12-31": "", "2014-09-30": "", "2014-06-30": "", "2014-03-31": "", "2013-12-31": "", "2013-09-30": "", "2013-06-30": "", "2013-03-31": "", "2012-12-31": "", "2012-11-30": "", "2012-09-30": "", "2012-08-31": "", "2012-06-30": "", "2012-05-31": "", "2012-03-31": "", "2012-02-29": "", "2011-11-30": "", "2011-08-31": "", "2011-05-31": "", "2011-02-28": "", "2010-11-30": "", "2010-08-31": "", "2010-05-31": "", "2010-02-28": "", "2009-11-30": "", "2009-08-31": "", "2009-05-31": "", "2009-02-28": "", "2008-11-30": "", "2008-08-31": "", "2008-05-31": "", "2008-02-29": "", "2007-11-30": "", "2007-08-31": "", "2007-05-31": "", "2007-03-31": "", "2007-02-28": "", "2006-11-30": "", "2006-09-30": "", "2006-08-31": "", "2006-06-30": "", "2006-05-31": ""}, "EBIT": {"2020-12-31": "", "2020-09-30": "", "2020-06-30": "", "2020-03-31": "", "2019-12-31": "", "2019-09-30": "", "2019-06-30": "", "2019-03-31": "", "2018-12-31": "", "2018-09-30": "", "2018-06-30": "", "2018-03-31": "", "2017-12-31": "", "2017-09-30": "", "2017-06-30": "", "2017-03-31": "", "2016-12-31": "", "2016-09-30": "", "2016-06-30": "", "2016-03-31": "", "2015-12-31": "", "2015-09-30": "", "2015-06-30": "", "2015-03-31": "", "2014-12-31": "", "2014-09-30": "", "2014-06-30": "", "2014-03-31": "", "2013-12-31": "", "2013-09-30": "", "2013-06-30": "", "2013-03-31": "", "2012-12-31": "", "2012-11-30": "", "2012-09-30": "", "2012-08-31": "", "2012-06-30": "", "2012-05-31": "", "2012-03-31": "", "2012-02-29": "", "2011-11-30": "", "2011-08-31": "", "2011-05-31": "", "2011-02-28": "", "2010-11-30": "", "2010-08-31": "", "2010-05-31": "", "2010-02-28": "", "2009-11-30": "", "2009-08-31": "", "2009-05-31": "", "2009-02-28": "", "2008-11-30": "", "2008-08-31": "", "2008-05-31": "", "2008-02-29": "", "2007-11-30": "", "2007-08-31": "", "2007-05-31": "", "2007-03-31": "", "2007-02-28": "", "2006-11-30": "", "2006-09-30": "", "2006-08-31": "", "2006-06-30": "", "2006-05-31": ""}, "Basic Shares Outstanding": {"2020-12-31": "307.00000", "2020-09-30": "306.00000", "2020-06-30": "306.00000", "2020-03-31": "308.00000", "2019-12-31": "320.00000", "2019-09-30": "317.00000", "2019-06-30": "322.00000", "2019-03-31": "328.00000", "2018-12-31": "344.00000", "2018-09-30": "341.00000", "2018-06-30": "348.00000", "2018-03-31": "355.00000", "2017-12-31": "374.00000", "2017-09-30": "371.00000", "2017-06-30": "379.00000", "2017-03-31": "386.00000", "2016-12-31": "405.00000", "2016-09-30": "402.00000", "2016-06-30": "410.00000", "2016-03-31": "417.00000", "2015-12-31": "437.00000", "2015-09-30": "433.00000", "2015-06-30": "441.00000", "2015-03-31": "448.00000", "2014-12-31": "462.00000", "2014-09-30": "460.00000", "2014-06-30": "466.00000", "2014-03-31": "471.00000", "2013-12-31": "485.49200", "2013-09-30": "482.00000", "2013-06-30": "489.00000", "2013-03-31": "496.00000", "2012-12-31": "", "2012-11-30": "", "2012-09-30": "510.00000", "2012-08-31": "512.79300", "2012-06-30": "523.00000", "2012-05-31": "528.09400", "2012-03-31": "530.00000", "2012-02-29": "529.56500", "2011-11-30": "", "2011-08-31": "544.43800", "2011-05-31": "545.50400", "2011-02-28": "545.05200", "2010-11-30": "", "2010-08-31": "544.31400", "2010-05-31": "543.87500", "2010-02-28": "543.42200", "2009-11-30": "", "2009-08-31": "513.09800", "2009-05-31": "481.63600", "2009-02-28": "480.49700", "2008-11-30": "", "2008-08-31": "479.61800", "2008-05-31": "479.27000", "2008-02-29": "478.51800", "2007-11-30": "", "2007-08-31": "477.27200", "2007-05-31": "477.23600", "2007-03-31": "", "2007-02-28": "477.23600", "2006-11-30": "", "2006-09-30": "", "2006-08-31": "477.23600", "2006-06-30": "", "2006-05-31": "477.23600"}, "Shares Outstanding": {"2020-12-31": "307.00000", "2020-09-30": "306.00000", "2020-06-30": "306.00000", "2020-03-31": "308.00000", "2019-12-31": "320.00000", "2019-09-30": "317.00000", "2019-06-30": "323.00000", "2019-03-31": "328.00000", "2018-12-31": "345.00000", "2018-09-30": "342.00000", "2018-06-30": "348.00000", "2018-03-31": "355.00000", "2017-12-31": "374.00000", "2017-09-30": "371.00000", "2017-06-30": "379.00000", "2017-03-31": "386.00000", "2016-12-31": "406.00000", "2016-09-30": "402.00000", "2016-06-30": "411.00000", "2016-03-31": "417.00000", "2015-12-31": "438.00000", "2015-09-30": "434.00000", "2015-06-30": "442.00000", "2015-03-31": "448.00000", "2014-12-31": "463.00000", "2014-09-30": "461.00000", "2014-06-30": "467.00000", "2014-03-31": "472.00000", "2013-12-31": "486.86100", "2013-09-30": "484.00000", "2013-06-30": "490.00000", "2013-03-31": "497.00000", "2012-12-31": "", "2012-11-30": "", "2012-09-30": "511.00000", "2012-08-31": "513.96200", "2012-06-30": "524.00000", "2012-05-31": "529.26900", "2012-03-31": "531.00000", "2012-02-29": "530.65700", "2011-11-30": "", "2011-08-31": "545.18100", "2011-05-31": "546.16000", "2011-02-28": "545.54100", "2010-11-30": "", "2010-08-31": "547.08200", "2010-05-31": "552.06000", "2010-02-28": "543.42200", "2009-11-30": "", "2009-08-31": "517.05000", "2009-05-31": "481.63600", "2009-02-28": "480.49700", "2008-11-30": "", "2008-08-31": "484.12800", "2008-05-31": "483.75300", "2008-02-29": "481.74400", "2007-11-30": "", "2007-08-31": "480.07100", "2007-05-31": "477.23600", "2007-03-31": "", "2007-02-28": "477.23600", "2006-11-30": "", "2006-09-30": "", "2006-08-31": "477.23600", "2006-06-30": "", "2006-05-31": "477.23600"}, "Basic EPS": {"2020-12-31": "2.59000", "2020-09-30": "2.45000", "2020-06-30": "-1.20000", "2020-03-31": "-0.25000", "2019-12-31": "2.26000", "2019-09-30": "2.36000", "2019-06-30": "2.32000", "2019-03-31": "2.15000", "2018-12-31": "2.03000", "2018-09-30": "2.05000", "2018-06-30": "1.91000", "2018-03-31": "1.82000", "2017-12-31": "1.00000", "2017-09-30": "1.59000", "2017-06-30": "1.41000", "2017-03-31": "1.43000", "2016-12-31": "1.39000", "2016-09-30": "1.56000", "2016-06-30": "1.47000", "2016-03-31": "1.35000", "2015-12-31": "1.15000", "2015-09-30": "1.38000", "2015-06-30": "1.33000", "2015-03-31": "1.28000", "2014-12-31": "0.88000", "2014-09-30": "1.37000", "2014-06-30": "1.35000", "2014-03-31": "1.31000", "2013-12-31": "1.24000", "2013-09-30": "1.20000", "2013-06-30": "1.20000", "2013-03-31": "1.33000", "2012-12-31": "", "2012-11-30": "", "2012-09-30": "1.24000", "2012-08-31": "1.21000", "2012-06-30": "0.99000", "2012-05-31": "1.01000", "2012-03-31": "1.22000", "2012-02-29": "1.18000", "2011-11-30": "", "2011-08-31": "1.18000", "2011-05-31": "1.09000", "2011-02-28": "0.84000", "2010-11-30": "", "2010-08-31": "0.47000", "2010-05-31": "0.34000", "2010-02-28": "-0.22000", "2009-11-30": "", "2009-08-31": "1.08000", "2009-05-31": "0.43000", "2009-02-28": "0.25000", "2008-11-30": "", "2008-08-31": "0.38000", "2008-05-31": "0.49000", "2008-02-29": "0.17000", "2007-11-30": "", "2007-08-31": "0.42000", "2007-05-31": "0.44000", "2007-03-31": "", "2007-02-28": "0.49000", "2006-11-30": "", "2006-09-30": "", "2006-08-31": "0.51000", "2006-06-30": "", "2006-05-31": "0.72000"}, "EPS - Earnings Per Share": {"2020-12-31": "2.59000", "2020-09-30": "2.45000", "2020-06-30": "-1.20000", "2020-03-31": "-0.25000", "2019-12-31": "2.25000", "2019-09-30": "2.36000", "2019-06-30": "2.32000", "2019-03-31": "2.15000", "2018-12-31": "2.01000", "2018-09-30": "2.05000", "2018-06-30": "1.91000", "2018-03-31": "1.82000", "2017-12-31": "1.00000", "2017-09-30": "1.59000", "2017-06-30": "1.40000", "2017-03-31": "1.43000", "2016-12-31": "1.39000", "2016-09-30": "1.56000", "2016-06-30": "1.47000", "2016-03-31": "1.35000", "2015-12-31": "1.14000", "2015-09-30": "1.38000", "2015-06-30": "1.33000", "2015-03-31": "1.28000", "2014-12-31": "0.87000", "2014-09-30": "1.37000", "2014-06-30": "1.35000", "2014-03-31": "1.31000", "2013-12-31": "1.23000", "2013-09-30": "1.20000", "2013-06-30": "1.20000", "2013-03-31": "1.33000", "2012-12-31": "0.00000", "2012-11-30": "0.00000", "2012-09-30": "1.24000", "2012-08-31": "1.21000", "2012-06-30": "0.99000", "2012-05-31": "1.00000", "2012-03-31": "1.21000", "2012-02-29": "1.18000", "2011-11-30": "0.00000", "2011-08-31": "1.18000", "2011-05-31": "1.09000", "2011-02-28": "0.84000", "2010-11-30": "0.00000", "2010-08-31": "0.47000", "2010-05-31": "0.33000", "2010-02-28": "-0.22000", "2009-11-30": "0.00000", "2009-08-31": "1.07000", "2009-05-31": "0.43000", "2009-02-28": "0.25000", "2008-11-30": "0.00000", "2008-08-31": "0.37000", "2008-05-31": "0.48000", "2008-02-29": "0.17000", "2007-11-30": "0.00000", "2007-08-31": "0.42000", "2007-05-31": "0.44000", "2007-03-31": "0.00000", "2007-02-28": "0.49000", "2006-11-30": "0.00000", "2006-09-30": "0.00000", "2006-08-31": "0.51000", "2006-06-30": "0.00000", "2006-05-31": "0.72000"}}, "balance sheet": {"Cash On Hand": {"2020-12-31": "25703.00000", "2019-12-31": "6964.00000", "2018-12-31": "15145.00000", "2017-12-31": "13387.00000", "2016-12-31": "12009.00000", "2015-12-31": "9671.00000", "2014-12-31": "7390.00000", "2013-12-31": "6736.00000", "2012-12-31": "2874.00000", "2012-11-30": "6270.00000", "2011-11-30": "4136.00000", "2010-11-30": "6462.49100", "2009-11-30": "13664.03000", "2008-11-30": "10171.14000", "2007-11-30": "8085.46700", "2006-12-31": "11.19100", "2006-11-30": "874.35700", "2005-12-31": "874.35700", "2005-11-30": ""}, "Receivables": {"2020-12-31": "", "2019-12-31": "", "2018-12-31": "", "2017-12-31": "", "2016-12-31": "", "2015-12-31": "", "2014-12-31": "", "2013-12-31": "", "2012-12-31": "", "2012-11-30": "", "2011-11-30": "", "2010-11-30": "", "2009-11-30": "", "2008-11-30": "", "2007-11-30": "", "2006-12-31": "", "2006-11-30": "", "2005-12-31": "", "2005-11-30": ""}, "Inventory": {"2020-12-31": "", "2019-12-31": "", "2018-12-31": "", "2017-12-31": "", "2016-12-31": "", "2015-12-31": "", "2014-12-31": "", "2013-12-31": "", "2012-12-31": "", "2012-11-30": "", "2011-11-30": "", "2010-11-30": "", "2009-11-30": "", "2008-11-30": "", "2007-11-30": "", "2006-12-31": "", "2006-11-30": "", "2005-12-31": "", "2005-11-30": ""}, "Pre-Paid Expenses": {"2020-12-31": "", "2019-12-31": "", "2018-12-31": "", "2017-12-31": "", "2016-12-31": "", "2015-12-31": "", "2014-12-31": "", "2013-12-31": "", "2012-12-31": "", "2012-11-30": "", "2011-11-30": "", "2010-11-30": "", "2009-11-30": "", "2008-11-30": "", "2007-11-30": "", "2006-12-31": "", "2006-11-30": "", "2005-12-31": "", "2005-11-30": ""}, "Other Current Assets": {"2020-12-31": "", "2019-12-31": "", "2018-12-31": "", "2017-12-31": "", "2016-12-31": "", "2015-12-31": "", "2014-12-31": "", "2013-12-31": "", "2012-12-31": "", "2012-11-30": "", "2011-11-30": "", "2010-11-30": "", "2009-11-30": "", "2008-11-30": "", "2007-11-30": "", "2006-12-31": "", "2006-11-30": "", "2005-12-31": "", "2005-11-30": ""}, "Total Current Assets": {"2020-12-31": "107926.00000", "2019-12-31": "99475.00000", "2018-12-31": "102616.00000", "2017-12-31": "95014.00000", "2016-12-31": "87096.00000", "2015-12-31": "80187.00000", "2014-12-31": "75613.00000", "2013-12-31": "70859.00000", "2012-12-31": "63684.00000", "2012-11-30": "65562.00000", "2011-11-30": "59601.00000", "2010-11-30": "51994.79000", "2009-11-30": "35531.21000", "2008-11-30": "34013.17000", "2007-11-30": "28279.95000", "2006-12-31": "11.19100", "2006-11-30": "23908.48000", "2005-12-31": "22852.10000", "2005-11-30": ""}, "Property, Plant, And Equipment": {"2020-12-31": "1027.00000", "2019-12-31": "1057.00000", "2018-12-31": "936.00000", "2017-12-31": "825.00000", "2016-12-31": "734.00000", "2015-12-31": "693.00000", "2014-12-31": "670.00000", "2013-12-31": "654.00000", "2012-12-31": "538.00000", "2012-11-30": "534.00000", "2011-11-30": "483.00000", "2010-11-30": "460.73200", "2009-11-30": "499.30300", "2008-11-30": "552.50200", "2007-11-30": "575.22900", "2006-12-31": "", "2006-11-30": "660.90000", "2005-12-31": "660.90000", "2005-11-30": ""}, "Long-Term Investments": {"2020-12-31": "", "2019-12-31": "10595.00000", "2018-12-31": "3370.00000", "2017-12-31": "1568.00000", "2016-12-31": "1757.00000", "2015-12-31": "3084.00000", "2014-12-31": "3949.00000", "2013-12-31": "4991.00000", "2012-12-31": "6232.00000", "2012-11-30": "6221.00000", "2011-11-30": "6206.00000", "2010-11-30": "5450.39500", "2009-11-30": "6385.29700", "2008-11-30": "1227.94400", "2007-11-30": "525.43900", "2006-12-31": "1056.38000", "2006-11-30": "84.41100", "2005-12-31": "1056.38000", "2005-11-30": ""}, "Goodwill And Intangible Assets": {"2020-12-31": "350.00000", "2019-12-31": "410.00000", "2018-12-31": "416.00000", "2017-12-31": "418.00000", "2016-12-31": "421.00000", "2015-12-31": "423.00000", "2014-12-31": "433.00000", "2013-12-31": "469.00000", "2012-12-31": "475.00000", "2012-11-30": "476.00000", "2011-11-30": "443.00000", "2010-11-30": "444.39400", "2009-11-30": "451.05700", "2008-11-30": "458.74000", "2007-11-30": "315.19000", "2006-12-31": "", "2006-11-30": "734.90500", "2005-12-31": "", "2005-11-30": ""}, "Other Long-Term Assets": {"2020-12-31": "3586.00000", "2019-12-31": "2459.00000", "2018-12-31": "2215.00000", "2017-12-31": "2262.00000", "2016-12-31": "2300.00000", "2015-12-31": "2412.00000", "2014-12-31": "2461.00000", "2013-12-31": "2367.00000", "2012-12-31": "2562.00000", "2012-11-30": "2490.00000", "2011-11-30": "2384.00000", "2010-11-30": "2434.66100", "2009-11-30": "3154.11500", "2008-11-30": "3640.02700", "2007-11-30": "3753.89300", "2006-12-31": "", "2006-11-30": "3678.54700", "2005-12-31": "", "2005-11-30": ""}, "Total Long-Term Assets": {"2020-12-31": "4963.00000", "2019-12-31": "14521.00000", "2018-12-31": "6937.00000", "2017-12-31": "5073.00000", "2016-12-31": "5212.00000", "2015-12-31": "6612.00000", "2014-12-31": "7513.00000", "2013-12-31": "8481.00000", "2012-12-31": "9807.00000", "2012-11-30": "9721.00000", "2011-11-30": "9516.00000", "2010-11-30": "8790.18200", "2009-11-30": "10489.77000", "2008-11-30": "5879.21300", "2007-11-30": "9096.15400", "2006-12-31": "1056.38000", "2006-11-30": "5158.76300", "2005-12-31": "1717.28000", "2005-11-30": ""}, "Total Assets": {"2020-12-31": "112889.00000", "2019-12-31": "113996.00000", "2018-12-31": "109553.00000", "2017-12-31": "100087.00000", "2016-12-31": "92308.00000", "2015-12-31": "86799.00000", "2014-12-31": "83126.00000", "2013-12-31": "79340.00000", "2012-12-31": "73491.00000", "2012-11-30": "75283.00000", "2011-11-30": "69117.00000", "2010-11-30": "60784.97000", "2009-11-30": "46020.99000", "2008-11-30": "39892.38000", "2007-11-30": "37376.11000", "2006-12-31": "1067.57100", "2006-11-30": "29067.24000", "2005-12-31": "29067.24000", "2005-11-30": "0.00000"}, "Total Current Liabilities": {"2020-12-31": "102005.00000", "2019-12-31": "76436.00000", "2018-12-31": "71195.00000", "2017-12-31": "62869.00000", "2016-12-31": "55542.00000", "2015-12-31": "50874.00000", "2014-12-31": "49448.00000", "2013-12-31": "48057.00000", "2012-12-31": "45952.00000", "2012-11-30": "45776.00000", "2011-11-30": "42588.00000", "2010-11-30": "36622.39000", "2009-11-30": "34348.58000", "2008-11-30": "31768.17000", "2007-11-30": "26544.12000", "2006-12-31": "", "2006-11-30": "21784.89000", "2005-12-31": "", "2005-11-30": ""}, "Long Term Debt": {"2020-12-31": "", "2019-12-31": "25701.00000", "2018-12-31": "27228.00000", "2017-12-31": "26326.00000", "2016-12-31": "25443.00000", "2015-12-31": "24650.00000", "2014-12-31": "22544.00000", "2013-12-31": "20474.00000", "2012-12-31": "17666.00000", "2012-11-30": "19729.00000", "2011-11-30": "18287.00000", "2010-11-30": "17705.73000", "2009-11-30": "2428.10100", "2008-11-30": "1735.38300", "2007-11-30": "2134.09300", "2006-12-31": "", "2006-11-30": "1507.57800", "2005-12-31": "1507.57800", "2005-11-30": ""}, "Other Non-Current Liabilities": {"2020-12-31": "", "2019-12-31": "", "2018-12-31": "", "2017-12-31": "", "2016-12-31": "", "2015-12-31": "", "2014-12-31": "", "2013-12-31": "", "2012-12-31": "", "2012-11-30": "", "2011-11-30": "", "2010-11-30": "", "2009-11-30": "", "2008-11-30": "", "2007-11-30": "", "2006-12-31": "", "2006-11-30": "", "2005-12-31": "", "2005-11-30": ""}, "Total Long Term Liabilities": {"2020-12-31": "", "2019-12-31": "25701.00000", "2018-12-31": "27228.00000", "2017-12-31": "26326.00000", "2016-12-31": "25443.00000", "2015-12-31": "24650.00000", "2014-12-31": "22544.00000", "2013-12-31": "20474.00000", "2012-12-31": "17666.00000", "2012-11-30": "19729.00000", "2011-11-30": "18287.00000", "2010-11-30": "17705.73000", "2009-11-30": "2428.10100", "2008-11-30": "1735.38300", "2007-11-30": "5232.56300", "2006-12-31": "", "2006-11-30": "1507.57800", "2005-12-31": "1507.57800", "2005-11-30": ""}, "Total Liabilities": {"2020-12-31": "102005.00000", "2019-12-31": "102137.00000", "2018-12-31": "98423.00000", "2017-12-31": "89195.00000", "2016-12-31": "80985.00000", "2015-12-31": "75524.00000", "2014-12-31": "71992.00000", "2013-12-31": "68531.00000", "2012-12-31": "63618.00000", "2012-11-30": "65505.00000", "2011-11-30": "60875.00000", "2010-11-30": "54328.12000", "2009-11-30": "37585.44000", "2008-11-30": "33976.56000", "2007-11-30": "31776.68000", "2006-12-31": "", "2006-11-30": "23292.47000", "2005-12-31": "23292.47000", "2005-11-30": ""}, "Common Stock Net": {"2020-12-31": "", "2019-12-31": "6.00000", "2018-12-31": "6.00000", "2017-12-31": "6.00000", "2016-12-31": "5.00000", "2015-12-31": "5.00000", "2014-12-31": "5.00000", "2013-12-31": "5.00000", "2012-12-31": "5.00000", "2012-11-30": "5.00000", "2011-11-30": "5.00000", "2010-11-30": "5.47100", "2009-11-30": "5.44800", "2008-11-30": "4.80500", "2007-11-30": "4.77700", "2006-12-31": "", "2006-11-30": "0.10000", "2005-12-31": "", "2005-11-30": ""}, "Retained Earnings (Accumulated Deficit)": {"2020-12-31": "", "2019-12-31": "21290.00000", "2018-12-31": "18906.00000", "2017-12-31": "16687.00000", "2016-12-31": "15130.00000", "2015-12-31": "13250.00000", "2014-12-31": "11467.00000", "2013-12-31": "9611.00000", "2012-12-31": "7472.00000", "2012-11-30": "7373.00000", "2011-11-30": "5243.00000", "2010-11-30": "3126.48800", "2009-11-30": "3873.26200", "2008-11-30": "3046.95600", "2007-11-30": "2717.90500", "2006-12-31": "", "2006-11-30": "3008.42100", "2005-12-31": "3008.42100", "2005-11-30": ""}, "Comprehensive Income": {"2020-12-31": "", "2019-12-31": "-119.00000", "2018-12-31": "-156.00000", "2017-12-31": "-152.00000", "2016-12-31": "-161.00000", "2015-12-31": "-160.00000", "2014-12-31": "-138.00000", "2013-12-31": "-68.00000", "2012-12-31": "-72.00000", "2012-11-30": "-75.00000", "2011-11-30": "-52.00000", "2010-11-30": "-82.54800", "2009-11-30": "-154.81800", "2008-11-30": "-66.33800", "2007-11-30": "32.03200", "2006-12-31": "", "2006-11-30": "129.98600", "2005-12-31": "", "2005-11-30": ""}, "Other Share Holders Equity": {"2020-12-31": "", "2019-12-31": "", "2018-12-31": "", "2017-12-31": "", "2016-12-31": "", "2015-12-31": "", "2014-12-31": "", "2013-12-31": "", "2012-12-31": "", "2012-11-30": "", "2011-11-30": "", "2010-11-30": "", "2009-11-30": "", "2008-11-30": "", "2007-11-30": "", "2006-12-31": "", "2006-11-30": "", "2005-12-31": "", "2005-11-30": ""}, "Share Holder Equity": {"2020-12-31": "10884.00000", "2019-12-31": "11859.00000", "2018-12-31": "11130.00000", "2017-12-31": "10892.00000", "2016-12-31": "11323.00000", "2015-12-31": "11275.00000", "2014-12-31": "11134.00000", "2013-12-31": "10809.00000", "2012-12-31": "9873.00000", "2012-11-30": "9778.00000", "2011-11-30": "8242.00000", "2010-11-30": "6456.84600", "2009-11-30": "8435.54700", "2008-11-30": "5915.82300", "2007-11-30": "5599.42200", "2006-12-31": "", "2006-11-30": "5774.77200", "2005-12-31": "5774.77200", "2005-11-30": ""}, "Total Liabilities And Share Holders Equity": {"2020-12-31": "112889.00000", "2019-12-31": "113996.00000", "2018-12-31": "109553.00000", "2017-12-31": "100087.00000", "2016-12-31": "92308.00000", "2015-12-31": "86799.00000", "2014-12-31": "83126.00000", "2013-12-31": "79340.00000", "2012-12-31": "73491.00000", "2012-11-30": "75283.00000", "2011-11-30": "69117.00000", "2010-11-30": "60784.97000", "2009-11-30": "46020.99000", "2008-11-30": "39892.38000", "2007-11-30": "37376.11000", "2006-12-31": "", "2006-11-30": "29067.24000", "2005-12-31": "29067.24000", "2005-11-30": ""}}, "balance sheet, quarterly": {"Cash On Hand": {"2020-12-31": "25703.00000", "2020-09-30": "10089.00000", "2020-06-30": "15167.00000", "2020-03-31": "11211.00000", "2019-12-31": "6964.00000", "2019-09-30": "6112.00000", "2019-06-30": "11353.00000", "2019-03-31": "15213.00000", "2018-12-31": "15145.00000", "2018-09-30": "16609.00000", "2018-06-30": "15919.00000", "2018-03-31": "17098.00000", "2017-12-31": "13387.00000", "2017-09-30": "14528.00000", "2017-06-30": "13043.00000", "2017-03-31": "16263.00000", "2016-12-31": "12009.00000", "2016-09-30": "13023.00000", "2016-06-30": "10715.00000", "2016-03-31": "13145.00000", "2015-12-31": "9671.00000", "2015-09-30": "10348.00000", "2015-06-30": "11349.00000", "2015-03-31": "11923.00000", "2014-12-31": "7390.00000", "2014-09-30": "7485.00000", "2014-06-30": "7184.00000", "2014-03-31": "9894.00000", "2013-12-31": "6736.00000", "2013-09-30": "5806.00000", "2013-06-30": "6281.00000", "2013-03-31": "8549.00000", "2012-12-31": "2874.00000", "2012-11-30": "6270.00000", "2012-09-30": "", "2012-08-31": "6538.95900", "2012-06-30": "", "2012-05-31": "6914.95000", "2012-03-31": "", "2012-02-29": "6676.45900", "2011-11-30": "4135.66300", "2011-08-31": "4894.75500", "2011-05-31": "4787.32900", "2011-02-28": "5847.49900", "2010-11-30": "6462.49100", "2010-08-31": "8607.78900", "2010-05-31": "11020.84000", "2010-02-28": "16404.32000", "2009-11-30": "13664.03000", "2009-08-31": "11330.53000", "2009-05-31": "10122.18000", "2009-02-28": "8724.20800", "2008-11-30": "10171.14000", "2008-08-31": "10475.47000", "2008-05-31": "8765.38400", "2008-02-29": "8286.29000", "2007-11-30": "8085.46700", "2007-08-31": "8600.76100", "2007-05-31": "7892.94200", "2007-03-31": "", "2007-02-28": "", "2006-11-30": "874.35700", "2006-09-30": "", "2006-08-31": "", "2006-06-30": "", "2006-05-31": ""}, "Receivables": {"2020-12-31": "", "2020-09-30": "", "2020-06-30": "", "2020-03-31": "", "2019-12-31": "", "2019-09-30": "", "2019-06-30": "", "2019-03-31": "", "2018-12-31": "", "2018-09-30": "", "2018-06-30": "", "2018-03-31": "", "2017-12-31": "", "2017-09-30": "", "2017-06-30": "", "2017-03-31": "", "2016-12-31": "", "2016-09-30": "", "2016-06-30": "", "2016-03-31": "", "2015-12-31": "", "2015-09-30": "", "2015-06-30": "", "2015-03-31": "", "2014-12-31": "", "2014-09-30": "", "2014-06-30": "", "2014-03-31": "", "2013-12-31": "", "2013-09-30": "", "2013-06-30": "", "2013-03-31": "", "2012-12-31": "", "2012-11-30": "", "2012-09-30": "", "2012-08-31": "", "2012-06-30": "", "2012-05-31": "", "2012-03-31": "", "2012-02-29": "", "2011-11-30": "", "2011-08-31": "", "2011-05-31": "", "2011-02-28": "", "2010-11-30": "", "2010-08-31": "", "2010-05-31": "", "2010-02-28": "", "2009-11-30": "", "2009-08-31": "", "2009-05-31": "", "2009-02-28": "", "2008-11-30": "", "2008-08-31": "", "2008-05-31": "", "2008-02-29": "", "2007-11-30": "", "2007-08-31": "", "2007-05-31": "", "2007-03-31": "", "2007-02-28": "", "2006-11-30": "", "2006-09-30": "", "2006-08-31": "", "2006-06-30": "", "2006-05-31": ""}, "Inventory": {"2020-12-31": "", "2020-09-30": "", "2020-06-30": "", "2020-03-31": "", "2019-12-31": "", "2019-09-30": "", "2019-06-30": "", "2019-03-31": "", "2018-12-31": "", "2018-09-30": "", "2018-06-30": "", "2018-03-31": "", "2017-12-31": "", "2017-09-30": "", "2017-06-30": "", "2017-03-31": "", "2016-12-31": "", "2016-09-30": "", "2016-06-30": "", "2016-03-31": "", "2015-12-31": "", "2015-09-30": "", "2015-06-30": "", "2015-03-31": "", "2014-12-31": "", "2014-09-30": "", "2014-06-30": "", "2014-03-31": "", "2013-12-31": "", "2013-09-30": "", "2013-06-30": "", "2013-03-31": "", "2012-12-31": "", "2012-11-30": "", "2012-09-30": "", "2012-08-31": "", "2012-06-30": "", "2012-05-31": "", "2012-03-31": "", "2012-02-29": "", "2011-11-30": "", "2011-08-31": "", "2011-05-31": "", "2011-02-28": "", "2010-11-30": "", "2010-08-31": "", "2010-05-31": "", "2010-02-28": "", "2009-11-30": "", "2009-08-31": "", "2009-05-31": "", "2009-02-28": "", "2008-11-30": "", "2008-08-31": "", "2008-05-31": "", "2008-02-29": "", "2007-11-30": "", "2007-08-31": "", "2007-05-31": "", "2007-03-31": "", "2007-02-28": "", "2006-11-30": "", "2006-09-30": "", "2006-08-31": "", "2006-06-30": "", "2006-05-31": ""}, "Pre-Paid Expenses": {"2020-12-31": "", "2020-09-30": "", "2020-06-30": "", "2020-03-31": "", "2019-12-31": "", "2019-09-30": "", "2019-06-30": "", "2019-03-31": "", "2018-12-31": "", "2018-09-30": "", "2018-06-30": "", "2018-03-31": "", "2017-12-31": "", "2017-09-30": "", "2017-06-30": "", "2017-03-31": "", "2016-12-31": "", "2016-09-30": "", "2016-06-30": "", "2016-03-31": "", "2015-12-31": "", "2015-09-30": "", "2015-06-30": "", "2015-03-31": "", "2014-12-31": "", "2014-09-30": "", "2014-06-30": "", "2014-03-31": "", "2013-12-31": "", "2013-09-30": "", "2013-06-30": "", "2013-03-31": "", "2012-12-31": "", "2012-11-30": "", "2012-09-30": "", "2012-08-31": "", "2012-06-30": "", "2012-05-31": "", "2012-03-31": "", "2012-02-29": "", "2011-11-30": "", "2011-08-31": "", "2011-05-31": "", "2011-02-28": "", "2010-11-30": "", "2010-08-31": "", "2010-05-31": "", "2010-02-28": "", "2009-11-30": "", "2009-08-31": "", "2009-05-31": "", "2009-02-28": "", "2008-11-30": "", "2008-08-31": "", "2008-05-31": "", "2008-02-29": "", "2007-11-30": "", "2007-08-31": "", "2007-05-31": "", "2007-03-31": "", "2007-02-28": "", "2006-11-30": "", "2006-09-30": "", "2006-08-31": "", "2006-06-30": "", "2006-05-31": ""}, "Other Current Assets": {"2020-12-31": "", "2020-09-30": "", "2020-06-30": "", "2020-03-31": "", "2019-12-31": "", "2019-09-30": "", "2019-06-30": "", "2019-03-31": "", "2018-12-31": "", "2018-09-30": "", "2018-06-30": "", "2018-03-31": "", "2017-12-31": "", "2017-09-30": "", "2017-06-30": "", "2017-03-31": "", "2016-12-31": "", "2016-09-30": "", "2016-06-30": "", "2016-03-31": "", "2015-12-31": "", "2015-09-30": "", "2015-06-30": "", "2015-03-31": "", "2014-12-31": "", "2014-09-30": "", "2014-06-30": "", "2014-03-31": "", "2013-12-31": "", "2013-09-30": "", "2013-06-30": "", "2013-03-31": "", "2012-12-31": "", "2012-11-30": "", "2012-09-30": "", "2012-08-31": "", "2012-06-30": "", "2012-05-31": "", "2012-03-31": "", "2012-02-29": "", "2011-11-30": "", "2011-08-31": "", "2011-05-31": "", "2011-02-28": "", "2010-11-30": "", "2010-08-31": "", "2010-05-31": "", "2010-02-28": "", "2009-11-30": "", "2009-08-31": "", "2009-05-31": "", "2009-02-28": "", "2008-11-30": "", "2008-08-31": "", "2008-05-31": "", "2008-02-29": "", "2007-11-30": "", "2007-08-31": "", "2007-05-31": "", "2007-03-31": "", "2007-02-28": "", "2006-11-30": "", "2006-09-30": "", "2006-08-31": "", "2006-06-30": "", "2006-05-31": ""}, "Total Current Assets": {"2020-12-31": "107926.00000", "2020-09-30": "90523.00000", "2020-06-30": "95910.00000", "2020-03-31": "97261.00000", "2019-12-31": "99475.00000", "2019-09-30": "95306.00000", "2019-06-30": "98380.00000", "2019-03-31": "100822.00000", "2018-12-31": "102616.00000", "2018-09-30": "100576.00000", "2018-06-30": "97880.00000", "2018-03-31": "97106.00000", "2017-12-31": "95014.00000", "2017-09-30": "92440.00000", "2017-06-30": "88656.00000", "2017-03-31": "89852.00000", "2016-12-31": "87096.00000", "2016-09-30": "84550.00000", "2016-06-30": "80690.00000", "2016-03-31": "81544.00000", "2015-12-31": "80187.00000", "2015-09-30": "78683.00000", "2015-06-30": "78642.00000", "2015-03-31": "77795.00000", "2014-12-31": "75613.00000", "2014-09-30": "73207.00000", "2014-06-30": "71445.00000", "2014-03-31": "72155.00000", "2013-12-31": "70859.00000", "2013-09-30": "66946.00000", "2013-06-30": "66428.00000", "2013-03-31": "67299.00000", "2012-12-31": "63684.00000", "2012-11-30": "65562.00000", "2012-09-30": "", "2012-08-31": "64008.80000", "2012-06-30": "", "2012-05-31": "62103.35000", "2012-03-31": "", "2012-02-29": "60997.13000", "2011-11-30": "59267.40000", "2011-08-31": "56704.15000", "2011-05-31": "54664.86000", "2011-02-28": "54477.27000", "2010-11-30": "51994.79000", "2010-08-31": "54994.73000", "2010-05-31": "57114.93000", "2010-02-28": "62290.48000", "2009-11-30": "35531.21000", "2009-08-31": "35171.21000", "2009-05-31": "35764.88000", "2009-02-28": "35029.57000", "2008-11-30": "34172.19000", "2008-08-31": "31416.21000", "2008-05-31": "28552.06000", "2008-02-29": "28591.36000", "2007-11-30": "28279.95000", "2007-08-31": "30327.96000", "2007-05-31": "30031.85000", "2007-03-31": "", "2007-02-28": "", "2006-11-30": "23908.48000", "2006-09-30": "", "2006-08-31": "", "2006-06-30": "", "2006-05-31": ""}, "Property, Plant, And Equipment": {"2020-12-31": "1027.00000", "2020-09-30": "1121.00000", "2020-06-30": "1115.00000", "2020-03-31": "1070.00000", "2019-12-31": "1057.00000", "2019-09-30": "1028.00000", "2019-06-30": "1008.00000", "2019-03-31": "980.00000", "2018-12-31": "936.00000", "2018-09-30": "896.00000", "2018-06-30": "874.00000", "2018-03-31": "848.00000", "2017-12-31": "825.00000", "2017-09-30": "800.00000", "2017-06-30": "774.00000", "2017-03-31": "750.00000", "2016-12-31": "734.00000", "2016-09-30": "722.00000", "2016-06-30": "708.00000", "2016-03-31": "706.00000", "2015-12-31": "693.00000", "2015-09-30": "684.00000", "2015-06-30": "688.00000", "2015-03-31": "678.00000", "2014-12-31": "670.00000", "2014-09-30": "661.00000", "2014-06-30": "665.00000", "2014-03-31": "668.00000", "2013-12-31": "654.00000", "2013-09-30": "639.00000", "2013-06-30": "607.00000", "2013-03-31": "572.00000", "2012-12-31": "538.00000", "2012-11-30": "534.00000", "2012-09-30": "", "2012-08-31": "519.62100", "2012-06-30": "", "2012-05-31": "492.44400", "2012-03-31": "", "2012-02-29": "486.52000", "2011-11-30": "483.25000", "2011-08-31": "465.87100", "2011-05-31": "471.11200", "2011-02-28": "458.95000", "2010-11-30": "460.73200", "2010-08-31": "456.94300", "2010-05-31": "469.00100", "2010-02-28": "482.83300", "2009-11-30": "499.30300", "2009-08-31": "518.10500", "2009-05-31": "531.16600", "2009-02-28": "544.21900", "2008-11-30": "552.50200", "2008-08-31": "563.86900", "2008-05-31": "556.03000", "2008-02-29": "567.47500", "2007-11-30": "575.22900", "2007-08-31": "656.98000", "2007-05-31": "658.20300", "2007-03-31": "", "2007-02-28": "", "2006-11-30": "660.90000", "2006-09-30": "", "2006-08-31": "", "2006-06-30": "", "2006-05-31": ""}, "Long-Term Investments": {"2020-12-31": "", "2020-09-30": "28902.00000", "2020-06-30": "13034.00000", "2020-03-31": "10782.00000", "2019-12-31": "10595.00000", "2019-09-30": "11649.00000", "2019-06-30": "8581.00000", "2019-03-31": "6243.00000", "2018-12-31": "3370.00000", "2018-09-30": "1801.00000", "2018-06-30": "1522.00000", "2018-03-31": "1543.00000", "2017-12-31": "1568.00000", "2017-09-30": "1627.00000", "2017-06-30": "1679.00000", "2017-03-31": "1718.00000", "2016-12-31": "1757.00000", "2016-09-30": "2705.00000", "2016-06-30": "3521.00000", "2016-03-31": "2956.00000", "2015-12-31": "3084.00000", "2015-09-30": "3302.00000", "2015-06-30": "2701.00000", "2015-03-31": "2778.00000", "2014-12-31": "3949.00000", "2014-09-30": "3995.00000", "2014-06-30": "4070.00000", "2014-03-31": "3964.00000", "2013-12-31": "4991.00000", "2013-09-30": "5014.00000", "2013-06-30": "4943.00000", "2013-03-31": "5270.00000", "2012-12-31": "6232.00000", "2012-11-30": "6221.00000", "2012-09-30": "", "2012-08-31": "6467.75700", "2012-06-30": "", "2012-05-31": "6652.21400", "2012-03-31": "", "2012-02-29": "6269.77600", "2011-11-30": "6206.05300", "2011-08-31": "5952.16800", "2011-05-31": "5557.41000", "2011-02-28": "5615.88100", "2010-11-30": "5450.39500", "2010-08-31": "1600.74700", "2010-05-31": "1446.14400", "2010-02-28": "912.58100", "2009-11-30": "6385.29700", "2009-08-31": "3266.53400", "2009-05-31": "1529.42000", "2009-02-28": "1302.58000", "2008-11-30": "1227.94400", "2008-08-31": "1198.75500", "2008-05-31": "1055.15500", "2008-02-29": "892.50600", "2007-11-30": "525.43900", "2007-08-31": "418.94800", "2007-05-31": "96.65800", "2007-03-31": "", "2007-02-28": "", "2006-11-30": "84.41100", "2006-09-30": "", "2006-08-31": "", "2006-06-30": "", "2006-05-31": ""}, "Goodwill And Intangible Assets": {"2020-12-31": "350.00000", "2020-09-30": "350.00000", "2020-06-30": "351.00000", "2020-03-31": "410.00000", "2019-12-31": "410.00000", "2019-09-30": "414.00000", "2019-06-30": "415.00000", "2019-03-31": "415.00000", "2018-12-31": "416.00000", "2018-09-30": "417.00000", "2018-06-30": "417.00000", "2018-03-31": "417.00000", "2017-12-31": "418.00000", "2017-09-30": "418.00000", "2017-06-30": "419.00000", "2017-03-31": "420.00000", "2016-12-31": "421.00000", "2016-09-30": "421.00000", "2016-06-30": "422.00000", "2016-03-31": "422.00000", "2015-12-31": "423.00000", "2015-09-30": "424.00000", "2015-06-30": "425.00000", "2015-03-31": "432.00000", "2014-12-31": "433.00000", "2014-09-30": "461.00000", "2014-06-30": "463.00000", "2014-03-31": "466.00000", "2013-12-31": "469.00000", "2013-09-30": "472.00000", "2013-06-30": "475.00000", "2013-03-31": "473.00000", "2012-12-31": "475.00000", "2012-11-30": "476.00000", "2012-09-30": "", "2012-08-31": "479.22400", "2012-06-30": "", "2012-05-31": "439.92200", "2012-03-31": "", "2012-02-29": "441.65300", "2011-11-30": "443.43900", "2011-08-31": "444.71900", "2011-05-31": "446.71700", "2011-02-28": "448.71400", "2010-11-30": "444.39400", "2010-08-31": "446.06000", "2010-05-31": "447.72500", "2010-02-28": "449.39100", "2009-11-30": "451.05700", "2009-08-31": "452.97700", "2009-05-31": "454.89800", "2009-02-28": "456.81900", "2008-11-30": "458.74000", "2008-08-31": "309.58200", "2008-05-31": "311.45100", "2008-02-29": "313.32100", "2007-11-30": "315.19000", "2007-08-31": "739.85100", "2007-05-31": "735.69800", "2007-03-31": "", "2007-02-28": "", "2006-11-30": "734.90500", "2006-09-30": "", "2006-08-31": "", "2006-06-30": "", "2006-05-31": ""}, "Other Long-Term Assets": {"2020-12-31": "3586.00000", "2020-09-30": "3453.00000", "2020-06-30": "3382.00000", "2020-03-31": "3134.00000", "2019-12-31": "2459.00000", "2019-09-30": "2389.00000", "2019-06-30": "2323.00000", "2019-03-31": "2260.00000", "2018-12-31": "2215.00000", "2018-09-30": "2152.00000", "2018-06-30": "2058.00000", "2018-03-31": "2053.00000", "2017-12-31": "2262.00000", "2017-09-30": "2323.00000", "2017-06-30": "2229.00000", "2017-03-31": "2055.00000", "2016-12-31": "2300.00000", "2016-09-30": "2143.00000", "2016-06-30": "2170.00000", "2016-03-31": "2465.00000", "2015-12-31": "2412.00000", "2015-09-30": "2518.00000", "2015-06-30": "2455.00000", "2015-03-31": "2495.00000", "2014-12-31": "2461.00000", "2014-09-30": "2272.00000", "2014-06-30": "2294.00000", "2014-03-31": "2331.00000", "2013-12-31": "2367.00000", "2013-09-30": "2473.00000", "2013-06-30": "2491.00000", "2013-03-31": "2525.00000", "2012-12-31": "2562.00000", "2012-11-30": "2490.00000", "2012-09-30": "", "2012-08-31": "2433.25500", "2012-06-30": "", "2012-05-31": "2395.47100", "2012-03-31": "", "2012-02-29": "2290.94000", "2011-11-30": "2383.79300", "2011-08-31": "2158.76100", "2011-05-31": "2297.43000", "2011-02-28": "2505.79600", "2010-11-30": "2434.66100", "2010-08-31": "2559.07100", "2010-05-31": "2675.87200", "2010-02-28": "2683.66900", "2009-11-30": "3154.11500", "2009-08-31": "3289.46100", "2009-05-31": "3237.91900", "2009-02-28": "3273.32600", "2008-11-30": "3481.00600", "2008-08-31": "3795.12700", "2008-05-31": "3545.54900", "2008-02-29": "3858.07200", "2007-11-30": "3753.89300", "2007-08-31": "3997.27000", "2007-05-31": "4150.15500", "2007-03-31": "", "2007-02-28": "", "2006-11-30": "3678.54700", "2006-09-30": "", "2006-08-31": "", "2006-06-30": "", "2006-05-31": ""}, "Total Long-Term Assets": {"2020-12-31": "4963.00000", "2020-09-30": "33826.00000", "2020-06-30": "17882.00000", "2020-03-31": "15396.00000", "2019-12-31": "14521.00000", "2019-09-30": "15480.00000", "2019-06-30": "12327.00000", "2019-03-31": "9898.00000", "2018-12-31": "6937.00000", "2018-09-30": "5266.00000", "2018-06-30": "4871.00000", "2018-03-31": "4861.00000", "2017-12-31": "5073.00000", "2017-09-30": "5168.00000", "2017-06-30": "5101.00000", "2017-03-31": "4943.00000", "2016-12-31": "5212.00000", "2016-09-30": "5991.00000", "2016-06-30": "6821.00000", "2016-03-31": "6549.00000", "2015-12-31": "6612.00000", "2015-09-30": "6928.00000", "2015-06-30": "6269.00000", "2015-03-31": "6383.00000", "2014-12-31": "7513.00000", "2014-09-30": "7389.00000", "2014-06-30": "7492.00000", "2014-03-31": "7429.00000", "2013-12-31": "8481.00000", "2013-09-30": "8598.00000", "2013-06-30": "8516.00000", "2013-03-31": "8840.00000", "2012-12-31": "9807.00000", "2012-11-30": "9721.00000", "2012-09-30": "", "2012-08-31": "9899.85700", "2012-06-30": "", "2012-05-31": "9980.05100", "2012-03-31": "", "2012-02-29": "9488.88900", "2011-11-30": "9516.53500", "2011-08-31": "9021.51900", "2011-05-31": "8772.66900", "2011-02-28": "9029.34200", "2010-11-30": "8790.18200", "2010-08-31": "5062.82100", "2010-05-31": "5038.74200", "2010-02-28": "4528.47400", "2009-11-30": "10489.77000", "2009-08-31": "7527.07700", "2009-05-31": "5753.40300", "2009-02-28": "5576.94400", "2008-11-30": "5720.19200", "2008-08-31": "5901.60000", "2008-05-31": "5681.48200", "2008-02-29": "8736.70100", "2007-11-30": "9096.15400", "2007-08-31": "5813.04900", "2007-05-31": "5640.71400", "2007-03-31": "", "2007-02-28": "", "2006-11-30": "5158.76300", "2006-09-30": "", "2006-08-31": "", "2006-06-30": "", "2006-05-31": ""}, "Total Assets": {"2020-12-31": "112889.00000", "2020-09-30": "124349.00000", "2020-06-30": "113792.00000", "2020-03-31": "112657.00000", "2019-12-31": "113996.00000", "2019-09-30": "110786.00000", "2019-06-30": "110707.00000", "2019-03-31": "110720.00000", "2018-12-31": "109553.00000", "2018-09-30": "105842.00000", "2018-06-30": "102751.00000", "2018-03-31": "101967.00000", "2017-12-31": "100087.00000", "2017-09-30": "97608.00000", "2017-06-30": "93757.00000", "2017-03-31": "94795.00000", "2016-12-31": "92308.00000", "2016-09-30": "90541.00000", "2016-06-30": "87511.00000", "2016-03-31": "88093.00000", "2015-12-31": "86799.00000", "2015-09-30": "85611.00000", "2015-06-30": "84911.00000", "2015-03-31": "84178.00000", "2014-12-31": "83126.00000", "2014-09-30": "80596.00000", "2014-06-30": "78937.00000", "2014-03-31": "79584.00000", "2013-12-31": "79340.00000", "2013-09-30": "75544.00000", "2013-06-30": "74944.00000", "2013-03-31": "76139.00000", "2012-12-31": "73491.00000", "2012-11-30": "75283.00000", "2012-09-30": "0.00000", "2012-08-31": "73908.66000", "2012-06-30": "0.00000", "2012-05-31": "72083.41000", "2012-03-31": "0.00000", "2012-02-29": "70486.02000", "2011-11-30": "68783.94000", "2011-08-31": "65725.66000", "2011-05-31": "63437.53000", "2011-02-28": "63506.61000", "2010-11-30": "60784.97000", "2010-08-31": "60057.55000", "2010-05-31": "62153.68000", "2010-02-28": "66818.95000", "2009-11-30": "46020.99000", "2009-08-31": "42698.29000", "2009-05-31": "41518.29000", "2009-02-28": "40606.52000", "2008-11-30": "39892.38000", "2008-08-31": "37317.82000", "2008-05-31": "34233.54000", "2008-02-29": "37328.06000", "2007-11-30": "37376.11000", "2007-08-31": "36141.01000", "2007-05-31": "35672.57000", "2007-03-31": "0.00000", "2007-02-28": "0.00000", "2006-11-30": "29067.24000", "2006-09-30": "0.00000", "2006-08-31": "0.00000", "2006-06-30": "0.00000", "2006-05-31": "0.00000"}, "Total Current Liabilities": {"2020-12-31": "102005.00000", "2020-09-30": "92256.00000", "2020-06-30": "80955.00000", "2020-03-31": "76894.00000", "2019-12-31": "76436.00000", "2019-09-30": "74615.00000", "2019-06-30": "74051.00000", "2019-03-31": "73185.00000", "2018-12-31": "71195.00000", "2018-09-30": "67828.00000", "2018-06-30": "65610.00000", "2018-03-31": "64852.00000", "2017-12-31": "62869.00000", "2017-09-30": "59684.00000", "2017-06-30": "56060.00000", "2017-03-31": "56707.00000", "2016-12-31": "55542.00000", "2016-09-30": "52364.00000", "2016-06-30": "51433.00000", "2016-03-31": "52025.00000", "2015-12-31": "50874.00000", "2015-09-30": "50508.00000", "2015-06-30": "49549.00000", "2015-03-31": "50043.00000", "2014-12-31": "49448.00000", "2014-09-30": "48377.00000", "2014-06-30": "47499.00000", "2014-03-31": "48381.00000", "2013-12-31": "48057.00000", "2013-09-30": "46277.00000", "2013-06-30": "46463.00000", "2013-03-31": "46610.00000", "2012-12-31": "45952.00000", "2012-11-30": "45776.00000", "2012-09-30": "", "2012-08-31": "45516.64000", "2012-06-30": "", "2012-05-31": "44160.64000", "2012-03-31": "", "2012-02-29": "42903.11000", "2011-11-30": "42254.55000", "2011-08-31": "40001.55000", "2011-05-31": "37975.73000", "2011-02-28": "37617.27000", "2010-11-30": "36622.39000", "2010-08-31": "36237.50000", "2010-05-31": "37804.29000", "2010-02-28": "37411.70000", "2009-11-30": "34348.58000", "2009-08-31": "31863.46000", "2009-05-31": "32162.36000", "2009-02-28": "32701.54000", "2008-11-30": "31768.17000", "2008-08-31": "29462.78000", "2008-05-31": "26493.40000", "2008-02-29": "27039.89000", "2007-11-30": "26544.12000", "2007-08-31": "28115.68000", "2007-05-31": "28944.05000", "2007-03-31": "", "2007-02-28": "", "2006-11-30": "21784.89000", "2006-09-30": "", "2006-08-31": "", "2006-06-30": "", "2006-05-31": ""}, "Long Term Debt": {"2020-12-31": "", "2020-09-30": "21841.00000", "2020-06-30": "23194.00000", "2020-03-31": "26098.00000", "2019-12-31": "25701.00000", "2019-09-30": "24454.00000", "2019-06-30": "25163.00000", "2019-03-31": "26276.00000", "2018-12-31": "27228.00000", "2018-09-30": "26998.00000", "2018-06-30": "26252.00000", "2018-03-31": "26244.00000", "2017-12-31": "26326.00000", "2017-09-30": "26737.00000", "2017-06-30": "26438.00000", "2017-03-31": "26823.00000", "2016-12-31": "25443.00000", "2016-09-30": "26830.00000", "2016-06-30": "24681.00000", "2016-03-31": "24752.00000", "2015-12-31": "24650.00000", "2015-09-30": "23800.00000", "2015-06-30": "24099.00000", "2015-03-31": "22924.00000", "2014-12-31": "22544.00000", "2014-09-30": "20918.00000", "2014-06-30": "20057.00000", "2014-03-31": "20182.00000", "2013-12-31": "20474.00000", "2013-09-30": "18665.00000", "2013-06-30": "18033.00000", "2013-03-31": "19230.00000", "2012-12-31": "17666.00000", "2012-11-30": "19729.00000", "2012-09-30": "", "2012-08-31": "19246.11000", "2012-06-30": "", "2012-05-31": "19023.91000", "2012-03-31": "", "2012-02-29": "18753.96000", "2011-11-30": "18287.18000", "2011-08-31": "17718.20000", "2011-05-31": "17938.51000", "2011-02-28": "18990.17000", "2010-11-30": "17705.73000", "2010-08-31": "17708.75000", "2010-05-31": "18311.13000", "2010-02-28": "22392.20000", "2009-11-30": "2428.10100", "2009-08-31": "1795.13400", "2009-05-31": "1427.04300", "2009-02-28": "1432.63100", "2008-11-30": "1735.38300", "2008-08-31": "1854.26300", "2008-05-31": "1889.90900", "2008-02-29": "1976.14700", "2007-11-30": "2134.09300", "2007-08-31": "2358.04400", "2007-05-31": "948.23200", "2007-03-31": "", "2007-02-28": "", "2006-11-30": "1507.57800", "2006-09-30": "", "2006-08-31": "", "2006-06-30": "", "2006-05-31": ""}, "Other Non-Current Liabilities": {"2020-12-31": "", "2020-09-30": "", "2020-06-30": "", "2020-03-31": "", "2019-12-31": "", "2019-09-30": "", "2019-06-30": "", "2019-03-31": "", "2018-12-31": "", "2018-09-30": "", "2018-06-30": "", "2018-03-31": "", "2017-12-31": "", "2017-09-30": "", "2017-06-30": "", "2017-03-31": "", "2016-12-31": "", "2016-09-30": "", "2016-06-30": "", "2016-03-31": "", "2015-12-31": "", "2015-09-30": "", "2015-06-30": "", "2015-03-31": "", "2014-12-31": "", "2014-09-30": "", "2014-06-30": "", "2014-03-31": "", "2013-12-31": "", "2013-09-30": "", "2013-06-30": "", "2013-03-31": "", "2012-12-31": "", "2012-11-30": "", "2012-09-30": "", "2012-08-31": "", "2012-06-30": "", "2012-05-31": "", "2012-03-31": "", "2012-02-29": "", "2011-11-30": "", "2011-08-31": "", "2011-05-31": "", "2011-02-28": "", "2010-11-30": "", "2010-08-31": "", "2010-05-31": "", "2010-02-28": "", "2009-11-30": "", "2009-08-31": "", "2009-05-31": "", "2009-02-28": "", "2008-11-30": "", "2008-08-31": "", "2008-05-31": "", "2008-02-29": "", "2007-11-30": "", "2007-08-31": "", "2007-05-31": "", "2007-03-31": "", "2007-02-28": "", "2006-11-30": "", "2006-09-30": "", "2006-08-31": "", "2006-06-30": "", "2006-05-31": ""}, "Total Long Term Liabilities": {"2020-12-31": "", "2020-09-30": "21841.00000", "2020-06-30": "23194.00000", "2020-03-31": "26098.00000", "2019-12-31": "25701.00000", "2019-09-30": "24454.00000", "2019-06-30": "25163.00000", "2019-03-31": "26276.00000", "2018-12-31": "27228.00000", "2018-09-30": "26998.00000", "2018-06-30": "26252.00000", "2018-03-31": "26244.00000", "2017-12-31": "26326.00000", "2017-09-30": "26737.00000", "2017-06-30": "26438.00000", "2017-03-31": "26823.00000", "2016-12-31": "25443.00000", "2016-09-30": "26830.00000", "2016-06-30": "24681.00000", "2016-03-31": "24752.00000", "2015-12-31": "24650.00000", "2015-09-30": "23800.00000", "2015-06-30": "24099.00000", "2015-03-31": "22924.00000", "2014-12-31": "22544.00000", "2014-09-30": "20918.00000", "2014-06-30": "20057.00000", "2014-03-31": "20182.00000", "2013-12-31": "20474.00000", "2013-09-30": "18665.00000", "2013-06-30": "18033.00000", "2013-03-31": "19230.00000", "2012-12-31": "17666.00000", "2012-11-30": "19729.00000", "2012-09-30": "", "2012-08-31": "19246.11000", "2012-06-30": "", "2012-05-31": "19023.91000", "2012-03-31": "", "2012-02-29": "18753.96000", "2011-11-30": "18287.18000", "2011-08-31": "17718.20000", "2011-05-31": "17938.51000", "2011-02-28": "18990.17000", "2010-11-30": "17705.73000", "2010-08-31": "17708.75000", "2010-05-31": "18311.13000", "2010-02-28": "22392.20000", "2009-11-30": "2428.10100", "2009-08-31": "1795.13400", "2009-05-31": "1427.04300", "2009-02-28": "1432.63100", "2008-11-30": "1735.38300", "2008-08-31": "1854.63500", "2008-05-31": "1890.44900", "2008-02-29": "4633.82900", "2007-11-30": "5232.56300", "2007-08-31": "2358.04400", "2007-05-31": "948.23200", "2007-03-31": "", "2007-02-28": "", "2006-11-30": "1507.57800", "2006-09-30": "", "2006-08-31": "", "2006-06-30": "", "2006-05-31": ""}, "Total Liabilities": {"2020-12-31": "102005.00000", "2020-09-30": "114097.00000", "2020-06-30": "104149.00000", "2020-03-31": "102992.00000", "2019-12-31": "102137.00000", "2019-09-30": "99069.00000", "2019-06-30": "99214.00000", "2019-03-31": "99461.00000", "2018-12-31": "98423.00000", "2018-09-30": "94826.00000", "2018-06-30": "91862.00000", "2018-03-31": "91096.00000", "2017-12-31": "89195.00000", "2017-09-30": "86421.00000", "2017-06-30": "82498.00000", "2017-03-31": "83530.00000", "2016-12-31": "80985.00000", "2016-09-30": "79194.00000", "2016-06-30": "76114.00000", "2016-03-31": "76777.00000", "2015-12-31": "75524.00000", "2015-09-30": "74308.00000", "2015-06-30": "73648.00000", "2015-03-31": "72967.00000", "2014-12-31": "71992.00000", "2014-09-30": "69295.00000", "2014-06-30": "67556.00000", "2014-03-31": "68563.00000", "2013-12-31": "68531.00000", "2013-09-30": "64942.00000", "2013-06-30": "64496.00000", "2013-03-31": "65840.00000", "2012-12-31": "63618.00000", "2012-11-30": "65505.00000", "2012-09-30": "", "2012-08-31": "64762.75000", "2012-06-30": "", "2012-05-31": "63184.55000", "2012-03-31": "", "2012-02-29": "61657.07000", "2011-11-30": "60541.73000", "2011-08-31": "57719.75000", "2011-05-31": "55914.23000", "2011-02-28": "56607.45000", "2010-11-30": "54328.12000", "2010-08-31": "53946.25000", "2010-05-31": "56115.41000", "2010-02-28": "59803.90000", "2009-11-30": "37585.44000", "2009-08-31": "34312.09000", "2009-05-31": "34102.65000", "2009-02-28": "34607.17000", "2008-11-30": "33976.56000", "2008-08-31": "31317.42000", "2008-05-31": "28383.85000", "2008-02-29": "31673.72000", "2007-11-30": "31776.68000", "2007-08-31": "30473.73000", "2007-05-31": "29892.28000", "2007-03-31": "", "2007-02-28": "", "2006-11-30": "23292.47000", "2006-09-30": "", "2006-08-31": "", "2006-06-30": "", "2006-05-31": ""}, "Common Stock Net": {"2020-12-31": "", "2020-09-30": "6.00000", "2020-06-30": "6.00000", "2020-03-31": "6.00000", "2019-12-31": "6.00000", "2019-09-30": "6.00000", "2019-06-30": "6.00000", "2019-03-31": "6.00000", "2018-12-31": "6.00000", "2018-09-30": "6.00000", "2018-06-30": "6.00000", "2018-03-31": "6.00000", "2017-12-31": "6.00000", "2017-09-30": "6.00000", "2017-06-30": "6.00000", "2017-03-31": "6.00000", "2016-12-31": "5.00000", "2016-09-30": "5.00000", "2016-06-30": "5.00000", "2016-03-31": "5.00000", "2015-12-31": "5.00000", "2015-09-30": "5.00000", "2015-06-30": "5.00000", "2015-03-31": "5.00000", "2014-12-31": "5.00000", "2014-09-30": "5.00000", "2014-06-30": "5.00000", "2014-03-31": "5.00000", "2013-12-31": "5.00000", "2013-09-30": "5.00000", "2013-06-30": "5.00000", "2013-03-31": "6.00000", "2012-12-31": "5.00000", "2012-11-30": "5.00000", "2012-09-30": "", "2012-08-31": "5.52600", "2012-06-30": "", "2012-05-31": "5.52300", "2012-03-31": "", "2012-02-29": "5.51500", "2011-11-30": "5.49700", "2011-08-31": "5.49500", "2011-05-31": "5.48400", "2011-02-28": "5.48000", "2010-11-30": "5.47100", "2010-08-31": "5.47000", "2010-05-31": "5.46200", "2010-02-28": "5.46000", "2009-11-30": "5.44800", "2009-08-31": "5.44600", "2009-05-31": "4.83100", "2009-02-28": "4.82800", "2008-11-30": "4.80500", "2008-08-31": "4.80200", "2008-05-31": "4.79600", "2008-02-29": "4.79300", "2007-11-30": "4.77700", "2007-08-31": "4.77300", "2007-05-31": "0.10000", "2007-03-31": "", "2007-02-28": "", "2006-11-30": "0.10000", "2006-09-30": "", "2006-08-31": "", "2006-06-30": "", "2006-05-31": ""}, "Retained Earnings (Accumulated Deficit)": {"2020-12-31": "", "2020-09-30": "19292.00000", "2020-06-30": "18673.00000", "2020-03-31": "19175.00000", "2019-12-31": "21290.00000", "2019-09-30": "20720.00000", "2019-06-30": "20107.00000", "2019-03-31": "19484.00000", "2018-12-31": "18906.00000", "2018-09-30": "18354.00000", "2018-06-30": "17787.00000", "2018-03-31": "17211.00000", "2017-12-31": "16687.00000", "2017-09-30": "16452.00000", "2017-06-30": "15989.00000", "2017-03-31": "15568.00000", "2016-12-31": "15130.00000", "2016-09-30": "14696.00000", "2016-06-30": "14188.00000", "2016-03-31": "13698.00000", "2015-12-31": "13250.00000", "2015-09-30": "12880.00000", "2015-06-30": "12400.00000", "2015-03-31": "11936.00000", "2014-12-31": "11467.00000", "2014-09-30": "11182.00000", "2014-06-30": "10659.00000", "2014-03-31": "10138.00000", "2013-12-31": "9611.00000", "2013-09-30": "9115.00000", "2013-06-30": "8629.00000", "2013-03-31": "8136.00000", "2012-12-31": "7472.00000", "2012-11-30": "7373.00000", "2012-09-30": "", "2012-08-31": "6877.99000", "2012-06-30": "", "2012-05-31": "6303.46600", "2012-03-31": "", "2012-02-29": "5820.60900", "2011-11-30": "5243.31800", "2011-08-31": "4763.18000", "2011-05-31": "4147.59800", "2011-02-28": "3580.33800", "2010-11-30": "3126.48800", "2010-08-31": "2787.82200", "2010-05-31": "2538.16400", "2010-02-28": "2362.68500", "2009-11-30": "3873.26200", "2009-08-31": "3705.60800", "2009-05-31": "3296.23400", "2009-02-28": "3136.97700", "2008-11-30": "3046.95600", "2008-08-31": "3116.81800", "2008-05-31": "2966.05300", "2008-02-29": "2761.15900", "2007-11-30": "2717.90500", "2007-08-31": "2803.53500", "2007-05-31": "2951.29500", "2007-03-31": "", "2007-02-28": "", "2006-11-30": "3008.42100", "2006-09-30": "", "2006-08-31": "", "2006-06-30": "", "2006-05-31": ""}, "Comprehensive Income": {"2020-12-31": "", "2020-09-30": "93.00000", "2020-06-30": "122.00000", "2020-03-31": "134.00000", "2019-12-31": "-119.00000", "2019-09-30": "-74.00000", "2019-06-30": "-83.00000", "2019-03-31": "-136.00000", "2018-12-31": "-156.00000", "2018-09-30": "-160.00000", "2018-06-30": "-162.00000", "2018-03-31": "-139.00000", "2017-12-31": "-152.00000", "2017-09-30": "-148.00000", "2017-06-30": "-150.00000", "2017-03-31": "-155.00000", "2016-12-31": "-161.00000", "2016-09-30": "-165.00000", "2016-06-30": "-174.00000", "2016-03-31": "-172.00000", "2015-12-31": "-160.00000", "2015-09-30": "-180.00000", "2015-06-30": "-160.00000", "2015-03-31": "-161.00000", "2014-12-31": "-138.00000", "2014-09-30": "-70.00000", "2014-06-30": "-72.00000", "2014-03-31": "-70.00000", "2013-12-31": "-68.00000", "2013-09-30": "-109.00000", "2013-06-30": "-107.00000", "2013-03-31": "-84.00000", "2012-12-31": "-72.00000", "2012-11-30": "-75.00000", "2012-09-30": "", "2012-08-31": "-31.32600", "2012-06-30": "", "2012-05-31": "-41.01600", "2012-03-31": "", "2012-02-29": "-48.60400", "2011-11-30": "-51.67900", "2011-08-31": "-19.97900", "2011-05-31": "-66.35800", "2011-02-28": "-106.27900", "2010-11-30": "-82.54800", "2010-08-31": "-82.29700", "2010-05-31": "-73.94000", "2010-02-28": "-74.03800", "2009-11-30": "-154.81800", "2009-08-31": "-24.97200", "2009-05-31": "-52.54200", "2009-02-28": "-66.07900", "2008-11-30": "-66.33800", "2008-08-31": "-38.98300", "2008-05-31": "-25.42900", "2008-02-29": "5.19100", "2007-11-30": "32.03200", "2007-08-31": "33.31200", "2007-05-31": "130.30400", "2007-03-31": "", "2007-02-28": "", "2006-11-30": "129.98600", "2006-09-30": "", "2006-08-31": "", "2006-06-30": "", "2006-05-31": ""}, "Other Share Holders Equity": {"2020-12-31": "", "2020-09-30": "", "2020-06-30": "", "2020-03-31": "", "2019-12-31": "", "2019-09-30": "", "2019-06-30": "", "2019-03-31": "", "2018-12-31": "", "2018-09-30": "", "2018-06-30": "", "2018-03-31": "", "2017-12-31": "", "2017-09-30": "", "2017-06-30": "", "2017-03-31": "", "2016-12-31": "", "2016-09-30": "", "2016-06-30": "", "2016-03-31": "", "2015-12-31": "", "2015-09-30": "", "2015-06-30": "", "2015-03-31": "", "2014-12-31": "", "2014-09-30": "", "2014-06-30": "", "2014-03-31": "", "2013-12-31": "", "2013-09-30": "", "2013-06-30": "", "2013-03-31": "", "2012-12-31": "", "2012-11-30": "", "2012-09-30": "", "2012-08-31": "", "2012-06-30": "", "2012-05-31": "", "2012-03-31": "", "2012-02-29": "", "2011-11-30": "", "2011-08-31": "", "2011-05-31": "", "2011-02-28": "", "2010-11-30": "", "2010-08-31": "", "2010-05-31": "", "2010-02-28": "", "2009-11-30": "", "2009-08-31": "", "2009-05-31": "", "2009-02-28": "", "2008-11-30": "", "2008-08-31": "", "2008-05-31": "", "2008-02-29": "", "2007-11-30": "", "2007-08-31": "", "2007-05-31": "", "2007-03-31": "", "2007-02-28": "", "2006-11-30": "", "2006-09-30": "", "2006-08-31": "", "2006-06-30": "", "2006-05-31": ""}, "Share Holder Equity": {"2020-12-31": "10884.00000", "2020-09-30": "10252.00000", "2020-06-30": "9643.00000", "2020-03-31": "9665.00000", "2019-12-31": "11859.00000", "2019-09-30": "11717.00000", "2019-06-30": "11493.00000", "2019-03-31": "11259.00000", "2018-12-31": "11130.00000", "2018-09-30": "11016.00000", "2018-06-30": "10889.00000", "2018-03-31": "10871.00000", "2017-12-31": "10892.00000", "2017-09-30": "11187.00000", "2017-06-30": "11259.00000", "2017-03-31": "11265.00000", "2016-12-31": "11323.00000", "2016-09-30": "11347.00000", "2016-06-30": "11397.00000", "2016-03-31": "11316.00000", "2015-12-31": "11275.00000", "2015-09-30": "11303.00000", "2015-06-30": "11263.00000", "2015-03-31": "11211.00000", "2014-12-31": "11134.00000", "2014-09-30": "11301.00000", "2014-06-30": "11381.00000", "2014-03-31": "11021.00000", "2013-12-31": "10809.00000", "2013-09-30": "10602.00000", "2013-06-30": "10448.00000", "2013-03-31": "10299.00000", "2012-12-31": "9873.00000", "2012-11-30": "9778.00000", "2012-09-30": "", "2012-08-31": "9145.91300", "2012-06-30": "", "2012-05-31": "8898.85800", "2012-03-31": "", "2012-02-29": "8828.95200", "2011-11-30": "8242.21100", "2011-08-31": "8005.91600", "2011-05-31": "7523.30000", "2011-02-28": "6899.16500", "2010-11-30": "6456.84600", "2010-08-31": "6111.29700", "2010-05-31": "6038.26700", "2010-02-28": "7015.04800", "2009-11-30": "8435.54700", "2009-08-31": "8386.20200", "2009-05-31": "7415.64000", "2009-02-28": "5999.35100", "2008-11-30": "5915.82300", "2008-08-31": "6000.39300", "2008-05-31": "5849.69100", "2008-02-29": "5654.34100", "2007-11-30": "5599.42200", "2007-08-31": "5667.28200", "2007-05-31": "5780.28400", "2007-03-31": "", "2007-02-28": "", "2006-11-30": "5774.77200", "2006-09-30": "", "2006-08-31": "", "2006-06-30": "", "2006-05-31": ""}, "Total Liabilities And Share Holders Equity": {"2020-12-31": "112889.00000", "2020-09-30": "124349.00000", "2020-06-30": "113792.00000", "2020-03-31": "112657.00000", "2019-12-31": "113996.00000", "2019-09-30": "110786.00000", "2019-06-30": "110707.00000", "2019-03-31": "110720.00000", "2018-12-31": "109553.00000", "2018-09-30": "105842.00000", "2018-06-30": "102751.00000", "2018-03-31": "101967.00000", "2017-12-31": "100087.00000", "2017-09-30": "97608.00000", "2017-06-30": "93757.00000", "2017-03-31": "94795.00000", "2016-12-31": "92308.00000", "2016-09-30": "90541.00000", "2016-06-30": "87511.00000", "2016-03-31": "88093.00000", "2015-12-31": "86799.00000", "2015-09-30": "85611.00000", "2015-06-30": "84911.00000", "2015-03-31": "84178.00000", "2014-12-31": "83126.00000", "2014-09-30": "80596.00000", "2014-06-30": "78937.00000", "2014-03-31": "79584.00000", "2013-12-31": "79340.00000", "2013-09-30": "75544.00000", "2013-06-30": "74944.00000", "2013-03-31": "76139.00000", "2012-12-31": "73491.00000", "2012-11-30": "75283.00000", "2012-09-30": "", "2012-08-31": "73908.66000", "2012-06-30": "", "2012-05-31": "72083.41000", "2012-03-31": "", "2012-02-29": "70486.02000", "2011-11-30": "68783.94000", "2011-08-31": "65725.66000", "2011-05-31": "63437.53000", "2011-02-28": "63506.61000", "2010-11-30": "60784.97000", "2010-08-31": "60057.55000", "2010-05-31": "62153.68000", "2010-02-28": "66818.95000", "2009-11-30": "46020.99000", "2009-08-31": "42698.29000", "2009-05-31": "41518.29000", "2009-02-28": "40606.52000", "2008-11-30": "39892.38000", "2008-08-31": "37317.82000", "2008-05-31": "34233.54000", "2008-02-29": "37328.06000", "2007-11-30": "37376.11000", "2007-08-31": "36141.01000", "2007-05-31": "35672.57000", "2007-03-31": "", "2007-02-28": "", "2006-11-30": "29067.24000", "2006-09-30": "", "2006-08-31": "", "2006-06-30": "", "2006-05-31": ""}}, "cash flow statement": {"Net Income/Loss": {"2020-12-31": "0.00000", "2019-12-31": "2957.00000", "2018-12-31": "2742.00000", "2017-12-31": "2099.00000", "2016-12-31": "2393.00000", "2015-12-31": "2297.00000", "2014-12-31": "2323.00000", "2013-12-31": "2470.00000", "2012-12-31": "0.00000", "2012-11-30": "2345.00000", "2011-11-30": "2227.00000", "2010-11-30": "765.00000", "2009-11-30": "1276.18500", "2008-11-30": "927.75000", "2007-11-30": "588.63000", "2006-12-31": "0.00000", "2006-11-30": "1076.61600", "2005-12-31": "0.00000", "2005-11-30": "577.91500"}, "Total Depreciation And Amortization - Cash Flow": {"2020-12-31": "", "2019-12-31": "15.00000", "2018-12-31": "32.00000", "2017-12-31": "-6.00000", "2016-12-31": "-44.00000", "2015-12-31": "-41.00000", "2014-12-31": "-105.00000", "2013-12-31": "-131.00000", "2012-12-31": "", "2012-11-30": "63.00000", "2011-11-30": "-9.00000", "2010-11-30": "-23.00000", "2009-11-30": "70.10800", "2008-11-30": "147.22400", "2007-11-30": "234.64700", "2006-12-31": "", "2006-11-30": "196.64800", "2005-12-31": "", "2005-11-30": "185.31300"}, "Other Non-Cash Items": {"2020-12-31": "", "2019-12-31": "3180.00000", "2018-12-31": "2928.00000", "2017-12-31": "2940.00000", "2016-12-31": "1972.00000", "2015-12-31": "1504.00000", "2014-12-31": "1718.00000", "2013-12-31": "1467.00000", "2012-12-31": "", "2012-11-30": "723.00000", "2011-11-30": "1069.00000", "2010-11-30": "3340.00000", "2009-11-30": "2360.33400", "2008-11-30": "1622.92600", "2007-11-30": "1170.18800", "2006-12-31": "", "2006-11-30": "831.95100", "2005-12-31": "", "2005-11-30": "834.87810"}, "Total Non-Cash Items": {"2020-12-31": "", "2019-12-31": "3195.00000", "2018-12-31": "2960.00000", "2017-12-31": "2934.00000", "2016-12-31": "1928.00000", "2015-12-31": "1463.00000", "2014-12-31": "1613.00000", "2013-12-31": "1336.00000", "2012-12-31": "", "2012-11-30": "786.00000", "2011-11-30": "1060.00000", "2010-11-30": "3317.00000", "2009-11-30": "2430.44200", "2008-11-30": "1770.15000", "2007-11-30": "1404.83500", "2006-12-31": "", "2006-11-30": "1028.59900", "2005-12-31": "", "2005-11-30": "1020.19100"}, "Change In Accounts Receivable": {"2020-12-31": "", "2019-12-31": "37.00000", "2018-12-31": "45.00000", "2017-12-31": "55.00000", "2016-12-31": "57.00000", "2015-12-31": "169.00000", "2014-12-31": "55.00000", "2013-12-31": "232.00000", "2012-12-31": "", "2012-11-30": "-327.00000", "2011-11-30": "-5.00000", "2010-11-30": "24.00000", "2009-11-30": "", "2008-11-30": "", "2007-11-30": "3.74700", "2006-12-31": "", "2006-11-30": "-1.51300", "2005-12-31": "", "2005-11-30": "2.64300"}, "Change In Inventories": {"2020-12-31": "", "2019-12-31": "", "2018-12-31": "", "2017-12-31": "", "2016-12-31": "", "2015-12-31": "", "2014-12-31": "", "2013-12-31": "", "2012-12-31": "", "2012-11-30": "", "2011-11-30": "", "2010-11-30": "", "2009-11-30": "", "2008-11-30": "", "2007-11-30": "", "2006-12-31": "", "2006-11-30": "", "2005-12-31": "", "2005-11-30": ""}, "Change In Accounts Payable": {"2020-12-31": "", "2019-12-31": "", "2018-12-31": "", "2017-12-31": "", "2016-12-31": "", "2015-12-31": "", "2014-12-31": "", "2013-12-31": "", "2012-12-31": "", "2012-11-30": "", "2011-11-30": "", "2010-11-30": "", "2009-11-30": "", "2008-11-30": "", "2007-11-30": "", "2006-12-31": "", "2006-11-30": "", "2005-12-31": "", "2005-11-30": ""}, "Change In Assets/Liabilities": {"2020-12-31": "", "2019-12-31": "-202.00000", "2018-12-31": "-7.00000", "2017-12-31": "-502.00000", "2016-12-31": "-187.00000", "2015-12-31": "-237.00000", "2014-12-31": "-238.00000", "2013-12-31": "-252.00000", "2012-12-31": "", "2012-11-30": "-112.00000", "2011-11-30": "-22.00000", "2010-11-30": "-201.00000", "2009-11-30": "436.82500", "2008-11-30": "633.49100", "2007-11-30": "-50.14200", "2006-12-31": "", "2006-11-30": "-429.84400", "2005-12-31": "", "2005-11-30": "57.22400"}, "Total Change In Assets/Liabilities": {"2020-12-31": "", "2019-12-31": "44.00000", "2018-12-31": "-511.00000", "2017-12-31": "175.00000", "2016-12-31": "104.00000", "2015-12-31": "94.00000", "2014-12-31": "-110.00000", "2013-12-31": "-289.00000", "2012-12-31": "", "2012-11-30": "-90.00000", "2011-11-30": "311.00000", "2010-11-30": "136.00000", "2009-11-30": "-108.73500", "2008-11-30": "1806.25900", "2007-11-30": "44.56000", "2006-12-31": "", "2006-11-30": "-384.42800", "2005-12-31": "", "2005-11-30": "37.96800"}, "Cash Flow From Operating Activities": {"2020-12-31": "", "2019-12-31": "6196.00000", "2018-12-31": "5191.00000", "2017-12-31": "5208.00000", "2016-12-31": "4425.00000", "2015-12-31": "3854.00000", "2014-12-31": "3826.00000", "2013-12-31": "3517.00000", "2012-12-31": "", "2012-11-30": "3041.00000", "2011-11-30": "3598.00000", "2010-11-30": "4218.00000", "2009-11-30": "3597.89200", "2008-11-30": "4504.15900", "2007-11-30": "2038.02500", "2006-12-31": "", "2006-11-30": "1720.78700", "2005-12-31": "", "2005-11-30": "1636.07400"}, "Net Change In Property, Plant, And Equipment": {"2020-12-31": "", "2019-12-31": "-284.00000", "2018-12-31": "-254.00000", "2017-12-31": "-218.00000", "2016-12-31": "-179.00000", "2015-12-31": "-167.00000", "2014-12-31": "-145.00000", "2013-12-31": "-231.00000", "2012-12-31": "", "2012-11-30": "-143.00000", "2011-11-30": "-108.00000", "2010-11-30": "-55.00000", "2009-11-30": "-52.54400", "2008-11-30": "-93.53200", "2007-11-30": "-118.26500", "2006-12-31": "", "2006-11-30": "-144.15100", "2005-12-31": "", "2005-11-30": "-97.96300"}, "Net Change In Intangible Assets": {"2020-12-31": "", "2019-12-31": "", "2018-12-31": "", "2017-12-31": "", "2016-12-31": "", "2015-12-31": "", "2014-12-31": "", "2013-12-31": "", "2012-12-31": "", "2012-11-30": "", "2011-11-30": "", "2010-11-30": "", "2009-11-30": "", "2008-11-30": "", "2007-11-30": "", "2006-12-31": "", "2006-11-30": "", "2005-12-31": "", "2005-11-30": ""}, "Net Acquisitions/Divestitures": {"2020-12-31": "", "2019-12-31": "", "2018-12-31": "", "2017-12-31": "", "2016-12-31": "", "2015-12-31": "2.00000", "2014-12-31": "", "2013-12-31": "", "2012-12-31": "", "2012-11-30": "", "2011-11-30": "-401.00000", "2010-11-30": "", "2009-11-30": "", "2008-11-30": "-90.74900", "2007-11-30": "-5.00000", "2006-12-31": "", "2006-11-30": "-1924.49100", "2005-12-31": "", "2005-11-30": "-323.42600"}, "Net Change In Short-term Investments": {"2020-12-31": "", "2019-12-31": "0.00000", "2018-12-31": "", "2017-12-31": "", "2016-12-31": "", "2015-12-31": "", "2014-12-31": "", "2013-12-31": "", "2012-12-31": "", "2012-11-30": "", "2011-11-30": "375.00000", "2010-11-30": "975.00000", "2009-11-30": "-1350.00000", "2008-11-30": "0.00000", "2007-11-30": "", "2006-12-31": "", "2006-11-30": "", "2005-12-31": "", "2005-11-30": ""}, "Net Change In Long-Term Investments": {"2020-12-31": "", "2019-12-31": "-7146.00000", "2018-12-31": "-1845.00000", "2017-12-31": "128.00000", "2016-12-31": "1259.00000", "2015-12-31": "769.00000", "2014-12-31": "967.00000", "2013-12-31": "1011.00000", "2012-12-31": "", "2012-11-30": "131.00000", "2011-11-30": "-1137.00000", "2010-11-30": "-4541.00000", "2009-11-30": "-253.94890", "2008-11-30": "-82.12100", "2007-11-30": "-142.51900", "2006-12-31": "", "2006-11-30": "-66.10300", "2005-12-31": "", "2005-11-30": "-5.10700"}, "Net Change In Investments - Total": {"2020-12-31": "", "2019-12-31": "-7146.00000", "2018-12-31": "-1845.00000", "2017-12-31": "128.00000", "2016-12-31": "1259.00000", "2015-12-31": "769.00000", "2014-12-31": "967.00000", "2013-12-31": "1011.00000", "2012-12-31": "", "2012-11-30": "131.00000", "2011-11-30": "-762.00000", "2010-11-30": "-3566.00000", "2009-11-30": "-1603.94900", "2008-11-30": "-82.12100", "2007-11-30": "-142.51900", "2006-12-31": "", "2006-11-30": "-66.10300", "2005-12-31": "", "2005-11-30": "-5.10700"}, "Investing Activities - Other": {"2020-12-31": "", "2019-12-31": "-7844.00000", "2018-12-31": "-8480.00000", "2017-12-31": "-8701.00000", "2016-12-31": "-5978.00000", "2015-12-31": "-3472.00000", "2014-12-31": "-5019.00000", "2013-12-31": "-3943.00000", "2012-12-31": "", "2012-11-30": "-5681.00000", "2011-11-30": "-6839.00000", "2010-11-30": "-1447.00000", "2009-11-30": "-4504.28700", "2008-11-30": "-5864.56000", "2007-11-30": "-1329.36100", "2006-12-31": "", "2006-11-30": "110.91510", "2005-12-31": "", "2005-11-30": "-3883.32100"}, "Cash Flow From Investing Activities": {"2020-12-31": "", "2019-12-31": "-15274.00000", "2018-12-31": "-10579.00000", "2017-12-31": "-8791.00000", "2016-12-31": "-4898.00000", "2015-12-31": "-2868.00000", "2014-12-31": "-4197.00000", "2013-12-31": "-3163.00000", "2012-12-31": "", "2012-11-30": "-5693.00000", "2011-11-30": "-8110.00000", "2010-11-30": "-5068.00000", "2009-11-30": "-6160.78000", "2008-11-30": "-6130.96200", "2007-11-30": "-1595.14500", "2006-12-31": "", "2006-11-30": "-2023.83000", "2005-12-31": "", "2005-11-30": "-4309.81700"}, "Net Long-Term Debt": {"2020-12-31": "", "2019-12-31": "-1714.00000", "2018-12-31": "796.00000", "2017-12-31": "823.00000", "2016-12-31": "773.00000", "2015-12-31": "2130.00000", "2014-12-31": "2017.00000", "2013-12-31": "2756.00000", "2012-12-31": "", "2012-11-30": "2085.00000", "2011-11-30": "-2406.00000", "2010-11-30": "-7144.00000", "2009-11-30": "693.98300", "2008-11-30": "-397.60600", "2007-11-30": "616.67990", "2006-12-31": "", "2006-11-30": "593.07000", "2005-12-31": "", "2005-11-30": "-321.24200"}, "Net Current Debt": {"2020-12-31": "", "2019-12-31": "", "2018-12-31": "", "2017-12-31": "", "2016-12-31": "", "2015-12-31": "-113.00000", "2014-12-31": "-27.00000", "2013-12-31": "-231.00000", "2012-12-31": "", "2012-11-30": "234.00000", "2011-11-30": "50.00000", "2010-11-30": "", "2009-11-30": "-500.00000", "2008-11-30": "-259.31400", "2007-11-30": "-3895.60000", "2006-12-31": "", "2006-11-30": "3258.90800", "2005-12-31": "", "2005-11-30": "-380.17300"}, "Debt Issuance/Retirement Net - Total": {"2020-12-31": "", "2019-12-31": "-1714.00000", "2018-12-31": "796.00000", "2017-12-31": "823.00000", "2016-12-31": "773.00000", "2015-12-31": "2017.00000", "2014-12-31": "1990.00000", "2013-12-31": "2525.00000", "2012-12-31": "", "2012-11-30": "2319.00000", "2011-11-30": "-2356.00000", "2010-11-30": "-7144.00000", "2009-11-30": "193.98300", "2008-11-30": "-656.92000", "2007-11-30": "-3278.92000", "2006-12-31": "", "2006-11-30": "3851.97800", "2005-12-31": "", "2005-11-30": "-701.41500"}, "Net Common Equity Issued/Repurchased": {"2020-12-31": "", "2019-12-31": "-1761.00000", "2018-12-31": "-2059.00000", "2017-12-31": "-2076.00000", "2016-12-31": "-1901.00000", "2015-12-31": "-1710.00000", "2014-12-31": "-1559.00000", "2013-12-31": "-1283.00000", "2012-12-31": "", "2012-11-30": "-1190.00000", "2011-11-30": "-413.00000", "2010-11-30": "-179.00000", "2009-11-30": "522.43700", "2008-11-30": "-6.83800", "2007-11-30": "-1.41900", "2006-12-31": "", "2006-11-30": "", "2005-12-31": "", "2005-11-30": ""}, "Net Total Equity Issued/Repurchased": {"2020-12-31": "", "2019-12-31": "-1761.00000", "2018-12-31": "-2059.00000", "2017-12-31": "-2088.00000", "2016-12-31": "-1901.00000", "2015-12-31": "-1710.00000", "2014-12-31": "-1559.00000", "2013-12-31": "-1283.00000", "2012-12-31": "", "2012-11-30": "-630.00000", "2011-11-30": "-413.00000", "2010-11-30": "-1404.00000", "2009-11-30": "1746.99500", "2008-11-30": "-6.83800", "2007-11-30": "-1.41900", "2006-12-31": "", "2006-11-30": "", "2005-12-31": "", "2005-11-30": ""}, "Total Common And Preferred Stock Dividends Paid": {"2020-12-31": "", "2019-12-31": "-573.00000", "2018-12-31": "-552.00000", "2017-12-31": "-527.00000", "2016-12-31": "-514.00000", "2015-12-31": "-515.00000", "2014-12-31": "-467.00000", "2013-12-31": "-399.00000", "2012-12-31": "", "2012-11-30": "-209.00000", "2011-11-30": "-110.00000", "2010-11-30": "-845.00000", "2009-11-30": "-101.03400", "2008-11-30": "-116.95600", "2007-11-30": "-879.14600", "2006-12-31": "", "2006-11-30": "-500.00000", "2005-12-31": "", "2005-11-30": ""}, "Financial Activities - Other": {"2020-12-31": "", "2019-12-31": "4945.00000", "2018-12-31": "8961.00000", "2017-12-31": "6753.00000", "2016-12-31": "4453.00000", "2015-12-31": "1510.00000", "2014-12-31": "1137.00000", "2013-12-31": "2773.00000", "2012-12-31": "", "2012-11-30": "2248.00000", "2011-11-30": "5142.00000", "2010-11-30": "2321.00000", "2009-11-30": "3572.52000", "2008-11-30": "3816.15700", "2007-11-30": "11618.48000", "2006-12-31": "", "2006-11-30": "-2730.72300", "2005-12-31": "", "2005-11-30": "3127.61100"}, "Cash Flow From Financial Activities": {"2020-12-31": "", "2019-12-31": "897.00000", "2018-12-31": "7146.00000", "2017-12-31": "4961.00000", "2016-12-31": "2811.00000", "2015-12-31": "1302.00000", "2014-12-31": "1101.00000", "2013-12-31": "3616.00000", "2012-12-31": "", "2012-11-30": "3728.00000", "2011-11-30": "2263.00000", "2010-11-30": "-7072.00000", "2009-11-30": "5412.46400", "2008-11-30": "3035.44300", "2007-11-30": "7458.99300", "2006-12-31": "", "2006-11-30": "621.25500", "2005-12-31": "", "2005-11-30": "2426.19600"}, "Net Cash Flow": {"2020-12-31": "", "2019-12-31": "-8181.00000", "2018-12-31": "1758.00000", "2017-12-31": "1378.00000", "2016-12-31": "2338.00000", "2015-12-31": "2288.00000", "2014-12-31": "730.00000", "2013-12-31": "3970.00000", "2012-12-31": "", "2012-11-30": "1076.00000", "2011-11-30": "-2249.00000", "2010-11-30": "-7922.00000", "2009-11-30": "2849.57600", "2008-11-30": "1384.04800", "2007-11-30": "7912.73800", "2006-12-31": "", "2006-11-30": "318.87500", "2005-12-31": "", "2005-11-30": "-249.13000"}, "Stock-Based Compensation": {"2020-12-31": "", "2019-12-31": "", "2018-12-31": "", "2017-12-31": "", "2016-12-31": "", "2015-12-31": "", "2014-12-31": "", "2013-12-31": "", "2012-12-31": "", "2012-11-30": "47.00000", "2011-11-30": "44.00000", "2010-11-30": "37.00000", "2009-11-30": "44.24900", "2008-11-30": "92.55800", "2007-11-30": "35.71000", "2006-12-31": "", "2006-11-30": "", "2005-12-31": "", "2005-11-30": ""}, "Common Stock Dividends Paid": {"2020-12-31": "", "2019-12-31": "-573.00000", "2018-12-31": "-552.00000", "2017-12-31": "-527.00000", "2016-12-31": "-514.00000", "2015-12-31": "-515.00000", "2014-12-31": "-467.00000", "2013-12-31": "-399.00000", "2012-12-31": "", "2012-11-30": "-209.00000", "2011-11-30": "-110.00000", "2010-11-30": "-845.00000", "2009-11-30": "-101.03400", "2008-11-30": "-116.95600", "2007-11-30": "-879.14600", "2006-12-31": "", "2006-11-30": "-500.00000", "2005-12-31": "", "2005-11-30": ""}}, "cash flow statement, quarterly": {"Net Income/Loss": {"2020-12-31": -342, "2020-09-30": 771, "2020-06-30": -368, "2020-03-31": "-61.00000", "2019-12-31": 708, "2019-09-30": 770, "2019-06-30": 753, "2019-03-31": "726.00000", "2018-12-31": 687, "2018-09-30": 720, "2018-06-30": 669, "2018-03-31": "666.00000", "2017-12-31": 387, "2017-09-30": 602, "2017-06-30": 546, "2017-03-31": "564.00000", "2016-12-31": 563, "2016-09-30": 639, "2016-06-30": 616, "2016-03-31": "575.00000", "2015-12-31": 500, "2015-09-30": 612, "2015-06-30": 599, "2015-03-31": "586.00000", "2014-12-31": 404, "2014-09-30": 644, "2014-06-30": 644, "2014-03-31": "631.00000", "2013-12-31": 602, "2013-09-30": 593, "2013-06-30": 602, "2013-03-31": "673.00000", "2012-12-31": 0, "2012-11-30": -1812, "2012-09-30": 17.717, "2012-08-31": 619.283, "2012-06-30": 7.403, "2012-05-31": 517.597, "2012-03-31": "650.00000", "2012-02-29": "631.00600", "2011-11-30": -1714.129, "2011-08-31": 648.818, "2011-05-31": 600.419, "2011-02-28": "464.89200", "2010-11-30": -415.146, "2010-08-31": 260.617, "2010-05-31": 258.067, "2010-02-28": "-103.53800", "2009-11-30": -923.648, "2009-08-31": 577.454, "2009-05-31": 225.8, "2009-02-28": "120.39400", "2008-11-30": -495.415, "2008-08-31": 180.053, "2008-05-31": 234.148, "2008-02-29": "81.21400", "2007-11-30": -645.114, "2007-08-31": 202.24, "2007-05-31": 442.874, "2007-03-31": "0.00000", "2007-02-28": "233.63200", "2006-11-30": 0, "2006-09-30": -890.094, "2006-08-31": 890.094, "2006-06-30": -648.701, "2006-05-31": 648.701}, "Total Depreciation And Amortization - Cash Flow": {"2020-12-31": -117, "2020-09-30": 36, "2020-06-30": 44, "2020-03-31": "37.00000", "2019-12-31": 11, "2019-09-30": 3, "2019-06-30": 3, "2019-03-31": "-2.00000", "2018-12-31": 8, "2018-09-30": 6, "2018-06-30": 12, "2018-03-31": "6.00000", "2017-12-31": 4, "2017-09-30": -3, "2017-06-30": -2, "2017-03-31": "-5.00000", "2016-12-31": -8, "2016-09-30": -14, "2016-06-30": -8, "2016-03-31": "-14.00000", "2015-12-31": -3, "2015-09-30": -10, "2015-06-30": -10, "2015-03-31": "-18.00000", "2014-12-31": -21, "2014-09-30": -26, "2014-06-30": -29, "2014-03-31": "-29.00000", "2013-12-31": -235, "2013-09-30": 35, "2013-06-30": 49, "2013-03-31": "20.00000", "2012-12-31": 0, "2012-11-30": -74, "2012-09-30": 260.004, "2012-08-31": -214.004, "2012-06-30": 157.606, "2012-05-31": -140.606, "2012-03-31": "11.00000", "2012-02-29": "-68.49100", "2011-11-30": 160.362, "2011-08-31": -27.095, "2011-05-31": -73.922, "2011-02-28": "-59.34500", "2010-11-30": 11.415, "2010-08-31": -3.628, "2010-05-31": -8.148, "2010-02-28": "0.36100", "2009-11-30": -57.829, "2009-08-31": 17.345, "2009-05-31": 16.266, "2009-02-28": "24.21800", "2008-11-30": -128.59, "2008-08-31": 21.518, "2008-05-31": 52.078, "2008-02-29": "54.99400", "2007-11-30": -177.262, "2007-08-31": 62.123, "2007-05-31": 115.139, "2007-03-31": "", "2007-02-28": "56.35000", "2006-11-30": 0, "2006-09-30": -139.956, "2006-08-31": 139.956, "2006-06-30": -92.114, "2006-05-31": 92.114}, "Other Non-Cash Items": {"2020-12-31": -4050, "2020-09-30": 660, "2020-06-30": 1813, "2020-03-31": "1577.00000", "2019-12-31": 791, "2019-09-30": 804, "2019-06-30": 777, "2019-03-31": "808.00000", "2018-12-31": 782, "2018-09-30": 746, "2018-06-30": 745, "2018-03-31": "655.00000", "2017-12-31": 1040, "2017-09-30": 687, "2017-06-30": 616, "2017-03-31": "597.00000", "2016-12-31": 572, "2016-09-30": 404, "2016-06-30": 568, "2016-03-31": "428.00000", "2015-12-31": 458, "2015-09-30": 335, "2015-06-30": 329, "2015-03-31": "382.00000", "2014-12-31": 610, "2014-09-30": 396, "2014-06-30": 399, "2014-03-31": "313.00000", "2013-12-31": 731, "2013-09-30": 277, "2013-06-30": 231, "2013-03-31": "228.00000", "2012-12-31": 0, "2012-11-30": -423, "2012-09-30": -290.363, "2012-08-31": 368.363, "2012-06-30": -193.657, "2012-05-31": 411.657, "2012-03-31": "127.00000", "2012-02-29": "254.30100", "2011-11-30": -1069.254, "2011-08-31": 262.473, "2011-05-31": 280.621, "2011-02-28": "526.16000", "2010-11-30": -2899.519, "2010-08-31": 782.414, "2010-05-31": 819.671, "2010-02-28": "1297.43400", "2009-11-30": -1864.212, "2009-08-31": 508.099, "2009-05-31": 614.863, "2009-02-28": "741.25000", "2008-11-30": -1084.435, "2008-08-31": 323.463, "2008-05-31": 188.889, "2008-02-29": "572.08300", "2007-11-30": -584.375, "2007-08-31": 192.477, "2007-05-31": 391.898, "2007-03-31": "", "2007-02-28": "212.75400", "2006-11-30": 0, "2006-09-30": -542.602, "2006-08-31": 542.602, "2006-06-30": -350.297, "2006-05-31": 350.297}, "Total Non-Cash Items": {"2020-12-31": -4167, "2020-09-30": 696, "2020-06-30": 1857, "2020-03-31": "1614.00000", "2019-12-31": 802, "2019-09-30": 807, "2019-06-30": 780, "2019-03-31": "806.00000", "2018-12-31": 790, "2018-09-30": 752, "2018-06-30": 757, "2018-03-31": "661.00000", "2017-12-31": 1044, "2017-09-30": 684, "2017-06-30": 614, "2017-03-31": "592.00000", "2016-12-31": 564, "2016-09-30": 390, "2016-06-30": 560, "2016-03-31": "414.00000", "2015-12-31": 455, "2015-09-30": 325, "2015-06-30": 319, "2015-03-31": "364.00000", "2014-12-31": 589, "2014-09-30": 370, "2014-06-30": 370, "2014-03-31": "284.00000", "2013-12-31": 496, "2013-09-30": 312, "2013-06-30": 280, "2013-03-31": "248.00000", "2012-12-31": 0, "2012-11-30": -497, "2012-09-30": -30.359, "2012-08-31": 154.359, "2012-06-30": -36.051, "2012-05-31": 271.051, "2012-03-31": "138.00000", "2012-02-29": "185.81000", "2011-11-30": -908.892, "2011-08-31": 235.378, "2011-05-31": 206.699, "2011-02-28": "466.81500", "2010-11-30": -2888.104, "2010-08-31": 778.786, "2010-05-31": 811.523, "2010-02-28": "1297.79500", "2009-11-30": -1922.041, "2009-08-31": 525.444, "2009-05-31": 631.129, "2009-02-28": "765.46800", "2008-11-30": -1213.025, "2008-08-31": 344.981, "2008-05-31": 240.967, "2008-02-29": "627.07700", "2007-11-30": -761.637, "2007-08-31": 254.6, "2007-05-31": 507.037, "2007-03-31": "", "2007-02-28": "269.10400", "2006-11-30": 0, "2006-09-30": -682.558, "2006-08-31": 682.558, "2006-06-30": -442.411, "2006-05-31": 442.411}, "Change In Accounts Receivable": {"2020-12-31": 0, "2020-09-30": 51, "2020-06-30": -28, "2020-03-31": "-23.00000", "2019-12-31": 37, "2019-09-30": -21, "2019-06-30": 11, "2019-03-31": "10.00000", "2018-12-31": 45, "2018-09-30": -22, "2018-06-30": 11, "2018-03-31": "11.00000", "2017-12-31": 55, "2017-09-30": -27, "2017-06-30": 13, "2017-03-31": "14.00000", "2016-12-31": 17, "2016-09-30": 14, "2016-06-30": 13, "2016-03-31": "13.00000", "2015-12-31": 14, "2015-09-30": 174, "2015-06-30": 44, "2015-03-31": "-63.00000", "2014-12-31": 38, "2014-09-30": -12, "2014-06-30": 8, "2014-03-31": "21.00000", "2013-12-31": 7, "2013-09-30": 154, "2013-06-30": 29, "2013-03-31": "42.00000", "2012-12-31": 0, "2012-11-30": 273, "2012-09-30": 7.403, "2012-08-31": -175.403, "2012-06-30": -105.514, "2012-05-31": -0.486, "2012-03-31": "1.00000", "2012-02-29": "0.51800", "2011-11-30": 6.154, "2011-08-31": -0.069, "2011-05-31": -6.085, "2011-02-28": "", "2010-11-30": 118.996, "2010-08-31": -20.331, "2010-05-31": -98.665, "2010-02-28": "", "2009-11-30": 0, "2009-08-31": 0, "2009-05-31": 0, "2009-02-28": "", "2008-11-30": 0, "2008-08-31": 0, "2008-05-31": 0, "2008-02-29": "", "2007-11-30": 2.05, "2007-08-31": -1.67, "2007-05-31": -0.38, "2007-03-31": "", "2007-02-28": "1.08900", "2006-11-30": 0, "2006-09-30": 5.648, "2006-08-31": -5.648, "2006-06-30": 18.408, "2006-05-31": -18.408}, "Change In Inventories": {"2020-12-31": 0, "2020-09-30": 0, "2020-06-30": 0, "2020-03-31": "", "2019-12-31": 0, "2019-09-30": 0, "2019-06-30": 0, "2019-03-31": "", "2018-12-31": 0, "2018-09-30": 0, "2018-06-30": 0, "2018-03-31": "", "2017-12-31": 0, "2017-09-30": 0, "2017-06-30": 0, "2017-03-31": "", "2016-12-31": 0, "2016-09-30": 0, "2016-06-30": 0, "2016-03-31": "", "2015-12-31": 0, "2015-09-30": 0, "2015-06-30": 0, "2015-03-31": "", "2014-12-31": 0, "2014-09-30": 0, "2014-06-30": 0, "2014-03-31": "", "2013-12-31": 0, "2013-09-30": 0, "2013-06-30": 0, "2013-03-31": "", "2012-12-31": 0, "2012-11-30": 0, "2012-09-30": 0, "2012-08-31": 0, "2012-06-30": 0, "2012-05-31": 0, "2012-03-31": "", "2012-02-29": "", "2011-11-30": 0, "2011-08-31": 0, "2011-05-31": 0, "2011-02-28": "", "2010-11-30": 0, "2010-08-31": 0, "2010-05-31": 0, "2010-02-28": "", "2009-11-30": 0, "2009-08-31": 0, "2009-05-31": 0, "2009-02-28": "", "2008-11-30": 0, "2008-08-31": 0, "2008-05-31": 0, "2008-02-29": "", "2007-11-30": 0, "2007-08-31": 0, "2007-05-31": 0, "2007-03-31": "", "2007-02-28": "", "2006-11-30": 0, "2006-09-30": 0, "2006-08-31": 0, "2006-06-30": 0, "2006-05-31": 0}, "Change In Accounts Payable": {"2020-12-31": 0, "2020-09-30": 0, "2020-06-30": 0, "2020-03-31": "", "2019-12-31": 0, "2019-09-30": 0, "2019-06-30": 0, "2019-03-31": "", "2018-12-31": 0, "2018-09-30": 0, "2018-06-30": 0, "2018-03-31": "", "2017-12-31": 0, "2017-09-30": 0, "2017-06-30": 0, "2017-03-31": "", "2016-12-31": 0, "2016-09-30": 0, "2016-06-30": 0, "2016-03-31": "", "2015-12-31": 0, "2015-09-30": 0, "2015-06-30": 0, "2015-03-31": "", "2014-12-31": 0, "2014-09-30": 0, "2014-06-30": 0, "2014-03-31": "", "2013-12-31": 0, "2013-09-30": 0, "2013-06-30": 0, "2013-03-31": "", "2012-12-31": 0, "2012-11-30": 0, "2012-09-30": 0, "2012-08-31": 0, "2012-06-30": 0, "2012-05-31": 0, "2012-03-31": "", "2012-02-29": "", "2011-11-30": 0, "2011-08-31": 0, "2011-05-31": 0, "2011-02-28": "", "2010-11-30": 0, "2010-08-31": 0, "2010-05-31": 0, "2010-02-28": "", "2009-11-30": 0, "2009-08-31": 0, "2009-05-31": 0, "2009-02-28": "", "2008-11-30": 0, "2008-08-31": 0, "2008-05-31": 0, "2008-02-29": "", "2007-11-30": 0, "2007-08-31": 0, "2007-05-31": 0, "2007-03-31": "", "2007-02-28": "", "2006-11-30": 0, "2006-09-30": 0, "2006-08-31": 0, "2006-06-30": 0, "2006-05-31": 0}, "Change In Assets/Liabilities": {"2020-12-31": -212, "2020-09-30": -176, "2020-06-30": -41, "2020-03-31": "429.00000", "2019-12-31": -169, "2019-09-30": -10, "2019-06-30": 6, "2019-03-31": "-29.00000", "2018-12-31": -50, "2018-09-30": -147, "2018-06-30": -61, "2018-03-31": "251.00000", "2017-12-31": -443, "2017-09-30": -62, "2017-06-30": -178, "2017-03-31": "181.00000", "2016-12-31": -291, "2016-09-30": 15, "2016-06-30": 122, "2016-03-31": "-33.00000", "2015-12-31": -92, "2015-09-30": -70, "2015-06-30": -35, "2015-03-31": "-40.00000", "2014-12-31": -144, "2014-09-30": -24, "2014-06-30": -29, "2014-03-31": "-41.00000", "2013-12-31": -140, "2013-09-30": -26, "2013-06-30": 2, "2013-03-31": "-88.00000", "2012-12-31": 0, "2012-11-30": 201, "2012-09-30": -71.339, "2012-08-31": -63.661, "2012-06-30": 50.869, "2012-05-31": -100.869, "2012-03-31": "-16.00000", "2012-02-29": "5.45000", "2011-11-30": -32.339, "2011-08-31": -25.723, "2011-05-31": 101.795, "2011-02-28": "-43.73300", "2010-11-30": 230.385, "2010-08-31": 29.885, "2010-05-31": -90.219, "2010-02-28": "-170.05100", "2009-11-30": -205.847, "2009-08-31": -202.856, "2009-05-31": 12.826, "2009-02-28": "395.87700", "2008-11-30": -261.646, "2008-08-31": -23.742, "2008-05-31": 212.197, "2008-02-29": "73.19100", "2007-11-30": 315.816, "2007-08-31": 187.276, "2007-05-31": -503.092, "2007-03-31": "", "2007-02-28": "-194.36100", "2006-11-30": 0, "2006-09-30": 444.947, "2006-08-31": -444.947, "2006-06-30": 480.135, "2006-05-31": -480.135}, "Total Change In Assets/Liabilities": {"2020-12-31": -54, "2020-09-30": -171, "2020-06-30": 98, "2020-03-31": "127.00000", "2019-12-31": -46, "2019-09-30": -758, "2019-06-30": 45, "2019-03-31": "803.00000", "2018-12-31": -716, "2018-09-30": 134, "2018-06-30": 160, "2018-03-31": "-89.00000", "2017-12-31": 193, "2017-09-30": 266, "2017-06-30": -141, "2017-03-31": "-143.00000", "2016-12-31": 165, "2016-09-30": 288, "2016-06-30": -518, "2016-03-31": "169.00000", "2015-12-31": 89, "2015-09-30": 210, "2015-06-30": -318, "2015-03-31": "113.00000", "2014-12-31": 7, "2014-09-30": 41, "2014-06-30": -372, "2014-03-31": "214.00000", "2013-12-31": -116, "2013-09-30": -457, "2013-06-30": -287, "2013-03-31": "571.00000", "2012-12-31": 0, "2012-11-30": -217, "2012-09-30": 379.438, "2012-08-31": -126.438, "2012-06-30": 37.876, "2012-05-31": 9.124, "2012-03-31": "-83.00000", "2012-02-29": "193.85600", "2011-11-30": -133.093, "2011-08-31": -346.521, "2011-05-31": 153.678, "2011-02-28": "325.93600", "2010-11-30": 596.488, "2010-08-31": -776.448, "2010-05-31": 239.115, "2010-02-28": "-59.15500", "2009-11-30": 249.54, "2009-08-31": -420.327, "2009-05-31": 528.27, "2009-02-28": "-357.48300", "2008-11-30": -1164.66, "2008-08-31": 781.8, "2008-05-31": 269.514, "2008-02-29": "113.34600", "2007-11-30": 66.03, "2007-08-31": 382, "2007-05-31": -448.03, "2007-03-31": "", "2007-02-28": "6.91200", "2006-11-30": 0, "2006-09-30": 273.275, "2006-08-31": -273.275, "2006-06-30": 395.281, "2006-05-31": -395.281}, "Cash Flow From Operating Activities": {"2020-12-31": -4563, "2020-09-30": 1296, "2020-06-30": 1587, "2020-03-31": "1680.00000", "2019-12-31": 1464, "2019-09-30": 819, "2019-06-30": 1578, "2019-03-31": "2335.00000", "2018-12-31": 761, "2018-09-30": 1606, "2018-06-30": 1586, "2018-03-31": "1238.00000", "2017-12-31": 1624, "2017-09-30": 1552, "2017-06-30": 1019, "2017-03-31": "1013.00000", "2016-12-31": 1292, "2016-09-30": 1317, "2016-06-30": 658, "2016-03-31": "1158.00000", "2015-12-31": 1044, "2015-09-30": 1147, "2015-06-30": 600, "2015-03-31": "1063.00000", "2014-12-31": 1000, "2014-09-30": 1055, "2014-06-30": 642, "2014-03-31": "1129.00000", "2013-12-31": 982, "2013-09-30": 448, "2013-06-30": 595, "2013-03-31": "1492.00000", "2012-12-31": 0, "2012-11-30": -2526, "2012-09-30": 366.796, "2012-08-31": 647.204, "2012-06-30": 9.228, "2012-05-31": 797.772, "2012-03-31": "705.00000", "2012-02-29": "1010.67200", "2011-11-30": -2756.114, "2011-08-31": 537.675, "2011-05-31": 960.796, "2011-02-28": "1257.64300", "2010-11-30": -2706.762, "2010-08-31": 262.955, "2010-05-31": 1308.705, "2010-02-28": "1135.10200", "2009-11-30": -2596.149, "2009-08-31": 682.571, "2009-05-31": 1385.199, "2009-02-28": "528.37900", "2008-11-30": -2873.1, "2008-08-31": 1306.834, "2008-05-31": 744.629, "2008-02-29": "821.63700", "2007-11-30": -1340.721, "2007-08-31": 838.84, "2007-05-31": 501.881, "2007-03-31": "", "2007-02-28": "509.64800", "2006-11-30": 0, "2006-09-30": -1299.377, "2006-08-31": 1299.377, "2006-06-30": -695.831, "2006-05-31": 695.831}, "Net Change In Property, Plant, And Equipment": {"2020-12-31": 206, "2020-09-30": -53, "2020-06-30": -94, "2020-03-31": "-59.00000", "2019-12-31": -72, "2019-09-30": -61, "2019-06-30": -69, "2019-03-31": "-82.00000", "2018-12-31": -77, "2018-09-30": -59, "2018-06-30": -60, "2018-03-31": "-58.00000", "2017-12-31": -57, "2017-09-30": -58, "2017-06-30": -56, "2017-03-31": "-47.00000", "2016-12-31": -47, "2016-09-30": -46, "2016-06-30": -40, "2016-03-31": "-46.00000", "2015-12-31": -49, "2015-09-30": -30, "2015-06-30": -47, "2015-03-31": "-41.00000", "2014-12-31": -43, "2014-09-30": -29, "2014-06-30": -30, "2014-03-31": "-43.00000", "2013-12-31": -54, "2013-09-30": -60, "2013-06-30": -58, "2013-03-31": "-59.00000", "2012-12-31": 0, "2012-11-30": 109, "2012-09-30": -4.83, "2012-08-31": -42.17, "2012-06-30": -6.52, "2012-05-31": -24.48, "2012-03-31": "-31.00000", "2012-02-29": "-25.85600", "2011-11-30": 70.04, "2011-08-31": -20.185, "2011-05-31": -34.282, "2011-02-28": "-15.57300", "2010-11-30": 29.392, "2010-08-31": -12.075, "2010-05-31": -9.491, "2010-02-28": "-7.82600", "2009-11-30": 40.406, "2009-08-31": -11.987, "2009-05-31": -11.432, "2009-02-28": "-16.98700", "2008-11-30": 78.414, "2008-08-31": -32.98, "2008-05-31": -25.075, "2008-02-29": "-20.35900", "2007-11-30": 87.269, "2007-08-31": -28.354, "2007-05-31": -58.915, "2007-03-31": "", "2007-02-28": "-27.99700", "2006-11-30": 0, "2006-09-30": 103.255, "2006-08-31": -103.255, "2006-06-30": 66.818, "2006-05-31": -66.818}, "Net Change In Intangible Assets": {"2020-12-31": 0, "2020-09-30": 0, "2020-06-30": 0, "2020-03-31": "", "2019-12-31": 0, "2019-09-30": 0, "2019-06-30": 0, "2019-03-31": "", "2018-12-31": 0, "2018-09-30": 0, "2018-06-30": 0, "2018-03-31": "", "2017-12-31": 0, "2017-09-30": 0, "2017-06-30": 0, "2017-03-31": "", "2016-12-31": 0, "2016-09-30": 0, "2016-06-30": 0, "2016-03-31": "", "2015-12-31": 0, "2015-09-30": 0, "2015-06-30": 0, "2015-03-31": "", "2014-12-31": 0, "2014-09-30": 0, "2014-06-30": 0, "2014-03-31": "", "2013-12-31": 0, "2013-09-30": 0, "2013-06-30": 0, "2013-03-31": "", "2012-12-31": 0, "2012-11-30": 0, "2012-09-30": 0, "2012-08-31": 0, "2012-06-30": 0, "2012-05-31": 0, "2012-03-31": "", "2012-02-29": "", "2011-11-30": 0, "2011-08-31": 0, "2011-05-31": 0, "2011-02-28": "", "2010-11-30": 0, "2010-08-31": 0, "2010-05-31": 0, "2010-02-28": "", "2009-11-30": 0, "2009-08-31": 0, "2009-05-31": 0, "2009-02-28": "", "2008-11-30": 0, "2008-08-31": 0, "2008-05-31": 0, "2008-02-29": "", "2007-11-30": 0, "2007-08-31": 0, "2007-05-31": 0, "2007-03-31": "", "2007-02-28": "", "2006-11-30": 0, "2006-09-30": 0, "2006-08-31": 0, "2006-06-30": 0, "2006-05-31": 0}, "Net Acquisitions/Divestitures": {"2020-12-31": 0, "2020-09-30": 0, "2020-06-30": 0, "2020-03-31": "", "2019-12-31": 0, "2019-09-30": 0, "2019-06-30": 0, "2019-03-31": "", "2018-12-31": 0, "2018-09-30": 0, "2018-06-30": 0, "2018-03-31": "", "2017-12-31": 0, "2017-09-30": 0, "2017-06-30": 0, "2017-03-31": "", "2016-12-31": 0, "2016-09-30": 0, "2016-06-30": 0, "2016-03-31": "", "2015-12-31": 2, "2015-09-30": 0, "2015-06-30": 0, "2015-03-31": "", "2014-12-31": 0, "2014-09-30": 0, "2014-06-30": 0, "2014-03-31": "", "2013-12-31": 0, "2013-09-30": 0, "2013-06-30": 0, "2013-03-31": "", "2012-12-31": 0, "2012-11-30": 0, "2012-09-30": 0, "2012-08-31": 0, "2012-06-30": 0, "2012-05-31": 0, "2012-03-31": "", "2012-02-29": "", "2011-11-30": 401.158, "2011-08-31": 0, "2011-05-31": -35.109, "2011-02-28": "-366.04900", "2010-11-30": 0, "2010-08-31": 0, "2010-05-31": 0, "2010-02-28": "", "2009-11-30": 0, "2009-08-31": 0, "2009-05-31": 0, "2009-02-28": "", "2008-11-30": 90.551, "2008-08-31": -160.08, "2008-05-31": 69.529, "2008-02-29": "", "2007-11-30": 5, "2007-08-31": 0, "2007-05-31": -5, "2007-03-31": "", "2007-02-28": "", "2006-11-30": 0, "2006-09-30": 1954.538, "2006-08-31": -1954.538, "2006-06-30": 1871.764, "2006-05-31": -1871.764}, "Net Change In Short-term Investments": {"2020-12-31": 8046, "2020-09-30": -5498, "2020-06-30": -2548, "2020-03-31": "", "2019-12-31": 1000, "2019-09-30": 0, "2019-06-30": 0, "2019-03-31": "-1000.00000", "2018-12-31": 0, "2018-09-30": 0, "2018-06-30": 0, "2018-03-31": "", "2017-12-31": 0, "2017-09-30": 23, "2017-06-30": -23, "2017-03-31": "", "2016-12-31": 850, "2016-09-30": 200, "2016-06-30": -1050, "2016-03-31": "", "2015-12-31": 0, "2015-09-30": 0, "2015-06-30": 0, "2015-03-31": "", "2014-12-31": 0, "2014-09-30": 0, "2014-06-30": 0, "2014-03-31": "", "2013-12-31": 0, "2013-09-30": 0, "2013-06-30": 0, "2013-03-31": "", "2012-12-31": 0, "2012-11-30": 0, "2012-09-30": 0.25, "2012-08-31": -0.25, "2012-06-30": 0.25, "2012-05-31": -0.25, "2012-03-31": "", "2012-02-29": "", "2011-11-30": -375, "2011-08-31": 0, "2011-05-31": 375, "2011-02-28": "", "2010-11-30": -975, "2010-08-31": 0, "2010-05-31": -200, "2010-02-28": "1175.00000", "2009-11-30": 0, "2009-08-31": 0, "2009-05-31": 0, "2009-02-28": "", "2008-11-30": 0, "2008-08-31": 0, "2008-05-31": 0, "2008-02-29": "", "2007-11-30": 0, "2007-08-31": 0, "2007-05-31": 0, "2007-03-31": "", "2007-02-28": "", "2006-11-30": 0, "2006-09-30": 0, "2006-08-31": 0, "2006-06-30": 0, "2006-05-31": 0}, "Net Change In Long-Term Investments": {"2020-12-31": -754, "2020-09-30": 274, "2020-06-30": 292, "2020-03-31": "188.00000", "2019-12-31": 13, "2019-09-30": -3071, "2019-06-30": -2254, "2019-03-31": "-1834.00000", "2018-12-31": -1575, "2018-09-30": -298, "2018-06-30": 13, "2018-03-31": "15.00000", "2017-12-31": 16, "2017-09-30": 23, "2017-06-30": 64, "2017-03-31": "25.00000", "2016-12-31": 42, "2016-09-30": 595, "2016-06-30": 476, "2016-03-31": "146.00000", "2015-12-31": -506, "2015-09-30": 66, "2015-06-30": 41, "2015-03-31": "1168.00000", "2014-12-31": 26, "2014-09-30": -102, "2014-06-30": -100, "2014-03-31": "1143.00000", "2013-12-31": -45, "2013-09-30": -98, "2013-06-30": 247, "2013-03-31": "907.00000", "2012-12-31": 0, "2012-11-30": -139, "2012-09-30": 358.8381, "2012-08-31": -176.8381, "2012-06-30": 471.0449, "2012-05-31": -537.0449, "2012-03-31": "23.00000", "2012-02-29": "-120.28300", "2011-11-30": 838.836, "2011-08-31": -362.209, "2011-05-31": -276.628, "2011-02-28": "-199.99900", "2010-11-30": 679.8749, "2010-08-31": -150.9029, "2010-05-31": -332.309, "2010-02-28": "-196.66300", "2009-11-30": 270.581, "2009-08-31": 3.266, "2009-05-31": -200.856, "2009-02-28": "-72.99100", "2008-11-30": -2.597, "2008-08-31": -5.742, "2008-05-31": 3.196, "2008-02-29": "5.14300", "2007-11-30": 20.129, "2007-08-31": -7.731, "2007-05-31": -12.398, "2007-03-31": "", "2007-02-28": "-1.96700", "2006-11-30": 0, "2006-09-30": 51.375, "2006-08-31": -51.375, "2006-06-30": 44.218, "2006-05-31": -44.218}, "Net Change In Investments - Total": {"2020-12-31": 7292, "2020-09-30": -5224, "2020-06-30": -2256, "2020-03-31": "188.00000", "2019-12-31": 1013, "2019-09-30": -3071, "2019-06-30": -2254, "2019-03-31": "-2834.00000", "2018-12-31": -1575, "2018-09-30": -298, "2018-06-30": 13, "2018-03-31": "15.00000", "2017-12-31": 16, "2017-09-30": 46, "2017-06-30": 41, "2017-03-31": "25.00000", "2016-12-31": 892, "2016-09-30": 795, "2016-06-30": -574, "2016-03-31": "146.00000", "2015-12-31": -506, "2015-09-30": 66, "2015-06-30": 41, "2015-03-31": "1168.00000", "2014-12-31": 26, "2014-09-30": -102, "2014-06-30": -100, "2014-03-31": "1143.00000", "2013-12-31": -45, "2013-09-30": -98, "2013-06-30": 247, "2013-03-31": "907.00000", "2012-12-31": 0, "2012-11-30": -139, "2012-09-30": 359.0881, "2012-08-31": -177.0881, "2012-06-30": 471.2949, "2012-05-31": -537.2949, "2012-03-31": "23.00000", "2012-02-29": "-120.28300", "2011-11-30": 463.836, "2011-08-31": -362.209, "2011-05-31": 98.372, "2011-02-28": "-199.99900", "2010-11-30": -295.1251, "2010-08-31": -150.9029, "2010-05-31": -532.309, "2010-02-28": "978.33700", "2009-11-30": 270.581, "2009-08-31": 3.266, "2009-05-31": -200.856, "2009-02-28": "-72.99100", "2008-11-30": -2.597, "2008-08-31": -5.742, "2008-05-31": 3.196, "2008-02-29": "5.14300", "2007-11-30": 20.129, "2007-08-31": -7.731, "2007-05-31": -12.398, "2007-03-31": "", "2007-02-28": "-1.96700", "2006-11-30": 0, "2006-09-30": 51.375, "2006-08-31": -51.375, "2006-06-30": 44.218, "2006-05-31": -44.218}, "Investing Activities - Other": {"2020-12-31": -5316, "2020-09-30": -298, "2020-06-30": 3346, "2020-03-31": "2268.00000", "2019-12-31": -3996, "2019-09-30": -2898, "2019-06-30": -2098, "2019-03-31": "1148.00000", "2018-12-31": -4162, "2018-09-30": -2679, "2018-06-30": -2598, "2018-03-31": "959.00000", "2017-12-31": -4246, "2017-09-30": -2905, "2017-06-30": -2560, "2017-03-31": "1010.00000", "2016-12-31": -3140, "2016-09-30": -2756, "2016-06-30": -964, "2016-03-31": "882.00000", "2015-12-31": -2527, "2015-09-30": -783, "2015-06-30": -2288, "2015-03-31": "2126.00000", "2014-12-31": -2855, "2014-09-30": -1496, "2014-06-30": -1379, "2014-03-31": "711.00000", "2013-12-31": -3162, "2013-09-30": -976, "2013-06-30": -1582, "2013-03-31": "1777.00000", "2012-12-31": 0, "2012-11-30": 1298, "2012-09-30": 418.29, "2012-08-31": -1342.29, "2012-06-30": 778.427, "2012-05-31": -2463.427, "2012-03-31": "1311.00000", "2012-02-29": "1276.45500", "2011-11-30": 2990.662, "2011-08-31": -1845.328, "2011-05-31": -1648.881, "2011-02-28": "503.54700", "2010-11-30": 844.6479, "2010-08-31": -956.1508, "2010-05-31": 2196.5289, "2010-02-28": "-2085.02600", "2009-11-30": 3908.398, "2009-08-31": -334.147, "2009-05-31": -344.411, "2009-02-28": "-3229.84000", "2008-11-30": 2102.934, "2008-08-31": -1695.0871, "2008-05-31": 152.9411, "2008-02-29": "-560.78800", "2007-11-30": -413.3, "2007-08-31": -85.585, "2007-05-31": 498.885, "2007-03-31": "", "2007-02-28": "875.87700", "2006-11-30": 0, "2006-09-30": -988.8741, "2006-08-31": 988.8741, "2006-06-30": -2255.027, "2006-05-31": 2255.027}, "Cash Flow From Investing Activities": {"2020-12-31": 2182, "2020-09-30": -5575, "2020-06-30": 996, "2020-03-31": "2397.00000", "2019-12-31": -3055, "2019-09-30": -6030, "2019-06-30": -4421, "2019-03-31": "-1768.00000", "2018-12-31": -5814, "2018-09-30": -3036, "2018-06-30": -2645, "2018-03-31": "916.00000", "2017-12-31": -4287, "2017-09-30": -2917, "2017-06-30": -2575, "2017-03-31": "988.00000", "2016-12-31": -2295, "2016-09-30": -2007, "2016-06-30": -1578, "2016-03-31": "982.00000", "2015-12-31": -3080, "2015-09-30": -747, "2015-06-30": -2294, "2015-03-31": "3253.00000", "2014-12-31": -2872, "2014-09-30": -1627, "2014-06-30": -1509, "2014-03-31": "1811.00000", "2013-12-31": -3261, "2013-09-30": -1134, "2013-06-30": -1393, "2013-03-31": "2625.00000", "2012-12-31": 0, "2012-11-30": 1268, "2012-09-30": 772.548, "2012-08-31": -1561.548, "2012-06-30": 1243.202, "2012-05-31": -3025.202, "2012-03-31": "1303.00000", "2012-02-29": "1130.31600", "2011-11-30": 3925.696, "2011-08-31": -2227.722, "2011-05-31": -1619.9, "2011-02-28": "-78.07400", "2010-11-30": 578.915, "2010-08-31": -1119.129, "2010-05-31": 1654.729, "2010-02-28": "-1114.51500", "2009-11-30": 4219.385, "2009-08-31": -342.868, "2009-05-31": -556.699, "2009-02-28": "-3319.81800", "2008-11-30": 2269.302, "2008-08-31": -1893.889, "2008-05-31": 200.591, "2008-02-29": "-576.00400", "2007-11-30": -300.902, "2007-08-31": -121.67, "2007-05-31": 422.572, "2007-03-31": "", "2007-02-28": "845.91300", "2006-11-30": 0, "2006-09-30": 1120.294, "2006-08-31": -1120.294, "2006-06-30": -272.227, "2006-05-31": 272.227}, "Net Long-Term Debt": {"2020-12-31": 4234, "2020-09-30": -1310, "2020-06-30": -2910, "2020-03-31": "-14.00000", "2019-12-31": 1282, "2019-09-30": -748, "2019-06-30": -1222, "2019-03-31": "-1026.00000", "2018-12-31": 129, "2018-09-30": 729, "2018-06-30": -5, "2018-03-31": "-57.00000", "2017-12-31": -399, "2017-09-30": 272, "2017-06-30": -420, "2017-03-31": "1370.00000", "2016-12-31": -1310, "2016-09-30": 2143, "2016-06-30": -109, "2016-03-31": "49.00000", "2015-12-31": 924, "2015-09-30": -322, "2015-06-30": 1162, "2015-03-31": "366.00000", "2014-12-31": 1611, "2014-09-30": 849, "2014-06-30": -140, "2014-03-31": "-303.00000", "2013-12-31": 1795, "2013-09-30": 614, "2013-06-30": -1204, "2013-03-31": "1551.00000", "2012-12-31": 0, "2012-11-30": -1951, "2012-09-30": 512.104, "2012-08-31": 235.896, "2012-06-30": -40.316, "2012-05-31": 357.316, "2012-03-31": "886.00000", "2012-02-29": "877.22400", "2011-11-30": 2960.034, "2011-08-31": -249.618, "2011-05-31": -1076.203, "2011-02-28": "-1634.21300", "2010-11-30": 7147.777, "2010-08-31": -602.476, "2010-05-31": -4080.388, "2010-02-28": "-2464.91300", "2009-11-30": -60.702, "2009-08-31": 368.421, "2009-05-31": -5.263, "2009-02-28": "-302.45600", "2008-11-30": 279.009, "2008-08-31": -35.367, "2008-05-31": -85.965, "2008-02-29": "-157.67700", "2007-11-30": -845.9679, "2007-08-31": 1409.5469, "2007-05-31": -563.579, "2007-03-31": "", "2007-02-28": "", "2006-11-30": 0, "2006-09-30": -585.846, "2006-08-31": 585.846, "2006-06-30": -620.772, "2006-05-31": 620.772}, "Net Current Debt": {"2020-12-31": 0, "2020-09-30": 0, "2020-06-30": 0, "2020-03-31": "", "2019-12-31": 0, "2019-09-30": 0, "2019-06-30": 0, "2019-03-31": "", "2018-12-31": 0, "2018-09-30": 0, "2018-06-30": 0, "2018-03-31": "", "2017-12-31": 0, "2017-09-30": 0, "2017-06-30": 0, "2017-03-31": "", "2016-12-31": 0, "2016-09-30": 0, "2016-06-30": 0, "2016-03-31": "", "2015-12-31": 0, "2015-09-30": -144, "2015-06-30": -22, "2015-03-31": "53.00000", "2014-12-31": -26, "2014-09-30": 19, "2014-06-30": -4, "2014-03-31": "-16.00000", "2013-12-31": 15, "2013-09-30": -137, "2013-06-30": -72, "2013-03-31": "-37.00000", "2012-12-31": 0, "2012-11-30": -234, "2012-09-30": 33.861, "2012-08-31": 104.139, "2012-06-30": 146, "2012-05-31": -50, "2012-03-31": "", "2012-02-29": "-50.00000", "2011-11-30": -100, "2011-08-31": 0, "2011-05-31": 0, "2011-02-28": "100.00000", "2010-11-30": 0, "2010-08-31": 0, "2010-05-31": 0, "2010-02-28": "", "2009-11-30": 500, "2009-08-31": -500, "2009-05-31": -1875, "2009-02-28": "1875.00000", "2008-11-30": 759.312, "2008-08-31": 0, "2008-05-31": -550.339, "2008-02-29": "-208.97300", "2007-11-30": 3812.494, "2007-08-31": -1190.726, "2007-05-31": -2621.768, "2007-03-31": "", "2007-02-28": "-3543.73700", "2006-11-30": 0, "2006-09-30": -1150.795, "2006-08-31": 1150.795, "2006-06-30": -897.256, "2006-05-31": 897.256}, "Debt Issuance/Retirement Net - Total": {"2020-12-31": 4234, "2020-09-30": -1310, "2020-06-30": -2910, "2020-03-31": "-14.00000", "2019-12-31": 1282, "2019-09-30": -748, "2019-06-30": -1222, "2019-03-31": "-1026.00000", "2018-12-31": 129, "2018-09-30": 729, "2018-06-30": -5, "2018-03-31": "-57.00000", "2017-12-31": -399, "2017-09-30": 272, "2017-06-30": -420, "2017-03-31": "1370.00000", "2016-12-31": -1310, "2016-09-30": 2143, "2016-06-30": -109, "2016-03-31": "49.00000", "2015-12-31": 924, "2015-09-30": -466, "2015-06-30": 1140, "2015-03-31": "419.00000", "2014-12-31": 1585, "2014-09-30": 868, "2014-06-30": -144, "2014-03-31": "-319.00000", "2013-12-31": 1810, "2013-09-30": 477, "2013-06-30": -1276, "2013-03-31": "1514.00000", "2012-12-31": 0, "2012-11-30": -2185, "2012-09-30": 545.965, "2012-08-31": 340.035, "2012-06-30": 105.684, "2012-05-31": 307.316, "2012-03-31": "886.00000", "2012-02-29": "827.22400", "2011-11-30": 2860.034, "2011-08-31": -249.618, "2011-05-31": -1076.203, "2011-02-28": "-1534.21300", "2010-11-30": 7147.777, "2010-08-31": -602.476, "2010-05-31": -4080.388, "2010-02-28": "-2464.91300", "2009-11-30": 439.298, "2009-08-31": -131.579, "2009-05-31": -1880.263, "2009-02-28": "1572.54400", "2008-11-30": 1038.321, "2008-08-31": -35.367, "2008-05-31": -636.304, "2008-02-29": "-366.65000", "2007-11-30": 2966.526, "2007-08-31": 218.821, "2007-05-31": -3185.347, "2007-03-31": "", "2007-02-28": "-3543.73700", "2006-11-30": 0, "2006-09-30": -1736.641, "2006-08-31": 1736.641, "2006-06-30": -1518.028, "2006-05-31": 1518.028}, "Net Common Equity Issued/Repurchased": {"2020-12-31": 336, "2020-09-30": 2, "2020-06-30": 3, "2020-03-31": "-341.00000", "2019-12-31": -400, "2019-09-30": -417, "2019-06-30": -459, "2019-03-31": "-485.00000", "2018-12-31": -464, "2018-09-30": -458, "2018-06-30": -555, "2018-03-31": "-582.00000", "2017-12-31": -554, "2017-09-30": -554, "2017-06-30": -449, "2017-03-31": "-519.00000", "2016-12-31": -476, "2016-09-30": -581, "2016-06-30": -422, "2016-03-31": "-422.00000", "2015-12-31": -433, "2015-09-30": -435, "2015-06-30": -423, "2015-03-31": "-419.00000", "2014-12-31": -398, "2014-09-30": -620, "2014-06-30": -177, "2014-03-31": "-364.00000", "2013-12-31": -345, "2013-09-30": -344, "2013-06-30": -338, "2013-03-31": "-256.00000", "2012-12-31": 0, "2012-11-30": 901, "2012-09-30": -103.335, "2012-08-31": -272.665, "2012-06-30": -78.135, "2012-05-31": -186.865, "2012-03-31": "-260.00000", "2012-02-29": "-11.86500", "2011-11-30": 189.632, "2011-08-31": -191.687, "2011-05-31": 6.128, "2011-02-28": "-4.07300", "2010-11-30": 180.145, "2010-08-31": -174.676, "2010-05-31": -0.086, "2010-02-28": "-5.38300", "2009-11-30": -599.359, "2009-08-31": 530.089, "2009-05-31": 75.431, "2009-02-28": "-6.16100", "2008-11-30": 5.748, "2008-08-31": -2.762, "2008-05-31": -1.993, "2008-02-29": "-0.99300", "2007-11-30": 0, "2007-08-31": 0, "2007-05-31": 0, "2007-03-31": "", "2007-02-28": "", "2006-11-30": 0, "2006-09-30": 0, "2006-08-31": 0, "2006-06-30": 0, "2006-05-31": 0}, "Net Total Equity Issued/Repurchased": {"2020-12-31": -157, "2020-09-30": 2, "2020-06-30": 496, "2020-03-31": "-341.00000", "2019-12-31": -400, "2019-09-30": -417, "2019-06-30": -459, "2019-03-31": "-485.00000", "2018-12-31": -464, "2018-09-30": -458, "2018-06-30": -555, "2018-03-31": "-582.00000", "2017-12-31": -566, "2017-09-30": -554, "2017-06-30": -449, "2017-03-31": "-519.00000", "2016-12-31": -476, "2016-09-30": -581, "2016-06-30": -422, "2016-03-31": "-422.00000", "2015-12-31": -433, "2015-09-30": -435, "2015-06-30": -423, "2015-03-31": "-419.00000", "2014-12-31": -398, "2014-09-30": -620, "2014-06-30": -177, "2014-03-31": "-364.00000", "2013-12-31": -345, "2013-09-30": -344, "2013-06-30": -338, "2013-03-31": "-256.00000", "2012-12-31": 0, "2012-11-30": 901, "2012-09-30": -103.335, "2012-08-31": -272.665, "2012-06-30": -78.135, "2012-05-31": -186.865, "2012-03-31": "-260.00000", "2012-02-29": "-11.86500", "2011-11-30": 189.632, "2011-08-31": -191.687, "2011-05-31": 6.128, "2011-02-28": "-4.07300", "2010-11-30": 1404.703, "2010-08-31": -174.676, "2010-05-31": -1224.644, "2010-02-28": "-5.38300", "2009-11-30": -1748.05, "2009-08-31": 530.089, "2009-05-31": 1224.122, "2009-02-28": "-6.16100", "2008-11-30": 5.748, "2008-08-31": -2.762, "2008-05-31": -1.993, "2008-02-29": "-0.99300", "2007-11-30": 0, "2007-08-31": 0, "2007-05-31": 0, "2007-03-31": "", "2007-02-28": "", "2006-11-30": 0, "2006-09-30": 0, "2006-08-31": 0, "2006-06-30": 0, "2006-05-31": 0}, "Total Common And Preferred Stock Dividends Paid": {"2020-12-31": 424, "2020-09-30": -135, "2020-06-30": -151, "2020-03-31": "-138.00000", "2019-12-31": -153, "2019-09-30": -141, "2019-06-30": -145, "2019-03-31": "-134.00000", "2018-12-31": -151, "2018-09-30": -137, "2018-06-30": -122, "2018-03-31": "-142.00000", "2017-12-31": -137, "2017-09-30": -139, "2017-06-30": -124, "2017-03-31": "-127.00000", "2016-12-31": -128, "2016-09-30": -132, "2016-06-30": -125, "2016-03-31": "-129.00000", "2015-12-31": -130, "2015-09-30": -131, "2015-06-30": -135, "2015-03-31": "-119.00000", "2014-12-31": -119, "2014-09-30": -120, "2014-06-30": -122, "2014-03-31": "-106.00000", "2013-12-31": -105, "2013-09-30": -107, "2013-06-30": -108, "2013-03-31": "-79.00000", "2012-12-31": 0, "2012-11-30": 159, "2012-09-30": -0.119, "2012-08-31": -51.881, "2012-06-30": -0.013, "2012-05-31": -53.987, "2012-03-31": "-53.00000", "2012-02-29": "-53.51300", "2011-11-30": 69.712, "2011-08-31": -29.211, "2011-05-31": -29.475, "2011-02-28": "-11.02600", "2010-11-30": 834.455, "2010-08-31": -10.958, "2010-05-31": -22.206, "2010-02-28": "-801.29100", "2009-11-30": 74.737, "2009-08-31": -25.07, "2009-05-31": -20.404, "2009-02-28": "-29.26300", "2008-11-30": 87.759, "2008-08-31": -29.288, "2008-05-31": -29.254, "2008-02-29": "-29.21700", "2007-11-30": 850, "2007-08-31": -350, "2007-05-31": -500, "2007-03-31": "", "2007-02-28": "-500.00000", "2006-11-30": 0, "2006-09-30": 0, "2006-08-31": 0, "2006-06-30": 0, "2006-05-31": 0}, "Financial Activities - Other": {"2020-12-31": -5245, "2020-09-30": 644, "2020-06-30": 3938, "2020-03-31": "663.00000", "2019-12-31": 1714, "2019-09-30": 1276, "2019-06-30": 809, "2019-03-31": "1146.00000", "2018-12-31": 4075, "2018-09-30": 1986, "2018-06-30": 562, "2018-03-31": "2338.00000", "2017-12-31": 2624, "2017-09-30": 3271, "2017-06-30": -671, "2017-03-31": "1529.00000", "2016-12-31": 2751, "2016-09-30": 719, "2016-06-30": 58, "2016-03-31": "925.00000", "2015-12-31": 997, "2015-09-30": 287, "2015-06-30": -107, "2015-03-31": "333.00000", "2014-12-31": 706, "2014-09-30": 947, "2014-06-30": -542, "2014-03-31": "26.00000", "2013-12-31": 1850, "2013-09-30": 539, "2013-06-30": 197, "2013-03-31": "187.00000", "2012-12-31": 0, "2012-11-30": -2319, "2012-09-30": -267.622, "2012-08-31": 550.622, "2012-06-30": 193.808, "2012-05-31": 872.192, "2012-03-31": "970.00000", "2012-02-29": "562.47500", "2011-11-30": -3147.752, "2011-08-31": 2345.128, "2011-05-31": 360.189, "2011-02-28": "442.43500", "2010-11-30": -2154.46, "2010-08-31": -775.354, "2010-05-31": -28.788, "2010-02-28": "2958.60200", "2009-11-30": -1046.32, "2009-08-31": 420.274, "2009-05-31": 818.662, "2009-02-28": "-192.61600", "2008-11-30": -2248.246, "2008-08-31": 2188.426, "2008-05-31": -161.987, "2008-02-29": "221.80700", "2007-11-30": -9887.941, "2007-08-31": 108.507, "2007-05-31": 9779.434, "2007-03-31": "", "2007-02-28": "4316.85400", "2006-11-30": 0, "2006-09-30": 1685.086, "2006-08-31": -1685.086, "2006-06-30": 2475.489, "2006-05-31": -2475.489}, "Cash Flow From Financial Activities": {"2020-12-31": -744, "2020-09-30": -799, "2020-06-30": 1373, "2020-03-31": "170.00000", "2019-12-31": 2443, "2019-09-30": -30, "2019-06-30": -1017, "2019-03-31": "-499.00000", "2018-12-31": 3589, "2018-09-30": 2120, "2018-06-30": -120, "2018-03-31": "1557.00000", "2017-12-31": 1522, "2017-09-30": 2850, "2017-06-30": -1664, "2017-03-31": "2253.00000", "2016-12-31": 837, "2016-09-30": 2149, "2016-06-30": -598, "2016-03-31": "423.00000", "2015-12-31": 1358, "2015-09-30": -745, "2015-06-30": 475, "2015-03-31": "214.00000", "2014-12-31": 1774, "2014-09-30": 1075, "2014-06-30": -985, "2014-03-31": "-763.00000", "2013-12-31": 3210, "2013-09-30": 565, "2013-06-30": -1525, "2013-03-31": "1366.00000", "2012-12-31": 0, "2012-11-30": -3444, "2012-09-30": 174.889, "2012-08-31": 566.111, "2012-06-30": 221.344, "2012-05-31": 938.656, "2012-03-31": "1543.00000", "2012-02-29": "1324.32100", "2011-11-30": -28.374, "2011-08-31": 1874.612, "2011-05-31": -739.361, "2011-02-28": "-1106.87700", "2010-11-30": 7232.475, "2010-08-31": -1563.464, "2010-05-31": -5356.026, "2010-02-28": "-312.98500", "2009-11-30": -2280.335, "2009-08-31": 793.714, "2009-05-31": 142.117, "2009-02-28": "1344.50400", "2008-11-30": -1116.418, "2008-08-31": 2121.009, "2008-05-31": -829.538, "2008-02-29": "-175.05300", "2007-11-30": -6071.416, "2007-08-31": -22.671, "2007-05-31": 6094.087, "2007-03-31": "", "2007-02-28": "273.11700", "2006-11-30": 0, "2006-09-30": -51.555, "2006-08-31": 51.555, "2006-06-30": 957.461, "2006-05-31": -957.461}, "Net Cash Flow": {"2020-12-31": -3125, "2020-09-30": -5078, "2020-06-30": 3956, "2020-03-31": "4247.00000", "2019-12-31": 852, "2019-09-30": -5241, "2019-06-30": -3860, "2019-03-31": "68.00000", "2018-12-31": -1464, "2018-09-30": 690, "2018-06-30": -1179, "2018-03-31": "3711.00000", "2017-12-31": -1141, "2017-09-30": 1485, "2017-06-30": -3220, "2017-03-31": "4254.00000", "2016-12-31": -166, "2016-09-30": 1459, "2016-06-30": -1518, "2016-03-31": "2563.00000", "2015-12-31": -678, "2015-09-30": -345, "2015-06-30": -1219, "2015-03-31": "4530.00000", "2014-12-31": -98, "2014-09-30": 503, "2014-06-30": -1852, "2014-03-31": "2177.00000", "2013-12-31": 931, "2013-09-30": -121, "2013-06-30": -2323, "2013-03-31": "5483.00000", "2012-12-31": 0, "2012-11-30": -4702, "2012-09-30": 1314.233, "2012-08-31": -348.233, "2012-06-30": 1473.774, "2012-05-31": -1288.774, "2012-03-31": "3551.00000", "2012-02-29": "3465.30900", "2011-11-30": 1141.208, "2011-08-31": 184.565, "2011-05-31": -1398.465, "2011-02-28": "72.69200", "2010-11-30": 5104.628, "2010-08-31": -2419.638, "2010-05-31": -2392.592, "2010-02-28": "-292.39800", "2009-11-30": -657.099, "2009-08-31": 1133.417, "2009-05-31": 970.617, "2009-02-28": "-1446.93500", "2008-11-30": -1695.624, "2008-08-31": 1533.954, "2008-05-31": 114.59, "2008-02-29": "47.08000", "2007-11-30": -7726.404, "2007-08-31": 707.819, "2007-05-31": 7018.585, "2007-03-31": "", "2007-02-28": "1628.66700", "2006-11-30": 0, "2006-09-30": -231.017, "2006-08-31": 231.017, "2006-06-30": -10.36, "2006-05-31": 10.36}, "Stock-Based Compensation": {"2020-12-31": 0, "2020-09-30": 0, "2020-06-30": 0, "2020-03-31": "", "2019-12-31": 0, "2019-09-30": 0, "2019-06-30": 0, "2019-03-31": "", "2018-12-31": 0, "2018-09-30": 0, "2018-06-30": 0, "2018-03-31": "", "2017-12-31": 0, "2017-09-30": 0, "2017-06-30": 0, "2017-03-31": "", "2016-12-31": 0, "2016-09-30": 0, "2016-06-30": 0, "2016-03-31": "", "2015-12-31": 0, "2015-09-30": 0, "2015-06-30": 0, "2015-03-31": "", "2014-12-31": 0, "2014-09-30": 0, "2014-06-30": 0, "2014-03-31": "", "2013-12-31": -45, "2013-09-30": 14, "2013-06-30": 14, "2013-03-31": "17.00000", "2012-12-31": 0, "2012-11-30": -33, "2012-09-30": -3.108, "2012-08-31": 15.108, "2012-06-30": -3.244, "2012-05-31": 14.244, "2012-03-31": "10.00000", "2012-02-29": "13.53200", "2011-11-30": -33.69, "2011-08-31": 11.05, "2011-05-31": 10.765, "2011-02-28": "11.87500", "2010-11-30": -29.554, "2010-08-31": 8.631, "2010-05-31": 9.63, "2010-02-28": "11.29300", "2009-11-30": -34.877, "2009-08-31": 9.649, "2009-05-31": 14.145, "2009-02-28": "11.08300", "2008-11-30": -78.956, "2008-08-31": 16.253, "2008-05-31": 23.153, "2008-02-29": "39.55000", "2007-11-30": -15.241, "2007-08-31": 15.241, "2007-05-31": 0, "2007-03-31": "", "2007-02-28": "", "2006-11-30": 0, "2006-09-30": 0, "2006-08-31": 0, "2006-06-30": 0, "2006-05-31": 0}, "Common Stock Dividends Paid": {"2020-12-31": 424, "2020-09-30": -135, "2020-06-30": -151, "2020-03-31": "-138.00000", "2019-12-31": -153, "2019-09-30": -141, "2019-06-30": -145, "2019-03-31": "-134.00000", "2018-12-31": -151, "2018-09-30": -137, "2018-06-30": -122, "2018-03-31": "-142.00000", "2017-12-31": -137, "2017-09-30": -139, "2017-06-30": -124, "2017-03-31": "-127.00000", "2016-12-31": -128, "2016-09-30": -132, "2016-06-30": -125, "2016-03-31": "-129.00000", "2015-12-31": -130, "2015-09-30": -131, "2015-06-30": -135, "2015-03-31": "-119.00000", "2014-12-31": -119, "2014-09-30": -120, "2014-06-30": -122, "2014-03-31": "-106.00000", "2013-12-31": -105, "2013-09-30": -107, "2013-06-30": -108, "2013-03-31": "-79.00000", "2012-12-31": 0, "2012-11-30": 159, "2012-09-30": -0.119, "2012-08-31": -51.881, "2012-06-30": -0.013, "2012-05-31": -53.987, "2012-03-31": "-53.00000", "2012-02-29": "-53.51300", "2011-11-30": 69.712, "2011-08-31": -29.211, "2011-05-31": -29.475, "2011-02-28": "-11.02600", "2010-11-30": 834.455, "2010-08-31": -10.958, "2010-05-31": -22.206, "2010-02-28": "-801.29100", "2009-11-30": 74.737, "2009-08-31": -25.07, "2009-05-31": -20.404, "2009-02-28": "-29.26300", "2008-11-30": 87.759, "2008-08-31": -29.288, "2008-05-31": -29.254, "2008-02-29": "-29.21700", "2007-11-30": 850, "2007-08-31": -350, "2007-05-31": -500, "2007-03-31": "", "2007-02-28": "-500.00000", "2006-11-30": 0, "2006-09-30": 0, "2006-08-31": 0, "2006-06-30": 0, "2006-05-31": 0}}, "financial ratios": {"Current Ratio": {"2019-12-31": "", "2018-12-31": "", "2017-12-31": "", "2016-12-31": "", "2015-12-31": "", "2014-12-31": "", "2013-12-31": "", "2012-12-31": "", "2012-11-30": "", "2011-11-30": "", "2010-11-30": "", "2009-11-30": "", "2008-11-30": "", "2007-11-30": "", "2006-12-31": "", "2006-11-30": "", "2005-12-31": "", "2005-11-30": ""}, "Long-term Debt / Capital": {"2019-12-31": "0.68430", "2018-12-31": "0.70980", "2017-12-31": "0.70730", "2016-12-31": "0.69200", "2015-12-31": "0.68620", "2014-12-31": "0.66940", "2013-12-31": "0.65450", "2012-12-31": "", "2012-11-30": "0.66860", "2011-11-30": "0.68930", "2010-11-30": "0.73280", "2009-11-30": "0.22350", "2008-11-30": "0.22680", "2007-11-30": "0.27600", "2006-12-31": "", "2006-11-30": "0.20700", "2005-12-31": "0.20700", "2005-11-30": ""}, "Debt/Equity Ratio": {"2019-12-31": "2.16720", "2018-12-31": "2.44640", "2017-12-31": "2.41700", "2016-12-31": "2.24700", "2015-12-31": "2.18630", "2014-12-31": "2.03490", "2013-12-31": "1.90710", "2012-12-31": "", "2012-11-30": "2.04670", "2011-11-30": "2.22480", "2010-11-30": "2.74220", "2009-11-30": "0.28780", "2008-11-30": "0.37790", "2007-11-30": "0.42580", "2006-12-31": "", "2006-11-30": "1.42820", "2005-12-31": "0.26110", "2005-11-30": ""}, "Gross Margin": {"2019-12-31": "", "2018-12-31": "", "2017-12-31": "", "2016-12-31": "", "2015-12-31": "", "2014-12-31": "", "2013-12-31": "", "2012-12-31": "", "2012-11-30": "", "2011-11-30": "", "2010-11-30": "", "2009-11-30": "", "2008-11-30": "", "2007-11-30": "", "2006-12-31": "", "2006-11-30": "", "2005-12-31": "", "2005-11-30": ""}, "Operating Margin": {"2019-12-31": "", "2018-12-31": "", "2017-12-31": "", "2016-12-31": "", "2015-12-31": "", "2014-12-31": "", "2013-12-31": "", "2012-12-31": "", "2012-11-30": "", "2011-11-30": "", "2010-11-30": "", "2009-11-30": "", "2008-11-30": "", "2007-11-30": "", "2006-12-31": "", "2006-11-30": "", "2005-12-31": "", "2005-11-30": ""}, "EBIT Margin": {"2019-12-31": "", "2018-12-31": "", "2017-12-31": "", "2016-12-31": "", "2015-12-31": "", "2014-12-31": "", "2013-12-31": "", "2012-12-31": "", "2012-11-30": "", "2011-11-30": "", "2010-11-30": "", "2009-11-30": "", "2008-11-30": "", "2007-11-30": "", "2006-12-31": "", "2006-11-30": "", "2005-12-31": "", "2005-11-30": ""}, "EBITDA Margin": {"2019-12-31": "", "2018-12-31": "", "2017-12-31": "", "2016-12-31": "", "2015-12-31": "", "2014-12-31": "", "2013-12-31": "", "2012-12-31": "", "2012-11-30": "", "2011-11-30": "", "2010-11-30": "", "2009-11-30": "", "2008-11-30": "", "2007-11-30": "", "2006-12-31": "", "2006-11-30": "", "2005-12-31": "", "2005-11-30": ""}, "Pre-Tax Profit Margin": {"2019-12-31": "46.60910", "2018-12-31": "46.87260", "2017-12-31": "48.33290", "2016-12-31": "50.49720", "2015-12-31": "49.97920", "2014-12-31": "52.51640", "2013-12-31": "55.25360", "2012-12-31": "", "2012-11-30": "55.15060", "2011-11-30": "58.01390", "2010-11-30": "36.77200", "2009-11-30": "48.51110", "2008-11-30": "40.69340", "2007-11-30": "38.10540", "2006-12-31": "", "2006-11-30": "40.33450", "2005-12-31": "", "2005-11-30": "26.73670"}, "Net Profit Margin": {"2019-12-31": "35.34270", "2018-12-31": "35.04040", "2017-12-31": "27.75350", "2016-12-31": "32.30660", "2015-12-31": "31.07790", "2014-12-31": "32.27180", "2013-12-31": "33.81900", "2012-12-31": "", "2012-11-30": "34.06320", "2011-11-30": "36.38470", "2010-11-30": "19.35670", "2009-11-30": "29.19010", "2008-11-30": "22.77580", "2007-11-30": "14.70130", "2006-12-31": "", "2006-11-30": "26.03790", "2005-12-31": "", "2005-11-30": "16.71780"}, "Asset Turnover": {"2019-12-31": "0.07220", "2018-12-31": "0.07000", "2017-12-31": "0.07310", "2016-12-31": "0.07840", "2015-12-31": "0.08330", "2014-12-31": "0.08460", "2013-12-31": "0.09000", "2012-12-31": "", "2012-11-30": "0.09040", "2011-11-30": "0.08760", "2010-11-30": "0.05680", "2009-11-30": "0.09500", "2008-11-30": "0.10210", "2007-11-30": "0.10710", "2006-12-31": "", "2006-11-30": "0.14220", "2005-12-31": "", "2005-11-30": ""}, "Inventory Turnover Ratio": {"2019-12-31": "", "2018-12-31": "", "2017-12-31": "", "2016-12-31": "", "2015-12-31": "", "2014-12-31": "", "2013-12-31": "", "2012-12-31": "", "2012-11-30": "", "2011-11-30": "", "2010-11-30": "", "2009-11-30": "", "2008-11-30": "", "2007-11-30": "", "2006-12-31": "", "2006-11-30": "", "2005-12-31": "", "2005-11-30": ""}, "Receiveable Turnover": {"2019-12-31": "", "2018-12-31": "", "2017-12-31": "", "2016-12-31": "", "2015-12-31": "", "2014-12-31": "", "2013-12-31": "", "2012-12-31": "", "2012-11-30": "", "2011-11-30": "", "2010-11-30": "", "2009-11-30": "", "2008-11-30": "", "2007-11-30": "", "2006-12-31": "", "2006-11-30": "", "2005-12-31": "", "2005-11-30": ""}, "Days Sales In Receivables": {"2019-12-31": "", "2018-12-31": "", "2017-12-31": "", "2016-12-31": "", "2015-12-31": "", "2014-12-31": "", "2013-12-31": "", "2012-12-31": "", "2012-11-30": "", "2011-11-30": "", "2010-11-30": "", "2009-11-30": "", "2008-11-30": "", "2007-11-30": "", "2006-12-31": "", "2006-11-30": "", "2005-12-31": "", "2005-11-30": ""}, "ROE - Return On Equity": {"2019-12-31": "26.17740", "2018-12-31": "25.94870", "2017-12-31": "20.32140", "2016-12-31": "22.23360", "2015-12-31": "21.43720", "2014-12-31": "21.96900", "2013-12-31": "24.09990", "2012-12-31": "", "2012-11-30": "25.43940", "2011-11-30": "27.02010", "2010-11-30": "11.84790", "2009-11-30": "17.53610", "2008-11-30": "17.96730", "2007-11-30": "17.21960", "2006-12-31": "", "2006-11-30": "19.60580", "2005-12-31": "19.20990", "2005-11-30": ""}, "Return On Tangible Equity": {"2019-12-31": "25.82760", "2018-12-31": "25.59270", "2017-12-31": "20.04010", "2016-12-31": "21.95010", "2015-12-31": "21.16660", "2014-12-31": "21.70830", "2013-12-31": "23.88780", "2012-12-31": "", "2012-11-30": "25.20960", "2011-11-30": "28.55490", "2010-11-30": "12.72360", "2009-11-30": "15.98330", "2008-11-30": "19.47770", "2007-11-30": "18.24670", "2006-12-31": "-300.87940", "2006-11-30": "22.46470", "2005-12-31": "10.00760", "2005-11-30": ""}, "ROA - Return On Assets": {"2019-12-31": "2.59400", "2018-12-31": "2.50290", "2017-12-31": "2.09720", "2016-12-31": "2.59240", "2015-12-31": "2.64630", "2014-12-31": "2.79460", "2013-12-31": "3.11320", "2012-12-31": "", "2012-11-30": "3.11490", "2011-11-30": "3.22210", "2010-11-30": "1.25850", "2009-11-30": "2.77310", "2008-11-30": "2.66450", "2007-11-30": "2.57970", "2006-12-31": "-300.87940", "2006-11-30": "3.89510", "2005-12-31": "1.98820", "2005-11-30": ""}, "ROI - Return On Investment": {"2019-12-31": "7.87270", "2018-12-31": "7.14840", "2017-12-31": "5.63970", "2016-12-31": "6.50870", "2015-12-31": "6.39390", "2014-12-31": "6.89770", "2013-12-31": "7.89570", "2012-12-31": "", "2012-11-30": "7.94730", "2011-11-30": "8.39460", "2010-11-30": "3.16610", "2009-11-30": "11.74730", "2008-11-30": "13.89210", "2007-11-30": "12.46780", "2006-12-31": "", "2006-11-30": "15.54700", "2005-12-31": "7.93580", "2005-11-30": ""}, "Book Value Per Share": {"2019-12-31": "38.23550", "2018-12-31": "33.58010", "2017-12-31": "30.43140", "2016-12-31": "29.12550", "2015-12-31": "26.73840", "2014-12-31": "24.78700", "2013-12-31": "22.88860", "2012-12-31": "", "2012-11-30": "19.63960", "2011-11-30": "15.58540", "2010-11-30": "11.85440", "2009-11-30": "15.53730", "2008-11-30": "12.32500", "2007-11-30": "11.72190", "2006-12-31": "", "2006-11-30": "", "2005-12-31": "", "2005-11-30": ""}, "Operating Cash Flow Per Share": {"2019-12-31": 4.3161, "2018-12-31": 1.1213, "2017-12-31": 3.0261, "2016-12-31": 2.0999, "2015-12-31": 0.5356, "2014-12-31": 1.0397, "2013-12-31": 7.2238, "2012-12-31": -5.8481, "2012-11-30": -0.7781, "2011-11-30": -1.0569, "2010-11-30": 0.5993, "2009-11-30": -2.3125, "2008-11-30": 5.1405, "2007-11-30": 4.2558, "2006-12-31": -3.6057, "2006-11-30": 3.6057, "2005-12-31": -3.4282, "2005-11-30": 3.4282}, "Free Cash Flow Per Share": {"2019-12-31": 4.1648, "2018-12-31": 0.9679, "2017-12-31": 2.8842, "2016-12-31": 2.0403, "2015-12-31": 0.4675, "2014-12-31": 1.2009, "2013-12-31": 6.7494, "2012-12-31": -5.5731, "2012-11-30": -0.8542, "2011-11-30": -1.1556, "2010-11-30": 0.6026, "2009-11-30": -2.2208, "2008-11-30": 5.1922, "2007-11-30": 4.0089, "2006-12-31": -3.3037, "2006-11-30": 3.3037, "2005-12-31": -3.223, "2005-11-30": 3.223}}, "financial ratios, quarterly": {"Current Ratio": {"2020-09-30": "", "2020-06-30": "", "2020-03-31": "", "2019-12-31": "", "2019-09-30": "", "2019-06-30": "", "2019-03-31": "", "2018-12-31": "", "2018-09-30": "", "2018-06-30": "", "2018-03-31": "", "2017-12-31": "", "2017-09-30": "", "2017-06-30": "", "2017-03-31": "", "2016-12-31": "", "2016-09-30": "", "2016-06-30": "", "2016-03-31": "", "2015-12-31": "", "2015-09-30": "", "2015-06-30": "", "2015-03-31": "", "2014-12-31": "", "2014-09-30": "", "2014-06-30": "", "2014-03-31": "", "2013-12-31": "", "2013-09-30": "", "2013-06-30": "", "2013-03-31": "", "2012-12-31": "", "2012-11-30": "", "2012-09-30": "", "2012-08-31": "", "2012-06-30": "", "2012-05-31": "", "2012-03-31": "", "2012-02-29": "", "2011-11-30": "", "2011-08-31": "", "2011-05-31": "", "2011-02-28": "", "2010-11-30": "", "2010-08-31": "", "2010-05-31": "", "2010-02-28": "", "2009-11-30": "", "2009-08-31": "", "2009-05-31": "", "2009-02-28": "", "2008-11-30": "", "2008-08-31": "", "2008-05-31": "", "2008-02-29": "", "2007-11-30": "", "2007-08-31": "", "2007-05-31": "", "2007-03-31": "", "2007-02-28": "", "2006-11-30": "", "2006-09-30": "", "2006-08-31": "", "2006-06-30": "", "2006-05-31": ""}, "Long-term Debt / Capital": {"2020-09-30": "0.68060", "2020-06-30": "0.70630", "2020-03-31": "0.72970", "2019-12-31": "0.68430", "2019-09-30": "0.67610", "2019-06-30": "0.68650", "2019-03-31": "0.70000", "2018-12-31": "0.70980", "2018-09-30": "0.71020", "2018-06-30": "0.70680", "2018-03-31": "0.70710", "2017-12-31": "0.70730", "2017-09-30": "0.70500", "2017-06-30": "0.70130", "2017-03-31": "0.70420", "2016-12-31": "0.69200", "2016-09-30": "0.70280", "2016-06-30": "0.68410", "2016-03-31": "0.68630", "2015-12-31": "0.68620", "2015-09-30": "0.67800", "2015-06-30": "0.68150", "2015-03-31": "0.67160", "2014-12-31": "0.66940", "2014-09-30": "0.64920", "2014-06-30": "0.63800", "2014-03-31": "0.64680", "2013-12-31": "0.65450", "2013-09-30": "0.63770", "2013-06-30": "0.63320", "2013-03-31": "0.65120", "2012-12-31": "", "2012-11-30": "", "2012-09-30": "", "2012-08-31": "0.67790", "2012-06-30": "", "2012-05-31": "0.68130", "2012-03-31": "", "2012-02-29": "0.67990", "2011-11-30": "", "2011-08-31": "0.68880", "2011-05-31": "0.70450", "2011-02-28": "0.73350", "2010-11-30": "", "2010-08-31": "0.74340", "2010-05-31": "0.75200", "2010-02-28": "0.76150", "2009-11-30": "", "2009-08-31": "0.17630", "2009-05-31": "0.16140", "2009-02-28": "0.19280", "2008-11-30": "", "2008-08-31": "0.23610", "2008-05-31": "0.24420", "2008-02-29": "0.25900", "2007-11-30": "", "2007-08-31": "0.29380", "2007-05-31": "0.14090", "2007-03-31": "", "2007-02-28": "", "2006-11-30": "", "2006-09-30": "", "2006-08-31": "", "2006-06-30": "", "2006-05-31": ""}, "Debt/Equity Ratio": {"2020-09-30": "3.17410", "2020-06-30": "2.40530", "2020-03-31": "2.70030", "2019-12-31": "2.16720", "2019-09-30": "2.08710", "2019-06-30": "2.18940", "2019-03-31": "2.33380", "2018-12-31": "2.44640", "2018-09-30": "2.45080", "2018-06-30": "2.41090", "2018-03-31": "2.41410", "2017-12-31": "2.41700", "2017-09-30": "2.39000", "2017-06-30": "2.34820", "2017-03-31": "2.38110", "2016-12-31": "2.24700", "2016-09-30": "2.36450", "2016-06-30": "2.16560", "2016-03-31": "2.18730", "2015-12-31": "2.18630", "2015-09-30": "2.10560", "2015-06-30": "2.15240", "2015-03-31": "2.05960", "2014-12-31": "2.03490", "2014-09-30": "1.86330", "2014-06-30": "1.77290", "2014-03-31": "1.84250", "2013-12-31": "1.90710", "2013-09-30": "1.77220", "2013-06-30": "1.75110", "2013-03-31": "1.89530", "2012-12-31": "", "2012-11-30": "", "2012-09-30": "", "2012-08-31": "2.13170", "2012-06-30": "", "2012-05-31": "2.13780", "2012-03-31": "", "2012-02-29": "2.12410", "2011-11-30": "", "2011-08-31": "2.22560", "2011-05-31": "2.39770", "2011-02-28": "2.76700", "2010-11-30": "", "2010-08-31": "2.89770", "2010-05-31": "3.03250", "2010-02-28": "3.19200", "2009-11-30": "", "2009-08-31": "0.21410", "2009-05-31": "0.25990", "2009-02-28": "0.63470", "2008-11-30": "", "2008-08-31": "0.30900", "2008-05-31": "0.32310", "2008-02-29": "0.39370", "2007-11-30": "", "2007-08-31": "0.98300", "2007-05-31": "0.86850", "2007-03-31": "", "2007-02-28": "", "2006-11-30": "", "2006-09-30": "", "2006-08-31": "", "2006-06-30": "", "2006-05-31": ""}, "Gross Margin": {"2020-09-30": "", "2020-06-30": "", "2020-03-31": "", "2019-12-31": "", "2019-09-30": "", "2019-06-30": "", "2019-03-31": "", "2018-12-31": "", "2018-09-30": "", "2018-06-30": "", "2018-03-31": "", "2017-12-31": "", "2017-09-30": "", "2017-06-30": "", "2017-03-31": "", "2016-12-31": "", "2016-09-30": "", "2016-06-30": "", "2016-03-31": "", "2015-12-31": "", "2015-09-30": "", "2015-06-30": "", "2015-03-31": "", "2014-12-31": "", "2014-09-30": "", "2014-06-30": "", "2014-03-31": "", "2013-12-31": "", "2013-09-30": "", "2013-06-30": "", "2013-03-31": "", "2012-12-31": "", "2012-11-30": "", "2012-09-30": "", "2012-08-31": "", "2012-06-30": "", "2012-05-31": "", "2012-03-31": "", "2012-02-29": "", "2011-11-30": "", "2011-08-31": "", "2011-05-31": "", "2011-02-28": "", "2010-11-30": "", "2010-08-31": "", "2010-05-31": "", "2010-02-28": "", "2009-11-30": "", "2009-08-31": "", "2009-05-31": "", "2009-02-28": "", "2008-11-30": "", "2008-08-31": "", "2008-05-31": "", "2008-02-29": "", "2007-11-30": "", "2007-08-31": "", "2007-05-31": "", "2007-03-31": "", "2007-02-28": "", "2006-11-30": "", "2006-09-30": "", "2006-08-31": "", "2006-06-30": "", "2006-05-31": ""}, "Operating Margin": {"2020-09-30": "", "2020-06-30": "", "2020-03-31": "", "2019-12-31": "", "2019-09-30": "", "2019-06-30": "", "2019-03-31": "", "2018-12-31": "", "2018-09-30": "", "2018-06-30": "", "2018-03-31": "", "2017-12-31": "", "2017-09-30": "", "2017-06-30": "", "2017-03-31": "", "2016-12-31": "", "2016-09-30": "", "2016-06-30": "", "2016-03-31": "", "2015-12-31": "", "2015-09-30": "", "2015-06-30": "", "2015-03-31": "", "2014-12-31": "", "2014-09-30": "", "2014-06-30": "", "2014-03-31": "", "2013-12-31": "", "2013-09-30": "", "2013-06-30": "", "2013-03-31": "", "2012-12-31": "", "2012-11-30": "", "2012-09-30": "", "2012-08-31": "", "2012-06-30": "", "2012-05-31": "", "2012-03-31": "", "2012-02-29": "", "2011-11-30": "", "2011-08-31": "", "2011-05-31": "", "2011-02-28": "", "2010-11-30": "", "2010-08-31": "", "2010-05-31": "", "2010-02-28": "", "2009-11-30": "", "2009-08-31": "", "2009-05-31": "", "2009-02-28": "", "2008-11-30": "", "2008-08-31": "", "2008-05-31": "", "2008-02-29": "", "2007-11-30": "", "2007-08-31": "", "2007-05-31": "", "2007-03-31": "", "2007-02-28": "", "2006-11-30": "", "2006-09-30": "", "2006-08-31": "", "2006-06-30": "", "2006-05-31": ""}, "EBIT Margin": {"2020-09-30": "", "2020-06-30": "", "2020-03-31": "", "2019-12-31": "", "2019-09-30": "", "2019-06-30": "", "2019-03-31": "", "2018-12-31": "", "2018-09-30": "", "2018-06-30": "", "2018-03-31": "", "2017-12-31": "", "2017-09-30": "", "2017-06-30": "", "2017-03-31": "", "2016-12-31": "", "2016-09-30": "", "2016-06-30": "", "2016-03-31": "", "2015-12-31": "", "2015-09-30": "", "2015-06-30": "", "2015-03-31": "", "2014-12-31": "", "2014-09-30": "", "2014-06-30": "", "2014-03-31": "", "2013-12-31": "", "2013-09-30": "", "2013-06-30": "", "2013-03-31": "", "2012-12-31": "", "2012-11-30": "", "2012-09-30": "", "2012-08-31": "", "2012-06-30": "", "2012-05-31": "", "2012-03-31": "", "2012-02-29": "", "2011-11-30": "", "2011-08-31": "", "2011-05-31": "", "2011-02-28": "", "2010-11-30": "", "2010-08-31": "", "2010-05-31": "", "2010-02-28": "", "2009-11-30": "", "2009-08-31": "", "2009-05-31": "", "2009-02-28": "", "2008-11-30": "", "2008-08-31": "", "2008-05-31": "", "2008-02-29": "", "2007-11-30": "", "2007-08-31": "", "2007-05-31": "", "2007-03-31": "", "2007-02-28": "", "2006-11-30": "", "2006-09-30": "", "2006-08-31": "", "2006-06-30": "", "2006-05-31": ""}, "EBITDA Margin": {"2020-09-30": "", "2020-06-30": "", "2020-03-31": "", "2019-12-31": "", "2019-09-30": "", "2019-06-30": "", "2019-03-31": "", "2018-12-31": "", "2018-09-30": "", "2018-06-30": "", "2018-03-31": "", "2017-12-31": "", "2017-09-30": "", "2017-06-30": "", "2017-03-31": "", "2016-12-31": "", "2016-09-30": "", "2016-06-30": "", "2016-03-31": "", "2015-12-31": "", "2015-09-30": "", "2015-06-30": "", "2015-03-31": "", "2014-12-31": "", "2014-09-30": "", "2014-06-30": "", "2014-03-31": "", "2013-12-31": "", "2013-09-30": "", "2013-06-30": "", "2013-03-31": "", "2012-12-31": "", "2012-11-30": "", "2012-09-30": "", "2012-08-31": "", "2012-06-30": "", "2012-05-31": "", "2012-03-31": "", "2012-02-29": "", "2011-11-30": "", "2011-08-31": "", "2011-05-31": "", "2011-02-28": "", "2010-11-30": "", "2010-08-31": "", "2010-05-31": "", "2010-02-28": "", "2009-11-30": "", "2009-08-31": "", "2009-05-31": "", "2009-02-28": "", "2008-11-30": "", "2008-08-31": "", "2008-05-31": "", "2008-02-29": "", "2007-11-30": "", "2007-08-31": "", "2007-05-31": "", "2007-03-31": "", "2007-02-28": "", "2006-11-30": "", "2006-09-30": "", "2006-08-31": "", "2006-06-30": "", "2006-05-31": ""}, "Pre-Tax Profit Margin": {"2020-09-30": "48.82890", "2020-06-30": "-74.83770", "2020-03-31": "-7.21550", "2019-12-31": "43.83300", "2019-09-30": "47.31080", "2019-06-30": "47.79660", "2019-03-31": "47.59470", "2018-12-31": "44.69360", "2018-09-30": "48.78910", "2018-06-30": "47.12520", "2018-03-31": "46.92980", "2017-12-31": "46.46000", "2017-09-30": "48.78440", "2017-06-30": "48.73520", "2017-03-31": "49.51510", "2016-12-31": "49.60670", "2016-09-30": "51.77800", "2016-06-30": "49.77830", "2016-03-31": "50.77780", "2015-12-31": "45.78730", "2015-09-30": "52.47850", "2015-06-30": "50.40130", "2015-03-31": "50.98260", "2014-12-31": "41.01270", "2014-09-30": "54.95640", "2014-06-30": "56.01550", "2014-03-31": "56.58920", "2013-12-31": "52.78870", "2013-09-30": "54.71370", "2013-06-30": "54.46970", "2013-03-31": "58.91980", "2012-12-31": "", "2012-11-30": "", "2012-09-30": "55.00270", "2012-08-31": "55.05560", "2012-06-30": "52.74310", "2012-05-31": "53.67350", "2012-03-31": "60.90750", "2012-02-29": "59.96940", "2011-11-30": "", "2011-08-31": "61.97620", "2011-05-31": "59.32740", "2011-02-28": "54.74680", "2010-11-30": "", "2010-08-31": "43.28440", "2010-05-31": "45.11860", "2010-02-28": "-56.13620", "2009-11-30": "", "2009-08-31": "64.21330", "2009-05-31": "42.51370", "2009-02-28": "25.96520", "2008-11-30": "", "2008-08-31": "30.88970", "2008-05-31": "34.94150", "2008-02-29": "39.35780", "2007-11-30": "", "2007-08-31": "38.39480", "2007-05-31": "38.80790", "2007-03-31": "", "2007-02-28": "41.02530", "2006-11-30": "", "2006-09-30": "", "2006-08-31": "35.00070", "2006-06-30": "", "2006-05-31": "45.65160"}, "Net Profit Margin": {"2020-09-30": "38.23830", "2020-06-30": "-59.90260", "2020-03-31": "-7.21550", "2019-12-31": "33.53890", "2019-09-30": "35.64970", "2019-06-30": "36.17430", "2019-03-31": "36.07980", "2018-12-31": "33.93120", "2018-09-30": "35.26740", "2018-06-30": "35.62600", "2018-03-31": "35.41670", "2017-12-31": "18.55300", "2017-09-30": "31.82060", "2017-06-30": "29.90440", "2017-03-31": "31.43180", "2016-12-31": "30.89890", "2016-09-30": "33.67460", "2016-06-30": "33.37030", "2016-03-31": "31.22220", "2015-12-31": "28.35560", "2015-09-30": "32.27370", "2015-06-30": "31.35370", "2015-03-31": "32.17290", "2014-12-31": "24.81010", "2014-09-30": "34.31370", "2014-06-30": "34.76820", "2014-03-31": "34.21930", "2013-12-31": "33.12680", "2013-09-30": "33.48760", "2013-06-30": "32.64850", "2013-03-31": "35.95200", "2012-12-31": "", "2012-11-30": "", "2012-09-30": "33.76140", "2012-08-31": "33.78120", "2012-06-30": "32.41900", "2012-05-31": "32.90010", "2012-03-31": "37.46360", "2012-02-29": "36.92040", "2011-11-30": "", "2011-08-31": "37.98620", "2011-05-31": "38.00510", "2011-02-28": "34.93350", "2010-11-30": "", "2010-08-31": "26.10400", "2010-05-31": "27.57890", "2010-02-28": "-34.04780", "2009-11-30": "", "2009-08-31": "39.44960", "2009-05-31": "23.15330", "2009-02-28": "15.94170", "2008-11-30": "", "2008-08-31": "20.31440", "2008-05-31": "25.10330", "2008-02-29": "8.17640", "2007-11-30": "", "2007-08-31": "19.90630", "2007-05-31": "20.52710", "2007-03-31": "", "2007-02-28": "23.28060", "2006-11-30": "", "2006-09-30": "", "2006-08-31": "22.98830", "2006-06-30": "", "2006-05-31": "28.78960"}, "Asset Turnover": {"2020-09-30": "0.01580", "2020-06-30": "0.00540", "2020-03-31": "0.00960", "2019-12-31": "0.01850", "2019-09-30": "0.01900", "2019-06-30": "0.01870", "2019-03-31": "0.01760", "2018-12-31": "0.01830", "2018-09-30": "0.01870", "2018-06-30": "0.01810", "2018-03-31": "0.01790", "2017-12-31": "0.01930", "2017-09-30": "0.01900", "2017-06-30": "0.01900", "2017-03-31": "0.01850", "2016-12-31": "0.01930", "2016-09-30": "0.02050", "2016-06-30": "0.02060", "2016-03-31": "0.02040", "2015-12-31": "0.01980", "2015-09-30": "0.02170", "2015-06-30": "0.02200", "2015-03-31": "0.02120", "2014-12-31": "0.01900", "2014-09-30": "0.02280", "2014-06-30": "0.02300", "2014-03-31": "0.02270", "2013-12-31": "0.02240", "2013-09-30": "0.02290", "2013-06-30": "0.02400", "2013-03-31": "0.02410", "2012-12-31": "", "2012-11-30": "", "2012-09-30": "", "2012-08-31": "0.02490", "2012-06-30": "", "2012-05-31": "0.02240", "2012-03-31": "", "2012-02-29": "0.02400", "2011-11-30": "", "2011-08-31": "0.02570", "2011-05-31": "0.02460", "2011-02-28": "0.02070", "2010-11-30": "", "2010-08-31": "0.01660", "2010-05-31": "0.01510", "2010-02-28": "0.00460", "2009-11-30": "", "2009-08-31": "0.03430", "2009-05-31": "0.02350", "2009-02-28": "0.01860", "2008-11-30": "", "2008-08-31": "0.02380", "2008-05-31": "0.02720", "2008-02-29": "0.02660", "2007-11-30": "", "2007-08-31": "0.02810", "2007-05-31": "0.02860", "2007-03-31": "", "2007-02-28": "", "2006-11-30": "", "2006-09-30": "", "2006-08-31": "", "2006-06-30": "", "2006-05-31": ""}, "Inventory Turnover Ratio": {"2020-09-30": "", "2020-06-30": "", "2020-03-31": "", "2019-12-31": "", "2019-09-30": "", "2019-06-30": "", "2019-03-31": "", "2018-12-31": "", "2018-09-30": "", "2018-06-30": "", "2018-03-31": "", "2017-12-31": "", "2017-09-30": "", "2017-06-30": "", "2017-03-31": "", "2016-12-31": "", "2016-09-30": "", "2016-06-30": "", "2016-03-31": "", "2015-12-31": "", "2015-09-30": "", "2015-06-30": "", "2015-03-31": "", "2014-12-31": "", "2014-09-30": "", "2014-06-30": "", "2014-03-31": "", "2013-12-31": "", "2013-09-30": "", "2013-06-30": "", "2013-03-31": "", "2012-12-31": "", "2012-11-30": "", "2012-09-30": "", "2012-08-31": "", "2012-06-30": "", "2012-05-31": "", "2012-03-31": "", "2012-02-29": "", "2011-11-30": "", "2011-08-31": "", "2011-05-31": "", "2011-02-28": "", "2010-11-30": "", "2010-08-31": "", "2010-05-31": "", "2010-02-28": "", "2009-11-30": "", "2009-08-31": "", "2009-05-31": "", "2009-02-28": "", "2008-11-30": "", "2008-08-31": "", "2008-05-31": "", "2008-02-29": "", "2007-11-30": "", "2007-08-31": "", "2007-05-31": "", "2007-03-31": "", "2007-02-28": "", "2006-11-30": "", "2006-09-30": "", "2006-08-31": "", "2006-06-30": "", "2006-05-31": ""}, "Receiveable Turnover": {"2020-09-30": "", "2020-06-30": "", "2020-03-31": "", "2019-12-31": "", "2019-09-30": "", "2019-06-30": "", "2019-03-31": "", "2018-12-31": "", "2018-09-30": "", "2018-06-30": "", "2018-03-31": "", "2017-12-31": "", "2017-09-30": "", "2017-06-30": "", "2017-03-31": "", "2016-12-31": "", "2016-09-30": "", "2016-06-30": "", "2016-03-31": "", "2015-12-31": "", "2015-09-30": "", "2015-06-30": "", "2015-03-31": "", "2014-12-31": "", "2014-09-30": "", "2014-06-30": "", "2014-03-31": "", "2013-12-31": "", "2013-09-30": "", "2013-06-30": "", "2013-03-31": "", "2012-12-31": "", "2012-11-30": "", "2012-09-30": "", "2012-08-31": "", "2012-06-30": "", "2012-05-31": "", "2012-03-31": "", "2012-02-29": "", "2011-11-30": "", "2011-08-31": "", "2011-05-31": "", "2011-02-28": "", "2010-11-30": "", "2010-08-31": "", "2010-05-31": "", "2010-02-28": "", "2009-11-30": "", "2009-08-31": "", "2009-05-31": "", "2009-02-28": "", "2008-11-30": "", "2008-08-31": "", "2008-05-31": "", "2008-02-29": "", "2007-11-30": "", "2007-08-31": "", "2007-05-31": "", "2007-03-31": "", "2007-02-28": "", "2006-11-30": "", "2006-09-30": "", "2006-08-31": "", "2006-06-30": "", "2006-05-31": ""}, "Days Sales In Receivables": {"2020-09-30": "", "2020-06-30": "", "2020-03-31": "", "2019-12-31": "", "2019-09-30": "", "2019-06-30": "", "2019-03-31": "", "2018-12-31": "", "2018-09-30": "", "2018-06-30": "", "2018-03-31": "", "2017-12-31": "", "2017-09-30": "", "2017-06-30": "", "2017-03-31": "", "2016-12-31": "", "2016-09-30": "", "2016-06-30": "", "2016-03-31": "", "2015-12-31": "", "2015-09-30": "", "2015-06-30": "", "2015-03-31": "", "2014-12-31": "", "2014-09-30": "", "2014-06-30": "", "2014-03-31": "", "2013-12-31": "", "2013-09-30": "", "2013-06-30": "", "2013-03-31": "", "2012-12-31": "", "2012-11-30": "", "2012-09-30": "", "2012-08-31": "", "2012-06-30": "", "2012-05-31": "", "2012-03-31": "", "2012-02-29": "", "2011-11-30": "", "2011-08-31": "", "2011-05-31": "", "2011-02-28": "", "2010-11-30": "", "2010-08-31": "", "2010-05-31": "", "2010-02-28": "", "2009-11-30": "", "2009-08-31": "", "2009-05-31": "", "2009-02-28": "", "2008-11-30": "", "2008-08-31": "", "2008-05-31": "", "2008-02-29": "", "2007-11-30": "", "2007-08-31": "", "2007-05-31": "", "2007-03-31": "", "2007-02-28": "", "2006-11-30": "", "2006-09-30": "", "2006-08-31": "", "2006-06-30": "", "2006-05-31": ""}, "ROE - Return On Equity": {"2020-09-30": "8.38410", "2020-06-30": "-4.28550", "2020-03-31": "-0.67020", "2019-12-31": "6.26770", "2019-09-30": "6.90340", "2019-06-30": "6.88930", "2019-03-31": "6.78760", "2018-12-31": "6.50140", "2018-09-30": "6.88800", "2018-06-30": "6.47880", "2018-03-31": "6.46100", "2017-12-31": "3.74670", "2017-09-30": "5.66480", "2017-06-30": "5.10330", "2017-03-31": "5.26860", "2016-12-31": "5.23090", "2016-09-30": "5.92380", "2016-06-30": "5.68420", "2016-03-31": "5.34590", "2015-12-31": "4.66640", "2015-09-30": "5.69670", "2015-06-30": "5.59660", "2015-03-31": "5.50180", "2014-12-31": "3.82070", "2014-09-30": "5.99570", "2014-06-30": "5.95140", "2014-03-31": "6.03190", "2013-12-31": "5.87370", "2013-09-30": "5.90520", "2013-06-30": "6.08820", "2013-03-31": "6.91040", "2012-12-31": "", "2012-11-30": "", "2012-09-30": "", "2012-08-31": "6.85210", "2012-06-30": "", "2012-05-31": "6.02990", "2012-03-31": "", "2012-02-29": "7.14700", "2011-11-30": "", "2011-08-31": "8.10420", "2011-05-31": "7.98080", "2011-02-28": "6.73840", "2010-11-30": "", "2010-08-31": "4.26450", "2010-05-31": "4.27390", "2010-02-28": "-1.76880", "2009-11-30": "", "2009-08-31": "7.98530", "2009-05-31": "3.60490", "2009-02-28": "2.00680", "2008-11-30": "", "2008-08-31": "2.98150", "2008-05-31": "3.44540", "2008-02-29": "4.22380", "2007-11-30": "", "2007-08-31": "4.30810", "2007-05-31": "4.32950", "2007-03-31": "", "2007-02-28": "", "2006-11-30": "", "2006-09-30": "", "2006-08-31": "", "2006-06-30": "", "2006-05-31": ""}, "Return On Tangible Equity": {"2020-09-30": "7.78630", "2020-06-30": "-3.96040", "2020-03-31": "-0.65910", "2019-12-31": "6.18390", "2019-09-30": "6.81240", "2019-06-30": "6.79730", "2019-03-31": "6.69490", "2018-12-31": "6.41220", "2018-09-30": "6.79310", "2018-06-30": "6.38850", "2018-03-31": "6.37080", "2017-12-31": "3.69490", "2017-09-30": "5.59010", "2017-06-30": "5.03690", "2017-03-31": "5.20060", "2016-12-31": "5.16420", "2016-09-30": "5.84840", "2016-06-30": "5.61280", "2016-03-31": "5.27810", "2015-12-31": "4.60740", "2015-09-30": "5.62550", "2015-06-30": "5.52690", "2015-03-31": "5.43650", "2014-12-31": "3.77530", "2014-09-30": "5.94100", "2014-06-30": "5.89850", "2014-03-31": "5.97820", "2013-12-31": "5.82210", "2013-09-30": "5.85390", "2013-06-30": "6.03630", "2013-03-31": "6.84920", "2012-12-31": "", "2012-11-30": "", "2012-09-30": "", "2012-08-31": "7.23100", "2012-06-30": "", "2012-05-31": "6.34350", "2012-03-31": "", "2012-02-29": "7.52340", "2011-11-30": "", "2011-08-31": "8.58090", "2011-05-31": "8.48460", "2011-02-28": "7.20710", "2010-11-30": "", "2010-08-31": "4.60030", "2010-05-31": "4.61610", "2010-02-28": "-1.57700", "2009-11-30": "", "2009-08-31": "7.27890", "2009-05-31": "3.24390", "2009-02-28": "2.17220", "2008-11-30": "", "2008-08-31": "3.14370", "2008-05-31": "3.63910", "2008-02-29": "4.47160", "2007-11-30": "", "2007-08-31": "4.95490", "2007-05-31": "4.96090", "2007-03-31": "", "2007-02-28": "", "2006-11-30": "", "2006-09-30": "", "2006-08-31": "", "2006-06-30": "", "2006-05-31": ""}, "ROA - Return On Assets": {"2020-09-30": "0.62000", "2020-06-30": "-0.32340", "2020-03-31": "-0.05410", "2019-12-31": "0.62110", "2019-09-30": "0.69500", "2019-06-30": "0.68020", "2019-03-31": "0.65570", "2018-12-31": "0.62710", "2018-09-30": "0.68030", "2018-06-30": "0.65110", "2018-03-31": "0.65320", "2017-12-31": "0.38670", "2017-09-30": "0.61680", "2017-06-30": "0.58240", "2017-03-31": "0.59500", "2016-12-31": "0.60990", "2016-09-30": "0.70580", "2016-06-30": "0.70390", "2016-03-31": "0.65270", "2015-12-31": "0.57600", "2015-09-30": "0.71490", "2015-06-30": "0.70540", "2015-03-31": "0.69610", "2014-12-31": "0.48600", "2014-09-30": "0.79900", "2014-06-30": "0.81580", "2014-03-31": "0.79290", "2013-12-31": "0.75880", "2013-09-30": "0.78500", "2013-06-30": "0.80330", "2013-03-31": "0.88390", "2012-12-31": "", "2012-11-30": "", "2012-09-30": "", "2012-08-31": "0.84790", "2012-06-30": "", "2012-05-31": "0.74440", "2012-03-31": "", "2012-02-29": "0.89520", "2011-11-30": "", "2011-08-31": "0.98720", "2011-05-31": "0.94650", "2011-02-28": "0.73200", "2010-11-30": "", "2010-08-31": "0.43390", "2010-05-31": "0.41520", "2010-02-28": "-0.15500", "2009-11-30": "", "2009-08-31": "1.35240", "2009-05-31": "0.54390", "2009-02-28": "0.29650", "2008-11-30": "", "2008-08-31": "0.47940", "2008-05-31": "0.58870", "2008-02-29": "0.63980", "2007-11-30": "", "2007-08-31": "0.67560", "2007-05-31": "0.70150", "2007-03-31": "", "2007-02-28": "", "2006-11-30": "", "2006-09-30": "", "2006-08-31": "", "2006-06-30": "", "2006-05-31": ""}, "ROI - Return On Investment": {"2020-09-30": "2.40240", "2020-06-30": "-1.12070", "2020-03-31": "-0.17060", "2019-12-31": "1.88500", "2019-09-30": "2.12880", "2019-06-30": "2.05420", "2019-03-31": "1.93420", "2018-12-31": "1.79100", "2018-09-30": "1.89400", "2018-06-30": "1.80120", "2018-03-31": "1.79440", "2017-12-31": "1.03980", "2017-09-30": "1.58740", "2017-06-30": "1.44840", "2017-03-31": "1.48080", "2016-12-31": "1.53130", "2016-09-30": "1.67380", "2016-06-30": "1.70740", "2016-03-31": "1.59420", "2015-12-31": "1.39180", "2015-09-30": "1.74340", "2015-06-30": "1.69390", "2015-03-31": "1.71670", "2014-12-31": "1.19960", "2014-09-30": "1.99880", "2014-06-30": "2.04850", "2014-03-31": "2.02220", "2013-12-31": "1.92440", "2013-09-30": "2.02620", "2013-06-30": "2.11370", "2013-03-31": "2.27910", "2012-12-31": "", "2012-11-30": "", "2012-09-30": "", "2012-08-31": "2.20730", "2012-06-30": "", "2012-05-31": "1.92170", "2012-03-31": "", "2012-02-29": "2.28770", "2011-11-30": "", "2011-08-31": "2.52220", "2011-05-31": "2.35810", "2011-02-28": "1.79570", "2010-11-30": "", "2010-08-31": "1.09410", "2010-05-31": "1.05990", "2010-02-28": "-0.35210", "2009-11-30": "", "2009-08-31": "5.67170", "2009-05-31": "2.55350", "2009-02-28": "1.61990", "2008-11-30": "", "2008-08-31": "2.27760", "2008-05-31": "2.60400", "2008-02-29": "3.12990", "2007-11-30": "", "2007-08-31": "3.04230", "2007-05-31": "3.71930", "2007-03-31": "", "2007-02-28": "", "2006-11-30": "", "2006-09-30": "", "2006-08-31": "", "2006-06-30": "", "2006-05-31": ""}, "Book Value Per Share": {"2020-09-30": "33.44910", "2020-06-30": "31.46990", "2020-03-31": "31.55380", "2019-12-31": "38.23550", "2019-09-30": "37.19910", "2019-06-30": "35.97460", "2019-03-31": "34.60200", "2018-12-31": "33.58010", "2018-09-30": "32.59950", "2018-06-30": "31.66320", "2018-03-31": "30.93490", "2017-12-31": "30.43140", "2017-09-30": "30.56200", "2017-06-30": "30.01100", "2017-03-31": "29.46240", "2016-12-31": "29.12550", "2016-09-30": "28.62250", "2016-06-30": "28.03470", "2016-03-31": "27.31840", "2015-12-31": "26.73840", "2015-09-30": "26.31560", "2015-06-30": "25.75090", "2015-03-31": "25.21770", "2014-12-31": "24.78700", "2014-09-30": "24.81570", "2014-06-30": "24.45940", "2014-03-31": "23.52980", "2013-12-31": "22.88860", "2013-09-30": "22.14310", "2013-06-30": "21.51810", "2013-03-31": "20.89700", "2012-12-31": "", "2012-11-30": "", "2012-09-30": "", "2012-08-31": "18.02200", "2012-06-30": "", "2012-05-31": "17.20450", "2012-03-31": "", "2012-02-29": "16.65770", "2011-11-30": "", "2011-08-31": "14.87540", "2011-05-31": "13.78770", "2011-02-28": "12.65280", "2010-11-30": "", "2010-08-31": "11.22270", "2010-05-31": "11.09990", "2010-02-28": "12.90060", "2009-11-30": "", "2009-08-31": "15.45140", "2009-05-31": "15.39550", "2009-02-28": "12.46080", "2008-11-30": "", "2008-08-31": "12.50700", "2008-05-31": "12.20350", "2008-02-29": "11.80130", "2007-11-30": "", "2007-08-31": "11.87290", "2007-05-31": "", "2007-03-31": "", "2007-02-28": "", "2006-11-30": "", "2006-09-30": "", "2006-08-31": "", "2006-06-30": "", "2006-05-31": ""}, "Operating Cash Flow Per Share": {"2020-09-30": 4.2353, "2020-06-30": 5.222, "2020-03-31": "5.45450", "2019-12-31": 4.4351, "2019-09-30": 2.8128, "2019-06-30": 4.9957, "2019-03-31": "7.11890", "2018-12-31": 2.0932, "2018-09-30": 4.8383, "2018-06-30": 4.6276, "2018-03-31": "3.48730", "2017-12-31": 4.2647, "2017-09-30": 4.2989, "2017-06-30": 2.7371, "2017-03-31": "2.62440", "2016-12-31": 3.1055, "2016-09-30": 3.375, "2016-06-30": 1.6415, "2016-03-31": "2.77700", "2015-12-31": 2.3244, "2015-09-30": 2.7123, "2015-06-30": 1.3896, "2015-03-31": "2.37280", "2014-12-31": 2.1333, "2014-09-30": 2.3379, "2014-06-30": 1.4004, "2014-03-31": "2.39190", "2013-12-31": 1.9862, "2013-09-30": 0.9784, "2013-06-30": 1.2572, "2013-03-31": "3.00200", "2012-12-31": 0, "2012-11-30": -4.9432, "2012-09-30": 0.7421, "2012-08-31": 1.3156, "2012-06-30": 0.0462, "2012-05-31": 1.5116, "2012-03-31": "1.32770", "2012-02-29": "1.90460", "2011-11-30": -5.0554, "2011-08-31": 0.9935, "2011-05-31": 1.7566, "2011-02-28": "2.30530", "2010-11-30": -4.9476, "2010-08-31": 0.5209, "2010-05-31": 2.3379, "2010-02-28": "2.08880", "2009-11-30": -5.0211, "2009-08-31": 1.048, "2009-05-31": 2.8734, "2009-02-28": "1.09970", "2008-11-30": -5.9346, "2008-08-31": 2.6969, "2008-05-31": 1.5322, "2008-02-29": "1.70550", "2007-11-30": -2.7928, "2007-08-31": 1.7412, "2007-05-31": 1.0516, "2007-03-31": "", "2007-02-28": "1.06790", "2006-11-30": 0, "2006-09-30": -2.7227, "2006-08-31": 2.7227, "2006-06-30": -1.458, "2006-05-31": 1.458}, "Free Cash Flow Per Share": {"2020-09-30": 4.0621, "2020-06-30": 4.9135, "2020-03-31": "5.26300", "2019-12-31": 4.2163, "2019-09-30": 2.6116, "2019-06-30": 4.7782, "2019-03-31": "6.86890", "2018-12-31": 1.8745, "2018-09-30": 4.6598, "2018-06-30": 4.452, "2018-03-31": "3.32390", "2017-12-31": 4.1159, "2017-09-30": 4.1367, "2017-06-30": 2.5871, "2017-03-31": "2.50260", "2016-12-31": 2.9929, "2016-09-30": 3.256, "2016-06-30": 1.5425, "2016-03-31": "2.66670", "2015-12-31": 2.215, "2015-09-30": 2.6395, "2015-06-30": 1.282, "2015-03-31": "2.28130", "2014-12-31": 2.0414, "2014-09-30": 2.2729, "2014-06-30": 1.3352, "2014-03-31": "2.30080", "2013-12-31": 1.8775, "2013-09-30": 0.8515, "2013-06-30": 1.1371, "2013-03-31": "2.88330", "2012-12-31": 0, "2012-11-30": -4.7299, "2012-09-30": 0.7315, "2012-08-31": 1.2312, "2012-06-30": 0.0327, "2012-05-31": 1.4652, "2012-03-31": "1.26930", "2012-02-29": "1.85580", "2011-11-30": -4.9269, "2011-08-31": 0.9563, "2011-05-31": 1.6938, "2011-02-28": "2.27680", "2010-11-30": -4.8939, "2010-08-31": 0.4986, "2010-05-31": 2.3209, "2010-02-28": "2.07440", "2009-11-30": -4.9429, "2009-08-31": 1.0288, "2009-05-31": 2.8498, "2009-02-28": "1.06430", "2008-11-30": -5.7726, "2008-08-31": 2.6288, "2008-05-31": 1.4805, "2008-02-29": "1.66330", "2007-11-30": -2.611, "2007-08-31": 1.6828, "2007-05-31": 0.9282, "2007-03-31": "", "2007-02-28": "1.00930", "2006-11-30": 0, "2006-09-30": -2.5064, "2006-08-31": 2.5064, "2006-06-30": -1.318, "2006-05-31": 1.318}}, "revenue": {"Discover Financial Services Annual Revenue (Millions of US $)": {"2020": "$12,953", "2019": "$13,989", "2018": "$12,848", "2017": "$11,545", "2016": "$10,497", "2015": "$10,002", "2014": "$9,611", "2013": "$9,370", "2012": "$8,984", "2011": "$8,550", "2010": "$8,241", "2009": "$7,986", "2008": "$6,957", "2007": "$5,961", "2006": "$5,578", "2005": "$5,112"}, "Discover Financial Services Quarterly Revenue (Millions of US $)": {"2020-12-31": "$3,207", "2020-09-30": "$3,130", "2020-06-30": "$3,144", "2020-03-31": "$3,472", "2019-12-31": "$3,559", "2019-09-30": "$3,538", "2019-06-30": "$3,497", "2019-03-31": "$3,395", "2018-12-31": "$3,412", "2018-09-30": "$3,282", "2018-06-30": "$3,110", "2018-03-31": "$3,044", "2017-12-31": "$3,050", "2017-09-30": "$2,951", "2017-06-30": "$2,819", "2017-03-31": "$2,725", "2016-12-31": "$2,724", "2016-09-30": "$2,660", "2016-06-30": "$2,555", "2016-03-31": "$2,558", "2015-12-31": "$2,534", "2015-09-30": "$2,511", "2015-06-30": "$2,486", "2015-03-31": "$2,471", "2014-12-31": "$2,339", "2014-09-30": "$2,478", "2014-06-30": "$2,446", "2014-03-31": "$2,348", "2013-12-31": "$2,402", "2013-09-30": "$2,340", "2013-06-30": "$2,338", "2013-03-31": "$2,290", "2012-12-31": "", "2012-11-30": "", "2012-09-30": "$2,326", "2012-08-31": "$2,289", "2012-06-30": "$2,198", "2012-05-31": "$2,189", "2012-03-31": "$2,152", "2012-02-29": "$2,196", "2011-11-30": "", "2011-08-31": "$2,151", "2011-05-31": "$2,117", "2011-02-28": "$2,116", "2010-11-30": "", "2010-08-31": "$2,100", "2010-05-31": "$2,065", "2010-02-28": "$2,105", "2009-11-30": "", "2009-08-31": "$2,149", "2009-05-31": "$1,939", "2009-02-28": "$2,006", "2008-11-30": "", "2008-08-31": "$1,557", "2008-05-31": "$1,457", "2008-02-29": "$1,638", "2007-11-30": "", "2007-08-31": "$1,479", "2007-05-31": "$1,467", "2007-03-31": "", "2007-02-28": "$1,403", "2006-11-30": "", "2006-09-30": "", "2006-08-31": "$1,532", "2006-06-30": "", "2006-05-31": "$1,539"}}, "gross-profit": {"Discover Financial Services Annual Gross Profit (Millions of US $)": {"2020": "$11,088", "2019": "$11,459", "2018": "$10,709", "2017": "$9,897", "2016": "$9,099", "2015": "$8,739", "2014": "$8,477", "2013": "$8,224", "2012": "$7,653", "2011": "$7,065", "2010": "$6,658", "2009": "$6,734", "2008": "$5,669", "2007": "$4,738", "2006": "$4,742", "2005": "$4,335"}, "Discover Financial Services Quarterly Gross Profit (Millions of US $)": {"2020-12-31": "$2,824", "2020-09-30": "$2,714", "2020-06-30": "$2,662", "2020-03-31": "$2,888", "2019-12-31": "$2,944", "2019-09-30": "$2,900", "2019-06-30": "$2,852", "2019-03-31": "$2,763", "2018-12-31": "$2,807", "2018-09-30": "$2,724", "2018-06-30": "$2,603", "2018-03-31": "$2,575", "2017-12-31": "$2,614", "2017-09-30": "$2,525", "2017-06-30": "$2,419", "2017-03-31": "$2,339", "2016-12-31": "$2,358", "2016-09-30": "$2,301", "2016-06-30": "$2,216", "2016-03-31": "$2,224", "2015-12-31": "$2,205", "2015-09-30": "$2,188", "2015-06-30": "$2,175", "2015-03-31": "$2,171", "2014-12-31": "$2,037", "2014-09-30": "$2,190", "2014-06-30": "$2,172", "2014-03-31": "$2,078", "2013-12-31": "$2,129", "2013-09-30": "$2,062", "2013-06-30": "$2,041", "2013-03-31": "$1,992", "2012-12-31": "", "2012-11-30": "", "2012-09-30": "$2,005", "2012-08-31": "$1,964", "2012-06-30": "$1,866", "2012-05-31": "$1,848", "2012-03-31": "$1,803", "2012-02-29": "$1,843", "2011-11-30": "", "2011-08-31": "$1,789", "2011-05-31": "$1,737", "2011-02-28": "$1,733", "2010-11-30": "", "2010-08-31": "$1,711", "2010-05-31": "$1,660", "2010-02-28": "$1,691", "2009-11-30": "", "2009-08-31": "$1,845", "2009-05-31": "$1,619", "2009-02-28": "$1,693", "2008-11-30": "", "2008-08-31": "$1,251", "2008-05-31": "$1,144", "2008-02-29": "$1,299", "2007-11-30": "", "2007-08-31": "$1,162", "2007-05-31": "$1,164", "2007-03-31": "", "2007-02-28": "$1,151", "2006-11-30": "", "2006-09-30": "", "2006-08-31": "$1,282", "2006-06-30": "", "2006-05-31": "$1,322"}}, "operating-income": {"Discover Financial Services Annual Operating Income (Millions of US $)": {"2020": "$1,435", "2019": "$3,835", "2018": "$3,597", "2017": "$3,537", "2016": "$3,656", "2015": "$3,612", "2014": "$3,694", "2013": "$3,944", "2012": "$3,753", "2011": "$3,511", "2010": "$1,269", "2009": "$2,121", "2008": "$1,658", "2007": "$1,526", "2006": "$1,668", "2005": "$924"}, "Discover Financial Services Quarterly Operating Income (Millions of US $)": {"2020-12-31": "$1,015", "2020-09-30": "$959", "2020-06-30": "$-461", "2020-03-31": "$-78", "2019-12-31": "$924", "2019-09-30": "$994", "2019-06-30": "$987", "2019-03-31": "$930", "2018-12-31": "$897", "2018-09-30": "$967", "2018-06-30": "$877", "2018-03-31": "$856", "2017-12-31": "$899", "2017-09-30": "$903", "2017-06-30": "$867", "2017-03-31": "$868", "2016-12-31": "$883", "2016-09-30": "$961", "2016-06-30": "$898", "2016-03-31": "$914", "2015-12-31": "$788", "2015-09-30": "$974", "2015-06-30": "$942", "2015-03-31": "$908", "2014-12-31": "$648", "2014-09-30": "$1,009", "2014-06-30": "$1,015", "2014-03-31": "$1,022", "2013-12-31": "$937", "2013-09-30": "$946", "2013-06-30": "$981", "2013-03-31": "$1,080", "2012-12-31": "", "2012-11-30": "", "2012-09-30": "$1,028", "2012-08-31": "$1,012", "2012-06-30": "$846", "2012-05-31": "$867", "2012-03-31": "$1,047", "2012-02-29": "$1,014", "2011-11-30": "", "2011-08-31": "$1,047", "2011-05-31": "$926", "2011-02-28": "$720", "2010-11-30": "", "2010-08-31": "$432", "2010-05-31": "$422", "2010-02-28": "$-171", "2009-11-30": "", "2009-08-31": "$940", "2009-05-31": "$415", "2009-02-28": "$196", "2008-11-30": "", "2008-08-31": "$274", "2008-05-31": "$326", "2008-02-29": "$391", "2007-11-30": "", "2007-08-31": "$390", "2007-05-31": "$396", "2007-03-31": "", "2007-02-28": "$412", "2006-11-30": "", "2006-09-30": "", "2006-08-31": "$368", "2006-06-30": "", "2006-05-31": "$544"}}, "ebitda": {"Discover Financial Services Annual EBITDA (Millions of US $)": {"2019": "$", "2018": "$", "2017": "$", "2016": "$", "2015": "$", "2014": "$", "2013": "$", "2012": "$", "2011": "$", "2010": "$", "2009": "$", "2008": "$", "2007": "$", "2006": "$", "2005": "$"}, "Discover Financial Services Quarterly EBITDA (Millions of US $)": {"2020-09-30": "", "2020-06-30": "", "2020-03-31": "", "2019-12-31": "", "2019-09-30": "", "2019-06-30": "", "2019-03-31": "", "2018-12-31": "", "2018-09-30": "", "2018-06-30": "", "2018-03-31": "", "2017-12-31": "", "2017-09-30": "", "2017-06-30": "", "2017-03-31": "", "2016-12-31": "", "2016-09-30": "", "2016-06-30": "", "2016-03-31": "", "2015-12-31": "", "2015-09-30": "", "2015-06-30": "", "2015-03-31": "", "2014-12-31": "", "2014-09-30": "", "2014-06-30": "", "2014-03-31": "", "2013-12-31": "", "2013-09-30": "", "2013-06-30": "", "2013-03-31": "", "2012-12-31": "", "2012-11-30": "", "2012-09-30": "", "2012-08-31": "", "2012-06-30": "", "2012-05-31": "", "2012-03-31": "", "2012-02-29": "", "2011-11-30": "", "2011-08-31": "", "2011-05-31": "", "2011-02-28": "", "2010-11-30": "", "2010-08-31": "", "2010-05-31": "", "2010-02-28": "", "2009-11-30": "", "2009-08-31": "", "2009-05-31": "", "2009-02-28": "", "2008-11-30": "", "2008-08-31": "", "2008-05-31": "", "2008-02-29": "", "2007-11-30": "", "2007-08-31": "", "2007-05-31": "", "2007-03-31": "", "2007-02-28": "", "2006-11-30": "", "2006-09-30": "", "2006-08-31": "", "2006-06-30": "", "2006-05-31": ""}}, "net-income": {"Discover Financial Services Annual Net Income (Millions of US $)": {"2020": "$1,104", "2019": "$2,908", "2018": "$2,689", "2017": "$2,031", "2016": "$2,339", "2015": "$2,246", "2014": "$2,270", "2013": "$2,414", "2012": "$2,318", "2011": "$2,202", "2010": "$668", "2009": "$1,276", "2008": "$928", "2007": "$589", "2006": "$1,077", "2005": "$578"}, "Discover Financial Services Quarterly Net Income (Millions of US $)": {"2020-12-31": "$794", "2020-09-30": "$751", "2020-06-30": "$-369", "2020-03-31": "$-78", "2019-12-31": "$707", "2019-09-30": "$749", "2019-06-30": "$747", "2019-03-31": "$705", "2018-12-31": "$681", "2018-09-30": "$699", "2018-06-30": "$663", "2018-03-31": "$646", "2017-12-31": "$359", "2017-09-30": "$589", "2017-06-30": "$532", "2017-03-31": "$551", "2016-12-31": "$550", "2016-09-30": "$625", "2016-06-30": "$602", "2016-03-31": "$562", "2015-12-31": "$488", "2015-09-30": "$599", "2015-06-30": "$586", "2015-03-31": "$573", "2014-12-31": "$392", "2014-09-30": "$630", "2014-06-30": "$630", "2014-03-31": "$618", "2013-12-31": "$588", "2013-09-30": "$579", "2013-06-30": "$588", "2013-03-31": "$659", "2012-12-31": "", "2012-11-30": "", "2012-09-30": "$631", "2012-08-31": "$621", "2012-06-30": "$520", "2012-05-31": "$532", "2012-03-31": "$644", "2012-02-29": "$624", "2011-11-30": "", "2011-08-31": "$642", "2011-05-31": "$593", "2011-02-28": "$459", "2010-11-30": "", "2010-08-31": "$261", "2010-05-31": "$258", "2010-02-28": "$-104", "2009-11-30": "", "2009-08-31": "$577", "2009-05-31": "$226", "2009-02-28": "$120", "2008-11-30": "", "2008-08-31": "$180", "2008-05-31": "$234", "2008-02-29": "$81", "2007-11-30": "", "2007-08-31": "$202", "2007-05-31": "$209", "2007-03-31": "$234", "2007-02-28": "$234", "2006-11-30": "", "2006-09-30": "$241", "2006-08-31": "$241", "2006-06-30": "$343", "2006-05-31": "$343"}}, "eps-earnings-per-share-diluted": {"Discover Financial Services Annual EPS": {"2020": "$3.60", "2019": "$9.08", "2018": "$7.79", "2017": "$5.42", "2016": "$5.77", "2015": "$5.13", "2014": "$4.90", "2013": "$4.96", "2012": "$4.46", "2011": "$4.06", "2010": "$1.22", "2009": "$2.38", "2008": "$1.90", "2007": "$1.23", "2006": "$2.26", "2005": "$1.21"}, "Discover Financial Services Quarterly EPS": {"2020-12-31": "$2.59", "2020-09-30": "$2.45", "2020-06-30": "$-1.20", "2020-03-31": "$-0.25", "2019-12-31": "$2.25", "2019-09-30": "$2.36", "2019-06-30": "$2.32", "2019-03-31": "$2.15", "2018-12-31": "$2.01", "2018-09-30": "$2.05", "2018-06-30": "$1.91", "2018-03-31": "$1.82", "2017-12-31": "$1.00", "2017-09-30": "$1.59", "2017-06-30": "$1.40", "2017-03-31": "$1.43", "2016-12-31": "$1.39", "2016-09-30": "$1.56", "2016-06-30": "$1.47", "2016-03-31": "$1.35", "2015-12-31": "$1.14", "2015-09-30": "$1.38", "2015-06-30": "$1.33", "2015-03-31": "$1.28", "2014-12-31": "$0.87", "2014-09-30": "$1.37", "2014-06-30": "$1.35", "2014-03-31": "$1.31", "2013-12-31": "$1.23", "2013-09-30": "$1.20", "2013-06-30": "$1.20", "2013-03-31": "$1.33", "2012-12-31": "$0.00", "2012-11-30": "$0.00", "2012-09-30": "$1.24", "2012-08-31": "$1.21", "2012-06-30": "$0.99", "2012-05-31": "$1.00", "2012-03-31": "$1.21", "2012-02-29": "$1.18", "2011-11-30": "$0.00", "2011-08-31": "$1.18", "2011-05-31": "$1.09", "2011-02-28": "$0.84", "2010-11-30": "$0.00", "2010-08-31": "$0.47", "2010-05-31": "$0.33", "2010-02-28": "$-0.22", "2009-11-30": "$0.00", "2009-08-31": "$1.07", "2009-05-31": "$0.43", "2009-02-28": "$0.25", "2008-11-30": "$0.00", "2008-08-31": "$0.37", "2008-05-31": "$0.48", "2008-02-29": "$0.17", "2007-11-30": "$0.00", "2007-08-31": "$0.42", "2007-05-31": "$0.44", "2007-03-31": "$0.00", "2007-02-28": "$0.49", "2006-11-30": "$0.00", "2006-09-30": "$0.00", "2006-08-31": "$0.51", "2006-06-30": "$0.00", "2006-05-31": "$0.72"}}, "shares-outstanding": {"Discover Financial Services Annual Shares Outstanding (Millions of Shares)": {"2020": "307", "2019": "320", "2018": "345", "2017": "374", "2016": "406", "2015": "438", "2014": "463", "2013": "487", "2012": "520", "2011": "543", "2010": "549", "2009": "508", "2008": "479", "2007": "479", "2006": "477", "2005": "477"}, "Discover Financial Services Quarterly Shares Outstanding (Millions of Shares)": {"2020-12-31": "307", "2020-09-30": "306", "2020-06-30": "306", "2020-03-31": "308", "2019-12-31": "320", "2019-09-30": "317", "2019-06-30": "323", "2019-03-31": "328", "2018-12-31": "345", "2018-09-30": "342", "2018-06-30": "348", "2018-03-31": "355", "2017-12-31": "374", "2017-09-30": "371", "2017-06-30": "379", "2017-03-31": "386", "2016-12-31": "406", "2016-09-30": "402", "2016-06-30": "411", "2016-03-31": "417", "2015-12-31": "438", "2015-09-30": "434", "2015-06-30": "442", "2015-03-31": "448", "2014-12-31": "463", "2014-09-30": "461", "2014-06-30": "467", "2014-03-31": "472", "2013-12-31": "487", "2013-09-30": "484", "2013-06-30": "490", "2013-03-31": "497", "2012-12-31": "", "2012-11-30": "", "2012-09-30": "511", "2012-08-31": "514", "2012-06-30": "524", "2012-05-31": "529", "2012-03-31": "531", "2012-02-29": "531", "2011-11-30": "", "2011-08-31": "545", "2011-05-31": "546", "2011-02-28": "546", "2010-11-30": "", "2010-08-31": "547", "2010-05-31": "552", "2010-02-28": "543", "2009-11-30": "", "2009-08-31": "517", "2009-05-31": "482", "2009-02-28": "480", "2008-11-30": "", "2008-08-31": "484", "2008-05-31": "484", "2008-02-29": "482", "2007-11-30": "", "2007-08-31": "480", "2007-05-31": "477", "2007-03-31": "", "2007-02-28": "477", "2006-11-30": "", "2006-09-30": "", "2006-08-31": "477", "2006-06-30": "", "2006-05-31": "477"}}, "total-assets": {"Discover Financial Services Annual Total Assets (Millions of US $)": {"2019": "$113,996", "2018": "$109,553", "2017": "$100,087", "2016": "$92,308", "2015": "$86,799", "2014": "$83,126", "2013": "$79,340", "2012": "$75,283", "2011": "$69,117", "2010": "$60,785", "2009": "$46,021", "2008": "$39,892", "2007": "$37,376", "2006": "$29,067", "2005": "$0"}, "Discover Financial Services Quarterly Total Assets (Millions of US $)": {"2020-09-30": "$124,349", "2020-06-30": "$113,792", "2020-03-31": "$112,657", "2019-12-31": "$113,996", "2019-09-30": "$110,786", "2019-06-30": "$110,707", "2019-03-31": "$110,720", "2018-12-31": "$109,553", "2018-09-30": "$105,842", "2018-06-30": "$102,751", "2018-03-31": "$101,967", "2017-12-31": "$100,087", "2017-09-30": "$97,608", "2017-06-30": "$93,757", "2017-03-31": "$94,795", "2016-12-31": "$92,308", "2016-09-30": "$90,541", "2016-06-30": "$87,511", "2016-03-31": "$88,093", "2015-12-31": "$86,799", "2015-09-30": "$85,611", "2015-06-30": "$84,911", "2015-03-31": "$84,178", "2014-12-31": "$83,126", "2014-09-30": "$80,596", "2014-06-30": "$78,937", "2014-03-31": "$79,584", "2013-12-31": "$79,340", "2013-09-30": "$75,544", "2013-06-30": "$74,944", "2013-03-31": "$76,139", "2012-12-31": "$73,491", "2012-11-30": "$75,283", "2012-09-30": "$0", "2012-08-31": "$73,909", "2012-06-30": "$0", "2012-05-31": "$72,083", "2012-03-31": "$0", "2012-02-29": "$70,486", "2011-11-30": "$68,784", "2011-08-31": "$65,726", "2011-05-31": "$63,438", "2011-02-28": "$63,507", "2010-11-30": "$60,785", "2010-08-31": "$60,058", "2010-05-31": "$62,154", "2010-02-28": "$66,819", "2009-11-30": "$46,021", "2009-08-31": "$42,698", "2009-05-31": "$41,518", "2009-02-28": "$40,607", "2008-11-30": "$39,892", "2008-08-31": "$37,318", "2008-05-31": "$34,234", "2008-02-29": "$37,328", "2007-11-30": "$37,376", "2007-08-31": "$36,141", "2007-05-31": "$35,673", "2007-03-31": "$0", "2007-02-28": "$0", "2006-11-30": "$29,067", "2006-09-30": "$0", "2006-08-31": "$0", "2006-06-30": "$0", "2006-05-31": "$0"}}, "cash-on-hand": {"Discover Financial Services Annual Cash on Hand (Millions of US $)": {"2019": "$6,964", "2018": "$15,145", "2017": "$13,387", "2016": "$12,009", "2015": "$9,671", "2014": "$7,390", "2013": "$6,736", "2012": "$6,270", "2011": "$4,136", "2010": "$6,462", "2009": "$13,664", "2008": "$10,171", "2007": "$8,085", "2006": "$874", "2005": "$"}, "Discover Financial Services Quarterly Cash on Hand (Millions of US $)": {"2020-09-30": "$10,089", "2020-06-30": "$15,167", "2020-03-31": "$11,211", "2019-12-31": "$6,964", "2019-09-30": "$6,112", "2019-06-30": "$11,353", "2019-03-31": "$15,213", "2018-12-31": "$15,145", "2018-09-30": "$16,609", "2018-06-30": "$15,919", "2018-03-31": "$17,098", "2017-12-31": "$13,387", "2017-09-30": "$14,528", "2017-06-30": "$13,043", "2017-03-31": "$16,263", "2016-12-31": "$12,009", "2016-09-30": "$13,023", "2016-06-30": "$10,715", "2016-03-31": "$13,145", "2015-12-31": "$9,671", "2015-09-30": "$10,348", "2015-06-30": "$11,349", "2015-03-31": "$11,923", "2014-12-31": "$7,390", "2014-09-30": "$7,485", "2014-06-30": "$7,184", "2014-03-31": "$9,894", "2013-12-31": "$6,736", "2013-09-30": "$5,806", "2013-06-30": "$6,281", "2013-03-31": "$8,549", "2012-12-31": "$2,874", "2012-11-30": "$6,270", "2012-09-30": "", "2012-08-31": "$6,539", "2012-06-30": "", "2012-05-31": "$6,915", "2012-03-31": "", "2012-02-29": "$6,676", "2011-11-30": "$4,136", "2011-08-31": "$4,895", "2011-05-31": "$4,787", "2011-02-28": "$5,847", "2010-11-30": "$6,462", "2010-08-31": "$8,608", "2010-05-31": "$11,021", "2010-02-28": "$16,404", "2009-11-30": "$13,664", "2009-08-31": "$11,331", "2009-05-31": "$10,122", "2009-02-28": "$8,724", "2008-11-30": "$10,171", "2008-08-31": "$10,475", "2008-05-31": "$8,765", "2008-02-29": "$8,286", "2007-11-30": "$8,085", "2007-08-31": "$8,601", "2007-05-31": "$7,893", "2007-03-31": "", "2007-02-28": "", "2006-11-30": "$874", "2006-09-30": "", "2006-08-31": "", "2006-06-30": "", "2006-05-31": ""}}, "long-term-debt": {"Discover Financial Services Annual Long Term Debt (Millions of US $)": {"2019": "$25,701", "2018": "$27,228", "2017": "$26,326", "2016": "$25,443", "2015": "$24,650", "2014": "$22,544", "2013": "$20,474", "2012": "$19,729", "2011": "$18,287", "2010": "$17,706", "2009": "$2,428", "2008": "$1,735", "2007": "$2,134", "2006": "$1,508", "2005": "$"}, "Discover Financial Services Quarterly Long Term Debt (Millions of US $)": {"2020-09-30": "$21,841", "2020-06-30": "$23,194", "2020-03-31": "$26,098", "2019-12-31": "$25,701", "2019-09-30": "$24,454", "2019-06-30": "$25,163", "2019-03-31": "$26,276", "2018-12-31": "$27,228", "2018-09-30": "$26,998", "2018-06-30": "$26,252", "2018-03-31": "$26,244", "2017-12-31": "$26,326", "2017-09-30": "$26,737", "2017-06-30": "$26,438", "2017-03-31": "$26,823", "2016-12-31": "$25,443", "2016-09-30": "$26,830", "2016-06-30": "$24,681", "2016-03-31": "$24,752", "2015-12-31": "$24,650", "2015-09-30": "$23,800", "2015-06-30": "$24,099", "2015-03-31": "$22,924", "2014-12-31": "$22,544", "2014-09-30": "$20,918", "2014-06-30": "$20,057", "2014-03-31": "$20,182", "2013-12-31": "$20,474", "2013-09-30": "$18,665", "2013-06-30": "$18,033", "2013-03-31": "$19,230", "2012-12-31": "$17,666", "2012-11-30": "$19,729", "2012-09-30": "", "2012-08-31": "$19,246", "2012-06-30": "", "2012-05-31": "$19,024", "2012-03-31": "", "2012-02-29": "$18,754", "2011-11-30": "$18,287", "2011-08-31": "$17,718", "2011-05-31": "$17,939", "2011-02-28": "$18,990", "2010-11-30": "$17,706", "2010-08-31": "$17,709", "2010-05-31": "$18,311", "2010-02-28": "$22,392", "2009-11-30": "$2,428", "2009-08-31": "$1,795", "2009-05-31": "$1,427", "2009-02-28": "$1,433", "2008-11-30": "$1,735", "2008-08-31": "$1,854", "2008-05-31": "$1,890", "2008-02-29": "$1,976", "2007-11-30": "$2,134", "2007-08-31": "$2,358", "2007-05-31": "$948", "2007-03-31": "", "2007-02-28": "", "2006-11-30": "$1,508", "2006-09-30": "", "2006-08-31": "", "2006-06-30": "", "2006-05-31": ""}}, "total-liabilities": {"Discover Financial Services Annual Total Liabilities (Millions of US $)": {"2019": "$102,137", "2018": "$98,423", "2017": "$89,195", "2016": "$80,985", "2015": "$75,524", "2014": "$71,992", "2013": "$68,531", "2012": "$65,505", "2011": "$60,875", "2010": "$54,328", "2009": "$37,585", "2008": "$33,977", "2007": "$31,777", "2006": "$23,292", "2005": "$"}, "Discover Financial Services Quarterly Total Liabilities (Millions of US $)": {"2020-09-30": "$114,097", "2020-06-30": "$104,149", "2020-03-31": "$102,992", "2019-12-31": "$102,137", "2019-09-30": "$99,069", "2019-06-30": "$99,214", "2019-03-31": "$99,461", "2018-12-31": "$98,423", "2018-09-30": "$94,826", "2018-06-30": "$91,862", "2018-03-31": "$91,096", "2017-12-31": "$89,195", "2017-09-30": "$86,421", "2017-06-30": "$82,498", "2017-03-31": "$83,530", "2016-12-31": "$80,985", "2016-09-30": "$79,194", "2016-06-30": "$76,114", "2016-03-31": "$76,777", "2015-12-31": "$75,524", "2015-09-30": "$74,308", "2015-06-30": "$73,648", "2015-03-31": "$72,967", "2014-12-31": "$71,992", "2014-09-30": "$69,295", "2014-06-30": "$67,556", "2014-03-31": "$68,563", "2013-12-31": "$68,531", "2013-09-30": "$64,942", "2013-06-30": "$64,496", "2013-03-31": "$65,840", "2012-12-31": "$63,618", "2012-11-30": "$65,505", "2012-09-30": "", "2012-08-31": "$64,763", "2012-06-30": "", "2012-05-31": "$63,185", "2012-03-31": "", "2012-02-29": "$61,657", "2011-11-30": "$60,542", "2011-08-31": "$57,720", "2011-05-31": "$55,914", "2011-02-28": "$56,607", "2010-11-30": "$54,328", "2010-08-31": "$53,946", "2010-05-31": "$56,115", "2010-02-28": "$59,804", "2009-11-30": "$37,585", "2009-08-31": "$34,312", "2009-05-31": "$34,103", "2009-02-28": "$34,607", "2008-11-30": "$33,977", "2008-08-31": "$31,317", "2008-05-31": "$28,384", "2008-02-29": "$31,674", "2007-11-30": "$31,777", "2007-08-31": "$30,474", "2007-05-31": "$29,892", "2007-03-31": "", "2007-02-28": "", "2006-11-30": "$23,292", "2006-09-30": "", "2006-08-31": "", "2006-06-30": "", "2006-05-31": ""}}, "total-share-holder-equity": {"Discover Financial Services Annual Share Holder Equity (Millions of US $)": {"2019": "$11,859", "2018": "$11,130", "2017": "$10,892", "2016": "$11,323", "2015": "$11,275", "2014": "$11,134", "2013": "$10,809", "2012": "$9,778", "2011": "$8,242", "2010": "$6,457", "2009": "$8,436", "2008": "$5,916", "2007": "$5,599", "2006": "$5,775", "2005": "$"}, "Discover Financial Services Quarterly Share Holder Equity (Millions of US $)": {"2020-09-30": "$10,252", "2020-06-30": "$9,643", "2020-03-31": "$9,665", "2019-12-31": "$11,859", "2019-09-30": "$11,717", "2019-06-30": "$11,493", "2019-03-31": "$11,259", "2018-12-31": "$11,130", "2018-09-30": "$11,016", "2018-06-30": "$10,889", "2018-03-31": "$10,871", "2017-12-31": "$10,892", "2017-09-30": "$11,187", "2017-06-30": "$11,259", "2017-03-31": "$11,265", "2016-12-31": "$11,323", "2016-09-30": "$11,347", "2016-06-30": "$11,397", "2016-03-31": "$11,316", "2015-12-31": "$11,275", "2015-09-30": "$11,303", "2015-06-30": "$11,263", "2015-03-31": "$11,211", "2014-12-31": "$11,134", "2014-09-30": "$11,301", "2014-06-30": "$11,381", "2014-03-31": "$11,021", "2013-12-31": "$10,809", "2013-09-30": "$10,602", "2013-06-30": "$10,448", "2013-03-31": "$10,299", "2012-12-31": "$9,873", "2012-11-30": "$9,778", "2012-09-30": "", "2012-08-31": "$9,146", "2012-06-30": "", "2012-05-31": "$8,899", "2012-03-31": "", "2012-02-29": "$8,829", "2011-11-30": "$8,242", "2011-08-31": "$8,006", "2011-05-31": "$7,523", "2011-02-28": "$6,899", "2010-11-30": "$6,457", "2010-08-31": "$6,111", "2010-05-31": "$6,038", "2010-02-28": "$7,015", "2009-11-30": "$8,436", "2009-08-31": "$8,386", "2009-05-31": "$7,416", "2009-02-28": "$5,999", "2008-11-30": "$5,916", "2008-08-31": "$6,000", "2008-05-31": "$5,850", "2008-02-29": "$5,654", "2007-11-30": "$5,599", "2007-08-31": "$5,667", "2007-05-31": "$5,780", "2007-03-31": "", "2007-02-28": "", "2006-11-30": "$5,775", "2006-09-30": "", "2006-08-31": "", "2006-06-30": "", "2006-05-31": ""}}, "profit-margins": {"current": "8.81%"}, "gross margin": {"2020-12-31": "85.60%", "2020-09-30": "84.24%", "2020-06-30": "83.09%", "2020-03-31": "82.35%", "2019-12-31": "81.91%", "2019-09-30": "81.79%", "2019-06-30": "82.04%", "2019-03-31": "82.56%", "2018-12-31": "83.35%", "2018-09-30": "84.22%", "2018-06-30": "84.88%", "2018-03-31": "85.41%", "2017-12-31": "85.73%", "2017-09-30": "85.93%", "2017-06-30": "86.17%", "2017-03-31": "86.40%", "2016-12-31": "86.68%", "2016-09-30": "86.80%", "2016-06-30": "86.96%", "2016-03-31": "87.14%", "2015-12-31": "87.37%", "2015-09-30": "87.40%", "2015-06-30": "87.71%", "2015-03-31": "88.04%", "2014-12-31": "88.20%", "2014-09-30": "88.58%", "2014-06-30": "88.52%", "2014-03-31": "88.14%", "2013-12-31": "87.77%", "2013-03-31": "86.59%", "2012-09-30": "85.35%", "2012-08-31": "84.74%", "2012-06-30": "84.26%", "2012-03-31": "83.63%", "2012-02-29": "83.06%", "2011-05-31": "81.81%", "2011-02-28": "81.26%", "2010-05-31": "82.23%", "2010-02-28": "83.24%", "2009-05-31": "82.93%", "2009-02-28": "81.43%", "2008-05-31": "78.82%", "2008-02-29": "79.08%", "2007-08-31": "79.95%", "2007-02-28": "82.90%"}, "operating margin": {"2020-12-31": "11.08%", "2020-09-30": "10.10%", "2020-06-30": "10.06%", "2020-03-31": "20.10%", "2019-12-31": "27.41%", "2019-09-30": "27.51%", "2019-06-30": "27.83%", "2019-03-31": "27.81%", "2018-12-31": "28.00%", "2018-09-30": "28.82%", "2018-06-30": "29.08%", "2018-03-31": "29.71%", "2017-12-31": "30.64%", "2017-09-30": "31.38%", "2017-06-30": "32.75%", "2017-03-31": "33.85%", "2016-12-31": "34.83%", "2016-09-30": "34.55%", "2016-06-30": "35.18%", "2016-03-31": "35.86%", "2015-12-31": "36.11%", "2015-09-30": "35.40%", "2015-06-30": "35.88%", "2015-03-31": "36.78%", "2014-12-31": "38.44%", "2014-09-30": "41.17%", "2014-06-30": "41.11%", "2014-03-31": "41.22%", "2013-12-31": "42.09%", "2013-03-31": "45.67%", "2012-09-30": "41.69%", "2012-08-31": "42.73%", "2012-06-30": "43.21%", "2012-03-31": "47.82%", "2012-02-29": "46.21%", "2011-05-31": "32.81%", "2011-02-28": "25.06%", "2010-05-31": "18.85%", "2010-02-28": "19.12%", "2009-05-31": "16.09%", "2009-02-28": "15.86%", "2008-05-31": "24.20%", "2008-02-29": "25.68%", "2007-08-31": "27.55%", "2007-02-28": "26.58%"}, "ebitda margin": {"2020-09-30": "0.00%", "2020-06-30": "0.00%", "2020-03-31": "0.00%", "2019-12-31": "0.00%", "2019-09-30": "0.00%", "2019-06-30": "0.00%", "2019-03-31": "0.00%", "2018-12-31": "0.00%", "2018-09-30": "0.00%", "2018-06-30": "0.00%", "2018-03-31": "0.00%", "2017-12-31": "0.00%", "2017-09-30": "0.00%", "2017-06-30": "0.00%", "2017-03-31": "0.00%", "2016-12-31": "0.00%", "2016-09-30": "0.00%", "2016-06-30": "0.00%", "2016-03-31": "0.00%", "2015-12-31": "0.00%", "2015-09-30": "0.00%", "2015-06-30": "0.00%", "2015-03-31": "0.00%", "2014-12-31": "0.00%", "2014-09-30": "0.00%", "2014-06-30": "0.00%", "2014-03-31": "0.00%", "2013-12-31": "0.00%", "2013-03-31": "0.00%", "2012-09-30": "0.00%", "2012-08-31": "0.00%", "2012-06-30": "0.00%", "2012-03-31": "0.00%", "2012-02-29": "0.00%", "2011-05-31": "0.00%", "2011-02-28": "0.00%", "2010-05-31": "0.00%", "2010-02-28": "0.00%", "2009-05-31": "0.00%", "2009-02-28": "0.00%", "2008-05-31": "0.00%", "2008-02-29": "0.00%", "2007-08-31": "0.00%", "2007-02-28": "0.00%"}, "pre tax profit margin": {"2020-12-31": "11.08%", "2020-09-30": "10.10%", "2020-06-30": "10.06%", "2020-03-31": "20.10%", "2019-12-31": "27.41%", "2019-09-30": "27.51%", "2019-06-30": "27.83%", "2019-03-31": "27.81%", "2018-12-31": "28.00%", "2018-09-30": "28.82%", "2018-06-30": "29.08%", "2018-03-31": "29.71%", "2017-12-31": "30.64%", "2017-09-30": "31.38%", "2017-06-30": "32.75%", "2017-03-31": "33.85%", "2016-12-31": "34.83%", "2016-09-30": "34.55%", "2016-06-30": "35.18%", "2016-03-31": "35.86%", "2015-12-31": "36.11%", "2015-09-30": "35.40%", "2015-06-30": "35.88%", "2015-03-31": "36.78%", "2014-12-31": "38.44%", "2014-09-30": "41.17%", "2014-06-30": "41.11%", "2014-03-31": "41.22%", "2013-12-31": "42.09%", "2013-03-31": "45.67%", "2012-09-30": "41.69%", "2012-08-31": "42.73%", "2012-06-30": "43.21%", "2012-03-31": "47.82%", "2012-02-29": "46.21%", "2011-05-31": "32.81%", "2011-02-28": "25.06%", "2010-05-31": "18.85%", "2010-02-28": "19.12%", "2009-05-31": "16.09%", "2009-02-28": "15.86%", "2008-05-31": "24.20%", "2008-02-29": "25.68%", "2007-08-31": "27.55%", "2007-02-28": "26.58%"}, "net profit margin": {"2020-12-31": "8.48%", "2020-09-30": "7.60%", "2020-06-30": "7.36%", "2020-03-31": "15.11%", "2019-12-31": "20.79%", "2019-09-30": "20.82%", "2019-06-30": "20.84%", "2019-03-31": "20.82%", "2018-12-31": "20.93%", "2018-09-30": "18.96%", "2018-06-30": "18.57%", "2018-03-31": "17.92%", "2017-12-31": "17.59%", "2017-09-30": "19.81%", "2017-06-30": "20.66%", "2017-03-31": "21.83%", "2016-12-31": "22.28%", "2016-09-30": "22.09%", "2016-06-30": "22.16%", "2016-03-31": "22.15%", "2015-12-31": "22.46%", "2015-09-30": "21.92%", "2015-06-30": "22.31%", "2015-03-31": "22.86%", "2014-12-31": "23.62%", "2014-09-30": "25.49%", "2014-06-30": "25.33%", "2014-03-31": "25.17%", "2013-12-31": "25.76%", "2013-03-31": "27.95%", "2012-09-30": "25.59%", "2012-08-31": "26.25%", "2012-06-30": "26.56%", "2012-03-31": "29.39%", "2012-02-29": "28.76%", "2011-05-31": "20.73%", "2011-02-28": "15.57%", "2010-05-31": "11.57%", "2010-02-28": "11.29%", "2009-05-31": "9.56%", "2009-02-28": "10.64%", "2008-05-31": "11.30%", "2008-02-29": "10.73%", "2007-08-31": "20.21%", "2007-02-28": "24.40%"}, "pe ratio": {"current": "25.81", "2021-02-11": "92.77", "2020-12-31": "90.53", "2020-09-30": "17.68", "2020-06-30": "15.62", "2020-03-31": "5.21", "2019-12-31": "9.06", "2019-09-30": "8.83", "2019-06-30": "8.70", "2019-03-31": "8.34", "2018-12-31": "7.17", "2018-09-30": "10.65", "2018-06-30": "10.47", "2018-03-31": "11.59", "2017-12-31": "13.23", "2017-09-30": "10.25", "2017-06-30": "9.88", "2017-03-31": "10.68", "2016-12-31": "11.37", "2016-09-30": "9.29", "2016-06-30": "9.05", "2016-03-31": "8.78", "2015-12-31": "9.32", "2015-09-30": "9.49", "2015-06-30": "10.49", "2015-03-31": "10.16", "2014-12-31": "11.69", "2014-09-30": "10.67", "2014-06-30": "10.57", "2014-03-31": "10.18", "2013-12-31": "9.71", "2013-09-30": "11.62", "2013-06-30": "16.09", "2013-03-31": "15.02", "2012-12-31": "27.10", "2012-11-30": "16.03", "2012-09-30": "15.27", "2012-08-31": "15.09", "2012-06-30": "13.43", "2012-05-31": "23.65", "2012-03-31": "23.75", "2012-02-29": "0.00", "2011-11-30": "0.00", "2011-08-31": "0.00", "2011-05-31": "0.00", "2011-02-28": "0.00", "2010-11-30": "0.00", "2010-08-31": "0.00", "2010-05-31": "0.00", "2010-02-28": "0.00", "2009-11-30": "0.00", "2009-08-31": "0.00", "2009-05-31": "0.00", "2009-02-28": "0.00", "2008-11-30": "0.00", "2008-08-31": "0.00", "2008-05-31": "0.00"}, "price sales": {"2021-02-11": "2.20", "2020-12-31": "2.14", "2020-09-30": "1.34", "2020-06-30": "1.13", "2020-03-31": "0.78", "2019-12-31": "1.89", "2019-09-30": "1.85", "2019-06-30": "1.83", "2019-03-31": "1.75", "2018-12-31": "1.51", "2018-09-30": "2.05", "2018-06-30": "1.97", "2018-03-31": "2.09", "2017-12-31": "2.34", "2017-09-30": "2.05", "2017-06-30": "2.06", "2017-03-31": "2.35", "2016-12-31": "2.56", "2016-09-30": "2.07", "2016-06-30": "2.02", "2016-03-31": "1.96", "2015-12-31": "2.10", "2015-09-30": "2.10", "2015-06-30": "2.36", "2015-03-31": "2.34", "2014-12-31": "2.78", "2014-09-30": "2.73", "2014-06-30": "2.69", "2014-03-31": "2.58", "2013-12-31": "2.52", "2013-09-30": "3.05", "2013-06-30": "4.34", "2013-03-31": "4.16", "2012-12-31": "3.64", "2012-11-30": "2.67", "2012-09-30": "1.94", "2012-08-31": "1.94", "2012-06-30": "1.76", "2012-05-31": "2.26", "2012-03-31": "2.31", "2012-02-29": "2.11", "2011-11-30": "1.70", "2011-08-31": "1.80", "2011-05-31": "1.71", "2011-02-28": "1.58", "2010-11-30": "1.32", "2010-08-31": "1.05", "2010-05-31": "0.95", "2010-02-28": "0.94", "2009-11-30": "1.03", "2009-08-31": "0.92", "2009-05-31": "0.69", "2009-02-28": "0.45", "2008-11-30": "0.87", "2008-08-31": "1.39", "2008-05-31": "1.46"}, "price book": {"current": "2.61", "2021-02-11": "2.77", "2020-09-30": "1.72", "2020-06-30": "1.57", "2020-03-31": "1.10", "2019-12-31": "2.15", "2019-09-30": "2.10", "2019-06-30": "2.07", "2019-03-31": "1.96", "2018-12-31": "1.67", "2018-09-30": "2.21", "2018-06-30": "2.09", "2018-03-31": "2.17", "2017-12-31": "2.35", "2017-09-30": "1.95", "2017-06-30": "1.91", "2017-03-31": "2.12", "2016-12-31": "2.26", "2016-09-30": "1.79", "2016-06-30": "1.72", "2016-03-31": "1.67", "2015-12-31": "1.79", "2015-09-30": "1.75", "2015-06-30": "1.98", "2015-03-31": "1.96", "2014-12-31": "2.31", "2014-09-30": "2.26", "2014-06-30": "2.20", "2014-03-31": "2.14", "2013-12-31": "2.10", "2013-09-30": "1.96", "2013-06-30": "1.89", "2013-03-31": "1.83", "2012-12-31": "0.00", "2012-11-30": "0.00", "2012-09-30": "0.00", "2012-08-31": "1.82", "2012-06-30": "0.00", "2012-05-31": "1.62", "2012-03-31": "0.00", "2012-02-29": "1.51", "2011-11-30": "0.00", "2011-08-31": "1.41", "2011-05-31": "1.44", "2011-02-28": "1.43", "2010-11-30": "0.00", "2010-08-31": "1.07", "2010-05-31": "1.00", "2010-02-28": "0.87", "2009-11-30": "0.00", "2009-08-31": "0.73", "2009-05-31": "0.51", "2009-02-28": "0.38", "2008-11-30": "0.00", "2008-08-31": "1.07", "2008-05-31": "1.13", "2008-02-29": "1.03", "2007-11-30": "0.00", "2007-08-31": "1.56"}, "price fcf": {"2021-02-11": "", "2020-09-30": "$18.45", "2020-06-30": "$17.00", "2020-03-31": "$16.87", "2019-12-31": "$18.48", "2019-09-30": "$16.13", "2019-06-30": "$18.18", "2019-03-31": "$17.86", "2018-12-31": "$14.31", "2018-09-30": "$16.55", "2018-06-30": "$16.03", "2018-03-31": "$14.16", "2017-12-31": "$13.34", "2017-09-30": "$12.22", "2017-06-30": "$11.34", "2017-03-31": "$10.29", "2016-12-31": "$10.46", "2016-09-30": "$9.68", "2016-06-30": "$9.06", "2016-03-31": "$8.80", "2015-12-31": "$8.42", "2015-09-30": "$8.24", "2015-06-30": "$7.88", "2015-03-31": "$7.93", "2014-12-31": "$7.95", "2014-09-30": "$7.79", "2014-06-30": "$6.37", "2014-03-31": "$6.17", "2013-12-31": "$6.75", "2013-09-30": "$4.87", "2013-06-30": "$-0.71", "2013-03-31": "$-1.12", "2012-12-31": "$-2.77", "2012-11-30": "$-2.73", "2012-09-30": "$3.46", "2012-08-31": "$4.00", "2012-06-30": "$4.62", "2012-05-31": "$-0.34", "2012-03-31": "$-0.85", "2012-02-29": "$-0.42", "2011-11-30": "0", "2011-08-31": "$0.03", "2011-05-31": "$-0.42", "2011-02-28": "$0.20", "2010-11-30": "$-0.00", "2010-08-31": "$-0.05", "2010-05-31": "$0.48", "2010-02-28": "$1.01", "2009-11-30": "0", "2009-08-31": "$-0.83", "2009-05-31": "$0.77", "2009-02-28": "$-0.60", "2008-11-30": "0", "2008-08-31": "$3.16", "2008-05-31": "$3.14"}, "net worth": {"value": "$28.4B"}, "current ratio": {"2020-12-31": "1.06", "2020-09-30": "0.98", "2020-06-30": "1.19", "2020-03-31": "1.27", "2019-12-31": "1.30", "2019-09-30": "1.28", "2019-06-30": "1.33", "2019-03-31": "1.38", "2018-12-31": "1.44", "2018-09-30": "1.48", "2018-06-30": "1.49", "2018-03-31": "1.50", "2017-12-31": "1.51", "2017-09-30": "1.55", "2017-06-30": "1.58", "2017-03-31": "1.58", "2016-12-31": "1.57", "2016-09-30": "1.62", "2016-06-30": "1.57", "2016-03-31": "1.57", "2015-12-31": "1.58", "2015-09-30": "1.56", "2015-06-30": "1.59", "2015-03-31": "1.56", "2014-12-31": "1.53", "2014-09-30": "1.51", "2014-06-30": "1.50", "2014-03-31": "1.49", "2013-12-31": "1.47", "2013-09-30": "1.45", "2013-06-30": "1.43", "2013-03-31": "1.44", "2012-12-31": "1.39", "2012-11-30": "1.43", "2012-09-30": "0.00", "2012-08-31": "1.41", "2012-06-30": "0.00", "2012-05-31": "1.41", "2012-03-31": "0.00", "2012-02-29": "1.42", "2011-11-30": "1.40", "2011-08-31": "1.42", "2011-05-31": "1.44", "2011-02-28": "1.45", "2010-11-30": "1.42", "2010-08-31": "1.52", "2010-05-31": "1.51", "2010-02-28": "1.67", "2009-11-30": "1.03", "2009-08-31": "1.10", "2009-05-31": "1.11", "2009-02-28": "1.07", "2008-11-30": "1.08", "2008-08-31": "1.07", "2008-05-31": "1.08", "2008-02-29": "1.06", "2007-11-30": "1.07", "2007-08-31": "1.08", "2007-05-31": "1.04", "2007-03-31": "0.00", "2007-02-28": "0.00", "2006-11-30": "1.10", "2006-09-30": "0.00", "2006-08-31": "0.00", "2006-06-30": "0.00", "2006-05-31": "0.00"}, "quick ratio": {"2020-12-31": "0.00", "2020-09-30": "0.00", "2020-06-30": "0.00", "2020-03-31": "0.00", "2019-12-31": "0.00", "2019-09-30": "0.00", "2019-06-30": "0.00", "2019-03-31": "0.00", "2018-12-31": "0.00", "2018-09-30": "0.00", "2018-06-30": "0.00", "2018-03-31": "0.00", "2017-12-31": "0.00", "2017-09-30": "0.00", "2017-06-30": "0.00", "2017-03-31": "0.00", "2016-12-31": "0.00", "2016-09-30": "0.00", "2016-06-30": "0.00", "2016-03-31": "0.00", "2015-12-31": "0.00", "2015-09-30": "0.00", "2015-06-30": "0.00", "2015-03-31": "0.00", "2014-12-31": "0.00", "2014-09-30": "0.00", "2014-06-30": "0.00", "2014-03-31": "0.00", "2013-12-31": "0.00", "2013-09-30": "0.00", "2013-06-30": "0.00", "2013-03-31": "0.00", "2012-12-31": "0.00", "2012-11-30": "0.00", "2012-09-30": "0.00", "2012-08-31": "0.00", "2012-06-30": "0.00", "2012-05-31": "0.00", "2012-03-31": "0.00", "2012-02-29": "0.00", "2011-11-30": "0.00", "2011-08-31": "0.00", "2011-05-31": "0.00", "2011-02-28": "0.00", "2010-11-30": "0.00", "2010-08-31": "0.00", "2010-05-31": "0.00", "2010-02-28": "0.00", "2009-11-30": "0.00", "2009-08-31": "0.00", "2009-05-31": "0.00", "2009-02-28": "0.00", "2008-11-30": "0.00", "2008-08-31": "0.00", "2008-05-31": "0.00", "2008-02-29": "0.00", "2007-11-30": "0.00", "2007-08-31": "0.00", "2007-05-31": "0.00", "2007-03-31": "0.00", "2007-02-28": "0.00", "2006-11-30": "0.00", "2006-09-30": "0.00", "2006-08-31": "0.00", "2006-06-30": "0.00", "2006-05-31": "0.00"}, "debt equity ratio": {"current": "2.38", "2020-12-31": "9.37", "2020-09-30": "11.13", "2020-06-30": "10.80", "2020-03-31": "10.66", "2019-12-31": "8.61", "2019-09-30": "8.46", "2019-06-30": "8.63", "2019-03-31": "8.83", "2018-12-31": "8.84", "2018-09-30": "8.61", "2018-06-30": "8.44", "2018-03-31": "8.38", "2017-12-31": "8.19", "2017-09-30": "7.73", "2017-06-30": "7.33", "2017-03-31": "7.42", "2016-12-31": "7.15", "2016-09-30": "6.98", "2016-06-30": "6.68", "2016-03-31": "6.79", "2015-12-31": "6.70", "2015-09-30": "6.57", "2015-06-30": "6.54", "2015-03-31": "6.51", "2014-12-31": "6.47", "2014-09-30": "6.13", "2014-06-30": "5.94", "2014-03-31": "6.22", "2013-12-31": "6.34", "2013-09-30": "6.13", "2013-06-30": "6.17", "2013-03-31": "6.39", "2012-12-31": "6.44", "2012-11-30": "6.70", "2012-09-30": "0.00", "2012-08-31": "7.08", "2012-06-30": "0.00", "2012-05-31": "7.10", "2012-03-31": "0.00", "2012-02-29": "6.98", "2011-11-30": "7.35", "2011-08-31": "7.21", "2011-05-31": "7.43", "2011-02-28": "8.21", "2010-11-30": "8.41", "2010-08-31": "8.83", "2010-05-31": "9.29", "2010-02-28": "8.53", "2009-11-30": "4.46", "2009-08-31": "4.09", "2009-05-31": "4.60", "2009-02-28": "5.77", "2008-11-30": "5.74", "2008-08-31": "5.22", "2008-05-31": "4.85", "2008-02-29": "5.60", "2007-11-30": "5.68", "2007-08-31": "5.38", "2007-05-31": "5.17", "2007-03-31": "0.00", "2007-02-28": "0.00", "2006-11-30": "4.03", "2006-09-30": "0.00", "2006-08-31": "0.00", "2006-06-30": "0.00", "2006-05-31": "0.00"}, "return on equity": {"2020-12-31": "10.86%", "2020-09-30": "9.76%", "2020-06-30": "9.41%", "2020-03-31": "19.00%", "2019-12-31": "25.11%", "2019-09-30": "25.28%", "2019-06-30": "25.23%", "2019-03-31": "24.82%", "2018-12-31": "24.50%", "2018-09-30": "21.68%", "2018-06-30": "20.59%", "2018-03-31": "19.24%", "2017-12-31": "18.21%", "2017-09-30": "19.74%", "2017-06-30": "19.98%", "2017-03-31": "20.54%", "2016-12-31": "20.62%", "2016-09-30": "20.09%", "2016-06-30": "19.88%", "2016-03-31": "19.80%", "2015-12-31": "19.94%", "2015-09-30": "19.15%", "2015-06-30": "19.43%", "2015-03-31": "19.77%", "2014-12-31": "20.25%", "2014-09-30": "22.16%", "2014-06-30": "22.05%", "2014-03-31": "22.14%", "2013-12-31": "22.90%", "2013-03-31": "17.23%", "2012-09-30": "51.07%", "2012-08-31": "51.36%", "2012-06-30": "52.35%", "2012-03-31": "30.47%", "2012-02-29": "22.81%", "2011-05-31": "19.46%", "2011-02-28": "15.34%", "2010-05-31": "9.79%", "2010-02-28": "8.95%", "2009-05-31": "8.31%", "2009-02-28": "8.99%", "2008-05-31": "9.08%", "2008-02-29": "8.67%", "2007-08-31": "30.72%", "2007-03-31": "49.11%", "2007-02-28": "49.59%", "2006-09-30": "inf%"}, "return on assets": {"2020-12-31": "0.95%", "2020-09-30": "0.87%", "2020-06-30": "0.89%", "2020-03-31": "1.90%", "2019-12-31": "2.61%", "2019-09-30": "2.61%", "2019-06-30": "2.59%", "2019-03-31": "2.56%", "2018-12-31": "2.56%", "2018-09-30": "2.31%", "2018-06-30": "2.24%", "2018-03-31": "2.16%", "2017-12-31": "2.10%", "2017-09-30": "2.35%", "2017-06-30": "2.43%", "2017-03-31": "2.55%", "2016-12-31": "2.61%", "2016-09-30": "2.58%", "2016-06-30": "2.59%", "2016-03-31": "2.59%", "2015-12-31": "2.63%", "2015-09-30": "2.55%", "2015-06-30": "2.62%", "2015-03-31": "2.72%", "2014-12-31": "2.82%", "2014-09-30": "3.10%", "2014-06-30": "3.08%", "2014-03-31": "3.07%", "2013-12-31": "3.16%", "2013-03-31": "2.29%", "2012-09-30": "6.31%", "2012-08-31": "6.35%", "2012-06-30": "6.51%", "2012-03-31": "3.73%", "2012-02-29": "2.77%", "2011-05-31": "2.12%", "2011-02-28": "1.59%", "2010-05-31": "1.34%", "2010-02-28": "1.42%", "2009-05-31": "1.32%", "2009-02-28": "1.40%", "2008-05-31": "1.43%", "2008-02-29": "1.34%", "2007-08-31": "4.90%", "2007-03-31": "9.76%", "2007-02-28": "9.85%", "2006-09-30": "inf%"}, "return on investments": {"2020-12-31": "5.70%", "2020-09-30": "3.89%", "2020-06-30": "3.88%", "2020-03-31": "7.74%", "2019-12-31": "10.37%", "2019-09-30": "10.24%", "2019-06-30": "10.04%", "2019-03-31": "9.72%", "2018-12-31": "9.55%", "2018-09-30": "9.63%", "2018-06-30": "9.46%", "2018-03-31": "9.40%", "2017-12-31": "9.37%", "2017-09-30": "9.36%", "2017-06-30": "9.50%", "2017-03-31": "9.68%", "2016-12-31": "9.94%", "2016-09-30": "9.74%", "2016-06-30": "9.99%", "2016-03-31": "10.16%", "2015-12-31": "10.28%", "2015-09-30": "10.04%", "2015-06-30": "10.36%", "2015-03-31": "10.89%", "2014-12-31": "11.50%", "2014-09-30": "12.63%", "2014-06-30": "12.73%", "2014-03-31": "12.93%", "2013-12-31": "13.31%", "2013-03-31": "9.74%", "2012-09-30": "26.66%", "2012-08-31": "26.79%", "2012-06-30": "27.20%", "2012-03-31": "15.57%", "2012-02-29": "11.35%", "2011-05-31": "8.37%", "2011-02-28": "6.41%", "2010-05-31": "6.37%", "2010-02-28": "7.99%", "2009-05-31": "11.14%", "2009-02-28": "10.38%", "2008-05-31": "14.22%", "2008-02-29": "15.63%", "2007-08-31": "32.48%", "2007-02-28": "42.85%"}, "return on tangible equity": {"2020-09-30": "10.14%", "2020-06-30": "9.77%", "2020-03-31": "19.73%", "2019-12-31": "26.04%", "2019-09-30": "26.24%", "2019-06-30": "26.20%", "2019-03-31": "25.79%", "2018-12-31": "25.46%", "2018-09-30": "22.54%", "2018-06-30": "21.41%", "2018-03-31": "19.99%", "2017-12-31": "18.92%", "2017-09-30": "20.50%", "2017-06-30": "20.76%", "2017-03-31": "21.33%", "2016-12-31": "21.41%", "2016-09-30": "20.87%", "2016-06-30": "20.65%", "2016-03-31": "20.57%", "2015-12-31": "20.73%", "2015-09-30": "19.91%", "2015-06-30": "20.21%", "2015-03-31": "20.58%", "2014-12-31": "21.11%", "2014-09-30": "23.13%", "2014-06-30": "23.03%", "2014-03-31": "23.15%", "2013-12-31": "23.98%", "2013-03-31": "18.09%", "2012-09-30": "53.81%", "2012-08-31": "54.12%", "2012-06-30": "55.09%", "2012-03-31": "32.17%", "2012-02-29": "24.12%", "2011-05-31": "20.84%", "2011-02-28": "16.49%", "2010-05-31": "10.42%", "2010-02-28": "9.50%", "2009-05-31": "8.90%", "2009-02-28": "9.61%", "2008-05-31": "9.81%", "2008-02-29": "9.55%", "2007-08-31": "35.26%", "2007-03-31": "56.27%", "2007-02-28": "56.83%", "2006-09-30": "inf%"}, "dividend yield history": {"last payout": "$1.76", "last yield": "1.90%"}}