{"ticker": "DHR", "price": {"title": "Danaher Historical Annual Stock Price Data", "value": 240.66, "historical": {"2021": {"Average Stock Price": "236.4886", "Year Open": "223.2300", "Year High": "245.0900", "Year Low": "222.2000", "Year Close": "240.6600", "Annual % Change": "8.34%"}, "2020": {"Average Stock Price": "185.5284", "Year Open": "155.1100", "Year High": "245.4600", "Year Low": "121.3900", "Year Close": "222.1400", "Annual % Change": "44.74%"}, "2019": {"Average Stock Price": "133.4494", "Year Open": "100.5000", "Year High": "153.4800", "Year Low": "97.6200", "Year Close": "153.4800", "Annual % Change": "48.84%"}, "2018": {"Average Stock Price": "101.0937", "Year Open": "92.4400", "Year High": "109.5400", "Year Low": "92.1600", "Year Close": "103.1200", "Annual % Change": "11.10%"}, "2017": {"Average Stock Price": "85.9048", "Year Open": "78.7800", "Year High": "94.6200", "Year Low": "78.7800", "Year Close": "92.8200", "Annual % Change": "19.24%"}, "2016": {"Average Stock Price": "86.1688", "Year Open": "91.6800", "Year High": "102.3200", "Year Low": "75.8600", "Year Close": "77.8400", "Annual % Change": "-16.19%"}, "2015": {"Average Stock Price": "87.9419", "Year Open": "85.7200", "Year High": "97.3500", "Year Low": "81.8800", "Year Close": "92.8800", "Annual % Change": "8.37%"}, "2014": {"Average Stock Price": "77.3575", "Year Open": "76.4500", "Year High": "87.0600", "Year Low": "71.7000", "Year Close": "85.7100", "Annual % Change": "11.02%"}, "2013": {"Average Stock Price": "65.8326", "Year Open": "57.4800", "Year High": "77.2000", "Year Low": "57.4800", "Year Close": "77.2000", "Annual % Change": "38.10%"}, "2012": {"Average Stock Price": "53.1212", "Year Open": "48.4500", "Year High": "56.8300", "Year Low": "48.3300", "Year Close": "55.9000", "Annual % Change": "18.84%"}, "2011": {"Average Stock Price": "48.8886", "Year Open": "47.1900", "Year High": "55.7700", "Year Low": "40.4200", "Year Close": "47.0400", "Annual % Change": "-0.28%"}, "2010": {"Average Stock Price": "40.1321", "Year Open": "37.5750", "Year High": "47.3700", "Year Low": "35.0750", "Year Close": "47.1700", "Annual % Change": "25.45%"}, "2009": {"Average Stock Price": "30.9879", "Year Open": "28.9000", "Year High": "38.0500", "Year Low": "24.0150", "Year Close": "37.6000", "Annual % Change": "32.84%"}, "2008": {"Average Stock Price": "36.0066", "Year Open": "43.0850", "Year High": "43.4550", "Year Low": "24.7350", "Year Close": "28.3050", "Annual % Change": "-35.48%"}, "2007": {"Average Stock Price": "38.4226", "Year Open": "35.8250", "Year High": "44.3100", "Year Low": "34.9400", "Year Close": "43.8700", "Annual % Change": "21.12%"}, "2006": {"Average Stock Price": "32.5316", "Year Open": "28.1800", "Year High": "37.4900", "Year Low": "27.1500", "Year Close": "36.2200", "Annual % Change": "29.87%"}, "2005": {"Average Stock Price": "26.9386", "Year Open": "28.1150", "Year High": "29.0350", "Year Low": "24.2800", "Year Close": "27.8900", "Annual % Change": "-2.84%"}, "2004": {"Average Stock Price": "24.9612", "Year Open": "22.6800", "Year High": "29.3200", "Year Low": "21.9975", "Year Close": "28.7050", "Annual % Change": "25.14%"}, "2003": {"Average Stock Price": "18.0978", "Year Open": "16.8750", "Year High": "22.9875", "Year Low": "15.1125", "Year Close": "22.9375", "Annual % Change": "39.65%"}, "2002": {"Average Stock Price": "15.9414", "Year Open": "15.0750", "Year High": "18.8325", "Year Low": "13.3100", "Year Close": "16.4250", "Annual % Change": "8.94%"}, "2001": {"Average Stock Price": "14.6162", "Year Open": "16.6250", "Year High": "16.9225", "Year Low": "11.3825", "Year Close": "15.0775", "Annual % Change": "-11.80%"}, "2000": {"Average Stock Price": "12.8739", "Year Open": "11.6250", "Year High": "17.1725", "Year Low": "9.2825", "Year Close": "17.0950", "Annual % Change": "41.72%"}, "1999": {"Average Stock Price": "13.7050", "Year Open": "13.3275", "Year High": "17.1400", "Year Low": "10.7825", "Year Close": "12.0625", "Annual % Change": "-11.16%"}, "1998": {"Average Stock Price": "9.5586", "Year Open": "7.8125", "Year High": "13.5775", "Year Low": "7.3450", "Year Close": "13.5775", "Annual % Change": "72.06%"}, "1997": {"Average Stock Price": "6.4129", "Year Open": "5.7188", "Year High": "7.9688", "Year Low": "4.9538", "Year Close": "7.8913", "Annual % Change": "35.41%"}, "1996": {"Average Stock Price": "4.8914", "Year Open": "3.8900", "Year High": "5.8275", "Year Low": "3.6875", "Year Close": "5.8275", "Annual % Change": "46.83%"}, "1995": {"Average Stock Price": "3.8013", "Year Open": "3.2031", "Year High": "4.2975", "Year Low": "3.0475", "Year Close": "3.9688", "Annual % Change": "21.53%"}, "1994": {"Average Stock Price": "2.6601", "Year Open": "2.3825", "Year High": "3.3050", "Year Low": "2.2656", "Year Close": "3.2656", "Annual % Change": "37.07%"}, "1993": {"Average Stock Price": "1.9940", "Year Open": "1.6406", "Year High": "2.4375", "Year Low": "1.5238", "Year Close": "2.3825", "Annual % Change": "46.62%"}, "1992": {"Average Stock Price": "1.4640", "Year Open": "1.2575", "Year High": "1.6719", "Year Low": "1.2425", "Year Close": "1.6250", "Annual % Change": "28.40%"}, "1991": {"Average Stock Price": "1.2470", "Year Open": "1.0156", "Year High": "1.4531", "Year Low": "1.0000", "Year Close": "1.2656", "Annual % Change": "26.56%"}, "1990": {"Average Stock Price": "1.0803", "Year Open": "0.9688", "Year High": "1.4375", "Year Low": "0.8750", "Year Close": "1.0000", "Annual % Change": "4.92%"}, "1989": {"Average Stock Price": "1.0083", "Year Open": "0.8825", "Year High": "1.1325", "Year Low": "0.8281", "Year Close": "0.9531", "Annual % Change": "8.00%"}, "1988": {"Average Stock Price": "0.8966", "Year Open": "0.5625", "Year High": "1.2500", "Year Low": "0.4688", "Year Close": "0.8825", "Annual % Change": "66.10%"}}}, "market cap": {"value": "$168.36B"}, "income statement": {"Revenue": {"2020-12-31": "22284.00000", "2019-12-31": "17911.10000", "2018-12-31": "17048.50000", "2017-12-31": "15518.80000", "2016-12-31": "16882.40000", "2015-12-31": "14433.70000", "2014-12-31": "12866.90000", "2013-12-31": "18283.10000", "2012-12-31": "18260.40000", "2011-12-31": "16090.50000", "2010-12-31": "12550.00000", "2009-12-31": "10516.68000", "2008-12-31": "12697.46000", "2007-12-31": "11025.92000", "2006-12-31": "9466.05600", "2005-12-31": "7871.49800"}, "Cost Of Goods Sold": {"2020-12-31": "9809.00000", "2019-12-31": "7927.40000", "2018-12-31": "7543.20000", "2017-12-31": "6947.50000", "2016-12-31": "7547.80000", "2015-12-31": "6662.60000", "2014-12-31": "6017.40000", "2013-12-31": "8941.10000", "2012-12-31": "8846.10000", "2011-12-31": "7913.90000", "2010-12-31": "6145.50000", "2009-12-31": "5446.58400", "2008-12-31": "6757.26200", "2007-12-31": "5985.02200", "2006-12-31": "5268.99600", "2005-12-31": "4467.30300"}, "Gross Profit": {"2020-12-31": "12475.00000", "2019-12-31": "9983.69900", "2018-12-31": "9505.30000", "2017-12-31": "8571.30000", "2016-12-31": "9334.60100", "2015-12-31": "7771.10000", "2014-12-31": "6849.50000", "2013-12-31": "9342.00000", "2012-12-31": "9414.30100", "2011-12-31": "8176.60000", "2010-12-31": "6404.50000", "2009-12-31": "5070.09700", "2008-12-31": "5940.19400", "2007-12-31": "5040.89800", "2006-12-31": "4197.06000", "2005-12-31": "3404.19500"}, "Research And Development Expenses": {"2020-12-31": "1348.00000", "2019-12-31": "1126.00000", "2018-12-31": "1059.20000", "2017-12-31": "956.40000", "2016-12-31": "975.10000", "2015-12-31": "861.40000", "2014-12-31": "769.40000", "2013-12-31": "1104.40000", "2012-12-31": "1137.90000", "2011-12-31": "1018.50000", "2010-12-31": "774.00000", "2009-12-31": "600.26800", "2008-12-31": "725.44300", "2007-12-31": "601.42400", "2006-12-31": "440.00200", "2005-12-31": "374.30700"}, "SG&A Expenses": {"2020-12-31": "6896.00000", "2019-12-31": "5588.30000", "2018-12-31": "5391.00000", "2017-12-31": "5042.60000", "2016-12-31": "5624.30000", "2015-12-31": "4747.50000", "2014-12-31": "4035.10000", "2013-12-31": "5117.10000", "2012-12-31": "5181.20000", "2011-12-31": "4607.70000", "2010-12-31": "3603.70000", "2009-12-31": "3115.26500", "2008-12-31": "3345.27400", "2007-12-31": "2713.09700", "2006-12-31": "2273.22700", "2005-12-31": "1777.71700"}, "Other Operating Income Or Expenses": {"2020-12-31": "", "2019-12-31": "", "2018-12-31": "", "2017-12-31": "", "2016-12-31": "", "2015-12-31": "", "2014-12-31": "", "2013-12-31": "", "2012-12-31": "69.90000", "2011-12-31": "66.80000", "2010-12-31": "22.80000", "2009-12-31": "85.11800", "2008-12-31": "0.00000", "2007-12-31": "14.33500", "2006-12-31": "16.37900", "2005-12-31": "-4.59600"}, "Operating Expenses": {"2020-12-31": "18053.00000", "2019-12-31": "14641.70000", "2018-12-31": "13993.40000", "2017-12-31": "12946.50000", "2016-12-31": "14147.20000", "2015-12-31": "12271.50000", "2014-12-31": "10821.90000", "2013-12-31": "15162.60000", "2012-12-31": "15095.30000", "2011-12-31": "13473.30000", "2010-12-31": "10500.40000", "2009-12-31": "9076.99900", "2008-12-31": "10827.98000", "2007-12-31": "9285.20800", "2006-12-31": "7965.84600", "2005-12-31": "6623.92300"}, "Operating Income": {"2020-12-31": "4231.00000", "2019-12-31": "3269.39900", "2018-12-31": "3055.10000", "2017-12-31": "2572.30000", "2016-12-31": "2735.20100", "2015-12-31": "2162.20000", "2014-12-31": "2045.00000", "2013-12-31": "3120.50000", "2012-12-31": "3165.10100", "2011-12-31": "2617.19900", "2010-12-31": "2049.60000", "2009-12-31": "1439.68200", "2008-12-31": "1869.47800", "2007-12-31": "1740.71200", "2006-12-31": "1500.20900", "2005-12-31": "1247.57500"}, "Total Non-Operating Income/Expense": {"2020-12-31": "264.00000", "2019-12-31": "35.90000", "2018-12-31": "-93.20000", "2017-12-31": "-29.10000", "2016-12-31": "-123.90000", "2015-12-31": "-122.80000", "2014-12-31": "41.20000", "2013-12-31": "295.80000", "2012-12-31": "-154.30000", "2011-12-31": "-169.40000", "2010-12-31": "180.00000", "2009-12-31": "-113.62000", "2008-12-31": "-120.17000", "2007-12-31": "-103.61000", "2006-12-31": "-71.36700", "2005-12-31": "-29.83300"}, "Pre-Tax Income": {"2020-12-31": "4495.00000", "2019-12-31": "3305.30000", "2018-12-31": "2961.90000", "2017-12-31": "2543.20000", "2016-12-31": "2611.30000", "2015-12-31": "2039.40000", "2014-12-31": "2086.20000", "2013-12-31": "3416.30000", "2012-12-31": "3010.80000", "2011-12-31": "2447.80000", "2010-12-31": "2229.60000", "2009-12-31": "1326.06200", "2008-12-31": "1749.30700", "2007-12-31": "1637.09900", "2006-12-31": "1428.84300", "2005-12-31": "1217.74200"}, "Income Taxes": {"2020-12-31": "849.00000", "2019-12-31": "873.00000", "2018-12-31": "555.60000", "2017-12-31": "371.00000", "2016-12-31": "457.90000", "2015-12-31": "292.70000", "2014-12-31": "447.50000", "2013-12-31": "825.70000", "2012-12-31": "711.50000", "2011-12-31": "512.50000", "2010-12-31": "511.40000", "2009-12-31": "239.01800", "2008-12-31": "431.67600", "2007-12-31": "423.10100", "2006-12-31": "319.63700", "2005-12-31": "332.13300"}, "Income After Taxes": {"2020-12-31": "3646.00000", "2019-12-31": "2432.30000", "2018-12-31": "2406.30000", "2017-12-31": "2172.20000", "2016-12-31": "2153.40000", "2015-12-31": "1746.70000", "2014-12-31": "1638.70000", "2013-12-31": "2590.60000", "2012-12-31": "2299.30000", "2011-12-31": "1935.30000", "2010-12-31": "1718.20000", "2009-12-31": "1087.04400", "2008-12-31": "1317.63100", "2007-12-31": "1213.99800", "2006-12-31": "1109.20600", "2005-12-31": "885.60890"}, "Other Income": {"2020-12-31": "", "2019-12-31": "", "2018-12-31": "", "2017-12-31": "", "2016-12-31": "", "2015-12-31": "", "2014-12-31": "", "2013-12-31": "", "2012-12-31": "", "2011-12-31": "", "2010-12-31": "", "2009-12-31": "", "2008-12-31": "", "2007-12-31": "", "2006-12-31": "", "2005-12-31": ""}, "Income From Continuous Operations": {"2020-12-31": "3646.00000", "2019-12-31": "2432.30000", "2018-12-31": "2406.30000", "2017-12-31": "2172.20000", "2016-12-31": "2153.40000", "2015-12-31": "1746.70000", "2014-12-31": "1638.70000", "2013-12-31": "2590.60000", "2012-12-31": "2299.30000", "2011-12-31": "1935.30000", "2010-12-31": "1718.20000", "2009-12-31": "1087.04400", "2008-12-31": "1317.63100", "2007-12-31": "1213.99800", "2006-12-31": "1109.20600", "2005-12-31": "885.60900"}, "Income From Discontinued Operations": {"2020-12-31": "", "2019-12-31": "575.90000", "2018-12-31": "244.60000", "2017-12-31": "319.90000", "2016-12-31": "400.30000", "2015-12-31": "1610.70000", "2014-12-31": "959.70000", "2013-12-31": "104.40000", "2012-12-31": "92.90000", "2011-12-31": "237.00000", "2010-12-31": "74.80000", "2009-12-31": "64.66000", "2008-12-31": "", "2007-12-31": "155.90600", "2006-12-31": "12.82300", "2005-12-31": "12.19100"}, "Net Income": {"2020-12-31": "3510.00000", "2019-12-31": "2939.80000", "2018-12-31": "2650.90000", "2017-12-31": "2492.10000", "2016-12-31": "2553.70000", "2015-12-31": "3357.40000", "2014-12-31": "2598.40000", "2013-12-31": "2695.00000", "2012-12-31": "2392.20000", "2011-12-31": "2172.30000", "2010-12-31": "1793.00000", "2009-12-31": "1151.70400", "2008-12-31": "1317.63100", "2007-12-31": "1369.90400", "2006-12-31": "1122.02900", "2005-12-31": "897.80000"}, "EBITDA": {"2020-12-31": "6463.00000", "2019-12-31": "4458.89900", "2018-12-31": "4232.80000", "2017-12-31": "3689.20000", "2016-12-31": "3863.30100", "2015-12-31": "3043.00000", "2014-12-31": "2763.10000", "2013-12-31": "3971.10000", "2012-12-31": "4004.90100", "2011-12-31": "3252.19900", "2010-12-31": "2437.90000", "2009-12-31": "1771.47400", "2008-12-31": "2208.76500", "2007-12-31": "2009.20400", "2006-12-31": "1715.90600", "2005-12-31": "1422.81700"}, "EBIT": {"2020-12-31": "4231.00000", "2019-12-31": "3269.39900", "2018-12-31": "3055.10000", "2017-12-31": "2572.30000", "2016-12-31": "2735.20100", "2015-12-31": "2162.20000", "2014-12-31": "2045.00000", "2013-12-31": "3120.50000", "2012-12-31": "3165.10100", "2011-12-31": "2617.19900", "2010-12-31": "2049.60000", "2009-12-31": "1439.68200", "2008-12-31": "1869.47800", "2007-12-31": "1740.71200", "2006-12-31": "1500.20900", "2005-12-31": "1247.57500"}, "Basic Shares Outstanding": {"2020-12-31": "706.20000", "2019-12-31": "715.00000", "2018-12-31": "700.60000", "2017-12-31": "695.80000", "2016-12-31": "691.20000", "2015-12-31": "698.10000", "2014-12-31": "702.20000", "2013-12-31": "696.00000", "2012-12-31": "693.40000", "2011-12-31": "676.20000", "2010-12-31": "653.20000", "2009-12-31": "641.53000", "2008-12-31": "638.72200", "2007-12-31": "622.45000", "2006-12-31": "615.96800", "2005-12-31": "617.81000"}, "Shares Outstanding": {"2020-12-31": "718.70000", "2019-12-31": "725.50000", "2018-12-31": "710.20000", "2017-12-31": "706.10000", "2016-12-31": "699.80000", "2015-12-31": "708.50000", "2014-12-31": "716.10000", "2013-12-31": "711.00000", "2012-12-31": "713.10000", "2011-12-31": "701.20000", "2010-12-31": "683.30000", "2009-12-31": "671.48400", "2008-12-31": "671.72600", "2007-12-31": "658.91800", "2006-12-31": "650.50200", "2005-12-31": "655.96600"}, "Basic EPS": {"2020-12-31": "4.97000", "2019-12-31": "4.11000", "2018-12-31": "3.78000", "2017-12-31": "3.58000", "2016-12-31": "3.69000", "2015-12-31": "4.81000", "2014-12-31": "3.70000", "2013-12-31": "3.87000", "2012-12-31": "3.45000", "2011-12-31": "3.21000", "2010-12-31": "2.74000", "2009-12-31": "1.80000", "2008-12-31": "2.06000", "2007-12-31": "2.20000", "2006-12-31": "1.82000", "2005-12-31": "1.45500"}, "EPS - Earnings Per Share": {"2020-12-31": "4.89000", "2019-12-31": "4.05000", "2018-12-31": "3.74000", "2017-12-31": "3.53000", "2016-12-31": "3.65000", "2015-12-31": "4.74000", "2014-12-31": "3.63000", "2013-12-31": "3.80000", "2012-12-31": "3.36000", "2011-12-31": "3.11000", "2010-12-31": "2.64000", "2009-12-31": "1.73000", "2008-12-31": "1.98000", "2007-12-31": "2.09500", "2006-12-31": "1.74000", "2005-12-31": "1.38000"}}, "income statement, quarterly": {"Revenue": {"2020-12-31": "6760.00000", "2020-09-30": "5883.20000", "2020-06-30": "5297.40000", "2020-03-31": "4343.10000", "2019-12-31": "4868.39900", "2019-09-30": "4378.00000", "2019-06-30": "4444.50000", "2019-03-31": "4220.20000", "2018-12-31": "2519.00000", "2018-09-30": "4853.10000", "2018-06-30": "4981.00000", "2018-03-31": "4695.40000", "2017-12-31": "2274.79900", "2017-09-30": "4528.20000", "2017-06-30": "4510.10000", "2017-03-31": "4205.70000", "2016-12-31": "4584.30000", "2016-09-30": "4132.10000", "2016-06-30": "4241.90000", "2016-03-31": "3924.10000", "2015-12-31": "1266.60000", "2015-09-30": "3512.20000", "2015-06-30": "4960.20000", "2015-03-31": "4694.70000", "2014-12-31": "5417.20000", "2014-09-30": "4707.10000", "2014-06-30": "4963.60000", "2014-03-31": "4662.70000", "2013-12-31": "5266.70000", "2013-09-30": "4669.10000", "2013-06-30": "4737.50000", "2013-03-31": "4444.70000", "2012-12-31": "4975.20000", "2012-09-30": "4415.50000", "2012-06-30": "4553.50000", "2012-03-31": "4316.20000", "2011-12-31": "4716.64400", "2011-09-30": "4445.78700", "2011-06-30": "3635.87100", "2011-03-31": "3292.19800", "2010-12-31": "3231.90700", "2010-09-30": "3092.83600", "2010-06-30": "3217.42800", "2010-03-31": "3007.82900", "2009-12-31": "2464.63500", "2009-09-30": "2750.69300", "2009-06-30": "2673.60900", "2009-03-31": "2627.74400", "2008-12-31": "3176.50600", "2008-09-30": "3208.18100", "2008-06-30": "3283.89500", "2008-03-31": "3028.87400", "2007-12-31": "3141.18100", "2007-09-30": "2731.15100", "2007-06-30": "2631.88500", "2007-03-31": "2521.70400", "2006-12-31": "2564.13600", "2006-09-30": "2408.49500", "2006-06-30": "2349.76400", "2006-03-31": "2143.66100", "2005-12-31": "2150.54800", "2005-09-30": "1966.37500", "2005-06-30": "1928.62700", "2005-03-31": "1825.94800"}, "Cost Of Goods Sold": {"2020-12-31": "2806.00000", "2020-09-30": "2657.70000", "2020-06-30": "2444.80000", "2020-03-31": "1900.30000", "2019-12-31": "2164.80000", "2019-09-30": "1936.60000", "2019-06-30": "1960.70000", "2019-03-31": "1865.30000", "2018-12-31": "1164.90000", "2018-09-30": "2162.60000", "2018-06-30": "2163.90000", "2018-03-31": "2051.80000", "2017-12-31": "1056.90000", "2017-09-30": "1991.40000", "2017-06-30": "2027.80000", "2017-03-31": "1871.40000", "2016-12-31": "2084.30000", "2016-09-30": "1846.10000", "2016-06-30": "1860.60000", "2016-03-31": "1756.80000", "2015-12-31": "501.09990", "2015-09-30": "1618.80000", "2015-06-30": "2316.20000", "2015-03-31": "2226.50000", "2014-12-31": "2613.50000", "2014-09-30": "2254.80000", "2014-06-30": "2343.40000", "2014-03-31": "2209.80000", "2013-12-31": "2555.00000", "2013-09-30": "2244.40000", "2013-06-30": "2242.00000", "2013-03-31": "2119.00000", "2012-12-31": "2429.90000", "2012-09-30": "2137.50000", "2012-06-30": "2198.00000", "2012-03-31": "2080.70000", "2011-12-31": "2389.52700", "2011-09-30": "2262.70600", "2011-06-30": "1718.31900", "2011-03-31": "1543.34800", "2010-12-31": "1513.60700", "2010-09-30": "1480.90100", "2010-06-30": "1611.87500", "2010-03-31": "1539.11700", "2009-12-31": "1236.37300", "2009-09-30": "1429.73600", "2009-06-30": "1411.34000", "2009-03-31": "1369.13500", "2008-12-31": "1724.89700", "2008-09-30": "1697.61100", "2008-06-30": "1723.59600", "2008-03-31": "1611.15800", "2007-12-31": "1690.64700", "2007-09-30": "1481.94000", "2007-06-30": "1430.63400", "2007-03-31": "1381.80100", "2006-12-31": "1404.98000", "2006-09-30": "1319.39100", "2006-06-30": "1317.65300", "2006-03-31": "1226.97200", "2005-12-31": "1219.01100", "2005-09-30": "1118.50400", "2005-06-30": "1079.02400", "2005-03-31": "1050.76400"}, "Gross Profit": {"2020-12-31": "3954.00000", "2020-09-30": "3225.50000", "2020-06-30": "2852.60000", "2020-03-31": "2442.80000", "2019-12-31": "2703.60000", "2019-09-30": "2441.40000", "2019-06-30": "2483.80000", "2019-03-31": "2354.90000", "2018-12-31": "1354.10000", "2018-09-30": "2690.50000", "2018-06-30": "2817.10000", "2018-03-31": "2643.60000", "2017-12-31": "1217.89900", "2017-09-30": "2536.80000", "2017-06-30": "2482.30000", "2017-03-31": "2334.30000", "2016-12-31": "2500.00100", "2016-09-30": "2286.00000", "2016-06-30": "2381.30000", "2016-03-31": "2167.30000", "2015-12-31": "765.49980", "2015-09-30": "1893.40000", "2015-06-30": "2644.00000", "2015-03-31": "2468.20000", "2014-12-31": "2803.70000", "2014-09-30": "2452.30000", "2014-06-30": "2620.20000", "2014-03-31": "2452.90000", "2013-12-31": "2711.70000", "2013-09-30": "2424.70000", "2013-06-30": "2495.50000", "2013-03-31": "2325.70000", "2012-12-31": "2545.30100", "2012-09-30": "2278.00000", "2012-06-30": "2355.50000", "2012-03-31": "2235.50000", "2011-12-31": "2327.11700", "2011-09-30": "2183.08100", "2011-06-30": "1917.55200", "2011-03-31": "1748.85000", "2010-12-31": "1718.30000", "2010-09-30": "1611.93500", "2010-06-30": "1605.55300", "2010-03-31": "1468.71200", "2009-12-31": "1228.26100", "2009-09-30": "1320.95700", "2009-06-30": "1262.26900", "2009-03-31": "1258.60900", "2008-12-31": "1451.60900", "2008-09-30": "1510.57000", "2008-06-30": "1560.29900", "2008-03-31": "1417.71600", "2007-12-31": "1450.53400", "2007-09-30": "1249.21100", "2007-06-30": "1201.25100", "2007-03-31": "1139.90300", "2006-12-31": "1159.15600", "2006-09-30": "1089.10400", "2006-06-30": "1032.11100", "2006-03-31": "916.68880", "2005-12-31": "931.53670", "2005-09-30": "847.87100", "2005-06-30": "849.60290", "2005-03-31": "775.18400"}, "Research And Development Expenses": {"2020-12-31": "396.00000", "2020-09-30": "342.60000", "2020-06-30": "322.60000", "2020-03-31": "287.00000", "2019-12-31": "293.80000", "2019-09-30": "282.60000", "2019-06-30": "282.10000", "2019-03-31": "267.50000", "2018-12-31": "147.59990", "2018-09-30": "301.20000", "2018-06-30": "311.70000", "2018-03-31": "298.70000", "2017-12-31": "126.50000", "2017-09-30": "279.20000", "2017-06-30": "283.30000", "2017-03-31": "267.40000", "2016-12-31": "268.00000", "2016-09-30": "241.10000", "2016-06-30": "239.90000", "2016-03-31": "226.10000", "2015-12-31": "45.20000", "2015-09-30": "212.20000", "2015-06-30": "304.60000", "2015-03-31": "299.40000", "2014-12-31": "336.10000", "2014-09-30": "288.10000", "2014-06-30": "336.40000", "2014-03-31": "313.40000", "2013-12-31": "332.20000", "2013-09-30": "309.10000", "2013-06-30": "312.20000", "2013-03-31": "296.40000", "2012-12-31": "294.70000", "2012-09-30": "289.50000", "2012-06-30": "283.60000", "2012-03-31": "270.10000", "2011-12-31": "282.09410", "2011-09-30": "287.50600", "2011-06-30": "233.67000", "2011-03-31": "215.23000", "2010-12-31": "205.52800", "2010-09-30": "196.43700", "2010-06-30": "191.19900", "2010-03-31": "180.83600", "2009-12-31": "121.83300", "2009-09-30": "159.04000", "2009-06-30": "158.50000", "2009-03-31": "160.89500", "2008-12-31": "167.46700", "2008-09-30": "182.00600", "2008-06-30": "189.86600", "2008-03-31": "186.10400", "2007-12-31": "216.29300", "2007-09-30": "131.16100", "2007-06-30": "130.00900", "2007-03-31": "123.96100", "2006-12-31": "321.32200", "2006-09-30": "118.68000", "2006-06-30": "", "2006-03-31": "", "2005-12-31": "", "2005-09-30": "", "2005-06-30": "", "2005-03-31": ""}, "SG&A Expenses": {"2020-12-31": "1957.00000", "2020-09-30": "1795.30000", "2020-06-30": "1685.40000", "2020-03-31": "1458.30000", "2019-12-31": "1448.10000", "2019-09-30": "1382.50000", "2019-06-30": "1390.00000", "2019-03-31": "1367.70000", "2018-12-31": "592.60000", "2018-09-30": "1558.60000", "2018-06-30": "1637.90000", "2018-03-31": "1601.90000", "2017-12-31": "572.00010", "2017-09-30": "1498.40000", "2017-06-30": "1522.30000", "2017-03-31": "1449.90000", "2016-12-31": "1519.10000", "2016-09-30": "1345.80000", "2016-06-30": "1431.30000", "2016-03-31": "1328.10000", "2015-12-31": "727.60010", "2015-09-30": "1201.20000", "2015-06-30": "1405.00000", "2015-03-31": "1413.70000", "2014-12-31": "1580.30000", "2014-09-30": "1298.00000", "2014-06-30": "1394.50000", "2014-03-31": "1350.60000", "2013-12-31": "1491.50000", "2013-09-30": "1303.20000", "2013-06-30": "1339.70000", "2013-03-31": "1298.40000", "2012-12-31": "1406.50000", "2012-09-30": "1251.20000", "2012-06-30": "1278.60000", "2012-03-31": "1244.90000", "2011-12-31": "1287.66200", "2011-09-30": "1268.41100", "2011-06-30": "1088.38500", "2011-03-31": "963.24200", "2010-12-31": "967.84590", "2010-09-30": "872.93500", "2010-06-30": "896.58800", "2010-03-31": "866.33100", "2009-12-31": "815.50890", "2009-09-30": "782.43800", "2009-06-30": "759.82300", "2009-03-31": "757.49500", "2008-12-31": "860.49080", "2008-09-30": "806.42400", "2008-06-30": "859.96900", "2008-03-31": "818.39000", "2007-12-31": "769.46700", "2007-09-30": "655.11600", "2007-06-30": "642.68900", "2007-03-31": "645.82500", "2006-12-31": "402.60210", "2006-09-30": "584.56100", "2006-06-30": "666.44600", "2006-03-31": "619.61800", "2005-12-31": "208.26500", "2005-09-30": "523.61200", "2005-06-30": "537.15800", "2005-03-31": "508.68200"}, "Other Operating Income Or Expenses": {"2020-12-31": "", "2020-09-30": "", "2020-06-30": "", "2020-03-31": "", "2019-12-31": "", "2019-09-30": "", "2019-06-30": "", "2019-03-31": "", "2018-12-31": "", "2018-09-30": "", "2018-06-30": "", "2018-03-31": "", "2017-12-31": "", "2017-09-30": "", "2017-06-30": "", "2017-03-31": "", "2016-12-31": "", "2016-09-30": "", "2016-06-30": "", "2016-03-31": "", "2015-12-31": "", "2015-09-30": "", "2015-06-30": "", "2015-03-31": "", "2014-12-31": "", "2014-09-30": "", "2014-06-30": "", "2014-03-31": "", "2013-12-31": "", "2013-09-30": "", "2013-06-30": "", "2013-03-31": "", "2012-12-31": "19.00000", "2012-09-30": "18.50000", "2012-06-30": "18.00000", "2012-03-31": "14.40000", "2011-12-31": "21.87400", "2011-09-30": "15.99100", "2011-06-30": "14.46000", "2011-03-31": "14.47500", "2010-12-31": "12.25000", "2010-09-30": "10.55000", "2010-06-30": "0.00000", "2010-03-31": "0.00000", "2009-12-31": "", "2009-09-30": "85.11800", "2009-06-30": "", "2009-03-31": "", "2008-12-31": "", "2008-09-30": "", "2008-06-30": "", "2008-03-31": "", "2007-12-31": "", "2007-09-30": "", "2007-06-30": "14.33500", "2007-03-31": "", "2006-12-31": "", "2006-09-30": "0.76200", "2006-06-30": "15.61700", "2006-03-31": "", "2005-12-31": "-13.93000", "2005-09-30": "-4.57700", "2005-06-30": "8.57600", "2005-03-31": "5.33500"}, "Operating Expenses": {"2020-12-31": "5159.00000", "2020-09-30": "4795.60000", "2020-06-30": "4452.80000", "2020-03-31": "3645.60000", "2019-12-31": "3906.70000", "2019-09-30": "3601.70000", "2019-06-30": "3632.80000", "2019-03-31": "3500.50000", "2018-12-31": "1905.10000", "2018-09-30": "4022.40000", "2018-06-30": "4113.50000", "2018-03-31": "3952.40000", "2017-12-31": "1755.39900", "2017-09-30": "3769.00000", "2017-06-30": "3833.40000", "2017-03-31": "3588.70000", "2016-12-31": "3871.39900", "2016-09-30": "3433.00000", "2016-06-30": "3531.80000", "2016-03-31": "3311.00000", "2015-12-31": "1273.90000", "2015-09-30": "3032.20000", "2015-06-30": "4025.80000", "2015-03-31": "3939.60000", "2014-12-31": "4529.90000", "2014-09-30": "3840.90000", "2014-06-30": "4074.30000", "2014-03-31": "3873.80000", "2013-12-31": "4378.70000", "2013-09-30": "3856.70000", "2013-06-30": "3893.90000", "2013-03-31": "3713.80000", "2012-12-31": "4112.09900", "2012-09-30": "3659.70000", "2012-06-30": "3742.20000", "2012-03-31": "3581.30000", "2011-12-31": "3937.41000", "2011-09-30": "3802.63200", "2011-06-30": "3025.91400", "2011-03-31": "2707.34500", "2010-12-31": "2674.73200", "2010-09-30": "2539.72300", "2010-06-30": "2699.66200", "2010-03-31": "2586.28400", "2009-12-31": "2173.71500", "2009-09-30": "2286.09600", "2009-06-30": "2329.66300", "2009-03-31": "2287.52500", "2008-12-31": "2752.85500", "2008-09-30": "2686.04100", "2008-06-30": "2773.43100", "2008-03-31": "2615.65200", "2007-12-31": "2676.40700", "2007-09-30": "2268.21700", "2007-06-30": "2188.99700", "2007-03-31": "2151.58700", "2006-12-31": "2128.90400", "2006-09-30": "2021.87000", "2006-06-30": "1968.48200", "2006-03-31": "1846.59000", "2005-12-31": "1815.51300", "2005-09-30": "1646.69300", "2005-06-30": "1607.60600", "2005-03-31": "1554.11100"}, "Operating Income": {"2020-12-31": "1601.00000", "2020-09-30": "1087.60000", "2020-06-30": "844.59960", "2020-03-31": "697.50000", "2019-12-31": "961.69920", "2019-09-30": "776.30000", "2019-06-30": "811.70000", "2019-03-31": "719.70020", "2018-12-31": "613.90040", "2018-09-30": "830.70020", "2018-06-30": "867.50000", "2018-03-31": "743.00000", "2017-12-31": "519.39990", "2017-09-30": "759.20020", "2017-06-30": "676.70000", "2017-03-31": "617.00000", "2016-12-31": "712.90090", "2016-09-30": "699.10010", "2016-06-30": "710.09990", "2016-03-31": "613.10010", "2015-12-31": "-7.30050", "2015-09-30": "480.00000", "2015-06-30": "934.40010", "2015-03-31": "755.10030", "2014-12-31": "887.29980", "2014-09-30": "866.20000", "2014-06-30": "889.30030", "2014-03-31": "788.90040", "2013-12-31": "888.00000", "2013-09-30": "812.40010", "2013-06-30": "843.60010", "2013-03-31": "730.90040", "2012-12-31": "863.10110", "2012-09-30": "755.80000", "2012-06-30": "811.29980", "2012-03-31": "734.89990", "2011-12-31": "779.23360", "2011-09-30": "643.15500", "2011-06-30": "609.95700", "2011-03-31": "584.85300", "2010-12-31": "557.17550", "2010-09-30": "553.11300", "2010-06-30": "517.76590", "2010-03-31": "421.54520", "2009-12-31": "290.91920", "2009-09-30": "464.59720", "2009-06-30": "343.94580", "2009-03-31": "340.21900", "2008-12-31": "423.65140", "2008-09-30": "522.13990", "2008-06-30": "510.46410", "2008-03-31": "413.22220", "2007-12-31": "464.77340", "2007-09-30": "462.93380", "2007-06-30": "442.88790", "2007-03-31": "370.11720", "2006-12-31": "435.23190", "2006-09-30": "386.62500", "2006-06-30": "381.28200", "2006-03-31": "297.07080", "2005-12-31": "335.03470", "2005-09-30": "319.68200", "2005-06-30": "321.02090", "2005-03-31": "271.83690"}, "Total Non-Operating Income/Expense": {"2020-12-31": "-59.00000", "2020-09-30": "-66.10000", "2020-06-30": "376.30000", "2020-03-31": "13.60000", "2019-12-31": "13.80000", "2019-09-30": "10.30000", "2019-06-30": "11.50000", "2019-03-31": "0.30000", "2018-12-31": "-1.50000", "2018-09-30": "-29.40000", "2018-06-30": "-32.40000", "2018-03-31": "-29.90000", "2017-12-31": "64.00000", "2017-09-30": "-29.40000", "2017-06-30": "-31.90000", "2017-03-31": "-31.80000", "2016-12-31": "-16.50000", "2016-09-30": "-222.40000", "2016-06-30": "-55.50000", "2016-03-31": "170.50000", "2015-12-31": "-43.00000", "2015-09-30": "-26.10000", "2015-06-30": "-26.70000", "2015-03-31": "-27.00000", "2014-12-31": "77.10000", "2014-09-30": "12.20000", "2014-06-30": "-10.30000", "2014-03-31": "-27.60000", "2013-12-31": "171.00000", "2013-09-30": "-33.60000", "2013-06-30": "-37.80000", "2013-03-31": "191.50000", "2012-12-31": "-39.70000", "2012-09-30": "-38.70000", "2012-06-30": "-37.20000", "2012-03-31": "-38.70000", "2011-12-31": "-37.08700", "2011-09-30": "-74.85700", "2011-06-30": "-29.13200", "2011-03-31": "-28.32400", "2010-12-31": "-25.17000", "2010-09-30": "261.56600", "2010-06-30": "-27.90500", "2010-03-31": "-28.49100", "2009-12-31": "-29.77700", "2009-09-30": "-30.24800", "2009-06-30": "-30.20300", "2009-03-31": "-23.39200", "2008-12-31": "-21.43300", "2008-09-30": "-29.14800", "2008-06-30": "-32.44200", "2008-03-31": "-37.14700", "2007-12-31": "-30.05800", "2007-09-30": "-24.85300", "2007-06-30": "-22.99600", "2007-03-31": "-25.70300", "2006-12-31": "-24.38400", "2006-09-30": "-25.53900", "2006-06-30": "-13.48600", "2006-03-31": "-7.95800", "2005-12-31": "-6.37600", "2005-09-30": "-6.15300", "2005-06-30": "-5.13100", "2005-03-31": "-12.17300"}, "Pre-Tax Income": {"2020-12-31": "1542.00000", "2020-09-30": "1021.50000", "2020-06-30": "1220.90000", "2020-03-31": "711.10000", "2019-12-31": "975.50020", "2019-09-30": "786.60000", "2019-06-30": "823.20000", "2019-03-31": "720.00000", "2018-12-31": "612.39990", "2018-09-30": "801.30000", "2018-06-30": "835.10000", "2018-03-31": "713.10000", "2017-12-31": "583.39980", "2017-09-30": "729.80000", "2017-06-30": "644.80000", "2017-03-31": "585.20000", "2016-12-31": "696.40010", "2016-09-30": "476.70000", "2016-06-30": "654.60000", "2016-03-31": "783.60000", "2015-12-31": "-50.30000", "2015-09-30": "453.90000", "2015-06-30": "907.70000", "2015-03-31": "728.10000", "2014-12-31": "964.40000", "2014-09-30": "878.40000", "2014-06-30": "879.00000", "2014-03-31": "761.30000", "2013-12-31": "1059.00000", "2013-09-30": "778.80000", "2013-06-30": "805.80000", "2013-03-31": "922.40000", "2012-12-31": "823.40020", "2012-09-30": "717.10000", "2012-06-30": "774.10000", "2012-03-31": "696.20000", "2011-12-31": "742.14800", "2011-09-30": "568.29800", "2011-06-30": "580.82500", "2011-03-31": "556.52900", "2010-12-31": "532.00620", "2010-09-30": "814.67900", "2010-06-30": "489.86100", "2010-03-31": "393.05400", "2009-12-31": "261.14300", "2009-09-30": "434.34900", "2009-06-30": "313.74300", "2009-03-31": "316.82700", "2008-12-31": "402.21800", "2008-09-30": "492.99200", "2008-06-30": "478.02200", "2008-03-31": "376.07500", "2007-12-31": "434.71210", "2007-09-30": "438.08100", "2007-06-30": "419.89200", "2007-03-31": "344.41400", "2006-12-31": "410.84810", "2006-09-30": "361.08600", "2006-06-30": "367.79600", "2006-03-31": "289.11300", "2005-12-31": "328.65890", "2005-09-30": "313.52900", "2005-06-30": "315.89000", "2005-03-31": "259.66400"}, "Income Taxes": {"2020-12-31": "301.00000", "2020-09-30": "138.00000", "2020-06-30": "293.60000", "2020-03-31": "116.00000", "2019-12-31": "182.60000", "2019-09-30": "155.90000", "2019-06-30": "146.80000", "2019-03-31": "387.70000", "2018-12-31": "110.20000", "2018-09-30": "137.60000", "2018-06-30": "161.30000", "2018-03-31": "146.50000", "2017-12-31": "24.40000", "2017-09-30": "157.70000", "2017-06-30": "87.50000", "2017-03-31": "101.40000", "2016-12-31": "-50.60000", "2016-09-30": "74.10000", "2016-06-30": "236.60000", "2016-03-31": "197.80000", "2015-12-31": "-143.60000", "2015-09-30": "74.00000", "2015-06-30": "192.20000", "2015-03-31": "170.10000", "2014-12-31": "302.70000", "2014-09-30": "197.10000", "2014-06-30": "202.60000", "2014-03-31": "181.60000", "2013-12-31": "269.70000", "2013-09-30": "181.80000", "2013-06-30": "189.00000", "2013-03-31": "230.50000", "2012-12-31": "193.00000", "2012-09-30": "168.40000", "2012-06-30": "173.90000", "2012-03-31": "176.20000", "2011-12-31": "178.58100", "2011-09-30": "52.89000", "2011-06-30": "141.27500", "2011-03-31": "139.75400", "2010-12-31": "102.48000", "2010-09-30": "180.87500", "2010-06-30": "127.73800", "2010-03-31": "100.30700", "2009-12-31": "58.86800", "2009-09-30": "82.98600", "2009-06-30": "18.04900", "2009-03-31": "79.11500", "2008-12-31": "96.53200", "2008-09-30": "121.00000", "2008-06-30": "114.57400", "2008-03-31": "99.57000", "2007-12-31": "114.48700", "2007-09-30": "103.58000", "2007-06-30": "112.23600", "2007-03-31": "92.79800", "2006-12-31": "95.85900", "2006-09-30": "97.11000", "2006-06-30": "53.27400", "2006-03-31": "73.39400", "2005-12-31": "89.14700", "2005-09-30": "84.70800", "2005-06-30": "86.87000", "2005-03-31": "71.40800"}, "Income After Taxes": {"2020-12-31": "1241.00000", "2020-09-30": "883.50000", "2020-06-30": "927.30000", "2020-03-31": "595.10000", "2019-12-31": "792.90010", "2019-09-30": "630.70000", "2019-06-30": "676.40000", "2019-03-31": "332.30000", "2018-12-31": "502.19980", "2018-09-30": "663.70000", "2018-06-30": "673.80000", "2018-03-31": "566.60000", "2017-12-31": "559.00000", "2017-09-30": "572.10000", "2017-06-30": "557.30000", "2017-03-31": "483.80000", "2016-12-31": "747.00020", "2016-09-30": "402.60000", "2016-06-30": "418.00000", "2016-03-31": "585.80000", "2015-12-31": "93.29990", "2015-09-30": "379.90000", "2015-06-30": "715.50000", "2015-03-31": "558.00000", "2014-12-31": "661.70000", "2014-09-30": "681.30000", "2014-06-30": "676.40000", "2014-03-31": "579.70000", "2013-12-31": "789.30000", "2013-09-30": "597.00000", "2013-06-30": "616.80000", "2013-03-31": "691.90000", "2012-12-31": "630.40010", "2012-09-30": "548.70000", "2012-06-30": "600.20000", "2012-03-31": "520.00000", "2011-12-31": "563.56700", "2011-09-30": "515.40800", "2011-06-30": "439.55000", "2011-03-31": "416.77500", "2010-12-31": "429.52600", "2010-09-30": "633.80400", "2010-06-30": "362.12300", "2010-03-31": "292.74700", "2009-12-31": "202.27490", "2009-09-30": "351.36300", "2009-06-30": "295.69400", "2009-03-31": "237.71200", "2008-12-31": "305.68600", "2008-09-30": "371.99200", "2008-06-30": "363.44800", "2008-03-31": "276.50500", "2007-12-31": "320.22510", "2007-09-30": "334.50100", "2007-06-30": "307.65600", "2007-03-31": "251.61600", "2006-12-31": "314.98900", "2006-09-30": "263.97600", "2006-06-30": "314.52200", "2006-03-31": "215.71900", "2005-12-31": "239.51190", "2005-09-30": "228.82100", "2005-06-30": "229.02000", "2005-03-31": "188.25600"}, "Other Income": {"2020-12-31": "", "2020-09-30": "", "2020-06-30": "", "2020-03-31": "", "2019-12-31": "", "2019-09-30": "", "2019-06-30": "", "2019-03-31": "", "2018-12-31": "", "2018-09-30": "", "2018-06-30": "", "2018-03-31": "", "2017-12-31": "", "2017-09-30": "", "2017-06-30": "", "2017-03-31": "", "2016-12-31": "", "2016-09-30": "", "2016-06-30": "", "2016-03-31": "", "2015-12-31": "", "2015-09-30": "", "2015-06-30": "", "2015-03-31": "", "2014-12-31": "", "2014-09-30": "", "2014-06-30": "", "2014-03-31": "", "2013-12-31": "", "2013-09-30": "", "2013-06-30": "", "2013-03-31": "", "2012-12-31": "", "2012-09-30": "", "2012-06-30": "", "2012-03-31": "", "2011-12-31": "", "2011-09-30": "", "2011-06-30": "", "2011-03-31": "", "2010-12-31": "", "2010-09-30": "", "2010-06-30": "", "2010-03-31": "", "2009-12-31": "", "2009-09-30": "", "2009-06-30": "", "2009-03-31": "", "2008-12-31": "", "2008-09-30": "", "2008-06-30": "", "2008-03-31": "", "2007-12-31": "", "2007-09-30": "", "2007-06-30": "", "2007-03-31": "", "2006-12-31": "", "2006-09-30": "", "2006-06-30": "", "2006-03-31": "", "2005-12-31": "", "2005-09-30": "", "2005-06-30": "", "2005-03-31": ""}, "Income From Continuous Operations": {"2020-12-31": "1241.00000", "2020-09-30": "883.50000", "2020-06-30": "927.30000", "2020-03-31": "595.10000", "2019-12-31": "792.90010", "2019-09-30": "630.70000", "2019-06-30": "676.40000", "2019-03-31": "332.30000", "2018-12-31": "502.20010", "2018-09-30": "663.70000", "2018-06-30": "673.80000", "2018-03-31": "566.60000", "2017-12-31": "559.00010", "2017-09-30": "572.10000", "2017-06-30": "557.30000", "2017-03-31": "483.80000", "2016-12-31": "746.99990", "2016-09-30": "402.60000", "2016-06-30": "418.00000", "2016-03-31": "585.80000", "2015-12-31": "93.29990", "2015-09-30": "379.90000", "2015-06-30": "715.50000", "2015-03-31": "558.00000", "2014-12-31": "661.70000", "2014-09-30": "681.30000", "2014-06-30": "676.40000", "2014-03-31": "579.70000", "2013-12-31": "789.30000", "2013-09-30": "597.00000", "2013-06-30": "616.80000", "2013-03-31": "691.90000", "2012-12-31": "630.40010", "2012-09-30": "548.70000", "2012-06-30": "600.20000", "2012-03-31": "520.00000", "2011-12-31": "563.56710", "2011-09-30": "515.40800", "2011-06-30": "439.55000", "2011-03-31": "416.77500", "2010-12-31": "429.52600", "2010-09-30": "633.80400", "2010-06-30": "362.12300", "2010-03-31": "292.74700", "2009-12-31": "202.27490", "2009-09-30": "351.36300", "2009-06-30": "295.69400", "2009-03-31": "237.71200", "2008-12-31": "305.68600", "2008-09-30": "371.99200", "2008-06-30": "363.44800", "2008-03-31": "276.50500", "2007-12-31": "320.22510", "2007-09-30": "334.50100", "2007-06-30": "307.65600", "2007-03-31": "251.61600", "2006-12-31": "314.98900", "2006-09-30": "263.97600", "2006-06-30": "314.52200", "2006-03-31": "215.71900", "2005-12-31": "239.51200", "2005-09-30": "228.82100", "2005-06-30": "229.02000", "2005-03-31": "188.25600"}, "Income From Discontinued Operations": {"2020-12-31": "", "2020-09-30": "0.00000", "2020-06-30": "0.00000", "2020-03-31": "", "2019-12-31": "482.20000", "2019-09-30": "37.30000", "2019-06-30": "54.90000", "2019-03-31": "1.50000", "2018-12-31": "", "2018-09-30": "", "2018-06-30": "", "2018-03-31": "", "2017-12-31": "297.60000", "2017-09-30": "0.00000", "2017-06-30": "0.00000", "2017-03-31": "22.30000", "2016-12-31": "0.00000", "2016-09-30": "-11.00000", "2016-06-30": "238.70000", "2016-03-31": "172.60000", "2015-12-31": "595.29990", "2015-09-30": "1023.40000", "2015-06-30": "-19.80000", "2015-03-31": "11.80000", "2014-12-31": "960.40000", "2014-09-30": "-0.70000", "2014-06-30": "", "2014-03-31": "", "2013-12-31": "", "2013-09-30": "", "2013-06-30": "", "2013-03-31": "", "2012-12-31": "", "2012-09-30": "0.00000", "2012-06-30": "0.00000", "2012-03-31": "92.90000", "2011-12-31": "7.18300", "2011-09-30": "8.02000", "2011-06-30": "209.21400", "2011-03-31": "12.58300", "2010-12-31": "44.33000", "2010-09-30": "12.63100", "2010-06-30": "10.35300", "2010-03-31": "7.48600", "2009-12-31": "", "2009-09-30": "", "2009-06-30": "", "2009-03-31": "", "2008-12-31": "", "2008-09-30": "", "2008-06-30": "", "2008-03-31": "", "2007-12-31": "0.00000", "2007-09-30": "149.22000", "2007-06-30": "3.49800", "2007-03-31": "3.18800", "2006-12-31": "8.72800", "2006-09-30": "4.09500", "2006-06-30": "", "2006-03-31": "", "2005-12-31": "", "2005-09-30": "", "2005-06-30": "", "2005-03-31": ""}, "Net Income": {"2020-12-31": "1200.00000", "2020-09-30": "842.40000", "2020-06-30": "892.70000", "2020-03-31": "575.50000", "2019-12-31": "1255.50000", "2019-09-30": "648.40000", "2019-06-30": "708.60000", "2019-03-31": "327.30000", "2018-12-31": "746.79990", "2018-09-30": "663.70000", "2018-06-30": "673.80000", "2018-03-31": "566.60000", "2017-12-31": "856.60020", "2017-09-30": "572.10000", "2017-06-30": "557.30000", "2017-03-31": "506.10000", "2016-12-31": "746.99990", "2016-09-30": "391.60000", "2016-06-30": "656.70000", "2016-03-31": "758.40000", "2015-12-31": "688.59990", "2015-09-30": "1403.30000", "2015-06-30": "695.70000", "2015-03-31": "569.80000", "2014-12-31": "661.70000", "2014-09-30": "680.60000", "2014-06-30": "676.40000", "2014-03-31": "579.70000", "2013-12-31": "789.30000", "2013-09-30": "597.00000", "2013-06-30": "616.80000", "2013-03-31": "691.90000", "2012-12-31": "630.40000", "2012-09-30": "548.70000", "2012-06-30": "600.20000", "2012-03-31": "612.90000", "2011-12-31": "570.75010", "2011-09-30": "523.42800", "2011-06-30": "648.76400", "2011-03-31": "429.35800", "2010-12-31": "473.85590", "2010-09-30": "646.43500", "2010-06-30": "372.47600", "2010-03-31": "300.23300", "2009-12-31": "266.93490", "2009-09-30": "351.36300", "2009-06-30": "295.69400", "2009-03-31": "237.71200", "2008-12-31": "305.68600", "2008-09-30": "371.99200", "2008-06-30": "363.44800", "2008-03-31": "276.50500", "2007-12-31": "320.22500", "2007-09-30": "483.72100", "2007-06-30": "311.15400", "2007-03-31": "254.80400", "2006-12-31": "323.71700", "2006-09-30": "268.07100", "2006-06-30": "314.52200", "2006-03-31": "215.71900", "2005-12-31": "251.70300", "2005-09-30": "228.82100", "2005-06-30": "229.02000", "2005-03-31": "188.25600"}, "EBITDA": {"2020-12-31": "", "2020-09-30": "1996.30000", "2020-06-30": "1321.70000", "2020-03-31": "995.30000", "2019-12-31": "1261.39900", "2019-09-30": "1071.70000", "2019-06-30": "1110.00000", "2019-03-31": "1015.80000", "2018-12-31": "814.70030", "2018-09-30": "1152.20000", "2018-06-30": "1202.10000", "2018-03-31": "1063.80000", "2017-12-31": "716.09990", "2017-09-30": "1070.60000", "2017-06-30": "979.89990", "2017-03-31": "922.60000", "2016-12-31": "1018.50100", "2016-09-30": "976.30010", "2016-06-30": "987.69980", "2016-03-31": "880.80010", "2015-12-31": "264.69950", "2015-09-30": "616.30000", "2015-06-30": "1171.40000", "2015-03-31": "990.60030", "2014-12-31": "940.89980", "2014-09-30": "1070.60000", "2014-06-30": "1124.70000", "2014-03-31": "1013.60000", "2013-12-31": "1076.90000", "2013-09-30": "1037.70000", "2013-06-30": "1063.20000", "2013-03-31": "947.70040", "2012-12-31": "1082.50100", "2012-09-30": "966.40010", "2012-06-30": "1018.80000", "2012-03-31": "937.19990", "2011-12-31": "982.93160", "2011-09-30": "850.84700", "2011-06-30": "729.44400", "2011-03-31": "688.97600", "2010-12-31": "658.87450", "2010-09-30": "648.98800", "2010-06-30": "615.49890", "2010-03-31": "514.53810", "2009-12-31": "370.31420", "2009-09-30": "550.24820", "2009-06-30": "429.89580", "2009-03-31": "421.01500", "2008-12-31": "507.88240", "2008-09-30": "606.66590", "2008-06-30": "593.90010", "2008-03-31": "500.31620", "2007-12-31": "542.85440", "2007-09-30": "526.79280", "2007-06-30": "506.39190", "2007-03-31": "433.16520", "2006-12-31": "498.35990", "2006-09-30": "440.92300", "2006-06-30": "433.18400", "2006-03-31": "343.43980", "2005-12-31": "376.64970", "2005-09-30": "363.18100", "2005-06-30": "365.41390", "2005-03-31": "317.57190"}, "EBIT": {"2020-12-31": "1601.00000", "2020-09-30": "1087.60000", "2020-06-30": "844.59960", "2020-03-31": "697.50000", "2019-12-31": "961.69920", "2019-09-30": "776.30000", "2019-06-30": "811.70000", "2019-03-31": "719.70020", "2018-12-31": "613.89940", "2018-09-30": "830.70020", "2018-06-30": "867.50000", "2018-03-31": "743.00000", "2017-12-31": "519.39970", "2017-09-30": "759.20020", "2017-06-30": "676.70000", "2017-03-31": "617.00000", "2016-12-31": "712.90110", "2016-09-30": "699.10010", "2016-06-30": "710.09990", "2016-03-31": "613.10010", "2015-12-31": "-7.30030", "2015-09-30": "480.00000", "2015-06-30": "934.40010", "2015-03-31": "755.10030", "2014-12-31": "887.29980", "2014-09-30": "866.20000", "2014-06-30": "889.30030", "2014-03-31": "788.90040", "2013-12-31": "888.00000", "2013-09-30": "812.40010", "2013-06-30": "843.60010", "2013-03-31": "730.90040", "2012-12-31": "863.10080", "2012-09-30": "755.80000", "2012-06-30": "811.29980", "2012-03-31": "734.89990", "2011-12-31": "779.23410", "2011-09-30": "643.15500", "2011-06-30": "609.95700", "2011-03-31": "584.85300", "2010-12-31": "557.17550", "2010-09-30": "553.11300", "2010-06-30": "517.76590", "2010-03-31": "421.54520", "2009-12-31": "290.91970", "2009-09-30": "464.59720", "2009-06-30": "343.94580", "2009-03-31": "340.21900", "2008-12-31": "423.65140", "2008-09-30": "522.13990", "2008-06-30": "510.46410", "2008-03-31": "413.22220", "2007-12-31": "464.77290", "2007-09-30": "462.93380", "2007-06-30": "442.88790", "2007-03-31": "370.11720", "2006-12-31": "435.23170", "2006-09-30": "386.62500", "2006-06-30": "381.28200", "2006-03-31": "297.07080", "2005-12-31": "335.03490", "2005-09-30": "319.68200", "2005-06-30": "321.02090", "2005-03-31": "271.83690"}, "Basic Shares Outstanding": {"2020-12-31": "711.60000", "2020-09-30": "710.90000", "2020-06-30": "705.10000", "2020-03-31": "697.20000", "2019-12-31": "715.00000", "2019-09-30": "718.80000", "2019-06-30": "717.60000", "2019-03-31": "707.60000", "2018-12-31": "700.60000", "2018-09-30": "701.40000", "2018-06-30": "700.20000", "2018-03-31": "698.60000", "2017-12-31": "695.80000", "2017-09-30": "696.20000", "2017-06-30": "695.40000", "2017-03-31": "694.30000", "2016-12-31": "691.20000", "2016-09-30": "692.20000", "2016-06-30": "690.90000", "2016-03-31": "688.60000", "2015-12-31": "698.10000", "2015-09-30": "688.50000", "2015-06-30": "709.50000", "2015-03-31": "707.20000", "2014-12-31": "704.80000", "2014-09-30": "702.60000", "2014-06-30": "701.20000", "2014-03-31": "700.10000", "2013-12-31": "699.00000", "2013-09-30": "697.70000", "2013-06-30": "695.20000", "2013-03-31": "692.00000", "2012-12-31": "693.40000", "2012-09-30": "695.20000", "2012-06-30": "695.60000", "2012-03-31": "691.50000", "2011-12-31": "676.20000", "2011-09-30": "687.25900", "2011-06-30": "667.20700", "2011-03-31": "661.59900", "2010-12-31": "653.20000", "2010-09-30": "654.59900", "2010-06-30": "652.47800", "2010-03-31": "648.96800", "2009-12-31": "641.53000", "2009-09-30": "642.18600", "2009-06-30": "639.83200", "2009-03-31": "638.67200", "2008-12-31": "638.72200", "2008-09-30": "639.77400", "2008-06-30": "638.46600", "2008-03-31": "637.60600", "2007-12-31": "622.45000", "2007-09-30": "620.64800", "2007-06-30": "618.94200", "2007-03-31": "619.33600", "2006-12-31": "615.96800", "2006-09-30": "616.68800", "2006-06-30": "615.71800", "2006-03-31": "613.67600", "2005-12-31": "617.81000", "2005-09-30": "619.18000", "2005-06-30": "619.27800", "2005-03-31": "619.76000"}, "Shares Outstanding": {"2020-12-31": "724.50000", "2020-09-30": "724.30000", "2020-06-30": "718.20000", "2020-03-31": "707.90000", "2019-12-31": "725.50000", "2019-09-30": "729.30000", "2019-06-30": "727.90000", "2019-03-31": "718.50000", "2018-12-31": "710.20000", "2018-09-30": "710.60000", "2018-06-30": "709.50000", "2018-03-31": "709.50000", "2017-12-31": "706.10000", "2017-09-30": "705.60000", "2017-06-30": "705.40000", "2017-03-31": "705.70000", "2016-12-31": "699.80000", "2016-09-30": "701.30000", "2016-06-30": "698.90000", "2016-03-31": "697.10000", "2015-12-31": "708.50000", "2015-09-30": "698.70000", "2015-06-30": "719.60000", "2015-03-31": "718.70000", "2014-12-31": "717.60000", "2014-09-30": "716.20000", "2014-06-30": "715.60000", "2014-03-31": "714.80000", "2013-12-31": "713.80000", "2013-09-30": "711.90000", "2013-06-30": "709.80000", "2013-03-31": "708.40000", "2012-12-31": "713.10000", "2012-09-30": "713.90000", "2012-06-30": "714.90000", "2012-03-31": "714.00000", "2011-12-31": "701.20000", "2011-09-30": "710.40300", "2011-06-30": "694.59900", "2011-03-31": "688.32800", "2010-12-31": "683.30000", "2010-09-30": "683.43100", "2010-06-30": "682.33800", "2010-03-31": "680.12200", "2009-12-31": "671.48400", "2009-09-30": "672.53600", "2009-06-30": "669.08000", "2009-03-31": "666.96200", "2008-12-31": "671.72600", "2008-09-30": "674.66800", "2008-06-30": "673.10200", "2008-03-31": "671.94800", "2007-12-31": "658.91800", "2007-09-30": "656.27200", "2007-06-30": "655.47200", "2007-03-31": "655.90000", "2006-12-31": "650.50200", "2006-09-30": "651.47600", "2006-06-30": "648.00600", "2006-03-31": "648.09000", "2005-12-31": "655.96600", "2005-09-30": "657.25400", "2005-06-30": "657.44800", "2005-03-31": "658.78000"}, "Basic EPS": {"2020-12-31": "1.69000", "2020-09-30": "1.18000", "2020-06-30": "1.27000", "2020-03-31": "0.83000", "2019-12-31": "1.76000", "2019-09-30": "0.90000", "2019-06-30": "0.99000", "2019-03-31": "0.46000", "2018-12-31": "1.06000", "2018-09-30": "0.95000", "2018-06-30": "0.96000", "2018-03-31": "0.81000", "2017-12-31": "1.23000", "2017-09-30": "0.82000", "2017-06-30": "0.80000", "2017-03-31": "0.73000", "2016-12-31": "1.07000", "2016-09-30": "0.57000", "2016-06-30": "0.95000", "2016-03-31": "1.10000", "2015-12-31": "0.98000", "2015-09-30": "2.04000", "2015-06-30": "0.98000", "2015-03-31": "0.81000", "2014-12-31": "0.94000", "2014-09-30": "0.97000", "2014-06-30": "0.96000", "2014-03-31": "0.83000", "2013-12-31": "1.13000", "2013-09-30": "0.86000", "2013-06-30": "0.89000", "2013-03-31": "1.00000", "2012-12-31": "0.91000", "2012-09-30": "0.79000", "2012-06-30": "0.86000", "2012-03-31": "0.89000", "2011-12-31": "0.83000", "2011-09-30": "0.76000", "2011-06-30": "0.97000", "2011-03-31": "0.65000", "2010-12-31": "0.72000", "2010-09-30": "0.99000", "2010-06-30": "0.57000", "2010-03-31": "0.46000", "2009-12-31": "0.42000", "2009-09-30": "0.55000", "2009-06-30": "0.46000", "2009-03-31": "0.37000", "2008-12-31": "0.47500", "2008-09-30": "0.58000", "2008-06-30": "0.57000", "2008-03-31": "0.43500", "2007-12-31": "0.50500", "2007-09-30": "0.78000", "2007-06-30": "0.50500", "2007-03-31": "0.41000", "2006-12-31": "0.52500", "2006-09-30": "0.43500", "2006-06-30": "0.51000", "2006-03-31": "0.35000", "2005-12-31": "0.41000", "2005-09-30": "0.37000", "2005-06-30": "0.37000", "2005-03-31": "0.30500"}, "EPS - Earnings Per Share": {"2020-12-31": "1.66000", "2020-09-30": "1.16000", "2020-06-30": "1.24000", "2020-03-31": "0.81000", "2019-12-31": "1.73000", "2019-09-30": "0.89000", "2019-06-30": "0.97000", "2019-03-31": "0.46000", "2018-12-31": "1.06000", "2018-09-30": "0.93000", "2018-06-30": "0.95000", "2018-03-31": "0.80000", "2017-12-31": "1.21000", "2017-09-30": "0.81000", "2017-06-30": "0.79000", "2017-03-31": "0.72000", "2016-12-31": "1.06000", "2016-09-30": "0.56000", "2016-06-30": "0.94000", "2016-03-31": "1.09000", "2015-12-31": "0.97000", "2015-09-30": "2.01000", "2015-06-30": "0.97000", "2015-03-31": "0.79000", "2014-12-31": "0.92000", "2014-09-30": "0.95000", "2014-06-30": "0.95000", "2014-03-31": "0.81000", "2013-12-31": "1.11000", "2013-09-30": "0.84000", "2013-06-30": "0.87000", "2013-03-31": "0.98000", "2012-12-31": "0.89000", "2012-09-30": "0.77000", "2012-06-30": "0.84000", "2012-03-31": "0.86000", "2011-12-31": "0.80000", "2011-09-30": "0.74000", "2011-06-30": "0.94000", "2011-03-31": "0.63000", "2010-12-31": "0.69000", "2010-09-30": "0.95000", "2010-06-30": "0.55000", "2010-03-31": "0.45000", "2009-12-31": "0.40000", "2009-09-30": "0.53000", "2009-06-30": "0.44000", "2009-03-31": "0.36000", "2008-12-31": "0.46500", "2008-09-30": "0.55500", "2008-06-30": "0.54500", "2008-03-31": "0.41500", "2007-12-31": "0.48500", "2007-09-30": "0.74000", "2007-06-30": "0.48000", "2007-03-31": "0.39000", "2006-12-31": "0.50000", "2006-09-30": "0.41500", "2006-06-30": "0.49000", "2006-03-31": "0.33500", "2005-12-31": "0.39000", "2005-09-30": "0.35000", "2005-06-30": "0.35000", "2005-03-31": "0.29000"}}, "balance sheet": {"Cash On Hand": {"2020-12-31": "6035.00000", "2019-12-31": "19912.30000", "2018-12-31": "787.80000", "2017-12-31": "630.30000", "2016-12-31": "963.70000", "2015-12-31": "790.80000", "2014-12-31": "3005.60000", "2013-12-31": "3115.20000", "2012-12-31": "1678.70000", "2011-12-31": "537.00000", "2010-12-31": "1632.98000", "2009-12-31": "1721.92000", "2008-12-31": "392.85400", "2007-12-31": "239.10800", "2006-12-31": "317.81000", "2005-12-31": "315.55100"}, "Receivables": {"2020-12-31": "4045.00000", "2019-12-31": "3191.40000", "2018-12-31": "3029.80000", "2017-12-31": "3521.80000", "2016-12-31": "3186.10000", "2015-12-31": "2985.10000", "2014-12-31": "3445.80000", "2013-12-31": "3451.60000", "2012-12-31": "3267.30000", "2011-12-31": "3049.90000", "2010-12-31": "2097.97400", "2009-12-31": "1916.83100", "2008-12-31": "1894.58500", "2007-12-31": "1984.38400", "2006-12-31": "1654.72500", "2005-12-31": "1407.85800"}, "Inventory": {"2020-12-31": "2292.00000", "2019-12-31": "1628.30000", "2018-12-31": "1631.40000", "2017-12-31": "1840.80000", "2016-12-31": "1709.40000", "2015-12-31": "1573.10000", "2014-12-31": "1782.80000", "2013-12-31": "1783.50000", "2012-12-31": "1813.40000", "2011-12-31": "1781.40000", "2010-12-31": "1165.62300", "2009-12-31": "993.01600", "2008-12-31": "1142.30900", "2007-12-31": "1193.61500", "2006-12-31": "988.70900", "2005-12-31": "825.26300"}, "Pre-Paid Expenses": {"2020-12-31": "1430.00000", "2019-12-31": "864.60000", "2018-12-31": "858.00000", "2017-12-31": "857.10000", "2016-12-31": "805.90000", "2015-12-31": "889.50000", "2014-12-31": "952.70000", "2013-12-31": "763.40000", "2012-12-31": "828.40000", "2011-12-31": "904.10000", "2010-12-31": "1168.87800", "2009-12-31": "588.86100", "2008-12-31": "757.37100", "2007-12-31": "632.66000", "2006-12-31": "475.49500", "2005-12-31": "396.34700"}, "Other Current Assets": {"2020-12-31": "", "2019-12-31": "", "2018-12-31": "", "2017-12-31": "", "2016-12-31": "", "2015-12-31": "", "2014-12-31": "", "2013-12-31": "", "2012-12-31": "", "2011-12-31": "", "2010-12-31": "", "2009-12-31": "", "2008-12-31": "", "2007-12-31": "", "2006-12-31": "", "2005-12-31": ""}, "Total Current Assets": {"2020-12-31": "13802.00000", "2019-12-31": "25596.60000", "2018-12-31": "7093.80000", "2017-12-31": "6850.00000", "2016-12-31": "6665.10000", "2015-12-31": "7836.70000", "2014-12-31": "9431.30000", "2013-12-31": "9113.70000", "2012-12-31": "7587.80000", "2011-12-31": "6272.40000", "2010-12-31": "6065.45500", "2009-12-31": "5220.62800", "2008-12-31": "4187.11900", "2007-12-31": "4049.76700", "2006-12-31": "3436.73900", "2005-12-31": "2945.01900"}, "Property, Plant, And Equipment": {"2020-12-31": "3262.00000", "2019-12-31": "2302.00000", "2018-12-31": "2249.60000", "2017-12-31": "2454.60000", "2016-12-31": "2354.00000", "2015-12-31": "2302.70000", "2014-12-31": "2171.90000", "2013-12-31": "2211.30000", "2012-12-31": "2140.90000", "2011-12-31": "2101.00000", "2010-12-31": "1129.78100", "2009-12-31": "1143.33100", "2008-12-31": "1108.65300", "2007-12-31": "1108.63400", "2006-12-31": "868.62300", "2005-12-31": "748.17200"}, "Long-Term Investments": {"2020-12-31": "", "2019-12-31": "", "2018-12-31": "", "2017-12-31": "", "2016-12-31": "", "2015-12-31": "", "2014-12-31": "", "2013-12-31": "", "2012-12-31": "548.30000", "2011-12-31": "521.90000", "2010-12-31": "511.28300", "2009-12-31": "", "2008-12-31": "", "2007-12-31": "", "2006-12-31": "", "2005-12-31": ""}, "Goodwill And Intangible Assets": {"2020-12-31": "56702.00000", "2019-12-31": "32462.20000", "2018-12-31": "32863.30000", "2017-12-31": "36805.70000", "2016-12-31": "35644.90000", "2015-12-31": "31560.20000", "2014-12-31": "22732.70000", "2013-12-31": "22285.90000", "2012-12-31": "21806.00000", "2011-12-31": "20314.50000", "2010-12-31": "13701.48000", "2009-12-31": "12473.43000", "2008-12-31": "11730.00000", "2007-12-31": "11805.98000", "2006-12-31": "8258.56300", "2005-12-31": "5309.13800"}, "Other Long-Term Assets": {"2020-12-31": "2395.00000", "2019-12-31": "1720.80000", "2018-12-31": "571.00000", "2017-12-31": "538.30000", "2016-12-31": "631.30000", "2015-12-31": "845.30000", "2014-12-31": "1016.70000", "2013-12-31": "1061.30000", "2012-12-31": "858.00000", "2011-12-31": "739.70000", "2010-12-31": "809.13600", "2009-12-31": "758.03500", "2008-12-31": "464.35300", "2007-12-31": "507.55000", "2006-12-31": "300.22600", "2005-12-31": "160.78000"}, "Total Long-Term Assets": {"2020-12-31": "62359.00000", "2019-12-31": "36485.00000", "2018-12-31": "40738.70000", "2017-12-31": "39798.60000", "2016-12-31": "38630.20000", "2015-12-31": "40385.50000", "2014-12-31": "27560.40000", "2013-12-31": "25558.50000", "2012-12-31": "25353.20000", "2011-12-31": "23677.10000", "2010-12-31": "16151.67000", "2009-12-31": "14374.79000", "2008-12-31": "13303.01000", "2007-12-31": "13422.17000", "2006-12-31": "9427.41100", "2005-12-31": "6218.09000"}, "Total Assets": {"2020-12-31": "76161.00000", "2019-12-31": "62081.60000", "2018-12-31": "47832.50000", "2017-12-31": "46648.60000", "2016-12-31": "45295.30000", "2015-12-31": "48222.20000", "2014-12-31": "36991.70000", "2013-12-31": "34672.20000", "2012-12-31": "32941.00000", "2011-12-31": "29949.50000", "2010-12-31": "22217.13000", "2009-12-31": "19595.42000", "2008-12-31": "17490.13000", "2007-12-31": "17471.94000", "2006-12-31": "12864.15000", "2005-12-31": "9163.10900"}, "Total Current Liabilities": {"2020-12-31": "7402.00000", "2019-12-31": "4932.10000", "2018-12-31": "4841.50000", "2017-12-31": "4792.30000", "2016-12-31": "6874.00000", "2015-12-31": "6170.40000", "2014-12-31": "5396.40000", "2013-12-31": "4527.40000", "2012-12-31": "4206.10000", "2011-12-31": "4172.00000", "2010-12-31": "3320.70200", "2009-12-31": "2760.96000", "2008-12-31": "2745.09700", "2007-12-31": "2899.85300", "2006-12-31": "2459.71400", "2005-12-31": "2268.58600"}, "Long Term Debt": {"2020-12-31": "21193.00000", "2019-12-31": "21516.70000", "2018-12-31": "9688.50000", "2017-12-31": "10327.40000", "2016-12-31": "9674.20000", "2015-12-31": "12025.20000", "2014-12-31": "3401.50000", "2013-12-31": "3436.70000", "2012-12-31": "5287.60000", "2011-12-31": "5206.80000", "2010-12-31": "2783.90700", "2009-12-31": "2889.02300", "2008-12-31": "2553.17000", "2007-12-31": "3395.76400", "2006-12-31": "2422.86100", "2005-12-31": "857.77100"}, "Other Non-Current Liabilities": {"2020-12-31": "7789.00000", "2019-12-31": "5350.90000", "2018-12-31": "4701.60000", "2017-12-31": "5161.10000", "2016-12-31": "5670.30000", "2015-12-31": "5750.00000", "2014-12-31": "4584.40000", "2013-12-31": "4256.70000", "2012-12-31": "4363.40000", "2011-12-31": "3598.90000", "2010-12-31": "2339.75500", "2009-12-31": "2315.26100", "2008-12-31": "2383.29900", "2007-12-31": "2090.63000", "2006-12-31": "1336.91600", "2005-12-31": "956.40200"}, "Total Long Term Liabilities": {"2020-12-31": "28982.00000", "2019-12-31": "26867.60000", "2018-12-31": "14764.30000", "2017-12-31": "15488.50000", "2016-12-31": "15344.50000", "2015-12-31": "18287.80000", "2014-12-31": "8145.50000", "2013-12-31": "7693.40000", "2012-12-31": "9651.00000", "2011-12-31": "8805.69900", "2010-12-31": "5123.66200", "2009-12-31": "5204.28400", "2008-12-31": "4936.46900", "2007-12-31": "5486.39400", "2006-12-31": "3759.77700", "2005-12-31": "1814.17300"}, "Total Liabilities": {"2020-12-31": "36384.00000", "2019-12-31": "31799.70000", "2018-12-31": "19605.80000", "2017-12-31": "20280.80000", "2016-12-31": "22218.50000", "2015-12-31": "24458.20000", "2014-12-31": "13541.90000", "2013-12-31": "12220.80000", "2012-12-31": "13857.10000", "2011-12-31": "12977.70000", "2010-12-31": "8444.36400", "2009-12-31": "7965.24400", "2008-12-31": "7681.56600", "2007-12-31": "8386.24700", "2006-12-31": "6219.49100", "2005-12-31": "4082.75900"}, "Common Stock Net": {"2020-12-31": "9.00000", "2019-12-31": "8.40000", "2018-12-31": "8.20000", "2017-12-31": "8.10000", "2016-12-31": "8.10000", "2015-12-31": "8.00000", "2014-12-31": "7.90000", "2013-12-31": "7.90000", "2012-12-31": "7.70000", "2011-12-31": "7.60000", "2010-12-31": "7.29500", "2009-12-31": "3.58900", "2008-12-31": "3.54400", "2007-12-31": "3.52600", "2006-12-31": "3.41200", "2005-12-31": "3.38500"}, "Retained Earnings (Accumulated Deficit)": {"2020-12-31": "27159.00000", "2019-12-31": "24166.30000", "2018-12-31": "25163.00000", "2017-12-31": "22806.10000", "2016-12-31": "20703.50000", "2015-12-31": "21012.30000", "2014-12-31": "20323.00000", "2013-12-31": "18005.30000", "2012-12-31": "15379.90000", "2011-12-31": "13056.90000", "2010-12-31": "10945.93000", "2009-12-31": "9205.14200", "2008-12-31": "8095.15500", "2007-12-31": "6820.75600", "2006-12-31": "5421.80900", "2005-12-31": "4324.36900"}, "Comprehensive Income": {"2020-12-31": "-368.00000", "2019-12-31": "-3068.30000", "2018-12-31": "-2791.10000", "2017-12-31": "-1994.20000", "2016-12-31": "-3021.70000", "2015-12-31": "-2311.20000", "2014-12-31": "-1433.70000", "2013-12-31": "214.50000", "2012-12-31": "-59.20000", "2011-12-31": "-36.90000", "2010-12-31": "345.38600", "2009-12-31": "346.94400", "2008-12-31": "-103.10000", "2007-12-31": "542.69000", "2006-12-31": "191.98500", "2005-12-31": "-109.27900"}, "Other Share Holders Equity": {"2020-12-31": "", "2019-12-31": "", "2018-12-31": "", "2017-12-31": "", "2016-12-31": "", "2015-12-31": "", "2014-12-31": "", "2013-12-31": "", "2012-12-31": "", "2011-12-31": "", "2010-12-31": "", "2009-12-31": "", "2008-12-31": "", "2007-12-31": "", "2006-12-31": "", "2005-12-31": ""}, "Share Holder Equity": {"2020-12-31": "39777.00000", "2019-12-31": "30281.90000", "2018-12-31": "28226.70000", "2017-12-31": "26367.80000", "2016-12-31": "23076.80000", "2015-12-31": "23764.00000", "2014-12-31": "23449.80000", "2013-12-31": "22451.40000", "2012-12-31": "19083.90000", "2011-12-31": "16971.80000", "2010-12-31": "13772.77000", "2009-12-31": "11630.18000", "2008-12-31": "9808.56200", "2007-12-31": "9085.68800", "2006-12-31": "6644.66000", "2005-12-31": "5080.35000"}, "Total Liabilities And Share Holders Equity": {"2020-12-31": "76161.00000", "2019-12-31": "62081.60000", "2018-12-31": "47832.50000", "2017-12-31": "46648.60000", "2016-12-31": "45295.30000", "2015-12-31": "48222.20000", "2014-12-31": "36991.70000", "2013-12-31": "34672.20000", "2012-12-31": "32941.00000", "2011-12-31": "29949.50000", "2010-12-31": "22217.13000", "2009-12-31": "19595.42000", "2008-12-31": "17490.13000", "2007-12-31": "17471.94000", "2006-12-31": "12864.15000", "2005-12-31": "9163.10900"}}, "balance sheet, quarterly": {"Cash On Hand": {"2020-12-31": "6035.00000", "2020-09-30": "5687.70000", "2020-06-30": "5539.30000", "2020-03-31": "4367.70000", "2019-12-31": "19912.30000", "2019-09-30": "14252.10000", "2019-06-30": "5433.60000", "2019-03-31": "3910.00000", "2018-12-31": "787.80000", "2018-09-30": "776.20000", "2018-06-30": "904.00000", "2018-03-31": "1045.70000", "2017-12-31": "630.30000", "2017-09-30": "648.60000", "2017-06-30": "726.40000", "2017-03-31": "803.90000", "2016-12-31": "963.70000", "2016-09-30": "971.40000", "2016-06-30": "4097.60000", "2016-03-31": "664.30000", "2015-12-31": "790.80000", "2015-09-30": "1833.50000", "2015-06-30": "3342.00000", "2015-03-31": "2511.00000", "2014-12-31": "3005.60000", "2014-09-30": "4025.30000", "2014-06-30": "3321.10000", "2014-03-31": "3346.50000", "2013-12-31": "3115.20000", "2013-09-30": "1995.60000", "2013-06-30": "2324.90000", "2013-03-31": "2150.70000", "2012-12-31": "1678.70000", "2012-09-30": "1541.33500", "2012-06-30": "1118.24000", "2012-03-31": "1043.28300", "2011-12-31": "537.00000", "2011-09-30": "484.36800", "2011-06-30": "551.58300", "2011-03-31": "1593.55900", "2010-12-31": "1632.98000", "2010-09-30": "1635.04100", "2010-06-30": "1232.93600", "2010-03-31": "806.36800", "2009-12-31": "1721.92000", "2009-09-30": "1636.23100", "2009-06-30": "1258.41100", "2009-03-31": "975.94500", "2008-12-31": "392.85400", "2008-09-30": "286.51900", "2008-06-30": "284.10000", "2008-03-31": "233.81900", "2007-12-31": "239.10800", "2007-09-30": "209.28100", "2007-06-30": "174.14500", "2007-03-31": "197.56400", "2006-12-31": "317.81000", "2006-09-30": "263.95200", "2006-06-30": "284.73300", "2006-03-31": "260.82300", "2005-12-31": "315.55100", "2005-09-30": "275.62100", "2005-06-30": "808.65500", "2005-03-31": "673.07200"}, "Receivables": {"2020-12-31": "4045.00000", "2020-09-30": "3495.70000", "2020-06-30": "3378.40000", "2020-03-31": "3433.30000", "2019-12-31": "3191.40000", "2019-09-30": "3467.10000", "2019-06-30": "3481.60000", "2019-03-31": "3409.20000", "2018-12-31": "3029.80000", "2018-09-30": "3323.10000", "2018-06-30": "3296.60000", "2018-03-31": "3270.70000", "2017-12-31": "3521.80000", "2017-09-30": "3254.60000", "2017-06-30": "3214.80000", "2017-03-31": "3034.90000", "2016-12-31": "3186.10000", "2016-09-30": "3081.80000", "2016-06-30": "3994.80000", "2016-03-31": "3871.20000", "2015-12-31": "2985.10000", "2015-09-30": "3906.10000", "2015-06-30": "3565.20000", "2015-03-31": "3446.90000", "2014-12-31": "3445.80000", "2014-09-30": "3498.10000", "2014-06-30": "3631.80000", "2014-03-31": "3467.60000", "2013-12-31": "3451.60000", "2013-09-30": "3372.70000", "2013-06-30": "3281.40000", "2013-03-31": "3118.30000", "2012-12-31": "3267.30000", "2012-09-30": "2984.72800", "2012-06-30": "3094.25000", "2012-03-31": "2996.45700", "2011-12-31": "3049.90000", "2011-09-30": "3007.19200", "2011-06-30": "3099.41800", "2011-03-31": "2210.22400", "2010-12-31": "2097.97400", "2010-09-30": "2032.66100", "2010-06-30": "2025.97800", "2010-03-31": "1981.41100", "2009-12-31": "1916.83100", "2009-09-30": "1836.25500", "2009-06-30": "1750.11400", "2009-03-31": "1707.13300", "2008-12-31": "1894.58500", "2008-09-30": "2100.79500", "2008-06-30": "2094.31700", "2008-03-31": "2099.50800", "2007-12-31": "1984.38400", "2007-09-30": "1826.70900", "2007-06-30": "1732.18600", "2007-03-31": "1682.87400", "2006-12-31": "1654.72500", "2006-09-30": "1595.57900", "2006-06-30": "1561.32100", "2006-03-31": "1388.55900", "2005-12-31": "1407.85800", "2005-09-30": "1364.32000", "2005-06-30": "1176.58200", "2005-03-31": "1164.67200"}, "Inventory": {"2020-12-31": "2292.00000", "2020-09-30": "2421.70000", "2020-06-30": "2592.90000", "2020-03-31": "2575.00000", "2019-12-31": "1628.30000", "2019-09-30": "2023.70000", "2019-06-30": "2055.90000", "2019-03-31": "2027.90000", "2018-12-31": "1631.40000", "2018-09-30": "2029.40000", "2018-06-30": "1980.50000", "2018-03-31": "1949.10000", "2017-12-31": "1840.80000", "2017-09-30": "1892.30000", "2017-06-30": "1791.70000", "2017-03-31": "1764.90000", "2016-12-31": "1709.40000", "2016-09-30": "1712.20000", "2016-06-30": "2240.20000", "2016-03-31": "2237.70000", "2015-12-31": "1573.10000", "2015-09-30": "2340.60000", "2015-06-30": "1912.20000", "2015-03-31": "1897.20000", "2014-12-31": "1782.80000", "2014-09-30": "1874.00000", "2014-06-30": "1894.20000", "2014-03-31": "1871.30000", "2013-12-31": "1783.50000", "2013-09-30": "1965.70000", "2013-06-30": "1911.00000", "2013-03-31": "1866.50000", "2012-12-31": "1813.40000", "2012-09-30": "1882.37000", "2012-06-30": "1855.81100", "2012-03-31": "1889.07900", "2011-12-31": "1781.40000", "2011-09-30": "1970.89600", "2011-06-30": "2065.04900", "2011-03-31": "1284.93200", "2010-12-31": "1165.62300", "2010-09-30": "1244.89500", "2010-06-30": "1238.69300", "2010-03-31": "1187.89300", "2009-12-31": "993.01600", "2009-09-30": "1071.43000", "2009-06-30": "1067.07500", "2009-03-31": "1133.80000", "2008-12-31": "1142.30900", "2008-09-30": "1274.85100", "2008-06-30": "1297.45600", "2008-03-31": "1292.29700", "2007-12-31": "1193.61500", "2007-09-30": "1080.83200", "2007-06-30": "1048.85800", "2007-03-31": "1050.10600", "2006-12-31": "988.70900", "2006-09-30": "1020.98200", "2006-06-30": "1009.84700", "2006-03-31": "886.58100", "2005-12-31": "825.26300", "2005-09-30": "878.32800", "2005-06-30": "752.70600", "2005-03-31": "747.16800"}, "Pre-Paid Expenses": {"2020-12-31": "1430.00000", "2020-09-30": "936.10000", "2020-06-30": "833.20000", "2020-03-31": "766.60000", "2019-12-31": "864.60000", "2019-09-30": "610.80000", "2019-06-30": "632.60000", "2019-03-31": "733.30000", "2018-12-31": "858.00000", "2018-09-30": "701.80000", "2018-06-30": "732.00000", "2018-03-31": "809.60000", "2017-12-31": "857.10000", "2017-09-30": "464.70000", "2017-06-30": "523.70000", "2017-03-31": "715.20000", "2016-12-31": "805.90000", "2016-09-30": "727.80000", "2016-06-30": "898.40000", "2016-03-31": "974.00000", "2015-12-31": "889.50000", "2015-09-30": "851.60000", "2015-06-30": "835.10000", "2015-03-31": "919.30000", "2014-12-31": "952.70000", "2014-09-30": "592.10000", "2014-06-30": "660.20000", "2014-03-31": "718.90000", "2013-12-31": "763.40000", "2013-09-30": "689.70000", "2013-06-30": "713.70000", "2013-03-31": "774.50000", "2012-12-31": "828.40000", "2012-09-30": "499.56700", "2012-06-30": "542.19400", "2012-03-31": "614.40400", "2011-12-31": "904.10000", "2011-09-30": "852.08200", "2011-06-30": "838.75000", "2011-03-31": "1043.17700", "2010-12-31": "1168.87800", "2010-09-30": "548.02600", "2010-06-30": "547.32400", "2010-03-31": "565.40500", "2009-12-31": "588.86100", "2009-09-30": "654.86800", "2009-06-30": "713.07200", "2009-03-31": "680.40300", "2008-12-31": "757.37100", "2008-09-30": "458.90100", "2008-06-30": "515.85400", "2008-03-31": "529.64900", "2007-12-31": "632.66000", "2007-09-30": "269.23100", "2007-06-30": "323.82300", "2007-03-31": "375.53000", "2006-12-31": "475.49500", "2006-09-30": "347.77800", "2006-06-30": "388.32000", "2006-03-31": "465.16200", "2005-12-31": "396.34700", "2005-09-30": "281.67000", "2005-06-30": "302.20700", "2005-03-31": "332.04400"}, "Other Current Assets": {"2020-12-31": "", "2020-09-30": "", "2020-06-30": "", "2020-03-31": "", "2019-12-31": "", "2019-09-30": "", "2019-06-30": "", "2019-03-31": "", "2018-12-31": "", "2018-09-30": "", "2018-06-30": "", "2018-03-31": "", "2017-12-31": "", "2017-09-30": "", "2017-06-30": "", "2017-03-31": "", "2016-12-31": "", "2016-09-30": "", "2016-06-30": "", "2016-03-31": "", "2015-12-31": "", "2015-09-30": "", "2015-06-30": "", "2015-03-31": "", "2014-12-31": "", "2014-09-30": "", "2014-06-30": "", "2014-03-31": "", "2013-12-31": "", "2013-09-30": "", "2013-06-30": "", "2013-03-31": "", "2012-12-31": "", "2012-09-30": "", "2012-06-30": "", "2012-03-31": "", "2011-12-31": "", "2011-09-30": "", "2011-06-30": "", "2011-03-31": "", "2010-12-31": "", "2010-09-30": "", "2010-06-30": "", "2010-03-31": "", "2009-12-31": "", "2009-09-30": "", "2009-06-30": "", "2009-03-31": "", "2008-12-31": "", "2008-09-30": "", "2008-06-30": "", "2008-03-31": "", "2007-12-31": "", "2007-09-30": "", "2007-06-30": "", "2007-03-31": "", "2006-12-31": "", "2006-09-30": "", "2006-06-30": "", "2006-03-31": "", "2005-12-31": "", "2005-09-30": "", "2005-06-30": "", "2005-03-31": ""}, "Total Current Assets": {"2020-12-31": "13802.00000", "2020-09-30": "12541.20000", "2020-06-30": "12343.80000", "2020-03-31": "11142.60000", "2019-12-31": "25596.60000", "2019-09-30": "20353.70000", "2019-06-30": "11603.70000", "2019-03-31": "10080.40000", "2018-12-31": "7093.80000", "2018-09-30": "6830.50000", "2018-06-30": "6913.10000", "2018-03-31": "7075.10000", "2017-12-31": "6850.00000", "2017-09-30": "6260.20000", "2017-06-30": "6256.60000", "2017-03-31": "6318.90000", "2016-12-31": "6665.10000", "2016-09-30": "6493.20000", "2016-06-30": "11231.00000", "2016-03-31": "7747.20000", "2015-12-31": "7836.70000", "2015-09-30": "8931.80000", "2015-06-30": "9654.50000", "2015-03-31": "8774.40000", "2014-12-31": "9431.30000", "2014-09-30": "9989.50000", "2014-06-30": "9507.30000", "2014-03-31": "9404.30000", "2013-12-31": "9113.70000", "2013-09-30": "8023.70000", "2013-06-30": "8231.00000", "2013-03-31": "7910.00000", "2012-12-31": "7587.80000", "2012-09-30": "6908.00000", "2012-06-30": "6610.49500", "2012-03-31": "6543.22300", "2011-12-31": "6272.40000", "2011-09-30": "6314.53800", "2011-06-30": "6554.80000", "2011-03-31": "6131.89200", "2010-12-31": "6065.45500", "2010-09-30": "5460.62300", "2010-06-30": "5044.93100", "2010-03-31": "4541.07700", "2009-12-31": "5220.62800", "2009-09-30": "5198.78400", "2009-06-30": "4788.67200", "2009-03-31": "4497.28100", "2008-12-31": "4187.11900", "2008-09-30": "4121.06600", "2008-06-30": "4191.72700", "2008-03-31": "4155.27300", "2007-12-31": "4049.76700", "2007-09-30": "3386.05300", "2007-06-30": "3279.01200", "2007-03-31": "3306.07400", "2006-12-31": "3436.73900", "2006-09-30": "3228.29100", "2006-06-30": "3244.22100", "2006-03-31": "3001.12500", "2005-12-31": "2945.01900", "2005-09-30": "2799.93900", "2005-06-30": "3040.15000", "2005-03-31": "2916.95600"}, "Property, Plant, And Equipment": {"2020-12-31": "3262.00000", "2020-09-30": "3052.30000", "2020-06-30": "2972.90000", "2020-03-31": "2988.50000", "2019-12-31": "2302.00000", "2019-09-30": "2519.60000", "2019-06-30": "2541.60000", "2019-03-31": "2504.30000", "2018-12-31": "2249.60000", "2018-09-30": "2462.30000", "2018-06-30": "2492.90000", "2018-03-31": "2475.90000", "2017-12-31": "2454.60000", "2017-09-30": "2424.90000", "2017-06-30": "2422.80000", "2017-03-31": "2408.70000", "2016-12-31": "2354.00000", "2016-09-30": "2255.10000", "2016-06-30": "2784.80000", "2016-03-31": "2872.50000", "2015-12-31": "2302.70000", "2015-09-30": "2791.60000", "2015-06-30": "2161.30000", "2015-03-31": "2135.90000", "2014-12-31": "2171.90000", "2014-09-30": "2161.60000", "2014-06-30": "2232.10000", "2014-03-31": "2182.60000", "2013-12-31": "2211.30000", "2013-09-30": "2179.20000", "2013-06-30": "2148.90000", "2013-03-31": "2109.90000", "2012-12-31": "2140.90000", "2012-09-30": "2062.95200", "2012-06-30": "2065.45100", "2012-03-31": "2104.81100", "2011-12-31": "2101.00000", "2011-09-30": "2151.05200", "2011-06-30": "2226.11900", "2011-03-31": "1177.70300", "2010-12-31": "1129.78100", "2010-09-30": "1153.43100", "2010-06-30": "1163.33500", "2010-03-31": "1179.09400", "2009-12-31": "1143.33100", "2009-09-30": "1097.42400", "2009-06-30": "1096.72100", "2009-03-31": "1077.69200", "2008-12-31": "1108.65300", "2008-09-30": "1106.31300", "2008-06-30": "1131.88700", "2008-03-31": "1127.73500", "2007-12-31": "1108.63400", "2007-09-30": "902.41100", "2007-06-30": "887.70900", "2007-03-31": "888.70800", "2006-12-31": "868.62300", "2006-09-30": "846.44700", "2006-06-30": "855.82800", "2006-03-31": "753.14000", "2005-12-31": "748.17200", "2005-09-30": "737.92200", "2005-06-30": "706.34400", "2005-03-31": "730.95300"}, "Long-Term Investments": {"2020-12-31": "", "2020-09-30": "", "2020-06-30": "", "2020-03-31": "", "2019-12-31": "", "2019-09-30": "", "2019-06-30": "", "2019-03-31": "", "2018-12-31": "", "2018-09-30": "", "2018-06-30": "", "2018-03-31": "", "2017-12-31": "", "2017-09-30": "", "2017-06-30": "", "2017-03-31": "", "2016-12-31": "", "2016-09-30": "", "2016-06-30": "", "2016-03-31": "", "2015-12-31": "", "2015-09-30": "", "2015-06-30": "", "2015-03-31": "", "2014-12-31": "", "2014-09-30": "", "2014-06-30": "", "2014-03-31": "", "2013-12-31": "", "2013-09-30": "", "2013-06-30": "", "2013-03-31": "", "2012-12-31": "548.30000", "2012-09-30": "560.62900", "2012-06-30": "552.54000", "2012-03-31": "549.86500", "2011-12-31": "521.90000", "2011-09-30": "531.17900", "2011-06-30": "533.13600", "2011-03-31": "523.23100", "2010-12-31": "511.28300", "2010-09-30": "498.50000", "2010-06-30": "", "2010-03-31": "", "2009-12-31": "", "2009-09-30": "", "2009-06-30": "", "2009-03-31": "", "2008-12-31": "", "2008-09-30": "", "2008-06-30": "", "2008-03-31": "", "2007-12-31": "", "2007-09-30": "", "2007-06-30": "", "2007-03-31": "", "2006-12-31": "", "2006-09-30": "", "2006-06-30": "", "2006-03-31": "", "2005-12-31": "", "2005-09-30": "", "2005-06-30": "", "2005-03-31": ""}, "Goodwill And Intangible Assets": {"2020-12-31": "56702.00000", "2020-09-30": "55123.90000", "2020-06-30": "53671.60000", "2020-03-31": "52238.10000", "2019-12-31": "32462.20000", "2019-09-30": "36870.70000", "2019-06-30": "37498.60000", "2019-03-31": "37543.30000", "2018-12-31": "32863.30000", "2018-09-30": "37849.40000", "2018-06-30": "38102.40000", "2018-03-31": "37018.90000", "2017-12-31": "36805.70000", "2017-09-30": "36477.10000", "2017-06-30": "36273.50000", "2017-03-31": "35831.80000", "2016-12-31": "35644.90000", "2016-09-30": "31888.80000", "2016-06-30": "36461.80000", "2016-03-31": "36749.20000", "2015-12-31": "31560.20000", "2015-09-30": "36819.20000", "2015-06-30": "24032.40000", "2015-03-31": "24069.90000", "2014-12-31": "22732.70000", "2014-09-30": "22192.60000", "2014-06-30": "22767.50000", "2014-03-31": "22360.90000", "2013-12-31": "22285.90000", "2013-09-30": "22368.90000", "2013-06-30": "21730.70000", "2013-03-31": "21507.80000", "2012-12-31": "21806.00000", "2012-09-30": "21160.68000", "2012-06-30": "21104.15000", "2012-03-31": "20435.16000", "2011-12-31": "20314.50000", "2011-09-30": "20470.69000", "2011-06-30": "20951.77000", "2011-03-31": "14474.40000", "2010-12-31": "13701.48000", "2010-09-30": "13547.77000", "2010-06-30": "13133.62000", "2010-03-31": "13306.48000", "2009-12-31": "12473.43000", "2009-09-30": "12187.36000", "2009-06-30": "11893.28000", "2009-03-31": "11597.96000", "2008-12-31": "11730.00000", "2008-09-30": "11891.35000", "2008-06-30": "12161.39000", "2008-03-31": "12065.88000", "2007-12-31": "11805.98000", "2007-09-30": "9180.94300", "2007-06-30": "8640.16300", "2007-03-31": "8598.09000", "2006-12-31": "8258.56300", "2006-09-30": "7741.58500", "2006-06-30": "7636.06700", "2006-03-31": "5443.41100", "2005-12-31": "5309.13800", "2005-09-30": "5327.59400", "2005-06-30": "4794.77600", "2005-03-31": "4863.45700"}, "Other Long-Term Assets": {"2020-12-31": "2395.00000", "2020-09-30": "2173.30000", "2020-06-30": "2280.10000", "2020-03-31": "2561.10000", "2019-12-31": "1720.80000", "2019-09-30": "1787.10000", "2019-06-30": "1678.10000", "2019-03-31": "1646.40000", "2018-12-31": "571.00000", "2018-09-30": "577.30000", "2018-06-30": "547.40000", "2018-03-31": "575.30000", "2017-12-31": "538.30000", "2017-09-30": "689.10000", "2017-06-30": "693.90000", "2017-03-31": "685.70000", "2016-12-31": "631.30000", "2016-09-30": "660.40000", "2016-06-30": "1026.10000", "2016-03-31": "1016.70000", "2015-12-31": "845.30000", "2015-09-30": "1165.30000", "2015-06-30": "1138.60000", "2015-03-31": "1092.10000", "2014-12-31": "1016.70000", "2014-09-30": "1192.20000", "2014-06-30": "1145.20000", "2014-03-31": "1094.80000", "2013-12-31": "1061.30000", "2013-09-30": "1149.40000", "2013-06-30": "998.40000", "2013-03-31": "941.60000", "2012-12-31": "858.00000", "2012-09-30": "893.16200", "2012-06-30": "837.94300", "2012-03-31": "787.90200", "2011-12-31": "739.70000", "2011-09-30": "1150.96900", "2011-06-30": "1247.54800", "2011-03-31": "727.65800", "2010-12-31": "809.13600", "2010-09-30": "837.51300", "2010-06-30": "737.06900", "2010-03-31": "853.99200", "2009-12-31": "758.03500", "2009-09-30": "678.33800", "2009-06-30": "543.72800", "2009-03-31": "500.17800", "2008-12-31": "464.35300", "2008-09-30": "501.92100", "2008-06-30": "509.60600", "2008-03-31": "504.13300", "2007-12-31": "507.55000", "2007-09-30": "305.63000", "2007-06-30": "339.81000", "2007-03-31": "295.34600", "2006-12-31": "300.22600", "2006-09-30": "206.24500", "2006-06-30": "176.14500", "2006-03-31": "156.50200", "2005-12-31": "160.78000", "2005-09-30": "157.62000", "2005-06-30": "124.86800", "2005-03-31": "111.33600"}, "Total Long-Term Assets": {"2020-12-31": "62359.00000", "2020-09-30": "60349.50000", "2020-06-30": "58924.60000", "2020-03-31": "57787.70000", "2019-12-31": "36485.00000", "2019-09-30": "41177.41000", "2019-06-30": "41718.30000", "2019-03-31": "41694.00000", "2018-12-31": "40738.70000", "2018-09-30": "40889.00000", "2018-06-30": "41142.70000", "2018-03-31": "40070.10000", "2017-12-31": "39798.60000", "2017-09-30": "39591.10000", "2017-06-30": "39390.20000", "2017-03-31": "38926.20000", "2016-12-31": "38630.20000", "2016-09-30": "34804.30000", "2016-06-30": "40272.70000", "2016-03-31": "40638.40000", "2015-12-31": "40385.50000", "2015-09-30": "40776.10000", "2015-06-30": "27332.30000", "2015-03-31": "27297.90000", "2014-12-31": "27560.40000", "2014-09-30": "25546.40000", "2014-06-30": "26144.80000", "2014-03-31": "25638.30000", "2013-12-31": "25558.50000", "2013-09-30": "25697.50000", "2013-06-30": "24878.00000", "2013-03-31": "24559.30000", "2012-12-31": "25353.20000", "2012-09-30": "24677.42000", "2012-06-30": "24560.09000", "2012-03-31": "23877.74000", "2011-12-31": "23677.10000", "2011-09-30": "24303.88000", "2011-06-30": "24958.58000", "2011-03-31": "16902.99000", "2010-12-31": "16151.67000", "2010-09-30": "16037.21000", "2010-06-30": "15034.03000", "2010-03-31": "15339.57000", "2009-12-31": "14374.79000", "2009-09-30": "13963.12000", "2009-06-30": "13533.72000", "2009-03-31": "13175.83000", "2008-12-31": "13303.01000", "2008-09-30": "13499.58000", "2008-06-30": "13802.89000", "2008-03-31": "13697.75000", "2007-12-31": "13422.17000", "2007-09-30": "10388.98000", "2007-06-30": "9867.68200", "2007-03-31": "9782.14400", "2006-12-31": "9427.41100", "2006-09-30": "8794.27700", "2006-06-30": "8668.03900", "2006-03-31": "6353.05300", "2005-12-31": "6218.09000", "2005-09-30": "6223.13600", "2005-06-30": "5625.98800", "2005-03-31": "5705.74600"}, "Total Assets": {"2020-12-31": "76161.00000", "2020-09-30": "72890.70000", "2020-06-30": "71268.40000", "2020-03-31": "68930.30000", "2019-12-31": "62081.60000", "2019-09-30": "61531.10000", "2019-06-30": "53322.00000", "2019-03-31": "51774.40000", "2018-12-31": "47832.50000", "2018-09-30": "47719.50000", "2018-06-30": "48055.80000", "2018-03-31": "47145.20000", "2017-12-31": "46648.60000", "2017-09-30": "45851.30000", "2017-06-30": "45646.80000", "2017-03-31": "45245.10000", "2016-12-31": "45295.30000", "2016-09-30": "41297.50000", "2016-06-30": "51503.70000", "2016-03-31": "48385.60000", "2015-12-31": "48222.20000", "2015-09-30": "49707.90000", "2015-06-30": "36986.80000", "2015-03-31": "36072.30000", "2014-12-31": "36991.70000", "2014-09-30": "35535.90000", "2014-06-30": "35652.10000", "2014-03-31": "35042.60000", "2013-12-31": "34672.20000", "2013-09-30": "33721.20000", "2013-06-30": "33109.00000", "2013-03-31": "32469.30000", "2012-12-31": "32941.00000", "2012-09-30": "31585.42000", "2012-06-30": "31170.58000", "2012-03-31": "30420.96000", "2011-12-31": "29949.50000", "2011-09-30": "30618.42000", "2011-06-30": "31513.38000", "2011-03-31": "23034.88000", "2010-12-31": "22217.13000", "2010-09-30": "21497.84000", "2010-06-30": "20078.96000", "2010-03-31": "19880.65000", "2009-12-31": "19595.42000", "2009-09-30": "19161.91000", "2009-06-30": "18322.40000", "2009-03-31": "17673.11000", "2008-12-31": "17490.13000", "2008-09-30": "17620.65000", "2008-06-30": "17994.61000", "2008-03-31": "17853.02000", "2007-12-31": "17471.94000", "2007-09-30": "13775.04000", "2007-06-30": "13146.69000", "2007-03-31": "13088.22000", "2006-12-31": "12864.15000", "2006-09-30": "12022.57000", "2006-06-30": "11912.26000", "2006-03-31": "9354.17800", "2005-12-31": "9163.10900", "2005-09-30": "9023.07500", "2005-06-30": "8666.13800", "2005-03-31": "8622.70200"}, "Total Current Liabilities": {"2020-12-31": "7402.00000", "2020-09-30": "6038.40000", "2020-06-30": "5599.90000", "2020-03-31": "8465.60000", "2019-12-31": "4932.10000", "2019-09-30": "5934.00000", "2019-06-30": "5008.00000", "2019-03-31": "4632.80000", "2018-12-31": "4841.50000", "2018-09-30": "4465.30000", "2018-06-30": "4605.40000", "2018-03-31": "4442.90000", "2017-12-31": "4792.30000", "2017-09-30": "4387.50000", "2017-06-30": "4202.60000", "2017-03-31": "6003.10000", "2016-12-31": "6874.00000", "2016-09-30": "4763.40000", "2016-06-30": "8025.90000", "2016-03-31": "5321.30000", "2015-12-31": "6170.40000", "2015-09-30": "8625.60000", "2015-06-30": "5055.60000", "2015-03-31": "4952.70000", "2014-12-31": "5396.40000", "2014-09-30": "4471.10000", "2014-06-30": "4406.70000", "2014-03-31": "4304.40000", "2013-12-31": "4527.40000", "2013-09-30": "4279.40000", "2013-06-30": "4132.50000", "2013-03-31": "3926.50000", "2012-12-31": "4206.10000", "2012-09-30": "3934.68900", "2012-06-30": "4029.70100", "2012-03-31": "3912.56600", "2011-12-31": "4172.00000", "2011-09-30": "4123.69500", "2011-06-30": "4281.29600", "2011-03-31": "3323.85500", "2010-12-31": "3320.70200", "2010-09-30": "3079.42700", "2010-06-30": "2991.90100", "2010-03-31": "2857.80600", "2009-12-31": "2760.96000", "2009-09-30": "2678.35100", "2009-06-30": "2508.12600", "2009-03-31": "2474.75500", "2008-12-31": "2745.09700", "2008-09-30": "3011.61800", "2008-06-30": "3093.52100", "2008-03-31": "2981.44400", "2007-12-31": "2899.85300", "2007-09-30": "2092.41800", "2007-06-30": "2028.79200", "2007-03-31": "2098.49500", "2006-12-31": "2459.71400", "2006-09-30": "2364.67700", "2006-06-30": "2537.09400", "2006-03-31": "2155.20700", "2005-12-31": "2268.58600", "2005-09-30": "2199.56400", "2005-06-30": "2232.19700", "2005-03-31": "2206.93100"}, "Long Term Debt": {"2020-12-31": "21193.00000", "2020-09-30": "21806.10000", "2020-06-30": "22370.00000", "2020-03-31": "22737.20000", "2019-12-31": "21516.70000", "2019-09-30": "16536.20000", "2019-06-30": "10144.40000", "2019-03-31": "9458.20000", "2018-12-31": "9688.50000", "2018-09-30": "10558.00000", "2018-06-30": "11145.60000", "2018-03-31": "10410.70000", "2017-12-31": "10327.40000", "2017-09-30": "10726.80000", "2017-06-30": "11422.50000", "2017-03-31": "9729.30000", "2016-12-31": "9674.20000", "2016-09-30": "7503.10000", "2016-06-30": "12007.70000", "2016-03-31": "12194.70000", "2015-12-31": "12025.20000", "2015-09-30": "11522.70000", "2015-06-30": "3052.70000", "2015-03-31": "3053.80000", "2014-12-31": "3401.50000", "2014-09-30": "2964.70000", "2014-06-30": "3020.00000", "2014-03-31": "3422.90000", "2013-12-31": "3436.70000", "2013-09-30": "3445.50000", "2013-06-30": "4100.90000", "2013-03-31": "4404.30000", "2012-12-31": "5287.60000", "2012-09-30": "4659.15800", "2012-06-30": "4847.62000", "2012-03-31": "4862.71600", "2011-12-31": "5206.80000", "2011-09-30": "5813.40600", "2011-06-30": "6524.93100", "2011-03-31": "2668.03900", "2010-12-31": "2783.90700", "2010-09-30": "2822.25900", "2010-06-30": "2754.96600", "2010-03-31": "2822.29800", "2009-12-31": "2889.02300", "2009-09-30": "2899.49700", "2009-06-30": "2863.39300", "2009-03-31": "2840.79000", "2008-12-31": "2553.17000", "2008-09-30": "2391.30200", "2008-06-30": "2740.05600", "2008-03-31": "3204.14400", "2007-12-31": "3395.76400", "2007-09-30": "1926.84600", "2007-06-30": "2133.20400", "2007-03-31": "2294.83400", "2006-12-31": "2422.86100", "2006-09-30": "2261.54300", "2006-06-30": "2382.71700", "2006-03-31": "863.95100", "2005-12-31": "857.77100", "2005-09-30": "935.65100", "2005-06-30": "931.48200", "2005-03-31": "927.53600"}, "Other Non-Current Liabilities": {"2020-12-31": "7789.00000", "2020-09-30": "7073.70000", "2020-06-30": "7025.60000", "2020-03-31": "6661.10000", "2019-12-31": "5350.90000", "2019-09-30": "5865.30000", "2019-06-30": "5956.40000", "2019-03-31": "6114.70000", "2018-12-31": "4701.60000", "2018-09-30": "5011.00000", "2018-06-30": "5080.40000", "2018-03-31": "5089.80000", "2017-12-31": "5161.10000", "2017-09-30": "5356.40000", "2017-06-30": "5426.50000", "2017-03-31": "5721.60000", "2016-12-31": "5670.30000", "2016-09-30": "5766.60000", "2016-06-30": "6349.80000", "2016-03-31": "6292.50000", "2015-12-31": "5750.00000", "2015-09-30": "6375.80000", "2015-06-30": "4706.50000", "2015-03-31": "4675.10000", "2014-12-31": "4584.40000", "2014-09-30": "4290.00000", "2014-06-30": "4436.50000", "2014-03-31": "4286.50000", "2013-12-31": "4256.70000", "2013-09-30": "4625.50000", "2013-06-30": "4511.00000", "2013-03-31": "4389.30000", "2012-12-31": "4363.40000", "2012-09-30": "4038.80700", "2012-06-30": "3925.53800", "2012-03-31": "3754.47500", "2011-12-31": "3598.90000", "2011-09-30": "4119.17200", "2011-06-30": "4151.63000", "2011-03-31": "2319.29800", "2010-12-31": "2339.75500", "2010-09-30": "2424.21600", "2010-06-30": "2274.08000", "2010-03-31": "2347.36400", "2009-12-31": "2315.26100", "2009-09-30": "2373.53000", "2009-06-30": "2348.35100", "2009-03-31": "2354.61300", "2008-12-31": "2383.29900", "2008-09-30": "2045.49100", "2008-06-30": "2086.75600", "2008-03-31": "2092.83900", "2007-12-31": "2090.63000", "2007-09-30": "1702.42300", "2007-06-30": "1650.64000", "2007-03-31": "1648.14600", "2006-12-31": "1336.91600", "2006-09-30": "1244.95100", "2006-06-30": "1132.92800", "2006-03-31": "960.68900", "2005-12-31": "956.40200", "2005-09-30": "893.71200", "2005-06-30": "701.11900", "2005-03-31": "749.30700"}, "Total Long Term Liabilities": {"2020-12-31": "28982.00000", "2020-09-30": "28879.80000", "2020-06-30": "29395.60000", "2020-03-31": "29398.30000", "2019-12-31": "26867.60000", "2019-09-30": "22401.50000", "2019-06-30": "16100.80000", "2019-03-31": "15572.90000", "2018-12-31": "14764.30000", "2018-09-30": "15569.00000", "2018-06-30": "16226.00000", "2018-03-31": "15500.50000", "2017-12-31": "15488.50000", "2017-09-30": "16083.20000", "2017-06-30": "16849.00000", "2017-03-31": "15450.90000", "2016-12-31": "15344.50000", "2016-09-30": "13269.70000", "2016-06-30": "18357.50000", "2016-03-31": "18487.20000", "2015-12-31": "18287.80000", "2015-09-30": "17898.50000", "2015-06-30": "7759.20000", "2015-03-31": "7728.90000", "2014-12-31": "8145.50000", "2014-09-30": "7254.70000", "2014-06-30": "7456.50000", "2014-03-31": "7709.40000", "2013-12-31": "7693.40000", "2013-09-30": "8071.00000", "2013-06-30": "8611.90000", "2013-03-31": "8793.60000", "2012-12-31": "9651.00000", "2012-09-30": "8697.96500", "2012-06-30": "8773.15800", "2012-03-31": "8617.19100", "2011-12-31": "8805.69900", "2011-09-30": "9932.57800", "2011-06-30": "10676.56000", "2011-03-31": "4987.33700", "2010-12-31": "5123.66200", "2010-09-30": "5246.47500", "2010-06-30": "5029.04600", "2010-03-31": "5169.66200", "2009-12-31": "5204.28400", "2009-09-30": "5273.02700", "2009-06-30": "5211.74400", "2009-03-31": "5195.40300", "2008-12-31": "4936.46900", "2008-09-30": "4436.79300", "2008-06-30": "4826.81200", "2008-03-31": "5296.98300", "2007-12-31": "5486.39400", "2007-09-30": "3629.26900", "2007-06-30": "3783.84400", "2007-03-31": "3942.98000", "2006-12-31": "3759.77700", "2006-09-30": "3506.49400", "2006-06-30": "3515.64500", "2006-03-31": "1824.64000", "2005-12-31": "1814.17300", "2005-09-30": "1829.36300", "2005-06-30": "1632.60100", "2005-03-31": "1676.84300"}, "Total Liabilities": {"2020-12-31": "36384.00000", "2020-09-30": "34918.20000", "2020-06-30": "34995.50000", "2020-03-31": "37863.90000", "2019-12-31": "31799.70000", "2019-09-30": "28335.50000", "2019-06-30": "21108.80000", "2019-03-31": "20205.70000", "2018-12-31": "19605.80000", "2018-09-30": "20034.30000", "2018-06-30": "20831.40000", "2018-03-31": "19943.40000", "2017-12-31": "20280.80000", "2017-09-30": "20470.70000", "2017-06-30": "21051.60000", "2017-03-31": "21454.00000", "2016-12-31": "22218.50000", "2016-09-30": "18033.10000", "2016-06-30": "26383.40000", "2016-03-31": "23808.50000", "2015-12-31": "24458.20000", "2015-09-30": "26524.10000", "2015-06-30": "12814.80000", "2015-03-31": "12681.60000", "2014-12-31": "13541.90000", "2014-09-30": "11725.80000", "2014-06-30": "11863.20000", "2014-03-31": "12013.80000", "2013-12-31": "12220.80000", "2013-09-30": "12350.40000", "2013-06-30": "12744.40000", "2013-03-31": "12720.10000", "2012-12-31": "13857.10000", "2012-09-30": "12632.65000", "2012-06-30": "12802.86000", "2012-03-31": "12529.76000", "2011-12-31": "12977.70000", "2011-09-30": "14056.27000", "2011-06-30": "14957.86000", "2011-03-31": "8311.19200", "2010-12-31": "8444.36400", "2010-09-30": "8325.90200", "2010-06-30": "8020.94700", "2010-03-31": "8027.46800", "2009-12-31": "7965.24400", "2009-09-30": "7951.37800", "2009-06-30": "7719.87000", "2009-03-31": "7670.15800", "2008-12-31": "7681.56600", "2008-09-30": "7448.41100", "2008-06-30": "7920.33300", "2008-03-31": "8278.42700", "2007-12-31": "8386.24700", "2007-09-30": "5721.68700", "2007-06-30": "5812.63600", "2007-03-31": "6041.47500", "2006-12-31": "6219.49100", "2006-09-30": "5871.17100", "2006-06-30": "6052.73900", "2006-03-31": "3979.84700", "2005-12-31": "4082.75900", "2005-09-30": "4028.92700", "2005-06-30": "3864.79800", "2005-03-31": "3883.77400"}, "Common Stock Net": {"2020-12-31": "9.00000", "2020-09-30": "8.50000", "2020-06-30": "8.50000", "2020-03-31": "8.40000", "2019-12-31": "8.40000", "2019-09-30": "8.30000", "2019-06-30": "8.30000", "2019-03-31": "8.30000", "2018-12-31": "8.20000", "2018-09-30": "8.20000", "2018-06-30": "8.20000", "2018-03-31": "8.10000", "2017-12-31": "8.10000", "2017-09-30": "8.10000", "2017-06-30": "8.10000", "2017-03-31": "8.10000", "2016-12-31": "8.10000", "2016-09-30": "8.10000", "2016-06-30": "8.10000", "2016-03-31": "8.00000", "2015-12-31": "8.00000", "2015-09-30": "8.00000", "2015-06-30": "8.00000", "2015-03-31": "8.00000", "2014-12-31": "7.90000", "2014-09-30": "7.90000", "2014-06-30": "7.90000", "2014-03-31": "7.90000", "2013-12-31": "7.90000", "2013-09-30": "7.80000", "2013-06-30": "7.80000", "2013-03-31": "7.80000", "2012-12-31": "7.70000", "2012-09-30": "7.71800", "2012-06-30": "7.69600", "2012-03-31": "7.66800", "2011-12-31": "7.60000", "2011-09-30": "7.59600", "2011-06-30": "7.58500", "2011-03-31": "7.37000", "2010-12-31": "7.29500", "2010-09-30": "7.26900", "2010-06-30": "7.25600", "2010-03-31": "3.60700", "2009-12-31": "3.58900", "2009-09-30": "3.57100", "2009-06-30": "3.55800", "2009-03-31": "3.54800", "2008-12-31": "3.54400", "2008-09-30": "3.54200", "2008-06-30": "3.53600", "2008-03-31": "3.53000", "2007-12-31": "3.52600", "2007-09-30": "3.45000", "2007-06-30": "3.42700", "2007-03-31": "3.42100", "2006-12-31": "3.41200", "2006-09-30": "3.40700", "2006-06-30": "3.40300", "2006-03-31": "3.39400", "2005-12-31": "3.38500", "2005-09-30": "3.37900", "2005-06-30": "3.37500", "2005-03-31": "3.37300"}, "Retained Earnings (Accumulated Deficit)": {"2020-12-31": "27159.00000", "2020-09-30": "26087.80000", "2020-06-30": "25373.50000", "2020-03-31": "24608.60000", "2019-12-31": "24166.30000", "2019-09-30": "26481.20000", "2019-06-30": "25955.00000", "2019-03-31": "25368.50000", "2018-12-31": "25163.00000", "2018-09-30": "24528.70000", "2018-06-30": "23977.20000", "2018-03-31": "23415.40000", "2017-12-31": "22806.10000", "2017-09-30": "22047.10000", "2017-06-30": "21572.30000", "2017-03-31": "21112.40000", "2016-12-31": "20703.50000", "2016-09-30": "20043.10000", "2016-06-30": "22206.80000", "2016-03-31": "21660.60000", "2015-12-31": "21012.30000", "2015-09-30": "20416.40000", "2015-06-30": "21397.20000", "2015-03-31": "20797.30000", "2014-12-31": "20323.00000", "2014-09-30": "19731.70000", "2014-06-30": "19121.40000", "2014-03-31": "18515.10000", "2013-12-31": "18005.30000", "2013-09-30": "17233.50000", "2013-06-30": "16653.90000", "2013-03-31": "16054.50000", "2012-12-31": "15379.90000", "2012-09-30": "14766.63000", "2012-06-30": "14235.20000", "2012-03-31": "13652.47000", "2011-12-31": "13056.90000", "2011-09-30": "12503.35000", "2011-06-30": "11997.08000", "2011-03-31": "11362.02000", "2010-12-31": "10945.93000", "2010-09-30": "10485.20000", "2010-06-30": "9851.83900", "2010-03-31": "9492.41300", "2009-12-31": "9205.14200", "2009-09-30": "8951.14800", "2009-06-30": "8609.41300", "2009-03-31": "8323.30500", "2008-12-31": "8095.15500", "2008-09-30": "7799.02000", "2008-06-30": "7436.61600", "2008-03-31": "7082.73500", "2007-12-31": "6820.75600", "2007-09-30": "6510.07100", "2007-06-30": "6035.66100", "2007-03-31": "5733.74900", "2006-12-31": "5421.80900", "2006-09-30": "5104.25600", "2006-06-30": "4842.34000", "2006-03-31": "4533.96500", "2005-12-31": "4324.36900", "2005-09-30": "4078.77700", "2005-06-30": "3856.13100", "2005-03-31": "3631.73900"}, "Comprehensive Income": {"2020-12-31": "-368.00000", "2020-09-30": "-1021.10000", "2020-06-30": "-1863.10000", "2020-03-31": "-2791.30000", "2019-12-31": "-3068.30000", "2019-09-30": "-3088.30000", "2019-06-30": "-2844.30000", "2019-03-31": "-2796.10000", "2018-12-31": "-2791.10000", "2018-09-30": "-2635.70000", "2018-06-30": "-2479.20000", "2018-03-31": "-1844.70000", "2017-12-31": "-1994.20000", "2017-09-30": "-2151.80000", "2017-06-30": "-2414.50000", "2017-03-31": "-2705.20000", "2016-12-31": "-3021.70000", "2016-09-30": "-2122.30000", "2016-06-30": "-2391.20000", "2016-03-31": "-2236.50000", "2015-12-31": "-2311.20000", "2015-09-30": "-2199.00000", "2015-06-30": "-2032.10000", "2015-03-31": "-2107.90000", "2014-12-31": "-1433.70000", "2014-09-30": "-379.80000", "2014-06-30": "305.80000", "2014-03-31": "218.60000", "2013-12-31": "214.50000", "2013-09-30": "-25.20000", "2013-06-30": "-378.60000", "2013-03-31": "-268.00000", "2012-12-31": "-59.20000", "2012-09-30": "149.87400", "2012-06-30": "-74.94500", "2012-03-31": "147.43600", "2011-12-31": "-36.90000", "2011-09-30": "185.11000", "2011-06-30": "737.83900", "2011-03-31": "606.86200", "2010-12-31": "345.38600", "2010-09-30": "371.91700", "2010-06-30": "-58.15300", "2010-03-31": "231.79300", "2009-12-31": "346.94400", "2009-09-30": "279.35900", "2009-06-30": "84.15600", "2009-03-31": "-177.98500", "2008-12-31": "-103.10000", "2008-09-30": "514.76300", "2008-06-30": "830.12100", "2008-03-31": "721.49800", "2007-12-31": "542.69000", "2007-09-30": "413.84500", "2007-06-30": "288.12200", "2007-03-31": "227.94600", "2006-12-31": "191.98500", "2006-09-30": "54.08800", "2006-06-30": "61.95100", "2006-03-31": "-67.04800", "2005-12-31": "-109.27900", "2005-09-30": "-86.42900", "2005-06-30": "-89.28700", "2005-03-31": "36.53100"}, "Other Share Holders Equity": {"2020-12-31": "", "2020-09-30": "", "2020-06-30": "", "2020-03-31": "", "2019-12-31": "", "2019-09-30": "", "2019-06-30": "", "2019-03-31": "", "2018-12-31": "", "2018-09-30": "", "2018-06-30": "", "2018-03-31": "", "2017-12-31": "", "2017-09-30": "", "2017-06-30": "", "2017-03-31": "", "2016-12-31": "", "2016-09-30": "", "2016-06-30": "", "2016-03-31": "", "2015-12-31": "", "2015-09-30": "", "2015-06-30": "", "2015-03-31": "", "2014-12-31": "", "2014-09-30": "", "2014-06-30": "", "2014-03-31": "", "2013-12-31": "", "2013-09-30": "", "2013-06-30": "", "2013-03-31": "", "2012-12-31": "", "2012-09-30": "", "2012-06-30": "", "2012-03-31": "", "2011-12-31": "", "2011-09-30": "", "2011-06-30": "", "2011-03-31": "", "2010-12-31": "", "2010-09-30": "", "2010-06-30": "", "2010-03-31": "", "2009-12-31": "", "2009-09-30": "", "2009-06-30": "", "2009-03-31": "", "2008-12-31": "", "2008-09-30": "", "2008-06-30": "", "2008-03-31": "", "2007-12-31": "", "2007-09-30": "", "2007-06-30": "", "2007-03-31": "", "2006-12-31": "", "2006-09-30": "", "2006-06-30": "", "2006-03-31": "", "2005-12-31": "", "2005-09-30": "", "2005-06-30": "", "2005-03-31": ""}, "Share Holder Equity": {"2020-12-31": "39777.00000", "2020-09-30": "37972.50000", "2020-06-30": "36272.90000", "2020-03-31": "31066.40000", "2019-12-31": "30281.90000", "2019-09-30": "33195.60000", "2019-06-30": "32213.20000", "2019-03-31": "31568.70000", "2018-12-31": "28226.70000", "2018-09-30": "27685.20000", "2018-06-30": "27224.40000", "2018-03-31": "27201.80000", "2017-12-31": "26367.80000", "2017-09-30": "25380.60000", "2017-06-30": "24595.20000", "2017-03-31": "23791.10000", "2016-12-31": "23076.80000", "2016-09-30": "23264.40000", "2016-06-30": "25120.30000", "2016-03-31": "24577.10000", "2015-12-31": "23764.00000", "2015-09-30": "23183.80000", "2015-06-30": "24172.00000", "2015-03-31": "23390.70000", "2014-12-31": "23449.80000", "2014-09-30": "23810.10000", "2014-06-30": "23788.90000", "2014-03-31": "23028.80000", "2013-12-31": "22451.40000", "2013-09-30": "21370.80000", "2013-06-30": "20364.60000", "2013-03-31": "19749.20000", "2012-12-31": "19083.90000", "2012-09-30": "18952.77000", "2012-06-30": "18367.72000", "2012-03-31": "17891.20000", "2011-12-31": "16971.80000", "2011-09-30": "16562.15000", "2011-06-30": "16555.52000", "2011-03-31": "14723.69000", "2010-12-31": "13772.77000", "2010-09-30": "13171.93000", "2010-06-30": "12058.01000", "2010-03-31": "11853.18000", "2009-12-31": "11630.18000", "2009-09-30": "11210.53000", "2009-06-30": "10602.53000", "2009-03-31": "10002.96000", "2008-12-31": "9808.56200", "2008-09-30": "10172.24000", "2008-06-30": "10074.28000", "2008-03-31": "9574.59500", "2007-12-31": "9085.68800", "2007-09-30": "8053.35100", "2007-06-30": "7334.05800", "2007-03-31": "7046.74300", "2006-12-31": "6644.66000", "2006-09-30": "6151.39700", "2006-06-30": "5859.52200", "2006-03-31": "5374.33100", "2005-12-31": "5080.35000", "2005-09-30": "4994.14800", "2005-06-30": "4801.34000", "2005-03-31": "4738.92800"}, "Total Liabilities And Share Holders Equity": {"2020-12-31": "76161.00000", "2020-09-30": "72890.70000", "2020-06-30": "71268.40000", "2020-03-31": "68930.30000", "2019-12-31": "62081.60000", "2019-09-30": "61531.10000", "2019-06-30": "53322.00000", "2019-03-31": "51774.40000", "2018-12-31": "47832.50000", "2018-09-30": "47719.50000", "2018-06-30": "48055.80000", "2018-03-31": "47145.20000", "2017-12-31": "46648.60000", "2017-09-30": "45851.30000", "2017-06-30": "45646.80000", "2017-03-31": "45245.10000", "2016-12-31": "45295.30000", "2016-09-30": "41297.50000", "2016-06-30": "51503.70000", "2016-03-31": "48385.60000", "2015-12-31": "48222.20000", "2015-09-30": "49707.90000", "2015-06-30": "36986.80000", "2015-03-31": "36072.30000", "2014-12-31": "36991.70000", "2014-09-30": "35535.90000", "2014-06-30": "35652.10000", "2014-03-31": "35042.60000", "2013-12-31": "34672.20000", "2013-09-30": "33721.20000", "2013-06-30": "33109.00000", "2013-03-31": "32469.30000", "2012-12-31": "32941.00000", "2012-09-30": "31585.42000", "2012-06-30": "31170.58000", "2012-03-31": "30420.96000", "2011-12-31": "29949.50000", "2011-09-30": "30618.42000", "2011-06-30": "31513.38000", "2011-03-31": "23034.88000", "2010-12-31": "22217.13000", "2010-09-30": "21497.84000", "2010-06-30": "20078.96000", "2010-03-31": "19880.65000", "2009-12-31": "19595.42000", "2009-09-30": "19161.91000", "2009-06-30": "18322.40000", "2009-03-31": "17673.11000", "2008-12-31": "17490.13000", "2008-09-30": "17620.65000", "2008-06-30": "17994.61000", "2008-03-31": "17853.02000", "2007-12-31": "17471.94000", "2007-09-30": "13775.04000", "2007-06-30": "13146.69000", "2007-03-31": "13088.22000", "2006-12-31": "12864.15000", "2006-09-30": "12022.57000", "2006-06-30": "11912.26000", "2006-03-31": "9354.17800", "2005-12-31": "9163.10900", "2005-09-30": "9023.07500", "2005-06-30": "8666.13800", "2005-03-31": "8622.70200"}}, "cash flow statement": {"Net Income/Loss": {"2020-12-31": "3646.00000", "2019-12-31": "3008.20000", "2018-12-31": "2650.90000", "2017-12-31": "2492.10000", "2016-12-31": "2553.70000", "2015-12-31": "3357.40000", "2014-12-31": "2598.40000", "2013-12-31": "2695.00000", "2012-12-31": "2392.20000", "2011-12-31": "2172.30000", "2010-12-31": "1793.00000", "2009-12-31": "1151.70400", "2008-12-31": "1317.63100", "2007-12-31": "1369.90400", "2006-12-31": "1122.02900", "2005-12-31": "897.80000"}, "Total Depreciation And Amortization - Cash Flow": {"2020-12-31": "2232.00000", "2019-12-31": "1189.50000", "2018-12-31": "1177.70000", "2017-12-31": "1116.90000", "2016-12-31": "1128.10000", "2015-12-31": "880.80000", "2014-12-31": "718.10000", "2013-12-31": "850.60000", "2012-12-31": "839.80000", "2011-12-31": "635.00000", "2010-12-31": "388.30000", "2009-12-31": "331.79200", "2008-12-31": "339.28700", "2007-12-31": "268.49200", "2006-12-31": "215.69700", "2005-12-31": "175.24200"}, "Other Non-Cash Items": {"2020-12-31": "243.00000", "2019-12-31": "-538.10000", "2018-12-31": "21.00000", "2017-12-31": "-289.20000", "2016-12-31": "-252.70000", "2015-12-31": "-730.30000", "2014-12-31": "291.50000", "2013-12-31": "34.70000", "2012-12-31": "89.40000", "2011-12-31": "5.80000", "2010-12-31": "-197.20000", "2009-12-31": "-140.27300", "2008-12-31": "113.69100", "2007-12-31": "-106.22200", "2006-12-31": "95.04400", "2005-12-31": "112.75500"}, "Total Non-Cash Items": {"2020-12-31": "2475.00000", "2019-12-31": "651.40000", "2018-12-31": "1198.70000", "2017-12-31": "827.69990", "2016-12-31": "875.40000", "2015-12-31": "150.50000", "2014-12-31": "1009.60000", "2013-12-31": "885.30000", "2012-12-31": "929.20000", "2011-12-31": "640.80000", "2010-12-31": "191.10000", "2009-12-31": "191.51900", "2008-12-31": "452.97800", "2007-12-31": "162.27000", "2006-12-31": "310.74100", "2005-12-31": "287.99700"}, "Change In Accounts Receivable": {"2020-12-31": "-264.00000", "2019-12-31": "-156.40000", "2018-12-31": "-54.50000", "2017-12-31": "-142.50000", "2016-12-31": "-183.10000", "2015-12-31": "0.80000", "2014-12-31": "-42.70000", "2013-12-31": "-35.20000", "2012-12-31": "-79.70000", "2011-12-31": "-135.30000", "2010-12-31": "-250.90000", "2009-12-31": "103.31100", "2008-12-31": "71.40300", "2007-12-31": "-72.55500", "2006-12-31": "-48.25500", "2005-12-31": "-66.53400"}, "Change In Inventories": {"2020-12-31": "-123.00000", "2019-12-31": "-21.90000", "2018-12-31": "-134.40000", "2017-12-31": "3.10000", "2016-12-31": "9.40000", "2015-12-31": "146.50000", "2014-12-31": "68.80000", "2013-12-31": "43.50000", "2012-12-31": "69.80000", "2011-12-31": "162.00000", "2010-12-31": "-161.70000", "2009-12-31": "197.57200", "2008-12-31": "33.11900", "2007-12-31": "38.09400", "2006-12-31": "3.68300", "2005-12-31": "-20.61100"}, "Change In Accounts Payable": {"2020-12-31": "227.00000", "2019-12-31": "18.10000", "2018-12-31": "229.60000", "2017-12-31": "-53.90000", "2016-12-31": "78.10000", "2015-12-31": "50.30000", "2014-12-31": "79.70000", "2013-12-31": "175.30000", "2012-12-31": "57.00000", "2011-12-31": "36.60000", "2010-12-31": "217.20000", "2009-12-31": "-86.58100", "2008-12-31": "3.71300", "2007-12-31": "103.80000", "2006-12-31": "75.92700", "2005-12-31": "136.31500"}, "Change In Assets/Liabilities": {"2020-12-31": "102.00000", "2019-12-31": "47.70000", "2018-12-31": "75.90000", "2017-12-31": "-12.90000", "2016-12-31": "-62.40000", "2015-12-31": "-68.90000", "2014-12-31": "-144.80000", "2013-12-31": "-112.90000", "2012-12-31": "-100.30000", "2011-12-31": "-111.00000", "2010-12-31": "67.50000", "2009-12-31": "137.02600", "2008-12-31": "-4.77300", "2007-12-31": "38.60100", "2006-12-31": "-14.96200", "2005-12-31": "-38.25800"}, "Total Change In Assets/Liabilities": {"2020-12-31": "87.00000", "2019-12-31": "292.00000", "2018-12-31": "172.40000", "2017-12-31": "158.00000", "2016-12-31": "92.70000", "2015-12-31": "293.90000", "2014-12-31": "150.40000", "2013-12-31": "5.00000", "2012-12-31": "93.60000", "2011-12-31": "-186.80000", "2010-12-31": "100.30000", "2009-12-31": "457.61100", "2008-12-31": "88.42000", "2007-12-31": "113.60100", "2006-12-31": "114.48100", "2005-12-31": "18.00400"}, "Cash Flow From Operating Activities": {"2020-12-31": "6208.00000", "2019-12-31": "3951.60000", "2018-12-31": "4022.00000", "2017-12-31": "3477.80000", "2016-12-31": "3521.80000", "2015-12-31": "3801.80000", "2014-12-31": "3758.40000", "2013-12-31": "3585.30000", "2012-12-31": "3415.00000", "2011-12-31": "2626.30000", "2010-12-31": "2084.40000", "2009-12-31": "1800.83400", "2008-12-31": "1859.02900", "2007-12-31": "1645.77500", "2006-12-31": "1547.25100", "2005-12-31": "1203.80100"}, "Net Change In Property, Plant, And Equipment": {"2020-12-31": "-789.00000", "2019-12-31": "-622.70000", "2018-12-31": "-577.20000", "2017-12-31": "-538.20000", "2016-12-31": "-579.80000", "2015-12-31": "-452.50000", "2014-12-31": "-465.40000", "2013-12-31": "-538.10000", "2012-12-31": "-458.30000", "2011-12-31": "-334.50000", "2010-12-31": "-189.50000", "2009-12-31": "-170.42300", "2008-12-31": "-192.69500", "2007-12-31": "-146.53400", "2006-12-31": "-126.42300", "2005-12-31": "-100.95000"}, "Net Change In Intangible Assets": {"2020-12-31": "", "2019-12-31": "", "2018-12-31": "", "2017-12-31": "", "2016-12-31": "", "2015-12-31": "", "2014-12-31": "", "2013-12-31": "", "2012-12-31": "", "2011-12-31": "", "2010-12-31": "", "2009-12-31": "", "2008-12-31": "", "2007-12-31": "", "2006-12-31": "", "2005-12-31": ""}, "Net Acquisitions/Divestitures": {"2020-12-31": "-20971.00000", "2019-12-31": "-331.30000", "2018-12-31": "-2173.30000", "2017-12-31": "-385.80000", "2016-12-31": "-4615.30000", "2015-12-31": "-14204.80000", "2014-12-31": "-2672.30000", "2013-12-31": "76.10000", "2012-12-31": "-1796.80000", "2011-12-31": "-6210.80000", "2010-12-31": "-2129.70000", "2009-12-31": "-693.71600", "2008-12-31": "-374.70400", "2007-12-31": "-3599.78100", "2006-12-31": "-2641.65200", "2005-12-31": "-862.98300"}, "Net Change In Short-term Investments": {"2020-12-31": "", "2019-12-31": "", "2018-12-31": "", "2017-12-31": "", "2016-12-31": "", "2015-12-31": "", "2014-12-31": "", "2013-12-31": "", "2012-12-31": "", "2011-12-31": "", "2010-12-31": "", "2009-12-31": "", "2008-12-31": "", "2007-12-31": "", "2006-12-31": "", "2005-12-31": ""}, "Net Change In Long-Term Investments": {"2020-12-31": "497.00000", "2019-12-31": "-241.00000", "2018-12-31": "-123.70000", "2017-12-31": "137.90000", "2016-12-31": "", "2015-12-31": "-87.10000", "2014-12-31": "", "2013-12-31": "", "2012-12-31": "", "2011-12-31": "", "2010-12-31": "56.50000", "2009-12-31": "", "2008-12-31": "", "2007-12-31": "", "2006-12-31": "", "2005-12-31": ""}, "Net Change In Investments - Total": {"2020-12-31": "497.00000", "2019-12-31": "-241.00000", "2018-12-31": "-123.70000", "2017-12-31": "137.90000", "2016-12-31": "", "2015-12-31": "-87.10000", "2014-12-31": "", "2013-12-31": "", "2012-12-31": "", "2011-12-31": "", "2010-12-31": "56.50000", "2009-12-31": "", "2008-12-31": "", "2007-12-31": "", "2006-12-31": "", "2005-12-31": ""}, "Investing Activities - Other": {"2020-12-31": "24.00000", "2019-12-31": "-43.10000", "2018-12-31": "-75.20000", "2017-12-31": "-57.30000", "2016-12-31": "-47.90000", "2015-12-31": "-206.60000", "2014-12-31": "-306.60000", "2013-12-31": "-90.50000", "2012-12-31": "367.50000", "2011-12-31": "698.00000", "2010-12-31": "-26.20000", "2009-12-31": "-78.80200", "2008-12-31": "", "2007-12-31": "300.55600", "2006-12-31": "-1.29500", "2005-12-31": "-1.47300"}, "Cash Flow From Investing Activities": {"2020-12-31": "-21239.00000", "2019-12-31": "-1238.10000", "2018-12-31": "-2949.40000", "2017-12-31": "-843.40000", "2016-12-31": "-5243.00000", "2015-12-31": "-14951.00000", "2014-12-31": "-3444.30000", "2013-12-31": "-552.50000", "2012-12-31": "-1887.60000", "2011-12-31": "-5847.30000", "2010-12-31": "-2288.90000", "2009-12-31": "-942.94100", "2008-12-31": "-567.39900", "2007-12-31": "-3445.75900", "2006-12-31": "-2769.37000", "2005-12-31": "-965.40600"}, "Net Long-Term Debt": {"2020-12-31": "2737.00000", "2019-12-31": "2801.80000", "2018-12-31": "65.70000", "2017-12-31": "-3778.50000", "2016-12-31": "2218.10000", "2015-12-31": "5647.40000", "2014-12-31": "", "2013-12-31": "-967.80000", "2012-12-31": "-61.50000", "2011-12-31": "183.40000", "2010-12-31": "-9.40000", "2009-12-31": "720.42700", "2008-12-31": "-186.69200", "2007-12-31": "483.14200", "2006-12-31": "298.11800", "2005-12-31": "-292.24200"}, "Net Current Debt": {"2020-12-31": "-4637.00000", "2019-12-31": "10548.30000", "2018-12-31": "-507.80000", "2017-12-31": "1113.70000", "2016-12-31": "760.29980", "2015-12-31": "3511.20000", "2014-12-31": "-102.50000", "2013-12-31": "-763.30000", "2012-12-31": "195.90000", "2011-12-31": "854.00000", "2010-12-31": "", "2009-12-31": "-445.71100", "2008-12-31": "-905.56700", "2007-12-31": "647.76100", "2006-12-31": "846.89700", "2005-12-31": ""}, "Debt Issuance/Retirement Net - Total": {"2020-12-31": "-1900.00000", "2019-12-31": "13350.10000", "2018-12-31": "-442.10000", "2017-12-31": "-2664.80000", "2016-12-31": "2978.40000", "2015-12-31": "9158.60000", "2014-12-31": "-102.50000", "2013-12-31": "-1731.10000", "2012-12-31": "134.40000", "2011-12-31": "1037.40000", "2010-12-31": "-9.40000", "2009-12-31": "274.71600", "2008-12-31": "-1092.25900", "2007-12-31": "1130.90300", "2006-12-31": "1145.01500", "2005-12-31": "-292.24200"}, "Net Common Equity Issued/Repurchased": {"2020-12-31": "1882.00000", "2019-12-31": "2216.70000", "2018-12-31": "96.00000", "2017-12-31": "4.40000", "2016-12-31": "164.50000", "2015-12-31": "249.00000", "2014-12-31": "132.90000", "2013-12-31": "177.40000", "2012-12-31": "-436.40000", "2011-12-31": "1112.50000", "2010-12-31": "178.40000", "2009-12-31": "174.23300", "2008-12-31": "8.26500", "2007-12-31": "615.54200", "2006-12-31": "98.41500", "2005-12-31": "-197.76500"}, "Net Total Equity Issued/Repurchased": {"2020-12-31": "3550.00000", "2019-12-31": "3816.30000", "2018-12-31": "96.00000", "2017-12-31": "4.40000", "2016-12-31": "164.50000", "2015-12-31": "249.00000", "2014-12-31": "132.90000", "2013-12-31": "177.40000", "2012-12-31": "-436.40000", "2011-12-31": "1112.50000", "2010-12-31": "178.40000", "2009-12-31": "174.23300", "2008-12-31": "8.26500", "2007-12-31": "615.54200", "2006-12-31": "98.41500", "2005-12-31": "-197.76500"}, "Total Common And Preferred Stock Dividends Paid": {"2020-12-31": "-615.00000", "2019-12-31": "-526.70000", "2018-12-31": "-433.40000", "2017-12-31": "-378.30000", "2016-12-31": "-399.80000", "2015-12-31": "-354.10000", "2014-12-31": "-227.70000", "2013-12-31": "-52.10000", "2012-12-31": "-86.40000", "2011-12-31": "-61.30000", "2010-12-31": "-52.20000", "2009-12-31": "-41.71700", "2008-12-31": "-38.25900", "2007-12-31": "-34.27500", "2006-12-31": "-24.58900", "2005-12-31": "-21.55300"}, "Financial Activities - Other": {"2020-12-31": "-29.00000", "2019-12-31": "-273.80000", "2018-12-31": "-17.90000", "2017-12-31": "-59.80000", "2016-12-31": "-700.40000", "2015-12-31": "-3.30000", "2014-12-31": "-20.90000", "2013-12-31": "", "2012-12-31": "", "2011-12-31": "", "2010-12-31": "", "2009-12-31": "", "2008-12-31": "", "2007-12-31": "", "2006-12-31": "", "2005-12-31": ""}, "Cash Flow From Financial Activities": {"2020-12-31": "1006.00000", "2019-12-31": "16365.90000", "2018-12-31": "-797.40000", "2017-12-31": "-3098.50000", "2016-12-31": "2042.70000", "2015-12-31": "9050.20000", "2014-12-31": "-218.20000", "2013-12-31": "-1605.80000", "2012-12-31": "-388.40000", "2011-12-31": "2088.60000", "2010-12-31": "116.80000", "2009-12-31": "407.23200", "2008-12-31": "-1122.25300", "2007-12-31": "1712.17000", "2006-12-31": "1218.84100", "2005-12-31": "-511.56000"}, "Net Cash Flow": {"2020-12-31": "-13877.00000", "2019-12-31": "19124.50000", "2018-12-31": "157.50000", "2017-12-31": "-333.40000", "2016-12-31": "172.90000", "2015-12-31": "-2214.80000", "2014-12-31": "-109.60000", "2013-12-31": "1436.50000", "2012-12-31": "1141.70000", "2011-12-31": "-1096.00000", "2010-12-31": "-88.90000", "2009-12-31": "1329.06600", "2008-12-31": "153.74600", "2007-12-31": "-78.70200", "2006-12-31": "2.25900", "2005-12-31": "-293.56400"}, "Stock-Based Compensation": {"2020-12-31": "187.00000", "2019-12-31": "158.80000", "2018-12-31": "138.10000", "2017-12-31": "127.10000", "2016-12-31": "129.80000", "2015-12-31": "103.80000", "2014-12-31": "84.70000", "2013-12-31": "109.60000", "2012-12-31": "109.90000", "2011-12-31": "95.60000", "2010-12-31": "88.10000", "2009-12-31": "87.35000", "2008-12-31": "86.00000", "2007-12-31": "73.34700", "2006-12-31": "67.19100", "2005-12-31": "7.50200"}, "Common Stock Dividends Paid": {"2020-12-31": "-615.00000", "2019-12-31": "-526.70000", "2018-12-31": "-433.40000", "2017-12-31": "-378.30000", "2016-12-31": "-399.80000", "2015-12-31": "-354.10000", "2014-12-31": "-227.70000", "2013-12-31": "-52.10000", "2012-12-31": "-86.40000", "2011-12-31": "-61.30000", "2010-12-31": "-52.20000", "2009-12-31": "-41.71700", "2008-12-31": "-38.25900", "2007-12-31": "-34.27500", "2006-12-31": "-24.58900", "2005-12-31": "-21.55300"}}, "cash flow statement, quarterly": {"Net Income/Loss": {"2020-12-31": 1240.1, "2020-09-30": 883.5, "2020-06-30": 927.3, "2020-03-31": "595.10000", "2019-12-31": 1275.1, "2019-09-30": 668, "2019-06-30": 731.3, "2019-03-31": "333.80000", "2018-12-31": 746.8, "2018-09-30": 663.7, "2018-06-30": 673.8, "2018-03-31": "566.60000", "2017-12-31": 856.6, "2017-09-30": 572.1, "2017-06-30": 557.3, "2017-03-31": "506.10000", "2016-12-31": 747, "2016-09-30": 391.6, "2016-06-30": 656.7, "2016-03-31": "758.40000", "2015-12-31": 688.6, "2015-09-30": 1403.3, "2015-06-30": 695.7, "2015-03-31": "569.80000", "2014-12-31": 661.7, "2014-09-30": 680.6, "2014-06-30": 676.4, "2014-03-31": "579.70000", "2013-12-31": 789.3, "2013-09-30": 597, "2013-06-30": 616.8, "2013-03-31": "691.90000", "2012-12-31": 630.4, "2012-09-30": 548.7, "2012-06-30": 600.2, "2012-03-31": "612.90000", "2011-12-31": 570.75, "2011-09-30": 523.428, "2011-06-30": 648.764, "2011-03-31": "429.35800", "2010-12-31": 473.856, "2010-09-30": 646.435, "2010-06-30": 372.476, "2010-03-31": "300.23300", "2009-12-31": 266.935, "2009-09-30": 351.363, "2009-06-30": 295.694, "2009-03-31": "237.71200", "2008-12-31": 305.686, "2008-09-30": 371.992, "2008-06-30": 363.448, "2008-03-31": "276.50500", "2007-12-31": 320.225, "2007-09-30": 483.721, "2007-06-30": 311.154, "2007-03-31": "254.80400", "2006-12-31": 323.717, "2006-09-30": 268.071, "2006-06-30": 314.522, "2006-03-31": "215.71900", "2005-12-31": 251.703, "2005-09-30": 228.821, "2005-06-30": 229.02, "2005-03-31": "188.25600"}, "Total Depreciation And Amortization - Cash Flow": {"2020-12-31": 548.4, "2020-09-30": 908.7, "2020-06-30": 477.1, "2020-03-31": "297.80000", "2019-12-31": 299.7, "2019-09-30": 295.4, "2019-06-30": 298.3, "2019-03-31": "296.10000", "2018-12-31": 200.8, "2018-09-30": 321.5, "2018-06-30": 334.6, "2018-03-31": "320.80000", "2017-12-31": 196.7, "2017-09-30": 311.4, "2017-06-30": 303.2, "2017-03-31": "305.60000", "2016-12-31": 305.6, "2016-09-30": 277.2, "2016-06-30": 277.6, "2016-03-31": "267.70000", "2015-12-31": 272, "2015-09-30": 136.3, "2015-06-30": 237, "2015-03-31": "235.50000", "2014-12-31": 53.6, "2014-09-30": 204.4, "2014-06-30": 235.4, "2014-03-31": "224.70000", "2013-12-31": 188.9, "2013-09-30": 225.3, "2013-06-30": 219.6, "2013-03-31": "216.80000", "2012-12-31": 219.4, "2012-09-30": 210.6, "2012-06-30": 207.5, "2012-03-31": "202.30000", "2011-12-31": 203.698, "2011-09-30": 207.692, "2011-06-30": 119.487, "2011-03-31": "104.12300", "2010-12-31": 101.699, "2010-09-30": 95.875, "2010-06-30": 97.733, "2010-03-31": "92.99300", "2009-12-31": 79.395, "2009-09-30": 85.651, "2009-06-30": 85.95, "2009-03-31": "80.79600", "2008-12-31": 84.231, "2008-09-30": 84.526, "2008-06-30": 83.436, "2008-03-31": "87.09400", "2007-12-31": 78.081, "2007-09-30": 63.859, "2007-06-30": 63.504, "2007-03-31": "63.04800", "2006-12-31": 63.128, "2006-09-30": 54.298, "2006-06-30": 51.902, "2006-03-31": "46.36900", "2005-12-31": 41.615, "2005-09-30": 43.499, "2005-06-30": 44.393, "2005-03-31": "45.73500"}, "Other Non-Cash Items": {"2020-12-31": 567.5, "2020-09-30": 45.3, "2020-06-30": -408, "2020-03-31": "38.20000", "2019-12-31": -740.6, "2019-09-30": 76.7, "2019-06-30": 101.6, "2019-03-31": "24.20000", "2018-12-31": -90.6, "2018-09-30": 38.2, "2018-06-30": 40.1, "2018-03-31": "33.30000", "2017-12-31": -421, "2017-09-30": 33.4, "2017-06-30": 87.1, "2017-03-31": "11.30000", "2016-12-31": -338.4, "2016-09-30": 189.4, "2016-06-30": 97, "2016-03-31": "-200.70000", "2015-12-31": -33.4, "2015-09-30": -750.1, "2015-06-30": 40.7, "2015-03-31": "12.50000", "2014-12-31": 240.8, "2014-09-30": 14.9, "2014-06-30": 6.8, "2014-03-31": "29.00000", "2013-12-31": 112.2, "2013-09-30": 29.6, "2013-06-30": 28.3, "2013-03-31": "-135.40000", "2012-12-31": 190.4, "2012-09-30": 8.7, "2012-06-30": -25.1, "2012-03-31": "-84.60000", "2011-12-31": 304.829, "2011-09-30": 21.918, "2011-06-30": -318.869, "2011-03-31": "-2.07800", "2010-12-31": 34.913, "2010-09-30": -270.807, "2010-06-30": 31.317, "2010-03-31": "7.37700", "2009-12-31": -122.448, "2009-09-30": -63.515, "2009-06-30": 21.759, "2009-03-31": "23.93100", "2008-12-31": 49.672, "2008-09-30": 21.62, "2008-06-30": 21.567, "2008-03-31": "20.83200", "2007-12-31": 52.428, "2007-09-30": -191.377, "2007-06-30": 18.199, "2007-03-31": "14.52800", "2006-12-31": 42.603, "2006-09-30": 22.876, "2006-06-30": 15.864, "2006-03-31": "13.70100", "2005-12-31": 107.515, "2005-09-30": 0.918, "2005-06-30": 2.27, "2005-03-31": "2.05200"}, "Total Non-Cash Items": {"2020-12-31": 1115.9, "2020-09-30": 954, "2020-06-30": 69.1, "2020-03-31": "336.00000", "2019-12-31": -440.9, "2019-09-30": 372.1, "2019-06-30": 399.9, "2019-03-31": "320.30000", "2018-12-31": 110.2, "2018-09-30": 359.7, "2018-06-30": 374.7, "2018-03-31": "354.10000", "2017-12-31": -224.3001, "2017-09-30": 344.8, "2017-06-30": 390.3, "2017-03-31": "316.90000", "2016-12-31": -32.8, "2016-09-30": 466.6, "2016-06-30": 374.6, "2016-03-31": "67.00000", "2015-12-31": 238.6, "2015-09-30": -613.8, "2015-06-30": 277.7, "2015-03-31": "248.00000", "2014-12-31": 294.4, "2014-09-30": 219.3, "2014-06-30": 242.2, "2014-03-31": "253.70000", "2013-12-31": 301.1, "2013-09-30": 254.9, "2013-06-30": 247.9, "2013-03-31": "81.40000", "2012-12-31": 409.8, "2012-09-30": 219.3, "2012-06-30": 182.4, "2012-03-31": "117.70000", "2011-12-31": 508.527, "2011-09-30": 229.61, "2011-06-30": -199.382, "2011-03-31": "102.04500", "2010-12-31": 136.612, "2010-09-30": -174.932, "2010-06-30": 129.05, "2010-03-31": "100.37000", "2009-12-31": -43.053, "2009-09-30": 22.136, "2009-06-30": 107.709, "2009-03-31": "104.72700", "2008-12-31": 133.903, "2008-09-30": 106.146, "2008-06-30": 105.003, "2008-03-31": "107.92600", "2007-12-31": 130.509, "2007-09-30": -127.518, "2007-06-30": 81.703, "2007-03-31": "77.57600", "2006-12-31": 105.731, "2006-09-30": 77.174, "2006-06-30": 67.766, "2006-03-31": "60.07000", "2005-12-31": 149.13, "2005-09-30": 44.417, "2005-06-30": 46.663, "2005-03-31": "47.78700"}, "Change In Accounts Receivable": {"2020-12-31": -475.4, "2020-09-30": -62.9, "2020-06-30": 92.7, "2020-03-31": "181.60000", "2019-12-31": -134.1, "2019-09-30": -42.7, "2019-06-30": -52.2, "2019-03-31": "72.60000", "2018-12-31": -183.1, "2018-09-30": -31, "2018-06-30": -59.4, "2018-03-31": "219.00000", "2017-12-31": -217.1, "2017-09-30": 2.5, "2017-06-30": -96.2, "2017-03-31": "168.30000", "2016-12-31": -88.3, "2016-09-30": -33.3, "2016-06-30": -145, "2016-03-31": "83.50000", "2015-12-31": -84.3, "2015-09-30": 83.8, "2015-06-30": -102.9, "2015-03-31": "104.20000", "2014-12-31": 63.8, "2014-09-30": 52.2, "2014-06-30": -152.8, "2014-03-31": "-5.90000", "2013-12-31": -29.8, "2013-09-30": 23.5, "2013-06-30": -134.8, "2013-03-31": "105.90000", "2012-12-31": -214.2, "2012-09-30": 141.2, "2012-06-30": -104.4, "2012-03-31": "97.70000", "2011-12-31": -135.851, "2011-09-30": 21.22, "2011-06-30": -74.424, "2011-03-31": "53.75500", "2010-12-31": -170.896, "2010-09-30": -16.34, "2010-06-30": -102.01, "2010-03-31": "38.34600", "2009-12-31": -42.503, "2009-09-30": -57.992, "2009-06-30": 4.92, "2009-03-31": "198.88600", "2008-12-31": 153.696, "2008-09-30": -45.059, "2008-06-30": 18.128, "2008-03-31": "-55.36200", "2007-12-31": 0.763, "2007-09-30": -50.637, "2007-06-30": -35.952, "2007-03-31": "13.27100", "2006-12-31": -20.331, "2006-09-30": -32.779, "2006-06-30": -38.028, "2006-03-31": "42.88300", "2005-12-31": -52.39, "2005-09-30": -50.836, "2005-06-30": -33.709, "2005-03-31": "70.40100"}, "Change In Inventories": {"2020-12-31": 120.7, "2020-09-30": -173.3, "2020-06-30": 105.2, "2020-03-31": "-175.60000", "2019-12-31": 143, "2019-09-30": 4.9, "2019-06-30": -45.2, "2019-03-31": "-124.60000", "2018-12-31": 121, "2018-09-30": -58.3, "2018-06-30": -68.2, "2018-03-31": "-128.90000", "2017-12-31": 101.3, "2017-09-30": -52.8, "2017-06-30": 11.5, "2017-03-31": "-56.90000", "2016-12-31": 147.9, "2016-09-30": -33.6, "2016-06-30": -19.3, "2016-03-31": "-85.60000", "2015-12-31": 187.3, "2015-09-30": 61.8, "2015-06-30": 8.5, "2015-03-31": "-111.10000", "2014-12-31": 157.9, "2014-09-30": -30.3, "2014-06-30": 8.2, "2014-03-31": "-67.00000", "2013-12-31": 162.5, "2013-09-30": -6.5, "2013-06-30": -23.1, "2013-03-31": "-89.40000", "2012-12-31": 123.3, "2012-09-30": -26.9, "2012-06-30": 49.5, "2012-03-31": "-76.10000", "2011-12-31": 148.408, "2011-09-30": 41.26, "2011-06-30": 11.816, "2011-03-31": "-39.48400", "2010-12-31": 39.209, "2010-09-30": -43.496, "2010-06-30": -83.535, "2010-03-31": "-73.87800", "2009-12-31": 84.982, "2009-09-30": 21.547, "2009-06-30": 93.017, "2009-03-31": "-1.97400", "2008-12-31": 97.234, "2008-09-30": 4.033, "2008-06-30": -7.89, "2008-03-31": "-60.25800", "2007-12-31": 73.868, "2007-09-30": -24.858, "2007-06-30": 12.417, "2007-03-31": "-23.33300", "2006-12-31": 51.127, "2006-09-30": -7.232, "2006-06-30": 6.679, "2006-03-31": "-46.89100", "2005-12-31": 61.145, "2005-09-30": -27.629, "2005-06-30": -21.986, "2005-03-31": "-32.14100"}, "Change In Accounts Payable": {"2020-12-31": 334, "2020-09-30": 53.3, "2020-06-30": -170.3, "2020-03-31": "10.00000", "2019-12-31": 66.7, "2019-09-30": -26, "2019-06-30": -29.7, "2019-03-31": "7.10000", "2018-12-31": 158.1, "2018-09-30": -15.5, "2018-06-30": 35.6, "2018-03-31": "51.40000", "2017-12-31": -5.4, "2017-09-30": 55.6, "2017-06-30": -13.2, "2017-03-31": "-90.90000", "2016-12-31": 116.2, "2016-09-30": 4.6, "2016-06-30": 73.3, "2016-03-31": "-116.00000", "2015-12-31": 192.5, "2015-09-30": -67.4, "2015-06-30": 10, "2015-03-31": "-84.80000", "2014-12-31": 142.5, "2014-09-30": -11.8, "2014-06-30": 45.8, "2014-03-31": "-96.80000", "2013-12-31": 75.6, "2013-09-30": 17.7, "2013-06-30": 71.9, "2013-03-31": "10.10000", "2012-12-31": 18.5, "2012-09-30": -32.9, "2012-06-30": 47.9, "2012-03-31": "23.50000", "2011-12-31": 9.117, "2011-09-30": -16.27, "2011-06-30": 8.254, "2011-03-31": "35.49900", "2010-12-31": 31.819, "2010-09-30": 11.116, "2010-06-30": 83.811, "2010-03-31": "90.45400", "2009-12-31": 60.165, "2009-09-30": 51.668, "2009-06-30": -47.89, "2009-03-31": "-150.52400", "2008-12-31": -10.676, "2008-09-30": -19.636, "2008-06-30": 44.406, "2008-03-31": "-10.38100", "2007-12-31": 68.79, "2007-09-30": 23.079, "2007-06-30": 30.357, "2007-03-31": "-18.42600", "2006-12-31": 75.925, "2006-09-30": 19.722, "2006-06-30": -35.024, "2006-03-31": "15.30400", "2005-12-31": 64.903, "2005-09-30": 17.482, "2005-06-30": 21.288, "2005-03-31": "32.64200"}, "Change In Assets/Liabilities": {"2020-12-31": 56.1, "2020-09-30": -16.3, "2020-06-30": -16.9, "2020-03-31": "79.10000", "2019-12-31": -187.4, "2019-09-30": 11.3, "2019-06-30": 56.3, "2019-03-31": "167.50000", "2018-12-31": -169.7, "2018-09-30": 59.4, "2018-06-30": 61.2, "2018-03-31": "125.00000", "2017-12-31": -255.2, "2017-09-30": 56.1, "2017-06-30": 126.8, "2017-03-31": "59.40000", "2016-12-31": -234.3, "2016-09-30": 67.7, "2016-06-30": 57.1, "2016-03-31": "47.10000", "2015-12-31": -283.5, "2015-09-30": 117.3, "2015-06-30": 70.5, "2015-03-31": "26.80000", "2014-12-31": -253.3, "2014-09-30": 27.1, "2014-06-30": 45.2, "2014-03-31": "36.20000", "2013-12-31": -270.2, "2013-09-30": 43.9, "2013-06-30": 69.8, "2013-03-31": "43.60000", "2012-12-31": -210.4, "2012-09-30": 33.8, "2012-06-30": -8.3, "2012-03-31": "84.60000", "2011-12-31": -171.903, "2011-09-30": 17.599, "2011-06-30": 13.696, "2011-03-31": "29.60800", "2010-12-31": -55.148, "2010-09-30": -1.089, "2010-06-30": 82.131, "2010-03-31": "41.60600", "2009-12-31": 28.435, "2009-09-30": 77.198, "2009-06-30": -44.382, "2009-03-31": "75.77500", "2008-12-31": -148.686, "2008-09-30": 52.683, "2008-06-30": 8.352, "2008-03-31": "82.87800", "2007-12-31": -119.879, "2007-09-30": 67.731, "2007-06-30": 63.027, "2007-03-31": "27.72200", "2006-12-31": -111.001, "2006-09-30": 16.305, "2006-06-30": 43.842, "2006-03-31": "35.89200", "2005-12-31": -101.243, "2005-09-30": 26.377, "2005-06-30": 15.787, "2005-03-31": "20.82100"}, "Total Change In Assets/Liabilities": {"2020-12-31": -134.7, "2020-09-30": -114.8, "2020-06-30": 448.6, "2020-03-31": "-112.10000", "2019-12-31": 277, "2019-09-30": -74.5, "2019-06-30": 40.3, "2019-03-31": "49.20000", "2018-12-31": 380.6, "2018-09-30": -103.9, "2018-06-30": -12.5, "2018-03-31": "-91.80000", "2017-12-31": 202.4, "2017-09-30": 155.5, "2017-06-30": 62.9, "2017-03-31": "-262.80000", "2016-12-31": -65.2, "2016-09-30": -40, "2016-06-30": 250.5, "2016-03-31": "-52.60000", "2015-12-31": 304.4, "2015-09-30": 163.1, "2015-06-30": 120.6, "2015-03-31": "-294.20000", "2014-12-31": 283.3, "2014-09-30": 116.2, "2014-06-30": 73.1, "2014-03-31": "-322.20000", "2013-12-31": -12.2, "2013-09-30": 119.5, "2013-06-30": 34.5, "2013-03-31": "-136.80000", "2012-12-31": -240.5, "2012-09-30": 193.2, "2012-06-30": 226.2, "2012-03-31": "-85.30000", "2011-12-31": -252.051, "2011-09-30": -53.096, "2011-06-30": 213.267, "2011-03-31": "-94.92000", "2010-12-31": -37.137, "2010-09-30": 107.764, "2010-06-30": 36.397, "2010-03-31": "-6.72400", "2009-12-31": 271.46, "2009-09-30": 129.649, "2009-06-30": 82.262, "2009-03-31": "-25.76000", "2008-12-31": 69.767, "2008-09-30": -43.395, "2008-06-30": 113.321, "2008-03-31": "-51.27300", "2007-12-31": 120.58, "2007-09-30": 26.594, "2007-06-30": -24.091, "2007-03-31": "-9.48200", "2006-12-31": 33.75, "2006-09-30": 87.175, "2006-06-30": -67.877, "2006-03-31": "61.43300", "2005-12-31": -99.484, "2005-09-30": 34.625, "2005-06-30": 6.915, "2005-03-31": "75.94800"}, "Cash Flow From Operating Activities": {"2020-12-31": 2221.3, "2020-09-30": 1722.7, "2020-06-30": 1445, "2020-03-31": "819.00000", "2019-12-31": 1111.2, "2019-09-30": 965.6, "2019-06-30": 1171.5, "2019-03-31": "703.30000", "2018-12-31": 1237.6, "2018-09-30": 919.5, "2018-06-30": 1036, "2018-03-31": "828.90000", "2017-12-31": 834.7, "2017-09-30": 1072.4, "2017-06-30": 1010.5, "2017-03-31": "560.20000", "2016-12-31": 649, "2016-09-30": 818.2, "2016-06-30": 1281.8, "2016-03-31": "772.80000", "2015-12-31": 1231.6, "2015-09-30": 952.6, "2015-06-30": 1094, "2015-03-31": "523.60000", "2014-12-31": 1239.4, "2014-09-30": 1016.1, "2014-06-30": 991.7, "2014-03-31": "511.20000", "2013-12-31": 1078.2, "2013-09-30": 971.4, "2013-06-30": 899.2, "2013-03-31": "636.50000", "2012-12-31": 799.7, "2012-09-30": 961.2, "2012-06-30": 1008.8, "2012-03-31": "645.30000", "2011-12-31": 827.226, "2011-09-30": 699.942, "2011-06-30": 662.649, "2011-03-31": "436.48300", "2010-12-31": 573.331, "2010-09-30": 579.267, "2010-06-30": 537.923, "2010-03-31": "393.87900", "2009-12-31": 495.342, "2009-09-30": 503.148, "2009-06-30": 485.665, "2009-03-31": "316.67900", "2008-12-31": 509.356, "2008-09-30": 434.743, "2008-06-30": 581.772, "2008-03-31": "333.15800", "2007-12-31": 571.314, "2007-09-30": 382.797, "2007-06-30": 368.766, "2007-03-31": "322.89800", "2006-12-31": 463.198, "2006-09-30": 432.42, "2006-06-30": 314.411, "2006-03-31": "337.22200", "2005-12-31": 301.349, "2005-09-30": 307.863, "2005-06-30": 282.598, "2005-03-31": "311.99100"}, "Net Change In Property, Plant, And Equipment": {"2020-12-31": -315.2, "2020-09-30": -186.7, "2020-06-30": -155.1, "2020-03-31": "-132.00000", "2019-12-31": -178.7, "2019-09-30": -161.3, "2019-06-30": -143.1, "2019-03-31": "-139.60000", "2018-12-31": -137.5, "2018-09-30": -149.4, "2018-06-30": -152.8, "2018-03-31": "-137.50000", "2017-12-31": -124.7, "2017-09-30": -137, "2017-06-30": -118.6, "2017-03-31": "-157.90000", "2016-12-31": -164.9, "2016-09-30": -146.6, "2016-06-30": -145.7, "2016-03-31": "-122.60000", "2015-12-31": -100.9, "2015-09-30": -98.4, "2015-06-30": -136.2, "2015-03-31": "-117.00000", "2014-12-31": -56.1, "2014-09-30": -130.7, "2014-06-30": -147.7, "2014-03-31": "-130.90000", "2013-12-31": -146.3, "2013-09-30": -139.3, "2013-06-30": -136.2, "2013-03-31": "-116.30000", "2012-12-31": -124.9, "2012-09-30": -104.9, "2012-06-30": -110.7, "2012-03-31": "-117.80000", "2011-12-31": -129.963, "2011-09-30": -102.867, "2011-06-30": -57.774, "2011-03-31": "-43.89600", "2010-12-31": -50.03, "2010-09-30": -50.978, "2010-06-30": -51.538, "2010-03-31": "-36.95400", "2009-12-31": -58.396, "2009-09-30": -30.25, "2009-06-30": -45.703, "2009-03-31": "-36.07400", "2008-12-31": -75.431, "2008-09-30": -33.896, "2008-06-30": -44.63, "2008-03-31": "-38.73800", "2007-12-31": -60.466, "2007-09-30": -28.14, "2007-06-30": -26.998, "2007-03-31": "-30.93000", "2006-12-31": -35.72, "2006-09-30": -34.527, "2006-06-30": -29.245, "2006-03-31": "-26.93100", "2005-12-31": -29.293, "2005-09-30": -23.749, "2005-06-30": -28.333, "2005-03-31": "-19.57500"}, "Net Change In Intangible Assets": {"2020-12-31": 0, "2020-09-30": 0, "2020-06-30": 0, "2020-03-31": "", "2019-12-31": 0, "2019-09-30": 0, "2019-06-30": 0, "2019-03-31": "", "2018-12-31": 0, "2018-09-30": 0, "2018-06-30": 0, "2018-03-31": "", "2017-12-31": 0, "2017-09-30": 0, "2017-06-30": 0, "2017-03-31": "", "2016-12-31": 0, "2016-09-30": 0, "2016-06-30": 0, "2016-03-31": "", "2015-12-31": 0, "2015-09-30": 0, "2015-06-30": 0, "2015-03-31": "", "2014-12-31": 0, "2014-09-30": 0, "2014-06-30": 0, "2014-03-31": "", "2013-12-31": 0, "2013-09-30": 0, "2013-06-30": 0, "2013-03-31": "", "2012-12-31": 0, "2012-09-30": 0, "2012-06-30": 0, "2012-03-31": "", "2011-12-31": 0, "2011-09-30": 0, "2011-06-30": 0, "2011-03-31": "", "2010-12-31": 0, "2010-09-30": 0, "2010-06-30": 0, "2010-03-31": "", "2009-12-31": 0, "2009-09-30": 0, "2009-06-30": 0, "2009-03-31": "", "2008-12-31": 0, "2008-09-30": 0, "2008-06-30": 0, "2008-03-31": "", "2007-12-31": 0, "2007-09-30": 0, "2007-06-30": 0, "2007-03-31": "", "2006-12-31": 0, "2006-09-30": 0, "2006-06-30": 0, "2006-03-31": "", "2005-12-31": 0, "2005-09-30": 0, "2005-06-30": 0, "2005-03-31": ""}, "Net Acquisitions/Divestitures": {"2020-12-31": -152.5, "2020-09-30": -82.9, "2020-06-30": -1.1, "2020-03-31": "-20734.50000", "2019-12-31": -0.2, "2019-09-30": -4.5, "2019-06-30": -18.4, "2019-03-31": "-308.20000", "2018-12-31": 0, "2018-09-30": -105.5, "2018-06-30": -2067.8, "2018-03-31": "", "2017-12-31": -273.8, "2017-09-30": -18.1, "2017-06-30": -93.9, "2017-03-31": "", "2016-12-31": -4780.5, "2016-09-30": -6.9, "2016-06-30": 266.8, "2016-03-31": "-94.70000", "2015-12-31": -40.7, "2015-09-30": -13571.3, "2015-06-30": -110.2, "2015-03-31": "-482.60000", "2014-12-31": -2157.3, "2014-09-30": 91.7, "2014-06-30": -443.9, "2014-03-31": "-162.80000", "2013-12-31": 944.7, "2013-09-30": -546, "2013-06-30": -310.5, "2013-03-31": "-12.10000", "2012-12-31": -824, "2012-09-30": -27.7, "2012-06-30": -889.4, "2012-03-31": "-55.70000", "2011-12-31": -123.713, "2011-09-30": -30.808, "2011-06-30": -5538.859, "2011-03-31": "-517.42000", "2010-12-31": -561.632, "2010-09-30": -169.542, "2010-06-30": -135.284, "2010-03-31": "-1263.24200", "2009-12-31": -361.579, "2009-09-30": -141.001, "2009-06-30": -191.136, "2009-03-31": "", "2008-12-31": -133.511, "2008-09-30": -139.643, "2008-06-30": -38.984, "2008-03-31": "-62.56600", "2007-12-31": -3085.606, "2007-09-30": -141.198, "2007-06-30": -75.957, "2007-03-31": "-297.02000", "2006-12-31": -482.855, "2006-09-30": -46.257, "2006-06-30": -1900.318, "2006-03-31": "-212.22200", "2005-12-31": -72.793, "2005-09-30": -516.264, "2005-06-30": -60.05, "2005-03-31": "-213.87600"}, "Net Change In Short-term Investments": {"2020-12-31": 0, "2020-09-30": 0, "2020-06-30": 0, "2020-03-31": "", "2019-12-31": 0, "2019-09-30": 0, "2019-06-30": 0, "2019-03-31": "", "2018-12-31": 0, "2018-09-30": 0, "2018-06-30": 0, "2018-03-31": "", "2017-12-31": 0, "2017-09-30": 0, "2017-06-30": 0, "2017-03-31": "", "2016-12-31": 0, "2016-09-30": 0, "2016-06-30": -264.8, "2016-03-31": "264.80000", "2015-12-31": 0, "2015-09-30": 0, "2015-06-30": 0, "2015-03-31": "", "2014-12-31": 0, "2014-09-30": 0, "2014-06-30": 0, "2014-03-31": "", "2013-12-31": 0, "2013-09-30": 0, "2013-06-30": 0, "2013-03-31": "", "2012-12-31": 0, "2012-09-30": 0, "2012-06-30": 0, "2012-03-31": "", "2011-12-31": 0, "2011-09-30": 0, "2011-06-30": 0, "2011-03-31": "", "2010-12-31": 0, "2010-09-30": 0, "2010-06-30": 0, "2010-03-31": "", "2009-12-31": 0, "2009-09-30": 0, "2009-06-30": 0, "2009-03-31": "", "2008-12-31": 0, "2008-09-30": 0, "2008-06-30": 0, "2008-03-31": "", "2007-12-31": 0, "2007-09-30": 0, "2007-06-30": 0, "2007-03-31": "", "2006-12-31": 0, "2006-09-30": 0, "2006-06-30": 0, "2006-03-31": "", "2005-12-31": 0, "2005-09-30": 0, "2005-06-30": 0, "2005-03-31": ""}, "Net Change In Long-Term Investments": {"2020-12-31": -114, "2020-09-30": -71, "2020-06-30": 719.3, "2020-03-31": "-37.30000", "2019-12-31": -77.6, "2019-09-30": -71.1, "2019-06-30": -49.1, "2019-03-31": "-43.20000", "2018-12-31": -84.7, "2018-09-30": -61.1, "2018-06-30": 0.2, "2018-03-31": "21.90000", "2017-12-31": 137.9, "2017-09-30": 0, "2017-06-30": 0, "2017-03-31": "", "2016-12-31": 0, "2016-09-30": 0, "2016-06-30": 0, "2016-03-31": "", "2015-12-31": 0, "2015-09-30": 0, "2015-06-30": 0, "2015-03-31": "-87.10000", "2014-12-31": 80, "2014-09-30": -105, "2014-06-30": 25, "2014-03-31": "", "2013-12-31": -692, "2013-09-30": 0, "2013-06-30": 0, "2013-03-31": "692.00000", "2012-12-31": 0, "2012-09-30": 0, "2012-06-30": 0, "2012-03-31": "", "2011-12-31": -12.454, "2011-09-30": 12.454, "2011-06-30": 0, "2011-03-31": "", "2010-12-31": 11.274, "2010-09-30": 45.226, "2010-06-30": 0, "2010-03-31": "", "2009-12-31": 0, "2009-09-30": 0, "2009-06-30": 0, "2009-03-31": "", "2008-12-31": 0, "2008-09-30": 0, "2008-06-30": 0, "2008-03-31": "", "2007-12-31": 0, "2007-09-30": 0, "2007-06-30": 0, "2007-03-31": "", "2006-12-31": 0, "2006-09-30": 0, "2006-06-30": 0, "2006-03-31": "", "2005-12-31": 0, "2005-09-30": 0, "2005-06-30": 0, "2005-03-31": ""}, "Net Change In Investments - Total": {"2020-12-31": -114, "2020-09-30": -71, "2020-06-30": 719.3, "2020-03-31": "-37.30000", "2019-12-31": -77.6, "2019-09-30": -71.1, "2019-06-30": -49.1, "2019-03-31": "-43.20000", "2018-12-31": -84.7, "2018-09-30": -61.1, "2018-06-30": 0.2, "2018-03-31": "21.90000", "2017-12-31": 137.9, "2017-09-30": 0, "2017-06-30": 0, "2017-03-31": "", "2016-12-31": 0, "2016-09-30": 0, "2016-06-30": -264.8, "2016-03-31": "264.80000", "2015-12-31": 0, "2015-09-30": 0, "2015-06-30": 0, "2015-03-31": "-87.10000", "2014-12-31": 80, "2014-09-30": -105, "2014-06-30": 25, "2014-03-31": "", "2013-12-31": -692, "2013-09-30": 0, "2013-06-30": 0, "2013-03-31": "692.00000", "2012-12-31": 0, "2012-09-30": 0, "2012-06-30": 0, "2012-03-31": "", "2011-12-31": -12.454, "2011-09-30": 12.454, "2011-06-30": 0, "2011-03-31": "", "2010-12-31": 11.274, "2010-09-30": 45.226, "2010-06-30": 0, "2010-03-31": "", "2009-12-31": 0, "2009-09-30": 0, "2009-06-30": 0, "2009-03-31": "", "2008-12-31": 0, "2008-09-30": 0, "2008-06-30": 0, "2008-03-31": "", "2007-12-31": 0, "2007-09-30": 0, "2007-06-30": 0, "2007-03-31": "", "2006-12-31": 0, "2006-09-30": 0, "2006-06-30": 0, "2006-03-31": "", "2005-12-31": 0, "2005-09-30": 0, "2005-06-30": 0, "2005-03-31": ""}, "Investing Activities - Other": {"2020-12-31": 0.4, "2020-09-30": 12.2, "2020-06-30": -23.8, "2020-03-31": "35.20000", "2019-12-31": -9.6, "2019-09-30": -7.7, "2019-06-30": -18.3, "2019-03-31": "-7.50000", "2018-12-31": -75.2, "2018-09-30": 29.3, "2018-06-30": -22.2, "2018-03-31": "-7.10000", "2017-12-31": -54.9, "2017-09-30": 0.1, "2017-06-30": 3.3, "2017-03-31": "-5.80000", "2016-12-31": 21.9, "2016-09-30": -0.1, "2016-06-30": -30.5, "2016-03-31": "-39.20000", "2015-12-31": -118.8, "2015-09-30": -83.3, "2015-06-30": -0.5, "2015-03-31": "-4.00000", "2014-12-31": -312.7, "2014-09-30": -5.1, "2014-06-30": 2.2, "2014-03-31": "9.00000", "2013-12-31": -86.9, "2013-09-30": 2.3, "2013-06-30": 3, "2013-03-31": "-8.90000", "2012-12-31": 6.8, "2012-09-30": 9.1, "2012-06-30": 11.4, "2012-03-31": "340.20000", "2011-12-31": 22.576, "2011-09-30": -0.167, "2011-06-30": 679.23, "2011-03-31": "-3.63900", "2010-12-31": -21.152, "2010-09-30": -1.829, "2010-06-30": -2.101, "2010-03-31": "-1.11800", "2009-12-31": -78.802, "2009-09-30": 0, "2009-06-30": 33.978, "2009-03-31": "-33.97800", "2008-12-31": -48.504, "2008-09-30": 0, "2008-06-30": 0, "2008-03-31": "48.50400", "2007-12-31": 301.278, "2007-09-30": -0.007, "2007-06-30": -0.443, "2007-03-31": "-0.27200", "2006-12-31": -0.578, "2006-09-30": -0.717, "2006-06-30": 0, "2006-03-31": "", "2005-12-31": -1.473, "2005-09-30": 0, "2005-06-30": 0, "2005-03-31": ""}, "Cash Flow From Investing Activities": {"2020-12-31": -581.3, "2020-09-30": -328.4, "2020-06-30": 539.3, "2020-03-31": "-20868.60000", "2019-12-31": -266.1, "2019-09-30": -244.6, "2019-06-30": -228.9, "2019-03-31": "-498.50000", "2018-12-31": -297.4, "2018-09-30": -286.7, "2018-06-30": -2242.6, "2018-03-31": "-122.70000", "2017-12-31": -315.5, "2017-09-30": -155, "2017-06-30": -209.2, "2017-03-31": "-163.70000", "2016-12-31": -4923.5, "2016-09-30": -153.6, "2016-06-30": -174.2, "2016-03-31": "8.30000", "2015-12-31": -260.4, "2015-09-30": -13753, "2015-06-30": -246.9, "2015-03-31": "-690.70000", "2014-12-31": -2446.1, "2014-09-30": -149.1, "2014-06-30": -564.4, "2014-03-31": "-284.70000", "2013-12-31": 19.5, "2013-09-30": -683, "2013-06-30": -443.7, "2013-03-31": "554.70000", "2012-12-31": -942.1, "2012-09-30": -123.5, "2012-06-30": -988.7, "2012-03-31": "166.70000", "2011-12-31": -243.554, "2011-09-30": -121.388, "2011-06-30": -4917.403, "2011-03-31": "-564.95500", "2010-12-31": -621.54, "2010-09-30": -177.123, "2010-06-30": -188.923, "2010-03-31": "-1301.31400", "2009-12-31": -498.777, "2009-09-30": -171.251, "2009-06-30": -202.861, "2009-03-31": "-70.05200", "2008-12-31": -257.446, "2008-09-30": -173.539, "2008-06-30": -83.614, "2008-03-31": "-52.80000", "2007-12-31": -2844.794, "2007-09-30": -169.345, "2007-06-30": -103.398, "2007-03-31": "-328.22200", "2006-12-31": -519.153, "2006-09-30": -81.501, "2006-06-30": -1929.563, "2006-03-31": "-239.15300", "2005-12-31": -103.559, "2005-09-30": -540.013, "2005-06-30": -88.383, "2005-03-31": "-233.45100"}, "Net Long-Term Debt": {"2020-12-31": 45.7, "2020-09-30": 6441.3, "2020-06-30": -8121.4, "2020-03-31": "4371.40000", "2019-12-31": -4654.4, "2019-09-30": 7460.1, "2019-06-30": -3.9, "2019-03-31": "", "2018-12-31": 569.6, "2018-09-30": -503.9, "2018-06-30": 0, "2018-03-31": "", "2017-12-31": -4900.1, "2017-09-30": 0, "2017-06-30": 1121.6, "2017-03-31": "", "2016-12-31": 1331.4, "2016-09-30": 1390.8, "2016-06-30": -766.1, "2016-03-31": "262.00000", "2015-12-31": 697, "2015-09-30": 4952.2, "2015-06-30": -0.6, "2015-03-31": "-1.20000", "2014-12-31": 0, "2014-09-30": 403.6, "2014-06-30": -402.6, "2014-03-31": "-1.00000", "2013-12-31": -0.9, "2013-09-30": -656.5, "2013-06-30": -309.9, "2013-03-31": "-0.50000", "2012-12-31": -58.1, "2012-09-30": -1.2, "2012-06-30": -0.8, "2012-03-31": "-1.40000", "2011-12-31": -7.791, "2011-09-30": -1592.552, "2011-06-30": 1785.764, "2011-03-31": "-2.02100", "2010-12-31": -9.4, "2010-09-30": 0, "2010-06-30": 2.919, "2010-03-31": "-2.91900", "2009-12-31": -17.361, "2009-09-30": -2.677, "2009-06-30": -0.35, "2009-03-31": "740.81500", "2008-12-31": -224.946, "2008-09-30": -4.191, "2008-06-30": -3.863, "2008-03-31": "46.30800", "2007-12-31": 494.552, "2007-09-30": -3.256, "2007-06-30": -1.561, "2007-03-31": "-6.59300", "2006-12-31": 2.446, "2006-09-30": 633.553, "2006-06-30": -161.259, "2006-03-31": "-176.62200", "2005-12-31": -14.325, "2005-09-30": -268.485, "2005-06-30": -0.561, "2005-03-31": "-8.87100"}, "Net Current Debt": {"2020-12-31": -1297.7, "2020-09-30": -7653.5, "2020-06-30": 3924, "2020-03-31": "390.20000", "2019-12-31": 9804.2, "2019-09-30": 144.5, "2019-06-30": 685.7, "2019-03-31": "-86.10000", "2018-12-31": -1389.9, "2018-09-30": -144.1, "2018-06-30": 1262.8, "2018-03-31": "-236.60000", "2017-12-31": 4432.8, "2017-09-30": -931.6, "2017-06-30": -1952.6, "2017-03-31": "-434.90000", "2016-12-31": 3094.4998, "2016-09-30": -4397.1, "2016-06-30": 3140, "2016-03-31": "-1077.10000", "2015-12-31": -2635.1, "2015-09-30": 6406.2, "2015-06-30": -12.4, "2015-03-31": "-247.50000", "2014-12-31": 313.7, "2014-09-30": -402.8, "2014-06-30": -16.5, "2014-03-31": "3.10000", "2013-12-31": 4.7, "2013-09-30": 0, "2013-06-30": -3.7, "2013-03-31": "-764.30000", "2012-12-31": 690.9, "2012-09-30": -185, "2012-06-30": 52.9, "2012-03-31": "-362.90000", "2011-12-31": -562.071, "2011-09-30": 953.924, "2011-06-30": 444.876, "2011-03-31": "17.27100", "2010-12-31": 9.131, "2010-09-30": -30.674, "2010-06-30": 29.065, "2010-03-31": "-7.52200", "2009-12-31": 11.384, "2009-09-30": 10.786, "2009-06-30": -45.854, "2009-03-31": "-422.02700", "2008-12-31": 167.575, "2008-09-30": -275.901, "2008-06-30": -447.757, "2008-03-31": "-349.48400", "2007-12-31": 1246.808, "2007-09-30": -275.467, "2007-06-30": -184.95, "2007-03-31": "-138.63000", "2006-12-31": 91.914, "2006-09-30": -1016.614, "2006-06-30": 1771.597, "2006-03-31": "", "2005-12-31": 0, "2005-09-30": 0, "2005-06-30": 0, "2005-03-31": ""}, "Debt Issuance/Retirement Net - Total": {"2020-12-31": -1251.9998, "2020-09-30": -1212.1999, "2020-06-30": -4197.4003, "2020-03-31": "4761.60000", "2019-12-31": 5149.8, "2019-09-30": 7604.6, "2019-06-30": 681.8, "2019-03-31": "-86.10000", "2018-12-31": -820.3, "2018-09-30": -648, "2018-06-30": 1262.8, "2018-03-31": "-236.60000", "2017-12-31": -467.3, "2017-09-30": -931.6, "2017-06-30": -831, "2017-03-31": "-434.90000", "2016-12-31": 4425.9, "2016-09-30": -3006.3, "2016-06-30": 2373.9, "2016-03-31": "-815.10000", "2015-12-31": -1938.1, "2015-09-30": 11358.4, "2015-06-30": -13, "2015-03-31": "-248.70000", "2014-12-31": 313.7, "2014-09-30": 0.8, "2014-06-30": -419.1, "2014-03-31": "2.10000", "2013-12-31": 3.8, "2013-09-30": -656.5, "2013-06-30": -313.6, "2013-03-31": "-764.80000", "2012-12-31": 632.8, "2012-09-30": -186.2, "2012-06-30": 52.1, "2012-03-31": "-364.30000", "2011-12-31": -569.862, "2011-09-30": -638.628, "2011-06-30": 2230.64, "2011-03-31": "15.25000", "2010-12-31": -0.269, "2010-09-30": -30.674, "2010-06-30": 31.984, "2010-03-31": "-10.44100", "2009-12-31": -5.977, "2009-09-30": 8.109, "2009-06-30": -46.204, "2009-03-31": "318.78800", "2008-12-31": -57.371, "2008-09-30": -280.092, "2008-06-30": -451.62, "2008-03-31": "-303.17600", "2007-12-31": 1741.36, "2007-09-30": -278.723, "2007-06-30": -186.511, "2007-03-31": "-145.22300", "2006-12-31": 94.36, "2006-09-30": -383.061, "2006-06-30": 1610.338, "2006-03-31": "-176.62200", "2005-12-31": -14.325, "2005-09-30": -268.485, "2005-06-30": -0.561, "2005-03-31": "-8.87100"}, "Net Common Equity Issued/Repurchased": {"2020-12-31": 28.3, "2020-09-30": 56.1, "2020-06-30": 1787.3, "2020-03-31": "10.30000", "2019-12-31": 658.5, "2019-09-30": 32, "2019-06-30": 45.7, "2019-03-31": "1480.50000", "2018-12-31": 18.7, "2018-09-30": 27.6, "2018-06-30": 26.5, "2018-03-31": "23.20000", "2017-12-31": 19.8, "2017-09-30": 13.2, "2017-06-30": 15.3, "2017-03-31": "-43.90000", "2016-12-31": 7.9, "2016-09-30": 11.8, "2016-06-30": 100.9, "2016-03-31": "43.90000", "2015-12-31": 50.9, "2015-09-30": 66.6, "2015-06-30": 69.9, "2015-03-31": "61.60000", "2014-12-31": 57.9, "2014-09-30": 14.1, "2014-06-30": 30.9, "2014-03-31": "30.00000", "2013-12-31": 28.7, "2013-09-30": 38.7, "2013-06-30": 55.7, "2013-03-31": "54.30000", "2012-12-31": -321.1, "2012-09-30": -219.6, "2012-06-30": 33.3, "2012-03-31": "71.00000", "2011-12-31": 52.228, "2011-09-30": 9.95, "2011-06-30": 999.842, "2011-03-31": "50.48000", "2010-12-31": 61.2, "2010-09-30": 24.35, "2010-06-30": 62.537, "2010-03-31": "30.31300", "2009-12-31": 77.642, "2009-09-30": 49.83, "2009-06-30": 29.563, "2009-03-31": "17.19800", "2008-12-31": -63.928, "2008-09-30": 29.29, "2008-06-30": 15.615, "2008-03-31": "27.28800", "2007-12-31": 567.762, "2007-09-30": 103.42, "2007-06-30": -92.397, "2007-03-31": "36.75700", "2006-12-31": 20.141, "2006-09-30": 17.867, "2006-06-30": 31.953, "2006-03-31": "28.45400", "2005-12-31": -138.802, "2005-09-30": -33.614, "2005-06-30": -38.432, "2005-03-31": "13.08300"}, "Net Total Equity Issued/Repurchased": {"2020-12-31": 28.2, "2020-09-30": 56.1, "2020-06-30": 3455.4, "2020-03-31": "10.30000", "2019-12-31": 658.5, "2019-09-30": 32, "2019-06-30": 45.7, "2019-03-31": "3080.10000", "2018-12-31": 18.7, "2018-09-30": 27.6, "2018-06-30": 26.5, "2018-03-31": "23.20000", "2017-12-31": 19.8, "2017-09-30": 13.2, "2017-06-30": 15.3, "2017-03-31": "-43.90000", "2016-12-31": 7.9, "2016-09-30": 11.8, "2016-06-30": 100.9, "2016-03-31": "43.90000", "2015-12-31": 50.9, "2015-09-30": 66.6, "2015-06-30": 69.9, "2015-03-31": "61.60000", "2014-12-31": 57.9, "2014-09-30": 14.1, "2014-06-30": 30.9, "2014-03-31": "30.00000", "2013-12-31": 28.7, "2013-09-30": 38.7, "2013-06-30": 55.7, "2013-03-31": "54.30000", "2012-12-31": -321.1, "2012-09-30": -219.6, "2012-06-30": 33.3, "2012-03-31": "71.00000", "2011-12-31": 52.228, "2011-09-30": 9.95, "2011-06-30": 999.842, "2011-03-31": "50.48000", "2010-12-31": 61.2, "2010-09-30": 24.35, "2010-06-30": 62.537, "2010-03-31": "30.31300", "2009-12-31": 77.642, "2009-09-30": 49.83, "2009-06-30": 29.563, "2009-03-31": "17.19800", "2008-12-31": -63.928, "2008-09-30": 29.29, "2008-06-30": 15.615, "2008-03-31": "27.28800", "2007-12-31": 567.762, "2007-09-30": 103.42, "2007-06-30": -92.397, "2007-03-31": "36.75700", "2006-12-31": 20.141, "2006-09-30": 17.867, "2006-06-30": 31.953, "2006-03-31": "28.45400", "2005-12-31": -138.802, "2005-09-30": -33.614, "2005-06-30": -38.432, "2005-03-31": "13.08300"}, "Total Common And Preferred Stock Dividends Paid": {"2020-12-31": -169.6, "2020-09-30": -162.3, "2020-06-30": -145, "2020-03-31": "-138.10000", "2019-12-31": -141.7, "2019-09-30": -151.1, "2019-06-30": -121.7, "2019-03-31": "-112.20000", "2018-12-31": -112.2, "2018-09-30": -111.9, "2018-06-30": -111.8, "2018-03-31": "-97.50000", "2017-12-31": -97.3, "2017-09-30": -97.1, "2017-06-30": -97.3, "2017-03-31": "-86.60000", "2016-12-31": -86.5, "2016-09-30": -110.5, "2016-06-30": -110.1, "2016-03-31": "-92.70000", "2015-12-31": -92.5, "2015-09-30": -95.7, "2015-06-30": -95.5, "2015-03-31": "-70.40000", "2014-12-31": -70.3, "2014-09-30": -70, "2014-06-30": -70, "2014-03-31": "-17.40000", "2013-12-31": -17.4, "2013-09-30": -17.4, "2013-06-30": -17.3, "2013-03-31": "", "2012-12-31": -34.4, "2012-09-30": -17.3, "2012-06-30": -17.4, "2012-03-31": "-17.30000", "2011-12-31": -17.171, "2011-09-30": -17.156, "2011-06-30": -13.705, "2011-03-31": "-13.26800", "2010-12-31": -13.113, "2010-09-30": -13.075, "2010-06-30": -13.05, "2010-03-31": "-12.96200", "2009-12-31": -12.941, "2009-09-30": -9.628, "2009-06-30": -9.586, "2009-03-31": "-9.56200", "2008-12-31": -9.551, "2008-09-30": -9.588, "2008-06-30": -9.567, "2008-03-31": "-9.55300", "2007-12-31": -9.54, "2007-09-30": -9.311, "2007-06-30": -9.242, "2007-03-31": "-6.18200", "2006-12-31": -6.164, "2006-09-30": -6.155, "2006-06-30": -6.147, "2006-03-31": "-6.12300", "2005-12-31": -6.111, "2005-09-30": -6.175, "2005-06-30": -4.628, "2005-03-31": "-4.63900"}, "Financial Activities - Other": {"2020-12-31": -26.3, "2020-09-30": -1.4, "2020-06-30": -1, "2020-03-31": "-0.30000", "2019-12-31": -911.2, "2019-09-30": 642.2, "2019-06-30": -0.8, "2019-03-31": "-4.00000", "2018-12-31": -1.3, "2018-09-30": -0.4, "2018-06-30": -5.4, "2018-03-31": "-10.80000", "2017-12-31": -9.1, "2017-09-30": -13.4, "2017-06-30": -12, "2017-03-31": "-25.30000", "2016-12-31": -0.3, "2016-09-30": -673.4, "2016-06-30": 0, "2016-03-31": "-26.70000", "2015-12-31": 0, "2015-09-30": 0, "2015-06-30": 0, "2015-03-31": "-3.30000", "2014-12-31": -20.9, "2014-09-30": 0, "2014-06-30": 0, "2014-03-31": "", "2013-12-31": 0, "2013-09-30": 0, "2013-06-30": 0, "2013-03-31": "", "2012-12-31": 0, "2012-09-30": 0, "2012-06-30": 0, "2012-03-31": "", "2011-12-31": 0, "2011-09-30": 0, "2011-06-30": 0, "2011-03-31": "", "2010-12-31": 0, "2010-09-30": 0, "2010-06-30": 0, "2010-03-31": "", "2009-12-31": 0, "2009-09-30": 0, "2009-06-30": 0, "2009-03-31": "", "2008-12-31": 0, "2008-09-30": 0, "2008-06-30": 0, "2008-03-31": "", "2007-12-31": 0, "2007-09-30": 0, "2007-06-30": 0, "2007-03-31": "", "2006-12-31": 0, "2006-09-30": 0, "2006-06-30": 0, "2006-03-31": "", "2005-12-31": 0, "2005-09-30": 0, "2005-06-30": 0, "2005-03-31": ""}, "Cash Flow From Financial Activities": {"2020-12-31": -1419.7, "2020-09-30": -1319.8, "2020-06-30": -888, "2020-03-31": "4633.50000", "2019-12-31": 4755.4, "2019-09-30": 8127.7, "2019-06-30": 605, "2019-03-31": "2877.80000", "2018-12-31": -915.1, "2018-09-30": -732.7, "2018-06-30": 1172.1, "2018-03-31": "-321.70000", "2017-12-31": -553.9, "2017-09-30": -1028.9, "2017-06-30": -925, "2017-03-31": "-590.70000", "2016-12-31": 4347, "2016-09-30": -3778.4, "2016-06-30": 2364.7, "2016-03-31": "-890.60000", "2015-12-31": -1979.7, "2015-09-30": 11329.3, "2015-06-30": -38.6, "2015-03-31": "-260.80000", "2014-12-31": 280.4, "2014-09-30": -55.1, "2014-06-30": -458.2, "2014-03-31": "14.70000", "2013-12-31": 15.1, "2013-09-30": -635.2, "2013-06-30": -275.2, "2013-03-31": "-710.50000", "2012-12-31": 277.3, "2012-09-30": -423.1, "2012-06-30": 68, "2012-03-31": "-310.60000", "2011-12-31": -534.805, "2011-09-30": -645.834, "2011-06-30": 3216.777, "2011-03-31": "52.46200", "2010-12-31": 47.818, "2010-09-30": -19.399, "2010-06-30": 81.471, "2010-03-31": "6.91000", "2009-12-31": 58.724, "2009-09-30": 48.311, "2009-06-30": -26.227, "2009-03-31": "326.42400", "2008-12-31": -130.85, "2008-09-30": -260.39, "2008-06-30": -445.572, "2008-03-31": "-285.44100", "2007-12-31": 2299.582, "2007-09-30": -184.614, "2007-06-30": -288.15, "2007-03-31": "-114.64800", "2006-12-31": 108.337, "2006-09-30": -371.349, "2006-06-30": 1636.144, "2006-03-31": "-154.29100", "2005-12-31": -159.238, "2005-09-30": -308.274, "2005-06-30": -43.621, "2005-03-31": "-0.42700"}, "Net Cash Flow": {"2020-12-31": 347.6, "2020-09-30": 148.4, "2020-06-30": 1171.6, "2020-03-31": "-15544.60000", "2019-12-31": 5660.2, "2019-09-30": 8818.5, "2019-06-30": 1523.6, "2019-03-31": "3122.20000", "2018-12-31": 11.6, "2018-09-30": -127.8, "2018-06-30": -141.7, "2018-03-31": "415.40000", "2017-12-31": -18.3, "2017-09-30": -77.8, "2017-06-30": -77.5, "2017-03-31": "-159.80000", "2016-12-31": -7.7, "2016-09-30": -3126.2, "2016-06-30": 3433.3, "2016-03-31": "-126.50000", "2015-12-31": -1042.7, "2015-09-30": -1508.5, "2015-06-30": 831, "2015-03-31": "-494.60000", "2014-12-31": -1019.7, "2014-09-30": 704.2, "2014-06-30": -25.4, "2014-03-31": "231.30000", "2013-12-31": 1119.6, "2013-09-30": -329.3, "2013-06-30": 174.2, "2013-03-31": "472.00000", "2012-12-31": 137.4, "2012-09-30": 423.1, "2012-06-30": 74.9, "2012-03-31": "506.30000", "2011-12-31": 52.612, "2011-09-30": -67.215, "2011-06-30": -1041.976, "2011-03-31": "-39.42100", "2010-12-31": -2.021, "2010-09-30": 402.105, "2010-06-30": 426.568, "2010-03-31": "-915.55200", "2009-12-31": 85.689, "2009-09-30": 377.82, "2009-06-30": 282.466, "2009-03-31": "583.09100", "2008-12-31": 106.335, "2008-09-30": 2.419, "2008-06-30": 50.281, "2008-03-31": "-5.28900", "2007-12-31": 29.827, "2007-09-30": 35.136, "2007-06-30": -23.419, "2007-03-31": "-120.24600", "2006-12-31": 53.858, "2006-09-30": -20.781, "2006-06-30": 23.91, "2006-03-31": "-54.72800", "2005-12-31": 39.93, "2005-09-30": -533.034, "2005-06-30": 135.583, "2005-03-31": "63.95700"}, "Stock-Based Compensation": {"2020-12-31": 49.9, "2020-09-30": 45.3, "2020-06-30": 46.6, "2020-03-31": "45.20000", "2019-12-31": 41.3, "2019-09-30": 41, "2019-06-30": 41.4, "2019-03-31": "35.10000", "2018-12-31": 26.5, "2018-09-30": 38.2, "2018-06-30": 40.1, "2018-03-31": "33.30000", "2017-12-31": 22.3, "2017-09-30": 33.4, "2017-06-30": 37.8, "2017-03-31": "33.60000", "2016-12-31": 33.5, "2016-09-30": 31.4, "2016-06-30": 35.3, "2016-03-31": "29.60000", "2015-12-31": 26.9, "2015-09-30": 18.4, "2015-06-30": 28.2, "2015-03-31": "30.30000", "2014-12-31": 1.7, "2014-09-30": 28, "2014-06-30": 26, "2014-03-31": "29.00000", "2013-12-31": 23.9, "2013-09-30": 29.6, "2013-06-30": 28.3, "2013-03-31": "27.80000", "2012-12-31": 30.5, "2012-09-30": 29, "2012-06-30": 26.7, "2012-03-31": "23.70000", "2011-12-31": 23.984, "2011-09-30": 25.65, "2011-06-30": 23.19, "2011-03-31": "22.77600", "2010-12-31": 22.146, "2010-09-30": 25.072, "2010-06-30": 24.4, "2010-03-31": "16.48200", "2009-12-31": 20.426, "2009-09-30": 21.234, "2009-06-30": 21.759, "2009-03-31": "23.93100", "2008-12-31": 21.981, "2008-09-30": 21.62, "2008-06-30": 21.567, "2008-03-31": "20.83200", "2007-12-31": 22.558, "2007-09-30": 15.74, "2007-06-30": 17.624, "2007-03-31": "17.42500", "2006-12-31": 17.671, "2006-09-30": 19.955, "2006-06-30": 15.864, "2006-03-31": "13.70100", "2005-12-31": 2.262, "2005-09-30": 0.918, "2005-06-30": 2.27, "2005-03-31": "2.05200"}, "Common Stock Dividends Paid": {"2020-12-31": -169.6, "2020-09-30": -162.3, "2020-06-30": -145, "2020-03-31": "-138.10000", "2019-12-31": -141.7, "2019-09-30": -151.1, "2019-06-30": -121.7, "2019-03-31": "-112.20000", "2018-12-31": -112.2, "2018-09-30": -111.9, "2018-06-30": -111.8, "2018-03-31": "-97.50000", "2017-12-31": -97.3, "2017-09-30": -97.1, "2017-06-30": -97.3, "2017-03-31": "-86.60000", "2016-12-31": -86.5, "2016-09-30": -110.5, "2016-06-30": -110.1, "2016-03-31": "-92.70000", "2015-12-31": -92.5, "2015-09-30": -95.7, "2015-06-30": -95.5, "2015-03-31": "-70.40000", "2014-12-31": -70.3, "2014-09-30": -70, "2014-06-30": -70, "2014-03-31": "-17.40000", "2013-12-31": -17.4, "2013-09-30": -17.4, "2013-06-30": -17.3, "2013-03-31": "0.00000", "2012-12-31": -34.4, "2012-09-30": -17.3, "2012-06-30": -17.4, "2012-03-31": "-17.30000", "2011-12-31": -17.171, "2011-09-30": -17.156, "2011-06-30": -13.705, "2011-03-31": "-13.26800", "2010-12-31": -13.113, "2010-09-30": -13.075, "2010-06-30": -13.05, "2010-03-31": "-12.96200", "2009-12-31": -12.941, "2009-09-30": -9.628, "2009-06-30": -9.586, "2009-03-31": "-9.56200", "2008-12-31": -9.551, "2008-09-30": -9.588, "2008-06-30": -9.567, "2008-03-31": "-9.55300", "2007-12-31": -9.54, "2007-09-30": -9.311, "2007-06-30": -9.242, "2007-03-31": "-6.18200", "2006-12-31": -6.164, "2006-09-30": -6.155, "2006-06-30": -6.147, "2006-03-31": "-6.12300", "2005-12-31": -6.111, "2005-09-30": -6.175, "2005-06-30": -4.628, "2005-03-31": "-4.63900"}}, "financial ratios": {"Current Ratio": {"2019-12-31": "5.18980", "2018-12-31": "1.46520", "2017-12-31": "1.42940", "2016-12-31": "0.96960", "2015-12-31": "1.27000", "2014-12-31": "1.74770", "2013-12-31": "2.01300", "2012-12-31": "1.80400", "2011-12-31": "1.50350", "2010-12-31": "1.82660", "2009-12-31": "1.89090", "2008-12-31": "1.52530", "2007-12-31": "1.39650", "2006-12-31": "1.39720", "2005-12-31": "1.29820"}, "Long-term Debt / Capital": {"2019-12-31": "0.41540", "2018-12-31": "0.25550", "2017-12-31": "0.28140", "2016-12-31": "0.29540", "2015-12-31": "0.33600", "2014-12-31": "0.12670", "2013-12-31": "0.13280", "2012-12-31": "0.21700", "2011-12-31": "0.23480", "2010-12-31": "0.16810", "2009-12-31": "0.19900", "2008-12-31": "0.20650", "2007-12-31": "0.27210", "2006-12-31": "0.26720", "2005-12-31": "0.14450"}, "Debt/Equity Ratio": {"2019-12-31": "0.71760", "2018-12-31": "0.34510", "2017-12-31": "0.39910", "2016-12-31": "0.53170", "2015-12-31": "0.54160", "2014-12-31": "0.14810", "2013-12-31": "0.15580", "2012-12-31": "0.28000", "2011-12-31": "0.31260", "2010-12-31": "0.20510", "2009-12-31": "0.25220", "2008-12-31": "0.26700", "2007-12-31": "0.41010", "2006-12-31": "0.36630", "2005-12-31": "0.20500"}, "Gross Margin": {"2019-12-31": "55.74030", "2018-12-31": "55.75450", "2017-12-31": "55.23170", "2016-12-31": "55.29190", "2015-12-31": "53.84000", "2014-12-31": "53.23350", "2013-12-31": "51.09640", "2012-12-31": "51.55580", "2011-12-31": "50.81630", "2010-12-31": "51.03190", "2009-12-31": "48.21010", "2008-12-31": "46.78260", "2007-12-31": "45.71860", "2006-12-31": "44.33800", "2005-12-31": "43.24720"}, "Operating Margin": {"2019-12-31": "18.25350", "2018-12-31": "17.92010", "2017-12-31": "16.57540", "2016-12-31": "16.20150", "2015-12-31": "14.98020", "2014-12-31": "15.89350", "2013-12-31": "17.06770", "2012-12-31": "17.33310", "2011-12-31": "16.26550", "2010-12-31": "16.33150", "2009-12-31": "13.68950", "2008-12-31": "14.72320", "2007-12-31": "15.78750", "2006-12-31": "15.84830", "2005-12-31": "15.84930"}, "EBIT Margin": {"2019-12-31": "18.25350", "2018-12-31": "17.92010", "2017-12-31": "16.57540", "2016-12-31": "16.20150", "2015-12-31": "14.98020", "2014-12-31": "15.89350", "2013-12-31": "17.06770", "2012-12-31": "17.33310", "2011-12-31": "16.26550", "2010-12-31": "16.33150", "2009-12-31": "13.68950", "2008-12-31": "14.72320", "2007-12-31": "15.78750", "2006-12-31": "15.84830", "2005-12-31": "15.84930"}, "EBITDA Margin": {"2019-12-31": "24.89460", "2018-12-31": "24.82800", "2017-12-31": "23.77250", "2016-12-31": "22.88360", "2015-12-31": "21.08260", "2014-12-31": "21.47450", "2013-12-31": "21.72010", "2012-12-31": "21.93220", "2011-12-31": "20.21190", "2010-12-31": "19.42550", "2009-12-31": "16.84440", "2008-12-31": "17.39530", "2007-12-31": "18.22260", "2006-12-31": "18.12690", "2005-12-31": "18.07560"}, "Pre-Tax Profit Margin": {"2019-12-31": "18.45390", "2018-12-31": "17.37340", "2017-12-31": "16.38790", "2016-12-31": "15.46760", "2015-12-31": "14.12940", "2014-12-31": "16.21370", "2013-12-31": "18.68560", "2012-12-31": "16.48810", "2011-12-31": "15.21270", "2010-12-31": "17.76570", "2009-12-31": "12.60910", "2008-12-31": "13.77680", "2007-12-31": "14.84770", "2006-12-31": "15.09440", "2005-12-31": "15.47030"}, "Net Profit Margin": {"2019-12-31": "16.41330", "2018-12-31": "15.54920", "2017-12-31": "16.05860", "2016-12-31": "15.12640", "2015-12-31": "23.26080", "2014-12-31": "20.19450", "2013-12-31": "14.74040", "2012-12-31": "13.10050", "2011-12-31": "13.50050", "2010-12-31": "14.28690", "2009-12-31": "10.95120", "2008-12-31": "10.37710", "2007-12-31": "12.42440", "2006-12-31": "11.85320", "2005-12-31": "11.40570"}, "Asset Turnover": {"2019-12-31": "0.28850", "2018-12-31": "0.35640", "2017-12-31": "0.33270", "2016-12-31": "0.37270", "2015-12-31": "0.29930", "2014-12-31": "0.34780", "2013-12-31": "0.52730", "2012-12-31": "0.55430", "2011-12-31": "0.53730", "2010-12-31": "0.56490", "2009-12-31": "0.53670", "2008-12-31": "0.72600", "2007-12-31": "0.63110", "2006-12-31": "0.73580", "2005-12-31": "0.85900"}, "Inventory Turnover Ratio": {"2019-12-31": "4.86850", "2018-12-31": "4.62380", "2017-12-31": "3.77420", "2016-12-31": "4.41550", "2015-12-31": "4.23530", "2014-12-31": "3.37530", "2013-12-31": "5.01320", "2012-12-31": "4.87820", "2011-12-31": "4.44250", "2010-12-31": "5.27230", "2009-12-31": "5.48490", "2008-12-31": "5.91540", "2007-12-31": "5.01420", "2006-12-31": "5.32920", "2005-12-31": "5.41320"}, "Receiveable Turnover": {"2019-12-31": "5.61230", "2018-12-31": "5.62690", "2017-12-31": "4.40650", "2016-12-31": "5.29880", "2015-12-31": "4.83520", "2014-12-31": "3.73410", "2013-12-31": "5.29700", "2012-12-31": "5.58880", "2011-12-31": "5.27570", "2010-12-31": "5.98200", "2009-12-31": "5.48650", "2008-12-31": "6.70200", "2007-12-31": "5.55630", "2006-12-31": "5.72060", "2005-12-31": "5.59110"}, "Days Sales In Receivables": {"2019-12-31": "65.03570", "2018-12-31": "64.86650", "2017-12-31": "82.83220", "2016-12-31": "68.88400", "2015-12-31": "75.48730", "2014-12-31": "97.74830", "2013-12-31": "68.90700", "2012-12-31": "65.30880", "2011-12-31": "69.18450", "2010-12-31": "61.01680", "2009-12-31": "66.52700", "2008-12-31": "54.46160", "2007-12-31": "65.69070", "2006-12-31": "63.80430", "2005-12-31": "65.28210"}, "ROE - Return On Equity": {"2019-12-31": "8.48010", "2018-12-31": "8.52490", "2017-12-31": "8.23810", "2016-12-31": "9.33150", "2015-12-31": "7.35020", "2014-12-31": "6.98810", "2013-12-31": "11.53870", "2012-12-31": "12.04840", "2011-12-31": "11.40300", "2010-12-31": "12.47540", "2009-12-31": "9.34680", "2008-12-31": "13.43350", "2007-12-31": "13.36170", "2006-12-31": "16.69320", "2005-12-31": "17.43210"}, "Return On Tangible Equity": {"2019-12-31": "-111.55820", "2018-12-31": "-51.89790", "2017-12-31": "-20.81070", "2016-12-31": "-17.13390", "2015-12-31": "-22.40450", "2014-12-31": "228.51770", "2013-12-31": "1565.33600", "2012-12-31": "-84.46790", "2011-12-31": "-57.89630", "2010-12-31": "2410.12100", "2009-12-31": "-128.91120", "2008-12-31": "-68.57520", "2007-12-31": "-44.62750", "2006-12-31": "-68.72820", "2005-12-31": "-387.08790"}, "ROA - Return On Assets": {"2019-12-31": "3.91790", "2018-12-31": "5.03070", "2017-12-31": "4.65650", "2016-12-31": "4.75410", "2015-12-31": "3.62220", "2014-12-31": "4.42990", "2013-12-31": "7.47170", "2012-12-31": "6.98010", "2011-12-31": "6.46190", "2010-12-31": "7.73370", "2009-12-31": "5.54740", "2008-12-31": "7.53360", "2007-12-31": "6.94830", "2006-12-31": "8.62250", "2005-12-31": "9.66490"}, "ROI - Return On Investment": {"2019-12-31": "4.69570", "2018-12-31": "6.34650", "2017-12-31": "5.91960", "2016-12-31": "6.57510", "2015-12-31": "4.88050", "2014-12-31": "6.10290", "2013-12-31": "10.00690", "2012-12-31": "9.43440", "2011-12-31": "8.72600", "2010-12-31": "10.37770", "2009-12-31": "7.48690", "2008-12-31": "10.65900", "2007-12-31": "9.72640", "2006-12-31": "12.23270", "2005-12-31": "14.91400"}, "Book Value Per Share": {"2019-12-31": "43.53980", "2018-12-31": "40.23760", "2017-12-31": "37.85210", "2016-12-31": "33.33830", "2015-12-31": "34.60110", "2014-12-31": "33.29520", "2013-12-31": "32.16070", "2012-12-31": "27.75840", "2011-12-31": "24.67910", "2010-12-31": "20.98360", "2009-12-31": "18.01820", "2008-12-31": "15.40390", "2007-12-31": "14.28640", "2006-12-31": "10.77830", "2005-12-31": "8.31290"}, "Operating Cash Flow Per Share": {"2019-12-31": -0.2165, "2018-12-31": 0.7378, "2017-12-31": -0.1072, "2016-12-31": -0.3334, "2015-12-31": 0.1176, "2014-12-31": 0.2058, "2013-12-31": 0.2536, "2012-12-31": 1.0436, "2011-12-31": 0.6949, "2010-12-31": 0.3686, "2009-12-31": -0.0856, "2008-12-31": 0.2698, "2007-12-31": 0.1192, "2006-12-31": 0.5433, "2005-12-31": 1.8352}, "Free Cash Flow Per Share": {"2019-12-31": -0.2621, "2018-12-31": 0.6873, "2017-12-31": -0.0409, "2016-12-31": -0.5232, "2015-12-31": 0.1288, "2014-12-31": 0.3127, "2013-12-31": 0.1395, "2012-12-31": 0.8779, "2011-12-31": 0.4952, "2010-12-31": 0.3451, "2009-12-31": -0.0526, "2008-12-31": 0.2054, "2007-12-31": 0.0911, "2006-12-31": 0.5029, "2005-12-31": 1.6813}}, "financial ratios, quarterly": {"Current Ratio": {"2020-09-30": "2.07690", "2020-06-30": "2.20430", "2020-03-31": "1.31620", "2019-12-31": "5.18980", "2019-09-30": "3.43000", "2019-06-30": "2.31700", "2019-03-31": "2.17590", "2018-12-31": "1.46520", "2018-09-30": "1.52970", "2018-06-30": "1.50110", "2018-03-31": "1.59250", "2017-12-31": "1.42940", "2017-09-30": "1.42680", "2017-06-30": "1.48870", "2017-03-31": "1.05260", "2016-12-31": "0.96960", "2016-09-30": "1.36310", "2016-06-30": "1.39930", "2016-03-31": "1.45590", "2015-12-31": "1.27000", "2015-09-30": "1.03550", "2015-06-30": "1.90970", "2015-03-31": "1.77160", "2014-12-31": "1.74770", "2014-09-30": "2.23420", "2014-06-30": "2.15750", "2014-03-31": "2.18480", "2013-12-31": "2.01300", "2013-09-30": "1.87500", "2013-06-30": "1.99180", "2013-03-31": "2.01450", "2012-12-31": "1.80400", "2012-09-30": "1.75570", "2012-06-30": "1.64040", "2012-03-31": "1.67240", "2011-12-31": "1.50350", "2011-09-30": "1.53130", "2011-06-30": "1.53100", "2011-03-31": "1.84480", "2010-12-31": "1.82660", "2010-09-30": "1.77330", "2010-06-30": "1.68620", "2010-03-31": "1.58900", "2009-12-31": "1.89090", "2009-09-30": "1.94100", "2009-06-30": "1.90930", "2009-03-31": "1.81730", "2008-12-31": "1.52530", "2008-09-30": "1.36840", "2008-06-30": "1.35500", "2008-03-31": "1.39370", "2007-12-31": "1.39650", "2007-09-30": "1.61820", "2007-06-30": "1.61620", "2007-03-31": "1.57550", "2006-12-31": "1.39720", "2006-09-30": "1.36520", "2006-06-30": "1.27870", "2006-03-31": "1.39250", "2005-12-31": "1.29820", "2005-09-30": "1.27300", "2005-06-30": "1.36200", "2005-03-31": "1.32170"}, "Long-term Debt / Capital": {"2020-09-30": "0.36480", "2020-06-30": "0.38150", "2020-03-31": "0.42260", "2019-12-31": "0.41540", "2019-09-30": "0.33250", "2019-06-30": "0.23950", "2019-03-31": "0.23050", "2018-12-31": "0.25550", "2018-09-30": "0.27610", "2018-06-30": "0.29050", "2018-03-31": "0.27680", "2017-12-31": "0.28140", "2017-09-30": "0.29710", "2017-06-30": "0.31710", "2017-03-31": "0.29030", "2016-12-31": "0.29540", "2016-09-30": "0.24390", "2016-06-30": "0.32340", "2016-03-31": "0.33160", "2015-12-31": "0.33600", "2015-09-30": "0.33200", "2015-06-30": "0.11210", "2015-03-31": "0.11550", "2014-12-31": "0.12670", "2014-09-30": "0.11070", "2014-06-30": "0.11260", "2014-03-31": "0.12940", "2013-12-31": "0.13280", "2013-09-30": "0.13880", "2013-06-30": "0.16760", "2013-03-31": "0.18230", "2012-12-31": "0.21700", "2012-09-30": "0.19730", "2012-06-30": "0.20880", "2012-03-31": "0.21370", "2011-12-31": "0.23480", "2011-09-30": "0.25980", "2011-06-30": "0.28270", "2011-03-31": "0.15340", "2010-12-31": "0.16810", "2010-09-30": "0.17650", "2010-06-30": "0.18600", "2010-03-31": "0.19230", "2009-12-31": "0.19900", "2009-09-30": "0.20550", "2009-06-30": "0.21260", "2009-03-31": "0.22120", "2008-12-31": "0.20650", "2008-09-30": "0.19030", "2008-06-30": "0.21380", "2008-03-31": "0.25070", "2007-12-31": "0.27210", "2007-09-30": "0.19310", "2007-06-30": "0.22530", "2007-03-31": "0.24570", "2006-12-31": "0.26720", "2006-09-30": "0.26880", "2006-06-30": "0.28910", "2006-03-31": "0.13850", "2005-12-31": "0.14450", "2005-09-30": "0.15780", "2005-06-30": "0.16250", "2005-03-31": "0.16370"}, "Debt/Equity Ratio": {"2020-09-30": "0.57480", "2020-06-30": "0.61720", "2020-03-31": "0.83600", "2019-12-31": "0.71760", "2019-09-30": "0.53030", "2019-06-30": "0.31970", "2019-03-31": "0.30080", "2018-12-31": "0.34510", "2018-09-30": "0.38350", "2018-06-30": "0.41580", "2018-03-31": "0.38630", "2017-12-31": "0.39910", "2017-09-30": "0.42980", "2017-06-30": "0.47130", "2017-03-31": "0.50230", "2016-12-31": "0.53170", "2016-09-30": "0.35730", "2016-06-30": "0.58330", "2016-03-31": "0.50420", "2015-12-31": "0.54160", "2015-09-30": "0.64750", "2015-06-30": "0.13080", "2015-03-31": "0.13580", "2014-12-31": "0.14810", "2014-09-30": "0.12750", "2014-06-30": "0.12900", "2014-03-31": "0.15140", "2013-12-31": "0.15580", "2013-09-30": "0.16390", "2013-06-30": "0.20400", "2013-03-31": "0.22640", "2012-12-31": "0.28000", "2012-09-30": "0.24870", "2012-06-30": "0.26690", "2012-03-31": "0.27530", "2011-12-31": "0.31260", "2011-09-30": "0.35600", "2011-06-30": "0.39700", "2011-03-31": "0.18520", "2010-12-31": "0.20510", "2010-09-30": "0.21730", "2010-06-30": "0.23430", "2010-03-31": "0.24350", "2009-12-31": "0.25220", "2009-09-30": "0.26320", "2009-06-30": "0.27400", "2009-03-31": "0.29170", "2008-12-31": "0.26700", "2008-09-30": "0.26620", "2008-06-30": "0.30300", "2008-03-31": "0.36610", "2007-12-31": "0.41010", "2007-09-30": "0.24180", "2007-06-30": "0.29430", "2007-03-31": "0.33000", "2006-12-31": "0.36630", "2006-09-30": "0.36990", "2006-06-30": "0.45450", "2006-03-31": "0.16200", "2005-12-31": "0.20500", "2005-09-30": "0.21110", "2005-06-30": "0.27140", "2005-03-31": "0.27940"}, "Gross Margin": {"2020-09-30": "54.82560", "2020-06-30": "53.84910", "2020-03-31": "56.24550", "2019-12-31": "55.53370", "2019-09-30": "55.76520", "2019-06-30": "55.88480", "2019-03-31": "55.80070", "2018-12-31": "53.75540", "2018-09-30": "55.43880", "2018-06-30": "56.55690", "2018-03-31": "56.30190", "2017-12-31": "53.53880", "2017-09-30": "56.02230", "2017-06-30": "55.03870", "2017-03-31": "55.50320", "2016-12-31": "54.53400", "2016-09-30": "55.32300", "2016-06-30": "56.13760", "2016-03-31": "55.23050", "2015-12-31": "60.43740", "2015-09-30": "53.90920", "2015-06-30": "53.30430", "2015-03-31": "52.57420", "2014-12-31": "51.75550", "2014-09-30": "52.09790", "2014-06-30": "52.78830", "2014-03-31": "52.60690", "2013-12-31": "51.48770", "2013-09-30": "51.93080", "2013-06-30": "52.67550", "2013-03-31": "52.32520", "2012-12-31": "51.15970", "2012-09-30": "51.59100", "2012-06-30": "51.72940", "2012-03-31": "51.79320", "2011-12-31": "49.33840", "2011-09-30": "49.10450", "2011-06-30": "52.73980", "2011-03-31": "53.12100", "2010-12-31": "53.16680", "2010-09-30": "52.11840", "2010-06-30": "49.90180", "2010-03-31": "48.82960", "2009-12-31": "49.83550", "2009-09-30": "48.02270", "2009-06-30": "47.21220", "2009-03-31": "47.89690", "2008-12-31": "45.69830", "2008-09-30": "47.08490", "2008-06-30": "47.51370", "2008-03-31": "46.80670", "2007-12-31": "46.17800", "2007-09-30": "45.73940", "2007-06-30": "45.64220", "2007-03-31": "45.20370", "2006-12-31": "45.20650", "2006-09-30": "45.21930", "2006-06-30": "43.92400", "2006-03-31": "42.76280", "2005-12-31": "43.31650", "2005-09-30": "43.11850", "2005-06-30": "44.05220", "2005-03-31": "42.45380"}, "Operating Margin": {"2020-09-30": "18.48650", "2020-06-30": "15.94370", "2020-03-31": "16.06000", "2019-12-31": "19.75390", "2019-09-30": "17.73180", "2019-06-30": "18.26300", "2019-03-31": "17.05370", "2018-12-31": "24.37080", "2018-09-30": "17.11690", "2018-06-30": "17.41620", "2018-03-31": "15.82400", "2017-12-31": "22.83280", "2017-09-30": "16.76610", "2017-06-30": "15.00410", "2017-03-31": "14.67060", "2016-12-31": "15.55090", "2016-09-30": "16.91880", "2016-06-30": "16.74010", "2016-03-31": "15.62400", "2015-12-31": "-0.57640", "2015-09-30": "13.66670", "2015-06-30": "18.83800", "2015-03-31": "16.08410", "2014-12-31": "16.37930", "2014-09-30": "18.40200", "2014-06-30": "17.91640", "2014-03-31": "16.91940", "2013-12-31": "16.86070", "2013-09-30": "17.39950", "2013-06-30": "17.80690", "2013-03-31": "16.44430", "2012-12-31": "17.34810", "2012-09-30": "17.11700", "2012-06-30": "17.81710", "2012-03-31": "17.02660", "2011-12-31": "16.52090", "2011-09-30": "14.46660", "2011-06-30": "16.77610", "2011-03-31": "17.76480", "2010-12-31": "17.23980", "2010-09-30": "17.88370", "2010-06-30": "16.09250", "2010-03-31": "14.01490", "2009-12-31": "11.80380", "2009-09-30": "16.89020", "2009-06-30": "12.86450", "2009-03-31": "12.94720", "2008-12-31": "13.33700", "2008-09-30": "16.27530", "2008-06-30": "15.54450", "2008-03-31": "13.64280", "2007-12-31": "14.79610", "2007-09-30": "16.95010", "2007-06-30": "16.82780", "2007-03-31": "14.67730", "2006-12-31": "16.97380", "2006-09-30": "16.05260", "2006-06-30": "16.22640", "2006-03-31": "13.85810", "2005-12-31": "15.57900", "2005-09-30": "16.25740", "2005-06-30": "16.64510", "2005-03-31": "14.88740"}, "EBIT Margin": {"2020-09-30": "18.48650", "2020-06-30": "15.94370", "2020-03-31": "16.06000", "2019-12-31": "19.75390", "2019-09-30": "17.73180", "2019-06-30": "18.26300", "2019-03-31": "17.05370", "2018-12-31": "24.37080", "2018-09-30": "17.11690", "2018-06-30": "17.41620", "2018-03-31": "15.82400", "2017-12-31": "22.83280", "2017-09-30": "16.76610", "2017-06-30": "15.00410", "2017-03-31": "14.67060", "2016-12-31": "15.55090", "2016-09-30": "16.91880", "2016-06-30": "16.74010", "2016-03-31": "15.62400", "2015-12-31": "-0.57640", "2015-09-30": "13.66670", "2015-06-30": "18.83800", "2015-03-31": "16.08410", "2014-12-31": "16.37930", "2014-09-30": "18.40200", "2014-06-30": "17.91640", "2014-03-31": "16.91940", "2013-12-31": "16.86070", "2013-09-30": "17.39950", "2013-06-30": "17.80690", "2013-03-31": "16.44430", "2012-12-31": "17.34810", "2012-09-30": "17.11700", "2012-06-30": "17.81710", "2012-03-31": "17.02660", "2011-12-31": "16.52100", "2011-09-30": "14.46660", "2011-06-30": "16.77610", "2011-03-31": "17.76480", "2010-12-31": "17.23980", "2010-09-30": "17.88370", "2010-06-30": "16.09250", "2010-03-31": "14.01490", "2009-12-31": "11.80380", "2009-09-30": "16.89020", "2009-06-30": "12.86450", "2009-03-31": "12.94720", "2008-12-31": "13.33700", "2008-09-30": "16.27530", "2008-06-30": "15.54450", "2008-03-31": "13.64280", "2007-12-31": "14.79610", "2007-09-30": "16.95010", "2007-06-30": "16.82780", "2007-03-31": "14.67730", "2006-12-31": "16.97380", "2006-09-30": "16.05260", "2006-06-30": "16.22640", "2006-03-31": "13.85810", "2005-12-31": "15.57910", "2005-09-30": "16.25740", "2005-06-30": "16.64510", "2005-03-31": "14.88740"}, "EBITDA Margin": {"2020-09-30": "", "2020-06-30": "", "2020-03-31": "", "2019-12-31": "", "2019-09-30": "", "2019-06-30": "", "2019-03-31": "", "2018-12-31": "", "2018-09-30": "", "2018-06-30": "", "2018-03-31": "", "2017-12-31": "", "2017-09-30": "", "2017-06-30": "", "2017-03-31": "", "2016-12-31": "", "2016-09-30": "", "2016-06-30": "", "2016-03-31": "", "2015-12-31": "", "2015-09-30": "", "2015-06-30": "", "2015-03-31": "", "2014-12-31": "", "2014-09-30": "", "2014-06-30": "", "2014-03-31": "", "2013-12-31": "", "2013-09-30": "", "2013-06-30": "", "2013-03-31": "", "2012-12-31": "", "2012-09-30": "", "2012-06-30": "", "2012-03-31": "", "2011-12-31": "", "2011-09-30": "", "2011-06-30": "", "2011-03-31": "", "2010-12-31": "", "2010-09-30": "", "2010-06-30": "", "2010-03-31": "", "2009-12-31": "", "2009-09-30": "", "2009-06-30": "", "2009-03-31": "", "2008-12-31": "", "2008-09-30": "", "2008-06-30": "", "2008-03-31": "", "2007-12-31": "", "2007-09-30": "", "2007-06-30": "", "2007-03-31": "", "2006-12-31": "", "2006-09-30": "", "2006-06-30": "", "2006-03-31": "", "2005-12-31": "", "2005-09-30": "", "2005-06-30": "", "2005-03-31": ""}, "Pre-Tax Profit Margin": {"2020-09-30": "17.36300", "2020-06-30": "23.04720", "2020-03-31": "16.37310", "2019-12-31": "20.03740", "2019-09-30": "17.96710", "2019-06-30": "18.52180", "2019-03-31": "17.06080", "2018-12-31": "24.31120", "2018-09-30": "16.51110", "2018-06-30": "16.76570", "2018-03-31": "15.18720", "2017-12-31": "25.64620", "2017-09-30": "16.11680", "2017-06-30": "14.29680", "2017-03-31": "13.91450", "2016-12-31": "15.19100", "2016-09-30": "11.53650", "2016-06-30": "15.43180", "2016-03-31": "19.96890", "2015-12-31": "-3.97130", "2015-09-30": "12.92350", "2015-06-30": "18.29970", "2015-03-31": "15.50900", "2014-12-31": "17.80260", "2014-09-30": "18.66120", "2014-06-30": "17.70890", "2014-03-31": "16.32750", "2013-12-31": "20.10750", "2013-09-30": "16.67990", "2013-06-30": "17.00900", "2013-03-31": "20.75280", "2012-12-31": "16.55010", "2012-09-30": "16.24050", "2012-06-30": "17.00010", "2012-03-31": "16.12990", "2011-12-31": "15.73470", "2011-09-30": "12.78280", "2011-06-30": "15.97490", "2011-03-31": "16.90450", "2010-12-31": "16.46110", "2010-09-30": "26.34080", "2010-06-30": "15.22520", "2010-03-31": "13.06770", "2009-12-31": "10.59560", "2009-09-30": "15.79050", "2009-06-30": "11.73480", "2009-03-31": "12.05700", "2008-12-31": "12.66230", "2008-09-30": "15.36670", "2008-06-30": "14.55660", "2008-03-31": "12.41630", "2007-12-31": "13.83910", "2007-09-30": "16.04020", "2007-06-30": "15.95400", "2007-03-31": "13.65800", "2006-12-31": "16.02290", "2006-09-30": "14.99220", "2006-06-30": "15.65250", "2006-03-31": "13.48690", "2005-12-31": "15.28260", "2005-09-30": "15.94450", "2005-06-30": "16.37900", "2005-03-31": "14.22080"}, "Net Profit Margin": {"2020-09-30": "14.31870", "2020-06-30": "16.85170", "2020-03-31": "13.25090", "2019-12-31": "25.78880", "2019-09-30": "14.81040", "2019-06-30": "15.94330", "2019-03-31": "7.75560", "2018-12-31": "29.64670", "2018-09-30": "13.67580", "2018-06-30": "13.52740", "2018-03-31": "12.06710", "2017-12-31": "37.65610", "2017-09-30": "12.63420", "2017-06-30": "12.35670", "2017-03-31": "12.03370", "2016-12-31": "16.29470", "2016-09-30": "9.47700", "2016-06-30": "15.48130", "2016-03-31": "19.32670", "2015-12-31": "54.36600", "2015-09-30": "39.95500", "2015-06-30": "14.02560", "2015-03-31": "12.13710", "2014-12-31": "12.21480", "2014-09-30": "14.45900", "2014-06-30": "13.62720", "2014-03-31": "12.43270", "2013-12-31": "14.98660", "2013-09-30": "12.78620", "2013-06-30": "13.01950", "2013-03-31": "15.56690", "2012-12-31": "12.67090", "2012-09-30": "12.42670", "2012-06-30": "13.18110", "2012-03-31": "14.20000", "2011-12-31": "12.10080", "2011-09-30": "11.77360", "2011-06-30": "17.84340", "2011-03-31": "13.04170", "2010-12-31": "14.66180", "2010-09-30": "20.90100", "2010-06-30": "11.57680", "2010-03-31": "9.98170", "2009-12-31": "10.83060", "2009-09-30": "12.77360", "2009-06-30": "11.05970", "2009-03-31": "9.04620", "2008-12-31": "9.62330", "2008-09-30": "11.59510", "2008-06-30": "11.06760", "2008-03-31": "9.12900", "2007-12-31": "10.19440", "2007-09-30": "17.71130", "2007-06-30": "11.82250", "2007-03-31": "10.10440", "2006-12-31": "12.62480", "2006-09-30": "11.13020", "2006-06-30": "13.38530", "2006-03-31": "10.06310", "2005-12-31": "11.70410", "2005-09-30": "11.63670", "2005-06-30": "11.87480", "2005-03-31": "10.31000"}, "Asset Turnover": {"2020-09-30": "0.08070", "2020-06-30": "0.07430", "2020-03-31": "0.06300", "2019-12-31": "0.07840", "2019-09-30": "0.07120", "2019-06-30": "0.08340", "2019-03-31": "0.08150", "2018-12-31": "0.05270", "2018-09-30": "0.10170", "2018-06-30": "0.10370", "2018-03-31": "0.09960", "2017-12-31": "0.04880", "2017-09-30": "0.09880", "2017-06-30": "0.09880", "2017-03-31": "0.09300", "2016-12-31": "0.10120", "2016-09-30": "0.10010", "2016-06-30": "0.08240", "2016-03-31": "0.08110", "2015-12-31": "0.02630", "2015-09-30": "0.07070", "2015-06-30": "0.13410", "2015-03-31": "0.13010", "2014-12-31": "0.14640", "2014-09-30": "0.13250", "2014-06-30": "0.13920", "2014-03-31": "0.13310", "2013-12-31": "0.15190", "2013-09-30": "0.13850", "2013-06-30": "0.14310", "2013-03-31": "0.13690", "2012-12-31": "0.15100", "2012-09-30": "0.13980", "2012-06-30": "0.14610", "2012-03-31": "0.14190", "2011-12-31": "0.15750", "2011-09-30": "0.14520", "2011-06-30": "0.11540", "2011-03-31": "0.14290", "2010-12-31": "0.14550", "2010-09-30": "0.14390", "2010-06-30": "0.16020", "2010-03-31": "0.15130", "2009-12-31": "0.12580", "2009-09-30": "0.14360", "2009-06-30": "0.14590", "2009-03-31": "0.14870", "2008-12-31": "0.18160", "2008-09-30": "0.18210", "2008-06-30": "0.18250", "2008-03-31": "0.16970", "2007-12-31": "0.17980", "2007-09-30": "0.19830", "2007-06-30": "0.20020", "2007-03-31": "0.19270", "2006-12-31": "0.19930", "2006-09-30": "0.20030", "2006-06-30": "0.19730", "2006-03-31": "0.22920", "2005-12-31": "0.23470", "2005-09-30": "0.21790", "2005-06-30": "0.22250", "2005-03-31": "0.21180"}, "Inventory Turnover Ratio": {"2020-09-30": "1.09750", "2020-06-30": "0.94290", "2020-03-31": "0.73800", "2019-12-31": "1.32950", "2019-09-30": "0.95700", "2019-06-30": "0.95370", "2019-03-31": "0.91980", "2018-12-31": "0.71400", "2018-09-30": "1.06560", "2018-06-30": "1.09260", "2018-03-31": "1.05270", "2017-12-31": "0.57420", "2017-09-30": "1.05240", "2017-06-30": "1.13180", "2017-03-31": "1.06030", "2016-12-31": "1.21930", "2016-09-30": "1.07820", "2016-06-30": "0.83060", "2016-03-31": "0.78510", "2015-12-31": "0.31850", "2015-09-30": "0.69160", "2015-06-30": "1.21130", "2015-03-31": "1.17360", "2014-12-31": "1.46600", "2014-09-30": "1.20320", "2014-06-30": "1.23710", "2014-03-31": "1.18090", "2013-12-31": "1.43260", "2013-09-30": "1.14180", "2013-06-30": "1.17320", "2013-03-31": "1.13530", "2012-12-31": "1.34000", "2012-09-30": "1.13550", "2012-06-30": "1.18440", "2012-03-31": "1.10140", "2011-12-31": "1.34140", "2011-09-30": "1.14810", "2011-06-30": "0.83210", "2011-03-31": "1.20110", "2010-12-31": "1.29850", "2010-09-30": "1.18960", "2010-06-30": "1.30130", "2010-03-31": "1.29570", "2009-12-31": "1.24510", "2009-09-30": "1.33440", "2009-06-30": "1.32260", "2009-03-31": "1.20760", "2008-12-31": "1.51000", "2008-09-30": "1.33160", "2008-06-30": "1.32840", "2008-03-31": "1.24670", "2007-12-31": "1.41640", "2007-09-30": "1.37110", "2007-06-30": "1.36400", "2007-03-31": "1.31590", "2006-12-31": "1.42100", "2006-09-30": "1.29230", "2006-06-30": "1.30480", "2006-03-31": "1.38390", "2005-12-31": "1.47710", "2005-09-30": "1.27340", "2005-06-30": "1.43350", "2005-03-31": "1.40630"}, "Receiveable Turnover": {"2020-09-30": "1.68300", "2020-06-30": "1.56800", "2020-03-31": "1.26500", "2019-12-31": "1.52550", "2019-09-30": "1.26270", "2019-06-30": "1.27660", "2019-03-31": "1.23790", "2018-12-31": "0.83140", "2018-09-30": "1.46040", "2018-06-30": "1.51100", "2018-03-31": "1.43560", "2017-12-31": "0.64590", "2017-09-30": "1.39130", "2017-06-30": "1.40290", "2017-03-31": "1.38580", "2016-12-31": "1.43880", "2016-09-30": "1.34080", "2016-06-30": "1.06190", "2016-03-31": "1.01370", "2015-12-31": "0.42430", "2015-09-30": "0.89920", "2015-06-30": "1.39130", "2015-03-31": "1.36200", "2014-12-31": "1.57210", "2014-09-30": "1.34560", "2014-06-30": "1.36670", "2014-03-31": "1.34460", "2013-12-31": "1.52590", "2013-09-30": "1.38440", "2013-06-30": "1.44370", "2013-03-31": "1.42540", "2012-12-31": "1.52270", "2012-09-30": "1.47940", "2012-06-30": "1.47160", "2012-03-31": "1.44040", "2011-12-31": "1.54650", "2011-09-30": "1.47840", "2011-06-30": "1.17310", "2011-03-31": "1.48950", "2010-12-31": "1.54050", "2010-09-30": "1.52160", "2010-06-30": "1.58810", "2010-03-31": "1.51800", "2009-12-31": "1.28580", "2009-09-30": "1.49800", "2009-06-30": "1.52770", "2009-03-31": "1.53930", "2008-12-31": "1.67660", "2008-09-30": "1.52710", "2008-06-30": "1.56800", "2008-03-31": "1.44270", "2007-12-31": "1.58300", "2007-09-30": "1.49510", "2007-06-30": "1.51940", "2007-03-31": "1.49850", "2006-12-31": "1.54960", "2006-09-30": "1.50950", "2006-06-30": "1.50500", "2006-03-31": "1.54380", "2005-12-31": "1.52750", "2005-09-30": "1.44130", "2005-06-30": "1.63920", "2005-03-31": "1.56780"}, "Days Sales In Receivables": {"2020-09-30": "53.47650", "2020-06-30": "57.39720", "2020-03-31": "71.14660", "2019-12-31": "58.99800", "2019-09-30": "71.27430", "2019-06-30": "70.50150", "2019-03-31": "72.70460", "2018-12-31": "108.25010", "2018-09-30": "61.62640", "2018-06-30": "59.56520", "2018-03-31": "62.69180", "2017-12-31": "139.33620", "2017-09-30": "64.68660", "2017-06-30": "64.15200", "2017-03-31": "64.94540", "2016-12-31": "62.55020", "2016-09-30": "67.12370", "2016-06-30": "84.75730", "2016-03-31": "88.78670", "2015-12-31": "212.11040", "2015-09-30": "100.09370", "2015-06-30": "64.68850", "2015-03-31": "66.07900", "2014-12-31": "57.24770", "2014-09-30": "66.88390", "2014-06-30": "65.85180", "2014-03-31": "66.93200", "2013-12-31": "58.98270", "2013-09-30": "65.01100", "2013-06-30": "62.33790", "2013-03-31": "63.14190", "2012-12-31": "59.10460", "2012-09-30": "60.83690", "2012-06-30": "61.15790", "2012-03-31": "62.48110", "2011-12-31": "58.19630", "2011-09-30": "60.87730", "2011-06-30": "76.72100", "2011-03-31": "60.42170", "2010-12-31": "58.42300", "2010-09-30": "59.14940", "2010-06-30": "56.67200", "2010-03-31": "59.28760", "2009-12-31": "69.99610", "2009-09-30": "60.08050", "2009-06-30": "58.91300", "2009-03-31": "58.46920", "2008-12-31": "53.67930", "2008-09-30": "58.93420", "2008-06-30": "57.39790", "2008-03-31": "62.38480", "2007-12-31": "56.85590", "2007-09-30": "60.19580", "2007-06-30": "59.23390", "2007-03-31": "60.06200", "2006-12-31": "58.08010", "2006-09-30": "59.62320", "2006-06-30": "59.80130", "2006-03-31": "58.29760", "2005-12-31": "58.91860", "2005-09-30": "62.44420", "2005-06-30": "54.90560", "2005-03-31": "57.40610"}, "ROE - Return On Equity": {"2020-09-30": "2.54580", "2020-06-30": "2.80960", "2020-03-31": "2.01960", "2019-12-31": "2.76440", "2019-09-30": "1.99610", "2019-06-30": "2.20950", "2019-03-31": "1.10880", "2018-12-31": "1.77920", "2018-09-30": "2.39730", "2018-06-30": "2.47500", "2018-03-31": "2.08300", "2017-12-31": "2.12000", "2017-09-30": "2.25410", "2017-06-30": "2.26590", "2017-03-31": "2.03350", "2016-12-31": "3.23700", "2016-09-30": "1.73050", "2016-06-30": "1.66400", "2016-03-31": "2.38350", "2015-12-31": "0.39260", "2015-09-30": "1.63860", "2015-06-30": "2.96000", "2015-03-31": "2.38560", "2014-12-31": "2.82180", "2014-09-30": "2.86140", "2014-06-30": "2.84330", "2014-03-31": "2.51730", "2013-12-31": "3.51560", "2013-09-30": "2.79350", "2013-06-30": "3.02880", "2013-03-31": "3.50340", "2012-12-31": "3.30330", "2012-09-30": "2.89510", "2012-06-30": "3.26770", "2012-03-31": "2.90650", "2011-12-31": "3.32060", "2011-09-30": "3.11200", "2011-06-30": "2.65500", "2011-03-31": "2.83060", "2010-12-31": "3.11870", "2010-09-30": "4.81180", "2010-06-30": "3.00320", "2010-03-31": "2.46980", "2009-12-31": "1.73920", "2009-09-30": "3.13420", "2009-06-30": "2.78890", "2009-03-31": "2.37640", "2008-12-31": "3.11650", "2008-09-30": "3.65690", "2008-06-30": "3.60770", "2008-03-31": "2.88790", "2007-12-31": "3.52450", "2007-09-30": "4.15360", "2007-06-30": "4.19490", "2007-03-31": "3.57070", "2006-12-31": "4.74050", "2006-09-30": "4.29130", "2006-06-30": "5.36770", "2006-03-31": "4.01390", "2005-12-31": "4.71450", "2005-09-30": "4.58180", "2005-06-30": "4.76990", "2005-03-31": "3.97250"}, "Return On Tangible Equity": {"2020-09-30": "-5.15120", "2020-06-30": "-5.32970", "2020-03-31": "-2.81080", "2019-12-31": "-36.36660", "2019-09-30": "-17.16140", "2019-06-30": "-12.79750", "2019-03-31": "-5.56190", "2018-12-31": "-10.83120", "2018-09-30": "-6.52980", "2018-06-30": "-6.19420", "2018-03-31": "-5.77160", "2017-12-31": "-5.35550", "2017-09-30": "-5.15570", "2017-06-30": "-4.77210", "2017-03-31": "-4.01800", "2016-12-31": "-5.94360", "2016-09-30": "-4.66820", "2016-06-30": "-3.68560", "2016-03-31": "-4.81260", "2015-12-31": "-1.19670", "2015-09-30": "-2.78610", "2015-06-30": "512.53010", "2015-03-31": "-82.15560", "2014-12-31": "92.27450", "2014-09-30": "42.12060", "2014-06-30": "66.22270", "2014-03-31": "86.79440", "2013-12-31": "476.92400", "2013-09-30": "-59.81360", "2013-06-30": "-45.15040", "2013-03-31": "-39.34380", "2012-12-31": "-23.15860", "2012-09-30": "-24.85160", "2012-06-30": "-21.93370", "2012-03-31": "-20.44060", "2011-12-31": "-16.85960", "2011-09-30": "-13.18670", "2011-06-30": "-9.99830", "2011-03-31": "167.18350", "2010-12-31": "602.49660", "2010-09-30": "-168.63890", "2010-06-30": "-33.66670", "2010-03-31": "-20.14360", "2009-12-31": "-23.98750", "2009-09-30": "-35.96960", "2009-06-30": "-22.90870", "2009-03-31": "-14.90350", "2008-12-31": "-15.90920", "2008-09-30": "-21.63860", "2008-06-30": "-17.41390", "2008-03-31": "-11.09890", "2007-12-31": "-11.77170", "2007-09-30": "-29.66510", "2007-06-30": "-23.55520", "2007-03-31": "-16.21920", "2006-12-31": "-19.51720", "2006-09-30": "-16.60030", "2006-06-30": "-17.70410", "2006-03-31": "-312.27380", "2005-12-31": "-104.68750", "2005-09-30": "-68.62330", "2005-06-30": "3489.05000", "2005-03-31": "-151.17470"}, "ROA - Return On Assets": {"2020-09-30": "1.21210", "2020-06-30": "1.30110", "2020-03-31": "0.86330", "2019-12-31": "1.27720", "2019-09-30": "1.02500", "2019-06-30": "1.26850", "2019-03-31": "0.64180", "2018-12-31": "1.04990", "2018-09-30": "1.39080", "2018-06-30": "1.40210", "2018-03-31": "1.20180", "2017-12-31": "1.19830", "2017-09-30": "1.24770", "2017-06-30": "1.22090", "2017-03-31": "1.06930", "2016-12-31": "1.64920", "2016-09-30": "0.97490", "2016-06-30": "0.81160", "2016-03-31": "1.21070", "2015-12-31": "0.19350", "2015-09-30": "0.76430", "2015-06-30": "1.93450", "2015-03-31": "1.54690", "2014-12-31": "1.78880", "2014-09-30": "1.91720", "2014-06-30": "1.89720", "2014-03-31": "1.65430", "2013-12-31": "2.27650", "2013-09-30": "1.77040", "2013-06-30": "1.86290", "2013-03-31": "2.13090", "2012-12-31": "1.91370", "2012-09-30": "1.73720", "2012-06-30": "1.92550", "2012-03-31": "1.70930", "2011-12-31": "1.88170", "2011-09-30": "1.68330", "2011-06-30": "1.39480", "2011-03-31": "1.80930", "2010-12-31": "1.93330", "2010-09-30": "2.94820", "2010-06-30": "1.80350", "2010-03-31": "1.47250", "2009-12-31": "1.03230", "2009-09-30": "1.83370", "2009-06-30": "1.61380", "2009-03-31": "1.34500", "2008-12-31": "1.74780", "2008-09-30": "2.11110", "2008-06-30": "2.01980", "2008-03-31": "1.54880", "2007-12-31": "1.83280", "2007-09-30": "2.42830", "2007-06-30": "2.34020", "2007-03-31": "1.92250", "2006-12-31": "2.44860", "2006-09-30": "2.19570", "2006-06-30": "2.64030", "2006-03-31": "2.30610", "2005-12-31": "2.61390", "2005-09-30": "2.53600", "2005-06-30": "2.64270", "2005-03-31": "2.18330"}, "ROI - Return On Investment": {"2020-09-30": "1.47800", "2020-06-30": "1.58130", "2020-03-31": "1.10610", "2019-12-31": "1.53070", "2019-09-30": "1.26820", "2019-06-30": "1.59690", "2019-03-31": "0.81000", "2018-12-31": "1.32450", "2018-09-30": "1.73550", "2018-06-30": "1.75610", "2018-03-31": "1.50640", "2017-12-31": "1.52340", "2017-09-30": "1.58440", "2017-06-30": "1.54730", "2017-03-31": "1.44330", "2016-12-31": "2.28080", "2016-09-30": "1.30850", "2016-06-30": "1.12580", "2016-03-31": "1.59310", "2015-12-31": "0.26070", "2015-09-30": "1.09460", "2015-06-30": "2.62810", "2015-03-31": "2.11010", "2014-12-31": "2.46430", "2014-09-30": "2.54460", "2014-06-30": "2.52300", "2014-03-31": "2.19150", "2013-12-31": "3.04890", "2013-09-30": "2.40570", "2013-06-30": "2.52110", "2013-03-31": "2.86460", "2012-12-31": "2.58660", "2012-09-30": "2.32380", "2012-06-30": "2.58540", "2012-03-31": "2.28530", "2011-12-31": "2.54100", "2011-09-30": "2.30340", "2011-06-30": "1.90440", "2011-03-31": "2.39640", "2010-12-31": "2.59430", "2010-09-30": "3.96270", "2010-06-30": "2.44460", "2010-03-31": "1.99480", "2009-12-31": "1.39320", "2009-09-30": "2.49020", "2009-06-30": "2.19590", "2009-03-31": "1.85080", "2008-12-31": "2.47280", "2008-09-30": "2.96090", "2008-06-30": "2.83630", "2008-03-31": "2.16380", "2007-12-31": "2.56560", "2007-09-30": "3.35160", "2007-06-30": "3.24970", "2007-03-31": "2.69350", "2006-12-31": "3.47380", "2006-09-30": "3.13770", "2006-06-30": "3.81600", "2006-03-31": "3.45800", "2005-12-31": "4.03350", "2005-09-30": "3.85880", "2005-06-30": "3.99490", "2005-03-31": "3.32230"}, "Book Value Per Share": {"2020-09-30": "53.45980", "2020-06-30": "51.14620", "2020-03-31": "44.57160", "2019-12-31": "43.53980", "2019-09-30": "46.22060", "2019-06-30": "44.90900", "2019-03-31": "44.10270", "2018-12-31": "40.23760", "2018-09-30": "39.50510", "2018-06-30": "38.90870", "2018-03-31": "38.94320", "2017-12-31": "37.85210", "2017-09-30": "36.49260", "2017-06-30": "35.40410", "2017-03-31": "34.27620", "2016-12-31": "33.33830", "2016-09-30": "33.63850", "2016-06-30": "36.37990", "2016-03-31": "35.69140", "2015-12-31": "34.60110", "2015-09-30": "33.83510", "2015-06-30": "35.36570", "2015-03-31": "33.05980", "2014-12-31": "33.29520", "2014-09-30": "33.88410", "2014-06-30": "33.95100", "2014-03-31": "32.92030", "2013-12-31": "32.16070", "2013-09-30": "30.65230", "2013-06-30": "29.27760", "2013-03-31": "28.51020", "2012-12-31": "27.75840", "2012-09-30": "27.36120", "2012-06-30": "26.41490", "2012-03-31": "25.82620", "2011-12-31": "24.67910", "2011-09-30": "24.13090", "2011-06-30": "24.14910", "2011-03-31": "22.17240", "2010-12-31": "20.98360", "2010-09-30": "20.14200", "2010-06-30": "18.47620", "2010-03-31": "18.25550", "2009-12-31": "18.01820", "2009-09-30": "17.44910", "2009-06-30": "16.58000", "2009-03-31": "15.69120", "2008-12-31": "15.40390", "2008-09-30": "15.91350", "2008-06-30": "15.79340", "2008-03-31": "15.03400", "2007-12-31": "14.28640", "2007-09-30": "12.97270", "2007-06-30": "11.89910", "2007-03-31": "11.39510", "2006-12-31": "10.77830", "2006-09-30": "9.99250", "2006-06-30": "9.53390", "2006-03-31": "8.77010", "2005-12-31": "8.31290", "2005-09-30": "8.10480", "2005-06-30": "7.77920", "2005-03-31": "7.66320"}, "Operating Cash Flow Per Share": {"2020-09-30": 2.3519, "2020-06-30": 1.9954, "2020-03-31": "1.15690", "2019-12-31": 1.552, "2019-09-30": 1.3191, "2019-06-30": 1.5968, "2019-03-31": "0.97880", "2018-12-31": 1.7448, "2018-09-30": 1.2899, "2018-06-30": 1.4602, "2018-03-31": "1.16830", "2017-12-31": 1.1795, "2017-09-30": 1.5192, "2017-06-30": 1.4329, "2017-03-31": "0.79380", "2016-12-31": 0.9362, "2016-09-30": 1.1566, "2016-06-30": 1.8312, "2016-03-31": "1.10860", "2015-12-31": 1.6875, "2015-09-30": 1.4306, "2015-06-30": 1.5194, "2015-03-31": "0.72850", "2014-12-31": 1.7203, "2014-09-30": 1.417, "2014-06-30": 1.385, "2014-03-31": "0.71520", "2013-12-31": 1.5011, "2013-09-30": 1.3581, "2013-06-30": 1.2651, "2013-03-31": "0.89850", "2012-12-31": 1.1256, "2012-09-30": 1.3496, "2012-06-30": 1.41, "2012-03-31": "0.90380", "2011-12-31": 1.2129, "2011-09-30": 0.9501, "2011-06-30": 0.9483, "2011-03-31": "0.63410", "2010-12-31": 0.8395, "2010-09-30": 0.8454, "2010-06-30": 0.7865, "2010-03-31": "0.57910", "2009-12-31": 0.7408, "2009-09-30": 0.7419, "2009-06-30": 0.7244, "2009-03-31": "0.47480", "2008-12-31": 0.767, "2008-09-30": 0.6412, "2008-06-30": 0.8635, "2008-03-31": "0.49580", "2007-12-31": 0.8605, "2007-09-30": 0.582, "2007-06-30": 0.5629, "2007-03-31": "0.49230", "2006-12-31": 0.7145, "2006-09-30": 0.6584, "2006-06-30": 0.4853, "2006-03-31": "0.52030", "2005-12-31": 0.4621, "2005-09-30": 0.4687, "2005-06-30": 0.4308, "2005-03-31": "0.47360"}, "Free Cash Flow Per Share": {"2020-09-30": 2.0975, "2020-06-30": 1.7821, "2020-03-31": "0.97050", "2019-12-31": 1.3025, "2019-09-30": 1.0986, "2019-06-30": 1.4027, "2019-03-31": "0.78460", "2018-12-31": 1.5509, "2018-09-30": 1.0803, "2018-06-30": 1.2448, "2018-03-31": "0.97450", "2017-12-31": 1.0033, "2017-09-30": 1.3252, "2017-06-30": 1.2646, "2017-03-31": "0.57010", "2016-12-31": 0.6993, "2016-09-30": 0.9489, "2016-06-30": 1.6232, "2016-03-31": "0.93270", "2015-12-31": 1.552, "2015-09-30": 1.2792, "2015-06-30": 1.3304, "2015-03-31": "0.56570", "2014-12-31": 1.6432, "2014-09-30": 1.2348, "2014-06-30": 1.1789, "2014-03-31": "0.53200", "2013-12-31": 1.2977, "2013-09-30": 1.1635, "2013-06-30": 1.0735, "2013-03-31": "0.73430", "2012-12-31": 0.9499, "2012-09-30": 1.2023, "2012-06-30": 1.2553, "2012-03-31": "0.73880", "2011-12-31": 1.0238, "2011-09-30": 0.8086, "2011-06-30": 0.8657, "2011-03-31": "0.57030", "2010-12-31": 0.7663, "2010-09-30": 0.771, "2010-06-30": 0.7111, "2010-03-31": "0.52480", "2009-12-31": 0.6535, "2009-09-30": 0.6976, "2009-06-30": 0.6563, "2009-03-31": "0.42070", "2008-12-31": 0.654, "2008-09-30": 0.5913, "2008-06-30": 0.7972, "2008-03-31": "0.43820", "2007-12-31": 0.7692, "2007-09-30": 0.5393, "2007-06-30": 0.5217, "2007-03-31": "0.44510", "2006-12-31": 0.6594, "2006-09-30": 0.6059, "2006-06-30": 0.4401, "2006-03-31": "0.47880", "2005-12-31": 0.4173, "2005-09-30": 0.4325, "2005-06-30": 0.3876, "2005-03-31": "0.44390"}}, "revenue": {"Danaher Annual Revenue (Millions of US $)": {"2020": "$22,284", "2019": "$17,911", "2018": "$17,049", "2017": "$15,519", "2016": "$16,882", "2015": "$14,434", "2014": "$12,867", "2013": "$18,283", "2012": "$18,260", "2011": "$16,091", "2010": "$12,550", "2009": "$10,517", "2008": "$12,697", "2007": "$11,026", "2006": "$9,466", "2005": "$7,871"}, "Danaher Quarterly Revenue (Millions of US $)": {"2020-12-31": "$6,760", "2020-09-30": "$5,883", "2020-06-30": "$5,297", "2020-03-31": "$4,343", "2019-12-31": "$4,868", "2019-09-30": "$4,378", "2019-06-30": "$4,445", "2019-03-31": "$4,220", "2018-12-31": "$2,519", "2018-09-30": "$4,853", "2018-06-30": "$4,981", "2018-03-31": "$4,695", "2017-12-31": "$2,275", "2017-09-30": "$4,528", "2017-06-30": "$4,510", "2017-03-31": "$4,206", "2016-12-31": "$4,584", "2016-09-30": "$4,132", "2016-06-30": "$4,242", "2016-03-31": "$3,924", "2015-12-31": "$1,267", "2015-09-30": "$3,512", "2015-06-30": "$4,960", "2015-03-31": "$4,695", "2014-12-31": "$5,417", "2014-09-30": "$4,707", "2014-06-30": "$4,964", "2014-03-31": "$4,663", "2013-12-31": "$5,267", "2013-09-30": "$4,669", "2013-06-30": "$4,738", "2013-03-31": "$4,445", "2012-12-31": "$4,975", "2012-09-30": "$4,416", "2012-06-30": "$4,554", "2012-03-31": "$4,316", "2011-12-31": "$4,717", "2011-09-30": "$4,446", "2011-06-30": "$3,636", "2011-03-31": "$3,292", "2010-12-31": "$3,232", "2010-09-30": "$3,093", "2010-06-30": "$3,217", "2010-03-31": "$3,008", "2009-12-31": "$2,465", "2009-09-30": "$2,751", "2009-06-30": "$2,674", "2009-03-31": "$2,628", "2008-12-31": "$3,177", "2008-09-30": "$3,208", "2008-06-30": "$3,284", "2008-03-31": "$3,029", "2007-12-31": "$3,141", "2007-09-30": "$2,731", "2007-06-30": "$2,632", "2007-03-31": "$2,522", "2006-12-31": "$2,564", "2006-09-30": "$2,408", "2006-06-30": "$2,350", "2006-03-31": "$2,144", "2005-12-31": "$2,151", "2005-09-30": "$1,966", "2005-06-30": "$1,929", "2005-03-31": "$1,826"}}, "gross-profit": {"Danaher Annual Gross Profit (Millions of US $)": {"2020": "$12,475", "2019": "$9,984", "2018": "$9,505", "2017": "$8,571", "2016": "$9,335", "2015": "$7,771", "2014": "$6,850", "2013": "$9,342", "2012": "$9,414", "2011": "$8,177", "2010": "$6,405", "2009": "$5,070", "2008": "$5,940", "2007": "$5,041", "2006": "$4,197", "2005": "$3,404"}, "Danaher Quarterly Gross Profit (Millions of US $)": {"2020-12-31": "$3,954", "2020-09-30": "$3,226", "2020-06-30": "$2,853", "2020-03-31": "$2,443", "2019-12-31": "$2,704", "2019-09-30": "$2,441", "2019-06-30": "$2,484", "2019-03-31": "$2,355", "2018-12-31": "$1,354", "2018-09-30": "$2,691", "2018-06-30": "$2,817", "2018-03-31": "$2,644", "2017-12-31": "$1,218", "2017-09-30": "$2,537", "2017-06-30": "$2,482", "2017-03-31": "$2,334", "2016-12-31": "$2,500", "2016-09-30": "$2,286", "2016-06-30": "$2,381", "2016-03-31": "$2,167", "2015-12-31": "$766", "2015-09-30": "$1,893", "2015-06-30": "$2,644", "2015-03-31": "$2,468", "2014-12-31": "$2,804", "2014-09-30": "$2,452", "2014-06-30": "$2,620", "2014-03-31": "$2,453", "2013-12-31": "$2,712", "2013-09-30": "$2,425", "2013-06-30": "$2,496", "2013-03-31": "$2,326", "2012-12-31": "$2,545", "2012-09-30": "$2,278", "2012-06-30": "$2,356", "2012-03-31": "$2,236", "2011-12-31": "$2,327", "2011-09-30": "$2,183", "2011-06-30": "$1,918", "2011-03-31": "$1,749", "2010-12-31": "$1,718", "2010-09-30": "$1,612", "2010-06-30": "$1,606", "2010-03-31": "$1,469", "2009-12-31": "$1,228", "2009-09-30": "$1,321", "2009-06-30": "$1,262", "2009-03-31": "$1,259", "2008-12-31": "$1,452", "2008-09-30": "$1,511", "2008-06-30": "$1,560", "2008-03-31": "$1,418", "2007-12-31": "$1,451", "2007-09-30": "$1,249", "2007-06-30": "$1,201", "2007-03-31": "$1,140", "2006-12-31": "$1,159", "2006-09-30": "$1,089", "2006-06-30": "$1,032", "2006-03-31": "$917", "2005-12-31": "$932", "2005-09-30": "$848", "2005-06-30": "$850", "2005-03-31": "$775"}}, "operating-income": {"Danaher Annual Operating Income (Millions of US $)": {"2020": "$4,231", "2019": "$3,269", "2018": "$3,055", "2017": "$2,572", "2016": "$2,735", "2015": "$2,162", "2014": "$2,045", "2013": "$3,121", "2012": "$3,165", "2011": "$2,617", "2010": "$2,050", "2009": "$1,440", "2008": "$1,869", "2007": "$1,741", "2006": "$1,500", "2005": "$1,248"}, "Danaher Quarterly Operating Income (Millions of US $)": {"2020-12-31": "$1,601", "2020-09-30": "$1,088", "2020-06-30": "$845", "2020-03-31": "$698", "2019-12-31": "$962", "2019-09-30": "$776", "2019-06-30": "$812", "2019-03-31": "$720", "2018-12-31": "$614", "2018-09-30": "$831", "2018-06-30": "$868", "2018-03-31": "$743", "2017-12-31": "$519", "2017-09-30": "$759", "2017-06-30": "$677", "2017-03-31": "$617", "2016-12-31": "$713", "2016-09-30": "$699", "2016-06-30": "$710", "2016-03-31": "$613", "2015-12-31": "$-7", "2015-09-30": "$480", "2015-06-30": "$934", "2015-03-31": "$755", "2014-12-31": "$887", "2014-09-30": "$866", "2014-06-30": "$889", "2014-03-31": "$789", "2013-12-31": "$888", "2013-09-30": "$812", "2013-06-30": "$844", "2013-03-31": "$731", "2012-12-31": "$863", "2012-09-30": "$756", "2012-06-30": "$811", "2012-03-31": "$735", "2011-12-31": "$779", "2011-09-30": "$643", "2011-06-30": "$610", "2011-03-31": "$585", "2010-12-31": "$557", "2010-09-30": "$553", "2010-06-30": "$518", "2010-03-31": "$422", "2009-12-31": "$291", "2009-09-30": "$465", "2009-06-30": "$344", "2009-03-31": "$340", "2008-12-31": "$424", "2008-09-30": "$522", "2008-06-30": "$510", "2008-03-31": "$413", "2007-12-31": "$465", "2007-09-30": "$463", "2007-06-30": "$443", "2007-03-31": "$370", "2006-12-31": "$435", "2006-09-30": "$387", "2006-06-30": "$381", "2006-03-31": "$297", "2005-12-31": "$335", "2005-09-30": "$320", "2005-06-30": "$321", "2005-03-31": "$272"}}, "ebitda": {"Danaher Annual EBITDA (Millions of US $)": {"2019": "$4,459", "2018": "$4,233", "2017": "$3,689", "2016": "$3,863", "2015": "$3,043", "2014": "$2,763", "2013": "$3,971", "2012": "$4,005", "2011": "$3,252", "2010": "$2,438", "2009": "$1,771", "2008": "$2,209", "2007": "$2,009", "2006": "$1,716", "2005": "$1,423"}, "Danaher Quarterly EBITDA (Millions of US $)": {"2020-09-30": "$1,996", "2020-06-30": "$1,322", "2020-03-31": "$995", "2019-12-31": "$1,261", "2019-09-30": "$1,072", "2019-06-30": "$1,110", "2019-03-31": "$1,016", "2018-12-31": "$815", "2018-09-30": "$1,152", "2018-06-30": "$1,202", "2018-03-31": "$1,064", "2017-12-31": "$716", "2017-09-30": "$1,071", "2017-06-30": "$980", "2017-03-31": "$923", "2016-12-31": "$1,019", "2016-09-30": "$976", "2016-06-30": "$988", "2016-03-31": "$881", "2015-12-31": "$265", "2015-09-30": "$616", "2015-06-30": "$1,171", "2015-03-31": "$991", "2014-12-31": "$941", "2014-09-30": "$1,071", "2014-06-30": "$1,125", "2014-03-31": "$1,014", "2013-12-31": "$1,077", "2013-09-30": "$1,038", "2013-06-30": "$1,063", "2013-03-31": "$948", "2012-12-31": "$1,083", "2012-09-30": "$966", "2012-06-30": "$1,019", "2012-03-31": "$937", "2011-12-31": "$983", "2011-09-30": "$851", "2011-06-30": "$729", "2011-03-31": "$689", "2010-12-31": "$659", "2010-09-30": "$649", "2010-06-30": "$615", "2010-03-31": "$515", "2009-12-31": "$370", "2009-09-30": "$550", "2009-06-30": "$430", "2009-03-31": "$421", "2008-12-31": "$508", "2008-09-30": "$607", "2008-06-30": "$594", "2008-03-31": "$500", "2007-12-31": "$543", "2007-09-30": "$527", "2007-06-30": "$506", "2007-03-31": "$433", "2006-12-31": "$498", "2006-09-30": "$441", "2006-06-30": "$433", "2006-03-31": "$343", "2005-12-31": "$377", "2005-09-30": "$363", "2005-06-30": "$365", "2005-03-31": "$318"}}, "net-income": {"Danaher Annual Net Income (Millions of US $)": {"2020": "$3,510", "2019": "$2,940", "2018": "$2,651", "2017": "$2,492", "2016": "$2,554", "2015": "$3,357", "2014": "$2,598", "2013": "$2,695", "2012": "$2,392", "2011": "$2,172", "2010": "$1,793", "2009": "$1,152", "2008": "$1,318", "2007": "$1,370", "2006": "$1,122", "2005": "$898"}, "Danaher Quarterly Net Income (Millions of US $)": {"2020-12-31": "$1,200", "2020-09-30": "$842", "2020-06-30": "$893", "2020-03-31": "$576", "2019-12-31": "$1,256", "2019-09-30": "$648", "2019-06-30": "$709", "2019-03-31": "$327", "2018-12-31": "$747", "2018-09-30": "$664", "2018-06-30": "$674", "2018-03-31": "$567", "2017-12-31": "$857", "2017-09-30": "$572", "2017-06-30": "$557", "2017-03-31": "$506", "2016-12-31": "$747", "2016-09-30": "$392", "2016-06-30": "$657", "2016-03-31": "$758", "2015-12-31": "$689", "2015-09-30": "$1,403", "2015-06-30": "$696", "2015-03-31": "$570", "2014-12-31": "$662", "2014-09-30": "$681", "2014-06-30": "$676", "2014-03-31": "$580", "2013-12-31": "$789", "2013-09-30": "$597", "2013-06-30": "$617", "2013-03-31": "$692", "2012-12-31": "$630", "2012-09-30": "$549", "2012-06-30": "$600", "2012-03-31": "$613", "2011-12-31": "$571", "2011-09-30": "$523", "2011-06-30": "$649", "2011-03-31": "$429", "2010-12-31": "$474", "2010-09-30": "$646", "2010-06-30": "$372", "2010-03-31": "$300", "2009-12-31": "$267", "2009-09-30": "$351", "2009-06-30": "$296", "2009-03-31": "$238", "2008-12-31": "$306", "2008-09-30": "$372", "2008-06-30": "$363", "2008-03-31": "$277", "2007-12-31": "$320", "2007-09-30": "$484", "2007-06-30": "$311", "2007-03-31": "$255", "2006-12-31": "$324", "2006-09-30": "$268", "2006-06-30": "$315", "2006-03-31": "$216", "2005-12-31": "$252", "2005-09-30": "$229", "2005-06-30": "$229", "2005-03-31": "$188"}}, "eps-earnings-per-share-diluted": {"Danaher Annual EPS": {"2020": "$4.89", "2019": "$4.05", "2018": "$3.74", "2017": "$3.53", "2016": "$3.65", "2015": "$4.74", "2014": "$3.63", "2013": "$3.80", "2012": "$3.36", "2011": "$3.11", "2010": "$2.64", "2009": "$1.73", "2008": "$1.98", "2007": "$2.10", "2006": "$1.74", "2005": "$1.38"}, "Danaher Quarterly EPS": {"2020-12-31": "$1.66", "2020-09-30": "$1.16", "2020-06-30": "$1.24", "2020-03-31": "$0.81", "2019-12-31": "$1.73", "2019-09-30": "$0.89", "2019-06-30": "$0.97", "2019-03-31": "$0.46", "2018-12-31": "$1.06", "2018-09-30": "$0.93", "2018-06-30": "$0.95", "2018-03-31": "$0.80", "2017-12-31": "$1.21", "2017-09-30": "$0.81", "2017-06-30": "$0.79", "2017-03-31": "$0.72", "2016-12-31": "$1.06", "2016-09-30": "$0.56", "2016-06-30": "$0.94", "2016-03-31": "$1.09", "2015-12-31": "$0.97", "2015-09-30": "$2.01", "2015-06-30": "$0.97", "2015-03-31": "$0.79", "2014-12-31": "$0.92", "2014-09-30": "$0.95", "2014-06-30": "$0.95", "2014-03-31": "$0.81", "2013-12-31": "$1.11", "2013-09-30": "$0.84", "2013-06-30": "$0.87", "2013-03-31": "$0.98", "2012-12-31": "$0.89", "2012-09-30": "$0.77", "2012-06-30": "$0.84", "2012-03-31": "$0.86", "2011-12-31": "$0.80", "2011-09-30": "$0.74", "2011-06-30": "$0.94", "2011-03-31": "$0.63", "2010-12-31": "$0.69", "2010-09-30": "$0.95", "2010-06-30": "$0.55", "2010-03-31": "$0.45", "2009-12-31": "$0.40", "2009-09-30": "$0.53", "2009-06-30": "$0.44", "2009-03-31": "$0.36", "2008-12-31": "$0.47", "2008-09-30": "$0.56", "2008-06-30": "$0.55", "2008-03-31": "$0.42", "2007-12-31": "$0.49", "2007-09-30": "$0.74", "2007-06-30": "$0.48", "2007-03-31": "$0.39", "2006-12-31": "$0.50", "2006-09-30": "$0.42", "2006-06-30": "$0.49", "2006-03-31": "$0.34", "2005-12-31": "$0.39", "2005-09-30": "$0.35", "2005-06-30": "$0.35", "2005-03-31": "$0.29"}}, "shares-outstanding": {"Danaher Annual Shares Outstanding (Millions of Shares)": {"2020": "719", "2019": "726", "2018": "710", "2017": "706", "2016": "700", "2015": "709", "2014": "716", "2013": "711", "2012": "713", "2011": "701", "2010": "683", "2009": "671", "2008": "672", "2007": "659", "2006": "651", "2005": "656"}, "Danaher Quarterly Shares Outstanding (Millions of Shares)": {"2020-12-31": "725", "2020-09-30": "724", "2020-06-30": "718", "2020-03-31": "708", "2019-12-31": "726", "2019-09-30": "729", "2019-06-30": "728", "2019-03-31": "719", "2018-12-31": "710", "2018-09-30": "711", "2018-06-30": "710", "2018-03-31": "710", "2017-12-31": "706", "2017-09-30": "706", "2017-06-30": "705", "2017-03-31": "706", "2016-12-31": "700", "2016-09-30": "701", "2016-06-30": "699", "2016-03-31": "697", "2015-12-31": "709", "2015-09-30": "699", "2015-06-30": "720", "2015-03-31": "719", "2014-12-31": "718", "2014-09-30": "716", "2014-06-30": "716", "2014-03-31": "715", "2013-12-31": "714", "2013-09-30": "712", "2013-06-30": "710", "2013-03-31": "708", "2012-12-31": "713", "2012-09-30": "714", "2012-06-30": "715", "2012-03-31": "714", "2011-12-31": "701", "2011-09-30": "710", "2011-06-30": "695", "2011-03-31": "688", "2010-12-31": "683", "2010-09-30": "683", "2010-06-30": "682", "2010-03-31": "680", "2009-12-31": "671", "2009-09-30": "673", "2009-06-30": "669", "2009-03-31": "667", "2008-12-31": "672", "2008-09-30": "675", "2008-06-30": "673", "2008-03-31": "672", "2007-12-31": "659", "2007-09-30": "656", "2007-06-30": "655", "2007-03-31": "656", "2006-12-31": "651", "2006-09-30": "651", "2006-06-30": "648", "2006-03-31": "648", "2005-12-31": "656", "2005-09-30": "657", "2005-06-30": "657", "2005-03-31": "659"}}, "total-assets": {"Danaher Annual Total Assets (Millions of US $)": {"2019": "$62,082", "2018": "$47,833", "2017": "$46,649", "2016": "$45,295", "2015": "$48,222", "2014": "$36,992", "2013": "$34,672", "2012": "$32,941", "2011": "$29,950", "2010": "$22,217", "2009": "$19,595", "2008": "$17,490", "2007": "$17,472", "2006": "$12,864", "2005": "$9,163"}, "Danaher Quarterly Total Assets (Millions of US $)": {"2020-09-30": "$72,891", "2020-06-30": "$71,268", "2020-03-31": "$68,930", "2019-12-31": "$62,082", "2019-09-30": "$61,531", "2019-06-30": "$53,322", "2019-03-31": "$51,774", "2018-12-31": "$47,833", "2018-09-30": "$47,720", "2018-06-30": "$48,056", "2018-03-31": "$47,145", "2017-12-31": "$46,649", "2017-09-30": "$45,851", "2017-06-30": "$45,647", "2017-03-31": "$45,245", "2016-12-31": "$45,295", "2016-09-30": "$41,298", "2016-06-30": "$51,504", "2016-03-31": "$48,386", "2015-12-31": "$48,222", "2015-09-30": "$49,708", "2015-06-30": "$36,987", "2015-03-31": "$36,072", "2014-12-31": "$36,992", "2014-09-30": "$35,536", "2014-06-30": "$35,652", "2014-03-31": "$35,043", "2013-12-31": "$34,672", "2013-09-30": "$33,721", "2013-06-30": "$33,109", "2013-03-31": "$32,469", "2012-12-31": "$32,941", "2012-09-30": "$31,585", "2012-06-30": "$31,171", "2012-03-31": "$30,421", "2011-12-31": "$29,950", "2011-09-30": "$30,618", "2011-06-30": "$31,513", "2011-03-31": "$23,035", "2010-12-31": "$22,217", "2010-09-30": "$21,498", "2010-06-30": "$20,079", "2010-03-31": "$19,881", "2009-12-31": "$19,595", "2009-09-30": "$19,162", "2009-06-30": "$18,322", "2009-03-31": "$17,673", "2008-12-31": "$17,490", "2008-09-30": "$17,621", "2008-06-30": "$17,995", "2008-03-31": "$17,853", "2007-12-31": "$17,472", "2007-09-30": "$13,775", "2007-06-30": "$13,147", "2007-03-31": "$13,088", "2006-12-31": "$12,864", "2006-09-30": "$12,023", "2006-06-30": "$11,912", "2006-03-31": "$9,354", "2005-12-31": "$9,163", "2005-09-30": "$9,023", "2005-06-30": "$8,666", "2005-03-31": "$8,623"}}, "cash-on-hand": {"Danaher Annual Cash on Hand (Millions of US $)": {"2019": "$19,912", "2018": "$788", "2017": "$630", "2016": "$964", "2015": "$791", "2014": "$3,006", "2013": "$3,115", "2012": "$1,679", "2011": "$537", "2010": "$1,633", "2009": "$1,722", "2008": "$393", "2007": "$239", "2006": "$318", "2005": "$316"}, "Danaher Quarterly Cash on Hand (Millions of US $)": {"2020-09-30": "$5,688", "2020-06-30": "$5,539", "2020-03-31": "$4,368", "2019-12-31": "$19,912", "2019-09-30": "$14,252", "2019-06-30": "$5,434", "2019-03-31": "$3,910", "2018-12-31": "$788", "2018-09-30": "$776", "2018-06-30": "$904", "2018-03-31": "$1,046", "2017-12-31": "$630", "2017-09-30": "$649", "2017-06-30": "$726", "2017-03-31": "$804", "2016-12-31": "$964", "2016-09-30": "$971", "2016-06-30": "$4,098", "2016-03-31": "$664", "2015-12-31": "$791", "2015-09-30": "$1,834", "2015-06-30": "$3,342", "2015-03-31": "$2,511", "2014-12-31": "$3,006", "2014-09-30": "$4,025", "2014-06-30": "$3,321", "2014-03-31": "$3,347", "2013-12-31": "$3,115", "2013-09-30": "$1,996", "2013-06-30": "$2,325", "2013-03-31": "$2,151", "2012-12-31": "$1,679", "2012-09-30": "$1,541", "2012-06-30": "$1,118", "2012-03-31": "$1,043", "2011-12-31": "$537", "2011-09-30": "$484", "2011-06-30": "$552", "2011-03-31": "$1,594", "2010-12-31": "$1,633", "2010-09-30": "$1,635", "2010-06-30": "$1,233", "2010-03-31": "$806", "2009-12-31": "$1,722", "2009-09-30": "$1,636", "2009-06-30": "$1,258", "2009-03-31": "$976", "2008-12-31": "$393", "2008-09-30": "$287", "2008-06-30": "$284", "2008-03-31": "$234", "2007-12-31": "$239", "2007-09-30": "$209", "2007-06-30": "$174", "2007-03-31": "$198", "2006-12-31": "$318", "2006-09-30": "$264", "2006-06-30": "$285", "2006-03-31": "$261", "2005-12-31": "$316", "2005-09-30": "$276", "2005-06-30": "$809", "2005-03-31": "$673"}}, "long-term-debt": {"Danaher Annual Long Term Debt (Millions of US $)": {"2019": "$21,517", "2018": "$9,689", "2017": "$10,327", "2016": "$9,674", "2015": "$12,025", "2014": "$3,402", "2013": "$3,437", "2012": "$5,288", "2011": "$5,207", "2010": "$2,784", "2009": "$2,889", "2008": "$2,553", "2007": "$3,396", "2006": "$2,423", "2005": "$858"}, "Danaher Quarterly Long Term Debt (Millions of US $)": {"2020-09-30": "$21,806", "2020-06-30": "$22,370", "2020-03-31": "$22,737", "2019-12-31": "$21,517", "2019-09-30": "$16,536", "2019-06-30": "$10,144", "2019-03-31": "$9,458", "2018-12-31": "$9,689", "2018-09-30": "$10,558", "2018-06-30": "$11,146", "2018-03-31": "$10,411", "2017-12-31": "$10,327", "2017-09-30": "$10,727", "2017-06-30": "$11,423", "2017-03-31": "$9,729", "2016-12-31": "$9,674", "2016-09-30": "$7,503", "2016-06-30": "$12,008", "2016-03-31": "$12,195", "2015-12-31": "$12,025", "2015-09-30": "$11,523", "2015-06-30": "$3,053", "2015-03-31": "$3,054", "2014-12-31": "$3,402", "2014-09-30": "$2,965", "2014-06-30": "$3,020", "2014-03-31": "$3,423", "2013-12-31": "$3,437", "2013-09-30": "$3,446", "2013-06-30": "$4,101", "2013-03-31": "$4,404", "2012-12-31": "$5,288", "2012-09-30": "$4,659", "2012-06-30": "$4,848", "2012-03-31": "$4,863", "2011-12-31": "$5,207", "2011-09-30": "$5,813", "2011-06-30": "$6,525", "2011-03-31": "$2,668", "2010-12-31": "$2,784", "2010-09-30": "$2,822", "2010-06-30": "$2,755", "2010-03-31": "$2,822", "2009-12-31": "$2,889", "2009-09-30": "$2,899", "2009-06-30": "$2,863", "2009-03-31": "$2,841", "2008-12-31": "$2,553", "2008-09-30": "$2,391", "2008-06-30": "$2,740", "2008-03-31": "$3,204", "2007-12-31": "$3,396", "2007-09-30": "$1,927", "2007-06-30": "$2,133", "2007-03-31": "$2,295", "2006-12-31": "$2,423", "2006-09-30": "$2,262", "2006-06-30": "$2,383", "2006-03-31": "$864", "2005-12-31": "$858", "2005-09-30": "$936", "2005-06-30": "$931", "2005-03-31": "$928"}}, "total-liabilities": {"Danaher Annual Total Liabilities (Millions of US $)": {"2019": "$31,800", "2018": "$19,606", "2017": "$20,281", "2016": "$22,219", "2015": "$24,458", "2014": "$13,542", "2013": "$12,221", "2012": "$13,857", "2011": "$12,978", "2010": "$8,444", "2009": "$7,965", "2008": "$7,682", "2007": "$8,386", "2006": "$6,219", "2005": "$4,083"}, "Danaher Quarterly Total Liabilities (Millions of US $)": {"2020-09-30": "$34,918", "2020-06-30": "$34,996", "2020-03-31": "$37,864", "2019-12-31": "$31,800", "2019-09-30": "$28,336", "2019-06-30": "$21,109", "2019-03-31": "$20,206", "2018-12-31": "$19,606", "2018-09-30": "$20,034", "2018-06-30": "$20,831", "2018-03-31": "$19,943", "2017-12-31": "$20,281", "2017-09-30": "$20,471", "2017-06-30": "$21,052", "2017-03-31": "$21,454", "2016-12-31": "$22,219", "2016-09-30": "$18,033", "2016-06-30": "$26,383", "2016-03-31": "$23,809", "2015-12-31": "$24,458", "2015-09-30": "$26,524", "2015-06-30": "$12,815", "2015-03-31": "$12,682", "2014-12-31": "$13,542", "2014-09-30": "$11,726", "2014-06-30": "$11,863", "2014-03-31": "$12,014", "2013-12-31": "$12,221", "2013-09-30": "$12,350", "2013-06-30": "$12,744", "2013-03-31": "$12,720", "2012-12-31": "$13,857", "2012-09-30": "$12,633", "2012-06-30": "$12,803", "2012-03-31": "$12,530", "2011-12-31": "$12,978", "2011-09-30": "$14,056", "2011-06-30": "$14,958", "2011-03-31": "$8,311", "2010-12-31": "$8,444", "2010-09-30": "$8,326", "2010-06-30": "$8,021", "2010-03-31": "$8,027", "2009-12-31": "$7,965", "2009-09-30": "$7,951", "2009-06-30": "$7,720", "2009-03-31": "$7,670", "2008-12-31": "$7,682", "2008-09-30": "$7,448", "2008-06-30": "$7,920", "2008-03-31": "$8,278", "2007-12-31": "$8,386", "2007-09-30": "$5,722", "2007-06-30": "$5,813", "2007-03-31": "$6,041", "2006-12-31": "$6,219", "2006-09-30": "$5,871", "2006-06-30": "$6,053", "2006-03-31": "$3,980", "2005-12-31": "$4,083", "2005-09-30": "$4,029", "2005-06-30": "$3,865", "2005-03-31": "$3,884"}}, "total-share-holder-equity": {"Danaher Annual Share Holder Equity (Millions of US $)": {"2019": "$30,282", "2018": "$28,227", "2017": "$26,368", "2016": "$23,077", "2015": "$23,764", "2014": "$23,450", "2013": "$22,451", "2012": "$19,084", "2011": "$16,972", "2010": "$13,773", "2009": "$11,630", "2008": "$9,809", "2007": "$9,086", "2006": "$6,645", "2005": "$5,080"}, "Danaher Quarterly Share Holder Equity (Millions of US $)": {"2020-09-30": "$37,973", "2020-06-30": "$36,273", "2020-03-31": "$31,066", "2019-12-31": "$30,282", "2019-09-30": "$33,196", "2019-06-30": "$32,213", "2019-03-31": "$31,569", "2018-12-31": "$28,227", "2018-09-30": "$27,685", "2018-06-30": "$27,224", "2018-03-31": "$27,202", "2017-12-31": "$26,368", "2017-09-30": "$25,381", "2017-06-30": "$24,595", "2017-03-31": "$23,791", "2016-12-31": "$23,077", "2016-09-30": "$23,264", "2016-06-30": "$25,120", "2016-03-31": "$24,577", "2015-12-31": "$23,764", "2015-09-30": "$23,184", "2015-06-30": "$24,172", "2015-03-31": "$23,391", "2014-12-31": "$23,450", "2014-09-30": "$23,810", "2014-06-30": "$23,789", "2014-03-31": "$23,029", "2013-12-31": "$22,451", "2013-09-30": "$21,371", "2013-06-30": "$20,365", "2013-03-31": "$19,749", "2012-12-31": "$19,084", "2012-09-30": "$18,953", "2012-06-30": "$18,368", "2012-03-31": "$17,891", "2011-12-31": "$16,972", "2011-09-30": "$16,562", "2011-06-30": "$16,556", "2011-03-31": "$14,724", "2010-12-31": "$13,773", "2010-09-30": "$13,172", "2010-06-30": "$12,058", "2010-03-31": "$11,853", "2009-12-31": "$11,630", "2009-09-30": "$11,211", "2009-06-30": "$10,603", "2009-03-31": "$10,003", "2008-12-31": "$9,809", "2008-09-30": "$10,172", "2008-06-30": "$10,074", "2008-03-31": "$9,575", "2007-12-31": "$9,086", "2007-09-30": "$8,053", "2007-06-30": "$7,334", "2007-03-31": "$7,047", "2006-12-31": "$6,645", "2006-09-30": "$6,151", "2006-06-30": "$5,860", "2006-03-31": "$5,374", "2005-12-31": "$5,080", "2005-09-30": "$4,994", "2005-06-30": "$4,801", "2005-03-31": "$4,739"}}, "profit-margins": {"current": "16.37%"}, "gross margin": {"2020-12-31": "55.99%", "2020-09-30": "55.05%", "2020-06-30": "55.28%", "2020-03-31": "55.85%", "2019-12-31": "55.74%", "2019-09-30": "55.48%", "2019-06-30": "55.40%", "2019-03-31": "55.61%", "2018-12-31": "55.76%", "2018-09-30": "55.76%", "2018-06-30": "55.93%", "2018-03-31": "55.48%", "2017-12-31": "55.23%", "2017-09-30": "55.27%", "2017-06-30": "55.08%", "2017-03-31": "55.35%", "2016-12-31": "55.29%", "2016-09-30": "56.02%", "2016-06-30": "55.67%", "2016-03-31": "54.67%", "2015-12-31": "53.83%", "2015-09-30": "52.78%", "2015-06-30": "52.42%", "2015-03-31": "52.29%", "2014-12-31": "52.30%", "2014-09-30": "52.23%", "2014-06-30": "52.19%", "2014-03-31": "52.16%", "2013-12-31": "52.09%", "2013-09-30": "52.01%", "2013-06-30": "51.93%", "2013-03-31": "51.69%", "2012-12-31": "51.56%", "2012-09-30": "51.09%", "2012-06-30": "50.47%", "2012-03-31": "50.62%", "2011-12-31": "50.82%", "2011-09-30": "51.81%", "2011-06-30": "52.80%", "2011-03-31": "52.09%", "2010-12-31": "51.04%", "2010-09-30": "50.20%", "2010-06-30": "49.16%", "2010-03-31": "48.45%", "2009-12-31": "48.20%", "2009-09-30": "47.14%", "2009-06-30": "46.92%", "2009-03-31": "47.02%", "2008-12-31": "46.79%", "2008-09-30": "46.91%", "2008-06-30": "46.60%", "2008-03-31": "46.12%", "2007-12-31": "45.72%", "2007-09-30": "45.45%", "2007-06-30": "45.32%", "2007-03-31": "44.90%", "2006-12-31": "44.34%", "2006-09-30": "43.85%", "2006-06-30": "43.31%", "2006-03-31": "43.31%", "2005-12-31": "43.25%"}, "operating margin": {"2020-12-31": "18.99%", "2020-09-30": "17.62%", "2020-06-30": "17.37%", "2020-03-31": "18.01%", "2019-12-31": "18.26%", "2019-09-30": "18.78%", "2019-06-30": "18.56%", "2019-03-31": "18.30%", "2018-12-31": "17.93%", "2018-09-30": "17.62%", "2018-06-30": "17.53%", "2018-03-31": "16.85%", "2017-12-31": "16.57%", "2017-09-30": "15.51%", "2017-06-30": "15.52%", "2017-03-31": "15.96%", "2016-12-31": "16.20%", "2016-09-30": "14.85%", "2016-06-30": "13.87%", "2016-03-31": "14.78%", "2015-12-31": "14.98%", "2015-09-30": "16.44%", "2015-06-30": "17.40%", "2015-03-31": "17.17%", "2014-12-31": "17.37%", "2014-09-30": "17.51%", "2014-06-30": "17.27%", "2014-03-31": "17.24%", "2013-12-31": "17.13%", "2013-09-30": "17.26%", "2013-06-30": "17.20%", "2013-03-31": "17.19%", "2012-12-31": "17.33%", "2012-09-30": "17.11%", "2012-06-30": "16.46%", "2012-03-31": "16.17%", "2011-12-31": "16.26%", "2011-09-30": "16.40%", "2011-06-30": "17.39%", "2011-03-31": "17.24%", "2010-12-31": "16.33%", "2010-09-30": "15.14%", "2010-06-30": "14.82%", "2010-03-31": "13.97%", "2009-12-31": "13.69%", "2009-09-30": "14.01%", "2009-06-30": "13.95%", "2009-03-31": "14.61%", "2008-12-31": "14.72%", "2008-09-30": "15.08%", "2008-06-30": "15.19%", "2008-03-31": "15.47%", "2007-12-31": "15.79%", "2007-09-30": "16.37%", "2007-06-30": "16.15%", "2007-03-31": "15.98%", "2006-12-31": "15.85%", "2006-09-30": "15.46%", "2006-06-30": "15.48%", "2006-03-31": "15.54%", "2005-12-31": "15.85%"}, "ebitda margin": {"2020-09-30": "27.34%", "2020-06-30": "24.62%", "2020-03-31": "24.61%", "2019-12-31": "24.90%", "2019-09-30": "25.79%", "2019-06-30": "25.52%", "2019-03-31": "25.25%", "2018-12-31": "24.83%", "2018-09-30": "24.60%", "2018-06-30": "24.59%", "2018-03-31": "23.93%", "2017-12-31": "23.78%", "2017-09-30": "22.40%", "2017-06-30": "22.36%", "2017-03-31": "22.76%", "2016-12-31": "22.89%", "2016-09-30": "22.93%", "2016-06-30": "21.24%", "2016-03-31": "21.47%", "2015-12-31": "21.08%", "2015-09-30": "20.01%", "2015-06-30": "21.10%", "2015-03-31": "20.87%", "2014-12-31": "21.02%", "2014-09-30": "21.87%", "2014-06-30": "21.75%", "2014-03-31": "21.68%", "2013-12-31": "21.58%", "2013-09-30": "21.95%", "2013-06-30": "21.86%", "2013-03-31": "21.84%", "2012-12-31": "21.93%", "2012-09-30": "21.69%", "2012-06-30": "21.02%", "2012-03-31": "20.45%", "2011-12-31": "20.21%", "2011-09-30": "20.05%", "2011-06-30": "20.57%", "2011-03-31": "20.35%", "2010-12-31": "19.43%", "2010-09-30": "18.24%", "2010-06-30": "17.92%", "2010-03-31": "17.11%", "2009-12-31": "16.84%", "2009-09-30": "17.00%", "2009-06-30": "16.82%", "2009-03-31": "17.32%", "2008-12-31": "17.40%", "2008-09-30": "17.72%", "2008-06-30": "17.76%", "2008-03-31": "18.00%", "2007-12-31": "18.22%", "2007-09-30": "18.80%", "2007-06-30": "18.55%", "2007-03-31": "18.34%", "2006-12-31": "18.12%", "2006-09-30": "17.61%", "2006-06-30": "17.61%", "2006-03-31": "17.68%", "2005-12-31": "18.08%"}, "pre tax profit margin": {"2020-12-31": "20.18%", "2020-09-30": "19.27%", "2020-06-30": "19.56%", "2020-03-31": "18.28%", "2019-12-31": "18.46%", "2019-09-30": "18.91%", "2019-06-30": "18.43%", "2019-03-31": "17.91%", "2018-12-31": "17.37%", "2018-09-30": "17.45%", "2018-06-30": "17.36%", "2018-03-31": "16.69%", "2017-12-31": "16.39%", "2017-09-30": "14.90%", "2017-06-30": "13.78%", "2017-03-31": "14.06%", "2016-12-31": "15.47%", "2016-09-30": "13.76%", "2016-06-30": "14.24%", "2016-03-31": "15.34%", "2015-12-31": "14.13%", "2015-09-30": "16.43%", "2015-06-30": "17.58%", "2015-03-31": "17.43%", "2014-12-31": "17.63%", "2014-09-30": "18.25%", "2014-06-30": "17.78%", "2014-03-31": "17.61%", "2013-12-31": "18.65%", "2013-09-30": "17.69%", "2013-06-30": "17.59%", "2013-03-31": "17.60%", "2012-12-31": "16.48%", "2012-09-30": "16.27%", "2012-06-30": "15.42%", "2012-03-31": "15.12%", "2011-12-31": "15.21%", "2011-09-30": "15.32%", "2011-06-30": "18.75%", "2011-03-31": "18.65%", "2010-12-31": "17.77%", "2010-09-30": "16.63%", "2010-06-30": "13.79%", "2010-03-31": "12.86%", "2009-12-31": "12.61%", "2009-09-30": "13.06%", "2009-06-30": "13.06%", "2009-03-31": "13.74%", "2008-12-31": "13.77%", "2008-09-30": "14.07%", "2008-06-30": "14.17%", "2008-03-31": "14.47%", "2007-12-31": "14.85%", "2007-09-30": "15.44%", "2007-06-30": "15.17%", "2007-03-31": "15.08%", "2006-12-31": "15.10%", "2006-09-30": "14.88%", "2006-06-30": "15.10%", "2006-03-31": "15.24%", "2005-12-31": "15.49%"}, "net profit margin": {"2020-12-31": "15.76%", "2020-09-30": "17.49%", "2020-06-30": "17.86%", "2020-03-31": "17.68%", "2019-12-31": "16.41%", "2019-09-30": "15.62%", "2019-06-30": "15.26%", "2019-03-31": "14.55%", "2018-12-31": "15.56%", "2018-09-30": "16.44%", "2018-06-30": "16.20%", "2018-03-31": "15.95%", "2017-12-31": "16.06%", "2017-09-30": "13.36%", "2017-06-30": "12.63%", "2017-03-31": "13.41%", "2016-12-31": "15.13%", "2016-09-30": "18.40%", "2016-06-30": "27.09%", "2016-03-31": "25.95%", "2015-12-31": "23.26%", "2015-09-30": "17.92%", "2015-06-30": "13.19%", "2015-03-31": "13.09%", "2014-12-31": "13.16%", "2014-09-30": "13.91%", "2014-06-30": "13.51%", "2014-03-31": "13.36%", "2013-12-31": "14.10%", "2013-09-30": "13.47%", "2013-06-30": "13.40%", "2013-03-31": "13.44%", "2012-12-31": "13.10%", "2012-09-30": "12.96%", "2012-06-30": "12.79%", "2012-03-31": "13.77%", "2011-12-31": "13.50%", "2011-09-30": "14.21%", "2011-06-30": "16.58%", "2011-03-31": "14.97%", "2010-12-31": "14.28%", "2010-09-30": "13.45%", "2010-06-30": "11.28%", "2010-03-31": "11.14%", "2009-12-31": "10.95%", "2009-09-30": "10.61%", "2009-06-30": "10.37%", "2009-03-31": "10.40%", "2008-12-31": "10.38%", "2008-09-30": "10.52%", "2008-06-30": "11.85%", "2008-03-31": "12.07%", "2007-12-31": "12.43%", "2007-09-30": "13.15%", "2007-06-30": "11.44%", "2007-03-31": "11.80%", "2006-12-31": "11.86%", "2006-09-30": "11.61%", "2006-06-30": "11.75%", "2006-03-31": "11.31%", "2005-12-31": "11.41%"}, "pe ratio": {"current": "37.68", "2021-02-11": "74.97", "2020-12-31": "69.20", "2020-09-30": "43.55", "2020-06-30": "37.80", "2020-03-31": "31.37", "2019-12-31": "37.74", "2019-09-30": "42.64", "2019-06-30": "41.65", "2019-03-31": "38.65", "2018-12-31": "27.40", "2018-09-30": "27.64", "2018-06-30": "25.87", "2018-03-31": "26.76", "2017-12-31": "25.90", "2017-09-30": "24.89", "2017-06-30": "26.39", "2017-03-31": "25.48", "2016-12-31": "20.81", "2016-09-30": "21.39", "2016-06-30": "14.85", "2016-03-31": "13.84", "2015-12-31": "14.38", "2015-09-30": "13.37", "2015-06-30": "17.33", "2015-03-31": "17.26", "2014-12-31": "17.30", "2014-09-30": "14.55", "2014-06-30": "15.51", "2014-03-31": "15.08", "2013-12-31": "14.81", "2013-09-30": "14.11", "2013-06-30": "13.14", "2013-03-31": "13.00", "2012-12-31": "12.11", "2012-09-30": "12.27", "2012-06-30": "11.69", "2012-03-31": "12.19", "2011-12-31": "10.99", "2011-09-30": "10.15", "2011-06-30": "11.98", "2011-03-31": "13.35", "2010-12-31": "12.98", "2010-09-30": "12.55", "2010-06-30": "14.00", "2010-03-31": "15.94", "2009-12-31": "15.73", "2009-09-30": "13.60", "2009-06-30": "12.26", "2009-03-31": "10.20", "2008-12-31": "10.35", "2008-09-30": "12.52", "2008-06-30": "12.76", "2008-03-31": "12.93", "2007-12-31": "15.10", "2007-09-30": "14.13", "2007-06-30": "15.24", "2007-03-31": "14.33", "2006-12-31": "14.99"}, "price sales": {"2021-02-11": "7.77", "2020-12-31": "7.17", "2020-09-30": "7.59", "2020-06-30": "6.73", "2020-03-31": "5.53", "2019-12-31": "6.19", "2019-09-30": "6.67", "2019-06-30": "6.35", "2019-03-31": "5.63", "2018-12-31": "4.26", "2018-09-30": "4.54", "2018-06-30": "4.19", "2018-03-31": "4.26", "2017-12-31": "4.16", "2017-09-30": "3.33", "2017-06-30": "3.34", "2017-03-31": "3.43", "2016-12-31": "3.16", "2016-09-30": "3.95", "2016-06-30": "4.03", "2016-03-31": "3.62", "2015-12-31": "3.38", "2015-09-30": "2.41", "2015-06-30": "2.28", "2015-03-31": "2.26", "2014-12-31": "2.28", "2014-09-30": "2.03", "2014-06-30": "2.10", "2014-03-31": "2.02", "2013-12-31": "2.09", "2013-09-30": "1.91", "2013-06-30": "1.77", "2013-03-31": "1.75", "2012-12-31": "1.59", "2012-09-30": "1.58", "2012-06-30": "1.49", "2012-03-31": "1.68", "2011-12-31": "1.49", "2011-09-30": "1.45", "2011-06-30": "2.00", "2011-03-31": "2.01", "2010-12-31": "1.86", "2010-09-30": "1.70", "2010-06-30": "1.59", "2010-03-31": "1.79", "2009-12-31": "1.73", "2009-09-30": "1.45", "2009-06-30": "1.28", "2009-03-31": "1.07", "2008-12-31": "1.08", "2008-09-30": "1.32", "2008-06-30": "1.52", "2008-03-31": "1.57", "2007-12-31": "1.88", "2007-09-30": "1.87", "2007-06-30": "1.75", "2007-03-31": "1.70", "2006-12-31": "1.79"}, "price book": {"current": "4.23", "2021-02-11": "4.50", "2020-09-30": "4.02", "2020-06-30": "3.45", "2020-03-31": "3.10", "2019-12-31": "3.51", "2019-09-30": "3.11", "2019-06-30": "3.16", "2019-03-31": "2.97", "2018-12-31": "2.54", "2018-09-30": "2.72", "2018-06-30": "2.51", "2018-03-31": "2.48", "2017-12-31": "2.42", "2017-09-30": "2.31", "2017-06-30": "2.34", "2017-03-31": "2.45", "2016-12-31": "2.28", "2016-09-30": "2.28", "2016-06-30": "2.05", "2016-03-31": "1.96", "2015-12-31": "1.98", "2015-09-30": "1.85", "2015-06-30": "1.78", "2015-03-31": "1.88", "2014-12-31": "1.89", "2014-09-30": "1.64", "2014-06-30": "1.69", "2014-03-31": "1.66", "2013-12-31": "1.75", "2013-09-30": "1.65", "2013-06-30": "1.57", "2013-03-31": "1.59", "2012-12-31": "1.47", "2012-09-30": "1.47", "2012-06-30": "1.43", "2012-03-31": "1.58", "2011-12-31": "1.38", "2011-09-30": "1.26", "2011-06-30": "1.59", "2011-03-31": "1.70", "2010-12-31": "1.63", "2010-09-30": "1.46", "2010-06-30": "1.46", "2010-03-31": "1.58", "2009-12-31": "1.51", "2009-09-30": "1.40", "2009-06-30": "1.35", "2009-03-31": "1.25", "2008-12-31": "1.33", "2008-09-30": "1.57", "2008-06-30": "1.77", "2008-03-31": "1.82", "2007-12-31": "2.21", "2007-09-30": "2.30", "2007-06-30": "2.29", "2007-03-31": "2.26", "2006-12-31": "2.42", "2006-09-30": "2.47", "2006-06-30": "2.43", "2006-03-31": "2.61"}, "price fcf": {"2021-02-11": "", "2020-09-30": "$6.15", "2020-06-30": "$5.15", "2020-03-31": "$4.77", "2019-12-31": "$4.59", "2019-09-30": "$4.84", "2019-06-30": "$4.82", "2019-03-31": "$4.66", "2018-12-31": "$4.85", "2018-09-30": "$4.30", "2018-06-30": "$4.55", "2018-03-31": "$4.57", "2017-12-31": "$4.16", "2017-09-30": "$3.86", "2017-06-30": "$3.48", "2017-03-31": "$3.84", "2016-12-31": "$4.20", "2016-09-30": "$5.06", "2016-06-30": "$5.39", "2016-03-31": "$5.09", "2015-12-31": "$4.73", "2015-09-30": "$4.82", "2015-06-30": "$4.77", "2015-03-31": "$4.62", "2014-12-31": "$4.59", "2014-09-30": "$4.24", "2014-06-30": "$4.17", "2014-03-31": "$4.07", "2013-12-31": "$4.27", "2013-09-30": "$3.92", "2013-06-30": "$3.96", "2013-03-31": "$4.14", "2012-12-31": "$4.15", "2012-09-30": "$4.22", "2012-06-30": "$3.83", "2012-03-31": "$3.44", "2011-12-31": "$3.27", "2011-09-30": "$3.01", "2011-06-30": "$2.97", "2011-03-31": "$2.82", "2010-12-31": "$2.77", "2010-09-30": "$2.66", "2010-06-30": "$2.59", "2010-03-31": "$2.53", "2009-12-31": "$2.43", "2009-09-30": "$2.43", "2009-06-30": "$2.32", "2009-03-31": "$2.46", "2008-12-31": "$2.48", "2008-09-30": "$2.60", "2008-06-30": "$2.54", "2008-03-31": "$2.27", "2007-12-31": "$2.28", "2007-09-30": "$2.17", "2007-06-30": "$2.23", "2007-03-31": "$2.15", "2006-12-31": "$2.18"}, "net worth": {"value": "$168.36B"}, "current ratio": {"2020-12-31": "1.87", "2020-09-30": "2.08", "2020-06-30": "2.20", "2020-03-31": "1.32", "2019-12-31": "5.19", "2019-09-30": "3.43", "2019-06-30": "2.32", "2019-03-31": "2.18", "2018-12-31": "1.47", "2018-09-30": "1.53", "2018-06-30": "1.50", "2018-03-31": "1.59", "2017-12-31": "1.43", "2017-09-30": "1.43", "2017-06-30": "1.49", "2017-03-31": "1.05", "2016-12-31": "0.97", "2016-09-30": "1.36", "2016-06-30": "1.40", "2016-03-31": "1.46", "2015-12-31": "1.27", "2015-09-30": "1.04", "2015-06-30": "1.91", "2015-03-31": "1.77", "2014-12-31": "1.75", "2014-09-30": "2.23", "2014-06-30": "2.16", "2014-03-31": "2.19", "2013-12-31": "2.01", "2013-09-30": "1.88", "2013-06-30": "1.99", "2013-03-31": "2.02", "2012-12-31": "1.80", "2012-09-30": "1.76", "2012-06-30": "1.64", "2012-03-31": "1.67", "2011-12-31": "1.50", "2011-09-30": "1.53", "2011-06-30": "1.53", "2011-03-31": "1.85", "2010-12-31": "1.83", "2010-09-30": "1.77", "2010-06-30": "1.69", "2010-03-31": "1.59", "2009-12-31": "1.89", "2009-09-30": "1.94", "2009-06-30": "1.91", "2009-03-31": "1.82", "2008-12-31": "1.53", "2008-09-30": "1.37", "2008-06-30": "1.36", "2008-03-31": "1.39", "2007-12-31": "1.40", "2007-09-30": "1.62", "2007-06-30": "1.62", "2007-03-31": "1.58", "2006-12-31": "1.40", "2006-09-30": "1.37", "2006-06-30": "1.28", "2006-03-31": "1.39", "2005-12-31": "1.30", "2005-09-30": "1.27", "2005-06-30": "1.36", "2005-03-31": "1.32"}, "quick ratio": {"2020-12-31": "1.56", "2020-09-30": "1.68", "2020-06-30": "1.74", "2020-03-31": "1.01", "2019-12-31": "4.86", "2019-09-30": "3.09", "2019-06-30": "1.91", "2019-03-31": "1.74", "2018-12-31": "1.13", "2018-09-30": "1.08", "2018-06-30": "1.07", "2018-03-31": "1.15", "2017-12-31": "1.05", "2017-09-30": "1.00", "2017-06-30": "1.06", "2017-03-31": "0.76", "2016-12-31": "0.72", "2016-09-30": "1.00", "2016-06-30": "1.12", "2016-03-31": "1.04", "2015-12-31": "1.02", "2015-09-30": "0.76", "2015-06-30": "1.53", "2015-03-31": "1.39", "2014-12-31": "1.42", "2014-09-30": "1.82", "2014-06-30": "1.73", "2014-03-31": "1.75", "2013-12-31": "1.62", "2013-09-30": "1.42", "2013-06-30": "1.53", "2013-03-31": "1.54", "2012-12-31": "1.37", "2012-09-30": "1.28", "2012-06-30": "1.18", "2012-03-31": "1.19", "2011-12-31": "1.08", "2011-09-30": "1.05", "2011-06-30": "1.05", "2011-03-31": "1.46", "2010-12-31": "1.48", "2010-09-30": "1.37", "2010-06-30": "1.27", "2010-03-31": "1.17", "2009-12-31": "1.53", "2009-09-30": "1.54", "2009-06-30": "1.48", "2009-03-31": "1.36", "2008-12-31": "1.11", "2008-09-30": "0.95", "2008-06-30": "0.94", "2008-03-31": "0.96", "2007-12-31": "0.99", "2007-09-30": "1.10", "2007-06-30": "1.10", "2007-03-31": "1.08", "2006-12-31": "1.00", "2006-09-30": "0.93", "2006-06-30": "0.88", "2006-03-31": "0.98", "2005-12-31": "0.93", "2005-09-30": "0.87", "2005-06-30": "1.03", "2005-03-31": "0.98"}, "debt equity ratio": {"current": "0.53", "2020-12-31": "0.92", "2020-09-30": "0.92", "2020-06-30": "0.97", "2020-03-31": "1.22", "2019-12-31": "1.05", "2019-09-30": "0.85", "2019-06-30": "0.66", "2019-03-31": "0.64", "2018-12-31": "0.70", "2018-09-30": "0.72", "2018-06-30": "0.77", "2018-03-31": "0.73", "2017-12-31": "0.77", "2017-09-30": "0.81", "2017-06-30": "0.86", "2017-03-31": "0.90", "2016-12-31": "0.96", "2016-09-30": "0.78", "2016-06-30": "1.05", "2016-03-31": "0.97", "2015-12-31": "1.03", "2015-09-30": "1.14", "2015-06-30": "0.53", "2015-03-31": "0.54", "2014-12-31": "0.58", "2014-09-30": "0.49", "2014-06-30": "0.50", "2014-03-31": "0.52", "2013-12-31": "0.54", "2013-09-30": "0.58", "2013-06-30": "0.63", "2013-03-31": "0.64", "2012-12-31": "0.73", "2012-09-30": "0.67", "2012-06-30": "0.70", "2012-03-31": "0.70", "2011-12-31": "0.77", "2011-09-30": "0.85", "2011-06-30": "0.90", "2011-03-31": "0.56", "2010-12-31": "0.61", "2010-09-30": "0.63", "2010-06-30": "0.67", "2010-03-31": "0.68", "2009-12-31": "0.69", "2009-09-30": "0.71", "2009-06-30": "0.73", "2009-03-31": "0.77", "2008-12-31": "0.78", "2008-09-30": "0.73", "2008-06-30": "0.79", "2008-03-31": "0.87", "2007-12-31": "0.92", "2007-09-30": "0.71", "2007-06-30": "0.79", "2007-03-31": "0.86", "2006-12-31": "0.94", "2006-09-30": "0.95", "2006-06-30": "1.03", "2006-03-31": "0.74", "2005-12-31": "0.80", "2005-09-30": "0.81", "2005-06-30": "0.81", "2005-03-31": "0.82"}, "return on equity": {"2020-12-31": "9.68%", "2020-09-30": "10.52%", "2020-06-30": "10.31%", "2020-03-31": "10.06%", "2019-12-31": "9.24%", "2019-09-30": "7.77%", "2019-06-30": "8.18%", "2019-03-31": "8.41%", "2018-12-31": "9.61%", "2018-09-30": "10.18%", "2018-06-30": "10.06%", "2018-03-31": "9.86%", "2017-12-31": "9.95%", "2017-09-30": "9.84%", "2017-06-30": "9.30%", "2017-03-31": "9.67%", "2016-12-31": "10.64%", "2016-09-30": "10.32%", "2016-06-30": "14.51%", "2016-03-31": "14.82%", "2015-12-31": "14.21%", "2015-09-30": "14.14%", "2015-06-30": "11.01%", "2015-03-31": "10.97%", "2014-12-31": "11.05%", "2014-09-30": "11.71%", "2014-06-30": "11.66%", "2014-03-31": "11.85%", "2013-12-31": "12.84%", "2013-09-30": "12.59%", "2013-06-30": "12.73%", "2013-03-31": "12.98%", "2012-12-31": "12.88%", "2012-09-30": "12.93%", "2012-06-30": "13.22%", "2012-03-31": "13.86%", "2011-12-31": "13.40%", "2011-09-30": "13.47%", "2011-06-30": "15.10%", "2011-03-31": "14.30%", "2010-12-31": "14.09%", "2010-09-30": "13.02%", "2010-06-30": "11.04%", "2010-03-31": "10.72%", "2009-12-31": "10.61%", "2009-09-30": "11.44%", "2009-06-30": "11.94%", "2009-03-31": "12.77%", "2008-12-31": "13.30%", "2008-09-30": "13.69%", "2008-06-30": "15.70%", "2008-03-31": "16.35%", "2007-12-31": "17.39%", "2007-09-30": "18.90%", "2007-06-30": "17.04%", "2007-03-31": "18.08%", "2006-12-31": "18.69%", "2006-09-30": "18.71%", "2006-06-30": "19.00%", "2006-03-31": "18.29%", "2005-12-31": "18.31%"}, "return on assets": {"2020-12-31": "4.86%", "2020-09-30": "5.19%", "2020-06-30": "5.11%", "2020-03-31": "5.19%", "2019-12-31": "5.14%", "2019-09-30": "4.53%", "2019-06-30": "4.88%", "2019-03-31": "4.94%", "2018-12-31": "5.56%", "2018-09-30": "5.83%", "2018-06-30": "5.69%", "2018-03-31": "5.51%", "2017-12-31": "5.44%", "2017-09-30": "5.23%", "2017-06-30": "4.96%", "2017-03-31": "5.02%", "2016-12-31": "5.48%", "2016-09-30": "5.27%", "2016-06-30": "7.09%", "2016-03-31": "7.74%", "2015-12-31": "7.86%", "2015-09-30": "8.34%", "2015-06-30": "7.17%", "2015-03-31": "7.18%", "2014-12-31": "7.26%", "2014-09-30": "7.74%", "2014-06-30": "7.60%", "2014-03-31": "7.57%", "2013-12-31": "8.05%", "2013-09-30": "7.67%", "2013-06-30": "7.65%", "2013-03-31": "7.71%", "2012-12-31": "7.59%", "2012-09-30": "7.58%", "2012-06-30": "7.55%", "2012-03-31": "7.69%", "2011-12-31": "7.55%", "2011-09-30": "7.73%", "2011-06-30": "8.95%", "2011-03-31": "8.85%", "2010-12-31": "8.57%", "2010-09-30": "7.82%", "2010-06-30": "6.56%", "2010-03-31": "6.31%", "2009-12-31": "6.16%", "2009-09-30": "6.56%", "2009-06-30": "6.82%", "2009-03-31": "7.23%", "2008-12-31": "7.43%", "2008-09-30": "7.51%", "2008-06-30": "8.61%", "2008-03-31": "8.95%", "2007-12-31": "9.53%", "2007-09-30": "10.39%", "2007-06-30": "9.06%", "2007-03-31": "9.32%", "2006-12-31": "9.73%", "2006-09-30": "9.90%", "2006-06-30": "10.26%", "2006-03-31": "10.23%", "2005-12-31": "10.13%"}, "return on investments": {"2020-12-31": "7.26%", "2020-09-30": "6.42%", "2020-06-30": "6.13%", "2020-03-31": "6.57%", "2019-12-31": "7.07%", "2019-09-30": "6.83%", "2019-06-30": "7.46%", "2019-03-31": "7.80%", "2018-12-31": "8.03%", "2018-09-30": "7.85%", "2018-06-30": "7.77%", "2018-03-31": "7.37%", "2017-12-31": "7.23%", "2017-09-30": "7.99%", "2017-06-30": "8.13%", "2017-03-31": "8.17%", "2016-12-31": "7.96%", "2016-09-30": "5.74%", "2016-06-30": "4.98%", "2016-03-31": "6.01%", "2015-12-31": "6.96%", "2015-09-30": "10.61%", "2015-06-30": "12.83%", "2015-03-31": "12.71%", "2014-12-31": "12.84%", "2014-09-30": "12.96%", "2014-06-30": "13.00%", "2014-03-31": "13.12%", "2013-12-31": "13.19%", "2013-09-30": "13.29%", "2013-06-30": "13.23%", "2013-03-31": "13.26%", "2012-12-31": "13.47%", "2012-09-30": "13.43%", "2012-06-30": "13.11%", "2012-03-31": "12.24%", "2011-12-31": "12.31%", "2011-09-30": "12.06%", "2011-06-30": "12.63%", "2011-03-31": "13.67%", "2010-12-31": "13.22%", "2010-09-30": "11.89%", "2010-06-30": "11.67%", "2010-03-31": "10.72%", "2009-12-31": "10.48%", "2009-09-30": "11.92%", "2009-06-30": "12.73%", "2009-03-31": "14.20%", "2008-12-31": "14.80%", "2008-09-30": "15.09%", "2008-06-30": "15.41%", "2008-03-31": "15.96%", "2007-12-31": "16.87%", "2007-09-30": "18.08%", "2007-06-30": "18.02%", "2007-03-31": "17.94%", "2006-12-31": "18.77%", "2006-09-30": "19.42%", "2006-06-30": "20.24%", "2006-03-31": "21.36%", "2005-12-31": "21.46%"}, "return on tangible equity": {"2020-09-30": "-24.64%", "2020-06-30": "-30.37%", "2020-03-31": "-39.48%", "2019-12-31": "-68.71%", "2019-09-30": "-49.68%", "2019-06-30": "-37.56%", "2019-03-31": "-30.48%", "2018-12-31": "-29.89%", "2018-09-30": "-26.75%", "2018-06-30": "-25.29%", "2018-03-31": "-23.73%", "2017-12-31": "-22.03%", "2017-09-30": "-20.11%", "2017-06-30": "-19.61%", "2017-03-31": "-20.66%", "2016-12-31": "-22.85%", "2016-09-30": "-25.00%", "2016-06-30": "-31.21%", "2016-03-31": "-42.39%", "2015-12-31": "-61.14%", "2015-09-30": "-99.01%", "2015-06-30": "581.39%", "2015-03-31": "387.00%", "2014-12-31": "258.41%", "2014-09-30": "314.15%", "2014-06-30": "1234.58%", "2014-03-31": "-674.85%", "2013-12-31": "-272.36%", "2013-09-30": "-148.20%", "2013-06-30": "-123.55%", "2013-03-31": "-104.87%", "2012-12-31": "-93.71%", "2012-09-30": "-86.16%", "2012-06-30": "-73.64%", "2012-03-31": "-66.40%", "2011-12-31": "-76.22%", "2011-09-30": "-103.94%", "2011-06-30": "-197.48%", "2011-03-31": "-678.80%", "2010-12-31": "-252.93%", "2010-09-30": "-169.16%", "2010-06-30": "-118.65%", "2010-03-31": "-106.40%", "2009-12-31": "-97.92%", "2009-09-30": "-82.37%", "2009-06-30": "-74.29%", "2009-03-31": "-69.87%", "2008-12-31": "-64.15%", "2008-09-30": "-59.09%", "2008-06-30": "-68.55%", "2008-03-31": "-72.83%", "2007-12-31": "-81.73%", "2007-09-30": "-98.16%", "2007-06-30": "-76.42%", "2007-03-31": "-71.16%", "2006-12-31": "-88.95%", "2006-09-30": "-114.71%", "2006-06-30": "-168.11%", "2006-03-31": "-593.59%", "2005-12-31": "-528.24%"}, "dividend yield history": {"last payout": "$0.72", "last yield": "0.30%"}}