{"ticker": "FANG", "price": {"title": "Diamondback Energy Historical Annual Stock Price Data", "value": 64.45, "historical": {"2020": {"Average Stock Price": "44.5968", "Year Open": "92.6500", "Year High": "96.4200", "Year Low": "15.5600", "Year Close": "48.4000", "Annual % Change": "-47.88%"}, "2019": {"Average Stock Price": "97.2329", "Year Open": "95.2200", "Year High": "113.8000", "Year Low": "74.1900", "Year Close": "92.8600", "Annual % Change": "0.17%"}, "2018": {"Average Stock Price": "122.3332", "Year Open": "127.8800", "Year High": "139.9200", "Year Low": "85.6700", "Year Close": "92.7000", "Annual % Change": "-26.57%"}, "2017": {"Average Stock Price": "100.1654", "Year Open": "103.2500", "Year High": "126.2500", "Year Low": "84.8700", "Year Close": "126.2500", "Annual % Change": "24.93%"}, "2016": {"Average Stock Price": "87.3755", "Year Open": "66.1100", "Year High": "110.0000", "Year Low": "57.6000", "Year Close": "101.0600", "Annual % Change": "51.06%"}, "2015": {"Average Stock Price": "72.8054", "Year Open": "59.9300", "Year High": "84.0700", "Year Low": "57.2800", "Year Close": "66.9000", "Annual % Change": "11.91%"}, "2014": {"Average Stock Price": "69.6853", "Year Open": "51.1600", "Year High": "91.4100", "Year Low": "44.4300", "Year Close": "59.7800", "Annual % Change": "13.04%"}, "2013": {"Average Stock Price": "35.9859", "Year Open": "19.2400", "Year High": "55.1400", "Year Low": "19.1400", "Year Close": "52.8820", "Annual % Change": "176.58%"}, "2012": {"Average Stock Price": "17.5643", "Year Open": "17.5000", "Year High": "19.1800", "Year Low": "16.0400", "Year Close": "19.1200", "Annual % Change": "0.00%"}}}, "market cap": {"value": "$10.18B"}, "income statement": {"Revenue": {"2019-12-31": "3964.00000", "2018-12-31": "2176.00000", "2017-12-31": "1205.00000", "2016-12-31": "527.10700", "2015-12-31": "446.73300", "2014-12-31": "495.71800", "2013-12-31": "208.00200", "2012-12-31": "74.96200", "2011-12-31": "49.36600", "2010-12-31": "27.25300"}, "Cost Of Goods Sold": {"2019-12-31": "669.00000", "2018-12-31": "303.00000", "2017-12-31": "150.00000", "2016-12-31": "94.03400", "2015-12-31": "88.71600", "2014-12-31": "58.67200", "2013-12-31": "22.07500", "2012-12-31": "15.67100", "2011-12-31": "11.86600", "2010-12-31": "5.50600"}, "Gross Profit": {"2019-12-31": "3295.00000", "2018-12-31": "1873.00000", "2017-12-31": "1055.00000", "2016-12-31": "433.07300", "2015-12-31": "358.01700", "2014-12-31": "437.04600", "2013-12-31": "185.92700", "2012-12-31": "59.29100", "2011-12-31": "37.50000", "2010-12-31": "21.74700"}, "Research And Development Expenses": {"2019-12-31": "", "2018-12-31": "", "2017-12-31": "", "2016-12-31": "", "2015-12-31": "", "2014-12-31": "", "2013-12-31": "", "2012-12-31": "", "2011-12-31": "", "2010-12-31": ""}, "SG&A Expenses": {"2019-12-31": "352.00000", "2018-12-31": "198.00000", "2017-12-31": "122.00000", "2016-12-31": "77.07500", "2015-12-31": "64.95800", "2014-12-31": "53.90400", "2013-12-31": "23.93500", "2012-12-31": "15.61300", "2011-12-31": "6.68700", "2010-12-31": "4.38300"}, "Other Operating Income Or Expenses": {"2019-12-31": "-801.00000", "2018-12-31": "-41.00000", "2017-12-31": "-1.00000", "2016-12-31": "-246.60000", "2015-12-31": "-815.63100", "2014-12-31": "-0.46700", "2013-12-31": "-0.20100", "2012-12-31": "-0.09800", "2011-12-31": "-0.06500", "2010-12-31": "-0.03800"}, "Operating Expenses": {"2019-12-31": "3269.00000", "2018-12-31": "1165.00000", "2017-12-31": "600.00000", "2016-12-31": "595.72400", "2015-12-31": "1187.00200", "2014-12-31": "283.04800", "2013-12-31": "112.80800", "2012-12-31": "57.65500", "2011-12-31": "34.21900", "2010-12-31": "18.07200"}, "Operating Income": {"2019-12-31": "695.00000", "2018-12-31": "1011.00000", "2017-12-31": "605.00000", "2016-12-31": "-68.61700", "2015-12-31": "-740.26890", "2014-12-31": "212.67000", "2013-12-31": "95.19400", "2012-12-31": "17.30700", "2011-12-31": "15.14700", "2010-12-31": "9.18100"}, "Total Non-Operating Income/Expense": {"2019-12-31": "-333.00000", "2018-12-31": "102.00000", "2017-12-31": "-108.00000", "2016-12-31": "-96.09900", "2015-12-31": "-8.83100", "2014-12-31": "92.28600", "2013-12-31": "-8.85300", "2012-12-31": "1.07500", "2011-12-31": "-15.53300", "2010-12-31": "-0.95000"}, "Pre-Tax Income": {"2019-12-31": "362.00000", "2018-12-31": "1113.00000", "2017-12-31": "497.00000", "2016-12-31": "-164.71600", "2015-12-31": "-749.10000", "2014-12-31": "304.95600", "2013-12-31": "86.34100", "2012-12-31": "18.38200", "2011-12-31": "-0.38600", "2010-12-31": "8.23100"}, "Income Taxes": {"2019-12-31": "47.00000", "2018-12-31": "168.00000", "2017-12-31": "-20.00000", "2016-12-31": "0.19200", "2015-12-31": "-201.31000", "2014-12-31": "108.98500", "2013-12-31": "31.75400", "2012-12-31": "54.90300", "2011-12-31": "", "2010-12-31": ""}, "Income After Taxes": {"2019-12-31": "315.00000", "2018-12-31": "945.00000", "2017-12-31": "517.00000", "2016-12-31": "-164.90800", "2015-12-31": "-547.79000", "2014-12-31": "195.97100", "2013-12-31": "54.58700", "2012-12-31": "-36.52100", "2011-12-31": "-0.38600", "2010-12-31": "8.23100"}, "Other Income": {"2019-12-31": "", "2018-12-31": "", "2017-12-31": "", "2016-12-31": "", "2015-12-31": "", "2014-12-31": "", "2013-12-31": "", "2012-12-31": "", "2011-12-31": "", "2010-12-31": ""}, "Income From Continuous Operations": {"2019-12-31": "315.00000", "2018-12-31": "945.00000", "2017-12-31": "517.00000", "2016-12-31": "-164.90800", "2015-12-31": "-547.79000", "2014-12-31": "195.97100", "2013-12-31": "54.58700", "2012-12-31": "-36.52100", "2011-12-31": "-0.38600", "2010-12-31": "8.23100"}, "Income From Discontinued Operations": {"2019-12-31": "", "2018-12-31": "", "2017-12-31": "", "2016-12-31": "", "2015-12-31": "", "2014-12-31": "", "2013-12-31": "", "2012-12-31": "", "2011-12-31": "", "2010-12-31": ""}, "Net Income": {"2019-12-31": "240.00000", "2018-12-31": "846.00000", "2017-12-31": "482.00000", "2016-12-31": "-165.03400", "2015-12-31": "-550.62800", "2014-12-31": "193.75500", "2013-12-31": "54.58700", "2012-12-31": "-36.52100", "2011-12-31": "-0.38600", "2010-12-31": "8.23100"}, "EBITDA": {"2019-12-31": "2151.00000", "2018-12-31": "1646.00000", "2017-12-31": "936.00000", "2016-12-31": "112.11500", "2015-12-31": "-519.97090", "2014-12-31": "384.80000", "2013-12-31": "162.80900", "2012-12-31": "44.07400", "2011-12-31": "31.50100", "2010-12-31": "17.48900"}, "EBIT": {"2019-12-31": "695.00000", "2018-12-31": "1011.00000", "2017-12-31": "605.00000", "2016-12-31": "-68.61700", "2015-12-31": "-740.26890", "2014-12-31": "212.67000", "2013-12-31": "95.19400", "2012-12-31": "17.30700", "2011-12-31": "15.14700", "2010-12-31": "9.18100"}, "Basic Shares Outstanding": {"2019-12-31": "163.49300", "2018-12-31": "104.62200", "2017-12-31": "97.45800", "2016-12-31": "75.07700", "2015-12-31": "63.01900", "2014-12-31": "52.82600", "2013-12-31": "42.01500", "2012-12-31": "", "2011-12-31": "", "2010-12-31": ""}, "Shares Outstanding": {"2019-12-31": "163.84300", "2018-12-31": "104.92900", "2017-12-31": "97.68800", "2016-12-31": "75.07700", "2015-12-31": "63.01900", "2014-12-31": "53.29700", "2013-12-31": "42.25500", "2012-12-31": "", "2011-12-31": "", "2010-12-31": ""}, "Basic EPS": {"2019-12-31": "1.47000", "2018-12-31": "8.09000", "2017-12-31": "4.95000", "2016-12-31": "-2.20000", "2015-12-31": "-8.74000", "2014-12-31": "3.67000", "2013-12-31": "1.30000", "2012-12-31": "", "2011-12-31": "", "2010-12-31": ""}, "EPS - Earnings Per Share": {"2019-12-31": "1.47000", "2018-12-31": "8.06000", "2017-12-31": "4.94000", "2016-12-31": "-2.20000", "2015-12-31": "-8.74000", "2014-12-31": "3.64000", "2013-12-31": "1.29000", "2012-12-31": "0.00000", "2011-12-31": "0.00000", "2010-12-31": "0.00000"}}, "income statement, quarterly": {"Revenue": {"2020-09-30": "720.00000", "2020-06-30": "425.00000", "2020-03-31": "899.00000", "2019-12-31": "1104.00000", "2019-09-30": "975.00000", "2019-06-30": "1021.00000", "2019-03-31": "864.00000", "2018-12-31": "633.00000", "2018-09-30": "537.00000", "2018-06-30": "527.00000", "2018-03-31": "479.00000", "2017-12-31": "399.08300", "2017-09-30": "301.25300", "2017-06-30": "269.43400", "2017-03-31": "235.23000", "2016-12-31": "185.01200", "2016-09-30": "142.13100", "2016-06-30": "112.48300", "2016-03-31": "87.48100", "2015-12-31": "114.32300", "2015-09-30": "111.94600", "2015-06-30": "119.06300", "2015-03-31": "101.40100", "2014-12-31": "131.58300", "2014-09-30": "139.12700", "2014-06-30": "127.00400", "2014-03-31": "98.00400", "2013-12-31": "75.90800", "2013-09-30": "57.79100", "2013-06-30": "45.39400", "2013-03-31": "28.90900", "2012-12-31": "25.76700", "2012-09-30": "16.81400", "2012-06-30": "16.03000", "2012-03-31": "16.35100", "2011-12-31": "", "2011-09-30": "10.97100", "2010-12-31": ""}, "Cost Of Goods Sold": {"2020-09-30": "161.00000", "2020-06-30": "171.00000", "2020-03-31": "186.00000", "2019-12-31": "191.00000", "2019-09-30": "179.00000", "2019-06-30": "161.00000", "2019-03-31": "138.00000", "2018-12-31": "108.00000", "2018-09-30": "75.00000", "2018-06-30": "68.00000", "2018-03-31": "52.00000", "2017-12-31": "45.65000", "2017-09-30": "40.41900", "2017-06-30": "33.83200", "2017-03-31": "30.09900", "2016-12-31": "26.89000", "2016-09-30": "25.02300", "2016-06-30": "21.10900", "2016-03-31": "21.01200", "2015-12-31": "19.25600", "2015-09-30": "23.87700", "2015-06-30": "22.09700", "2015-03-31": "23.48600", "2014-12-31": "24.31100", "2014-09-30": "14.66500", "2014-06-30": "11.19900", "2014-03-31": "8.49700", "2013-12-31": "6.06700", "2013-09-30": "5.22500", "2013-06-30": "5.74200", "2013-03-31": "5.04100", "2012-12-31": "5.58000", "2012-09-30": "3.62700", "2012-06-30": "3.60800", "2012-03-31": "2.85600", "2011-12-31": "", "2011-09-30": "3.17200", "2010-12-31": ""}, "Gross Profit": {"2020-09-30": "559.00000", "2020-06-30": "254.00000", "2020-03-31": "713.00000", "2019-12-31": "913.00000", "2019-09-30": "796.00000", "2019-06-30": "860.00000", "2019-03-31": "726.00000", "2018-12-31": "525.00000", "2018-09-30": "462.00000", "2018-06-30": "459.00000", "2018-03-31": "427.00000", "2017-12-31": "353.43300", "2017-09-30": "260.83400", "2017-06-30": "235.60200", "2017-03-31": "205.13100", "2016-12-31": "158.12200", "2016-09-30": "117.10800", "2016-06-30": "91.37400", "2016-03-31": "66.46900", "2015-12-31": "95.06700", "2015-09-30": "88.06900", "2015-06-30": "96.96600", "2015-03-31": "77.91500", "2014-12-31": "107.27200", "2014-09-30": "124.46200", "2014-06-30": "115.80500", "2014-03-31": "89.50700", "2013-12-31": "69.84100", "2013-09-30": "52.56600", "2013-06-30": "39.65200", "2013-03-31": "23.86800", "2012-12-31": "20.18700", "2012-09-30": "13.18700", "2012-06-30": "12.42200", "2012-03-31": "13.49500", "2011-12-31": "", "2011-09-30": "7.79900", "2010-12-31": ""}, "Research And Development Expenses": {"2020-09-30": "", "2020-06-30": "", "2020-03-31": "", "2019-12-31": "", "2019-09-30": "", "2019-06-30": "", "2019-03-31": "", "2018-12-31": "", "2018-09-30": "", "2018-06-30": "", "2018-03-31": "", "2017-12-31": "", "2017-09-30": "", "2017-06-30": "", "2017-03-31": "", "2016-12-31": "", "2016-09-30": "", "2016-06-30": "", "2016-03-31": "", "2015-12-31": "", "2015-09-30": "", "2015-06-30": "", "2015-03-31": "", "2014-12-31": "", "2014-09-30": "", "2014-06-30": "", "2014-03-31": "", "2013-12-31": "", "2013-09-30": "", "2013-06-30": "", "2013-03-31": "", "2012-12-31": "", "2012-09-30": "", "2012-06-30": "", "2012-03-31": "", "2011-12-31": "", "2011-09-30": "", "2010-12-31": ""}, "SG&A Expenses": {"2020-09-30": "75.00000", "2020-06-30": "42.00000", "2020-03-31": "95.00000", "2019-12-31": "104.00000", "2019-09-30": "80.00000", "2019-06-30": "86.00000", "2019-03-31": "82.00000", "2018-12-31": "60.00000", "2018-09-30": "47.00000", "2018-06-30": "48.00000", "2018-03-31": "43.00000", "2017-12-31": "34.50100", "2017-09-30": "30.25900", "2017-06-30": "27.77100", "2017-03-31": "29.46900", "2016-12-31": "19.42000", "2016-09-30": "19.03100", "2016-06-30": "17.68300", "2016-03-31": "20.94100", "2015-12-31": "16.47600", "2015-09-30": "16.49200", "2015-06-30": "15.35900", "2015-03-31": "16.63100", "2014-12-31": "15.56800", "2014-09-30": "15.44900", "2014-06-30": "12.48800", "2014-03-31": "10.39900", "2013-12-31": "8.42700", "2013-09-30": "5.67400", "2013-06-30": "5.40900", "2013-03-31": "4.42500", "2012-12-31": "8.25400", "2012-09-30": "2.94300", "2012-06-30": "2.43500", "2012-03-31": "1.98100", "2011-12-31": "", "2011-09-30": "1.29000", "2010-12-31": ""}, "Other Operating Income Or Expenses": {"2020-09-30": "-1454.00000", "2020-06-30": "-2541.00000", "2020-03-31": "-1013.00000", "2019-12-31": "-792.00000", "2019-09-30": "-2.00000", "2019-06-30": "-4.00000", "2019-03-31": "-3.00000", "2018-12-31": "-38.00000", "2018-09-30": "-1.00000", "2018-06-30": "0.00000", "2018-03-31": "-2.00000", "2017-12-31": "0.03000", "2017-09-30": "-0.35700", "2017-06-30": "-0.35000", "2017-03-31": "-0.32300", "2016-12-31": "-0.29400", "2016-09-30": "-46.63800", "2016-06-30": "-168.60600", "2016-03-31": "-31.06200", "2015-12-31": "-217.85500", "2015-09-30": "-273.97500", "2015-06-30": "-323.63100", "2015-03-31": "-0.17000", "2014-12-31": "-0.16400", "2014-09-30": "-0.12700", "2014-06-30": "-0.10400", "2014-03-31": "-0.07200", "2013-12-31": "-0.06700", "2013-09-30": "-0.04600", "2013-06-30": "-0.04500", "2013-03-31": "-0.04300", "2012-12-31": "-0.03500", "2012-09-30": "-0.02200", "2012-06-30": "-0.02100", "2012-03-31": "-0.02000", "2011-12-31": "", "2011-09-30": "-0.01700", "2010-12-31": ""}, "Operating Expenses": {"2020-09-30": "1976.00000", "2020-06-30": "3097.00000", "2020-03-31": "1701.00000", "2019-12-31": "1488.00000", "2019-09-30": "626.00000", "2019-06-30": "610.00000", "2019-03-31": "545.00000", "2018-12-31": "438.00000", "2018-09-30": "269.00000", "2018-06-30": "246.00000", "2018-03-31": "212.00000", "2017-12-31": "185.44000", "2017-09-30": "158.61400", "2017-06-30": "137.12600", "2017-03-31": "118.82000", "2016-12-31": "97.93300", "2016-09-30": "135.43800", "2016-06-30": "247.26900", "2016-03-31": "115.08400", "2015-12-31": "302.13600", "2015-09-30": "366.71900", "2015-06-30": "418.18300", "2015-03-31": "99.96400", "2014-12-31": "93.68400", "2014-09-30": "75.61100", "2014-06-30": "63.81200", "2014-03-31": "49.94100", "2013-12-31": "38.18200", "2013-09-30": "28.36800", "2013-06-30": "26.01100", "2013-03-31": "20.24700", "2012-12-31": "23.59000", "2012-09-30": "12.72800", "2012-06-30": "11.72300", "2012-03-31": "9.61400", "2011-12-31": "", "2011-09-30": "8.15900", "2010-12-31": ""}, "Operating Income": {"2020-09-30": "-1256.00000", "2020-06-30": "-2672.00000", "2020-03-31": "-802.00000", "2019-12-31": "-384.00000", "2019-09-30": "349.00000", "2019-06-30": "411.00000", "2019-03-31": "319.00000", "2018-12-31": "195.00000", "2018-09-30": "268.00000", "2018-06-30": "281.00000", "2018-03-31": "267.00000", "2017-12-31": "213.64300", "2017-09-30": "142.63900", "2017-06-30": "132.30800", "2017-03-31": "116.41000", "2016-12-31": "87.07900", "2016-09-30": "6.69300", "2016-06-30": "-134.78600", "2016-03-31": "-27.60300", "2015-12-31": "-187.81300", "2015-09-30": "-254.77300", "2015-06-30": "-299.12000", "2015-03-31": "1.43700", "2014-12-31": "37.89900", "2014-09-30": "63.51600", "2014-06-30": "63.19200", "2014-03-31": "48.06300", "2013-12-31": "37.72600", "2013-09-30": "29.42300", "2013-06-30": "19.38300", "2013-03-31": "8.66200", "2012-12-31": "2.17700", "2012-09-30": "4.08600", "2012-06-30": "4.30700", "2012-03-31": "6.73700", "2011-12-31": "", "2011-09-30": "2.81200", "2010-12-31": ""}, "Total Non-Operating Income/Expense": {"2020-09-30": "-153.00000", "2020-06-30": "-420.00000", "2020-03-31": "485.00000", "2019-12-31": "-212.00000", "2019-09-30": "141.00000", "2019-06-30": "47.00000", "2019-03-31": "-309.00000", "2018-12-31": "196.00000", "2018-09-30": "-65.00000", "2018-06-30": "13.00000", "2018-03-31": "-42.00000", "2017-12-31": "-108.18600", "2017-09-30": "-59.83400", "2017-06-30": "33.39900", "2017-03-31": "26.62100", "2016-12-31": "-58.81500", "2016-09-30": "-7.29300", "2016-06-30": "-21.96700", "2016-03-31": "-8.02400", "2015-12-31": "-5.50900", "2015-09-30": "17.27000", "2015-06-30": "-28.96400", "2015-03-31": "8.37200", "2014-12-31": "118.26100", "2014-09-30": "5.10300", "2014-06-30": "-20.20500", "2014-03-31": "-10.87300", "2013-12-31": "-5.91100", "2013-09-30": "-5.72800", "2013-06-30": "2.89000", "2013-03-31": "-0.10400", "2012-12-31": "0.65200", "2012-09-30": "-3.63400", "2012-06-30": "9.31700", "2012-03-31": "-5.26000", "2011-12-31": "", "2011-09-30": "-0.72300", "2010-12-31": ""}, "Pre-Tax Income": {"2020-09-30": "-1409.00000", "2020-06-30": "-3092.00000", "2020-03-31": "-317.00000", "2019-12-31": "-596.00000", "2019-09-30": "490.00000", "2019-06-30": "458.00000", "2019-03-31": "10.00000", "2018-12-31": "391.00000", "2018-09-30": "203.00000", "2018-06-30": "294.00000", "2018-03-31": "225.00000", "2017-12-31": "105.45700", "2017-09-30": "82.80500", "2017-06-30": "165.70700", "2017-03-31": "143.03100", "2016-12-31": "28.26400", "2016-09-30": "-0.60000", "2016-06-30": "-156.75300", "2016-03-31": "-35.62700", "2015-12-31": "-193.32200", "2015-09-30": "-237.50300", "2015-06-30": "-328.08400", "2015-03-31": "9.80900", "2014-12-31": "156.16000", "2014-09-30": "68.61900", "2014-06-30": "42.98700", "2014-03-31": "37.19000", "2013-12-31": "31.81500", "2013-09-30": "23.69500", "2013-06-30": "22.27300", "2013-03-31": "8.55800", "2012-12-31": "2.82900", "2012-09-30": "0.45200", "2012-06-30": "13.62400", "2012-03-31": "1.47700", "2011-12-31": "", "2011-09-30": "2.08900", "2010-12-31": ""}, "Income Taxes": {"2020-09-30": "-304.00000", "2020-06-30": "-681.00000", "2020-03-31": "83.00000", "2019-12-31": "-124.00000", "2019-09-30": "102.00000", "2019-06-30": "102.00000", "2019-03-31": "-33.00000", "2018-12-31": "85.00000", "2018-09-30": "43.00000", "2018-06-30": "-7.00000", "2018-03-31": "47.00000", "2017-12-31": "-24.39300", "2017-09-30": "0.85700", "2017-06-30": "1.57900", "2017-03-31": "1.95700", "2016-12-31": "-0.17600", "2016-09-30": "", "2016-06-30": "0.36800", "2016-03-31": "", "2015-12-31": "-6.48700", "2015-09-30": "-81.46100", "2015-06-30": "-116.73200", "2015-03-31": "3.37000", "2014-12-31": "56.24300", "2014-09-30": "23.97800", "2014-06-30": "15.16300", "2014-03-31": "13.60100", "2013-12-31": "11.69100", "2013-09-30": "9.09900", "2013-06-30": "7.80200", "2013-03-31": "3.16200", "2012-12-31": "", "2012-09-30": "", "2012-06-30": "", "2012-03-31": "", "2011-12-31": "", "2011-09-30": "", "2010-12-31": ""}, "Income After Taxes": {"2020-09-30": "-1105.00000", "2020-06-30": "-2411.00000", "2020-03-31": "-400.00000", "2019-12-31": "-472.00000", "2019-09-30": "388.00000", "2019-06-30": "356.00000", "2019-03-31": "43.00000", "2018-12-31": "306.00000", "2018-09-30": "160.00000", "2018-06-30": "301.00000", "2018-03-31": "178.00000", "2017-12-31": "129.85000", "2017-09-30": "81.94800", "2017-06-30": "164.12800", "2017-03-31": "141.07400", "2016-12-31": "28.44000", "2016-09-30": "-0.60000", "2016-06-30": "-157.12100", "2016-03-31": "-35.62700", "2015-12-31": "-186.83500", "2015-09-30": "-156.04200", "2015-06-30": "-211.35200", "2015-03-31": "6.43900", "2014-12-31": "99.91700", "2014-09-30": "44.64100", "2014-06-30": "27.82400", "2014-03-31": "23.58900", "2013-12-31": "20.12400", "2013-09-30": "14.59600", "2013-06-30": "14.47100", "2013-03-31": "5.39600", "2012-12-31": "-52.07400", "2012-09-30": "0.45200", "2012-06-30": "13.62400", "2012-03-31": "1.47700", "2011-12-31": "", "2011-09-30": "2.08900", "2010-12-31": ""}, "Other Income": {"2020-09-30": "", "2020-06-30": "", "2020-03-31": "", "2019-12-31": "", "2019-09-30": "", "2019-06-30": "", "2019-03-31": "", "2018-12-31": "", "2018-09-30": "", "2018-06-30": "", "2018-03-31": "", "2017-12-31": "", "2017-09-30": "", "2017-06-30": "", "2017-03-31": "", "2016-12-31": "", "2016-09-30": "", "2016-06-30": "", "2016-03-31": "", "2015-12-31": "", "2015-09-30": "", "2015-06-30": "", "2015-03-31": "", "2014-12-31": "", "2014-09-30": "", "2014-06-30": "", "2014-03-31": "", "2013-12-31": "", "2013-09-30": "", "2013-06-30": "", "2013-03-31": "", "2012-12-31": "", "2012-09-30": "", "2012-06-30": "", "2012-03-31": "", "2011-12-31": "", "2011-09-30": "", "2010-12-31": ""}, "Income From Continuous Operations": {"2020-09-30": "-1105.00000", "2020-06-30": "-2411.00000", "2020-03-31": "-400.00000", "2019-12-31": "-472.00000", "2019-09-30": "388.00000", "2019-06-30": "356.00000", "2019-03-31": "43.00000", "2018-12-31": "306.00000", "2018-09-30": "160.00000", "2018-06-30": "301.00000", "2018-03-31": "178.00000", "2017-12-31": "129.85000", "2017-09-30": "81.94800", "2017-06-30": "164.12800", "2017-03-31": "141.07400", "2016-12-31": "28.44000", "2016-09-30": "-0.60000", "2016-06-30": "-157.12100", "2016-03-31": "-35.62700", "2015-12-31": "-186.83500", "2015-09-30": "-156.04200", "2015-06-30": "-211.35200", "2015-03-31": "6.43900", "2014-12-31": "99.91700", "2014-09-30": "44.64100", "2014-06-30": "27.82400", "2014-03-31": "23.58900", "2013-12-31": "20.12400", "2013-09-30": "14.59600", "2013-06-30": "14.47100", "2013-03-31": "5.39600", "2012-12-31": "-52.07400", "2012-09-30": "0.45200", "2012-06-30": "13.62400", "2012-03-31": "1.47700", "2011-12-31": "", "2011-09-30": "2.08900", "2010-12-31": ""}, "Income From Discontinued Operations": {"2020-09-30": "", "2020-06-30": "", "2020-03-31": "", "2019-12-31": "", "2019-09-30": "", "2019-06-30": "", "2019-03-31": "", "2018-12-31": "", "2018-09-30": "", "2018-06-30": "", "2018-03-31": "", "2017-12-31": "", "2017-09-30": "", "2017-06-30": "", "2017-03-31": "", "2016-12-31": "", "2016-09-30": "", "2016-06-30": "", "2016-03-31": "", "2015-12-31": "", "2015-09-30": "", "2015-06-30": "", "2015-03-31": "", "2014-12-31": "", "2014-09-30": "", "2014-06-30": "", "2014-03-31": "", "2013-12-31": "", "2013-09-30": "", "2013-06-30": "", "2013-03-31": "", "2012-12-31": "", "2012-09-30": "", "2012-06-30": "", "2012-03-31": "", "2011-12-31": "", "2011-09-30": "", "2010-12-31": ""}, "Net Income": {"2020-09-30": "-1113.00000", "2020-06-30": "-2393.00000", "2020-03-31": "-272.00000", "2019-12-31": "-487.00000", "2019-09-30": "368.00000", "2019-06-30": "349.00000", "2019-03-31": "10.00000", "2018-12-31": "307.00000", "2018-09-30": "157.00000", "2018-06-30": "219.00000", "2018-03-31": "163.00000", "2017-12-31": "114.29800", "2017-09-30": "73.02400", "2017-06-30": "158.40500", "2017-03-31": "136.27300", "2016-12-31": "25.59800", "2016-09-30": "-2.23000", "2016-06-30": "-155.49000", "2016-03-31": "-32.91200", "2015-12-31": "-187.40900", "2015-09-30": "-156.78100", "2015-06-30": "-212.28700", "2015-03-31": "5.84900", "2014-12-31": "98.67400", "2014-09-30": "43.73900", "2014-06-30": "27.75300", "2014-03-31": "23.58900", "2013-12-31": "20.12400", "2013-09-30": "14.59600", "2013-06-30": "14.47100", "2013-03-31": "5.39600", "2012-12-31": "-52.07400", "2012-09-30": "0.45200", "2012-06-30": "13.62400", "2012-03-31": "1.47700", "2011-12-31": "", "2011-09-30": "2.08900", "2010-12-31": ""}, "EBITDA": {"2020-09-30": "-970.00000", "2020-06-30": "-2331.00000", "2020-03-31": "-393.00000", "2019-12-31": "26.00000", "2019-09-30": "714.00000", "2019-06-30": "769.00000", "2019-03-31": "642.00000", "2018-12-31": "437.00000", "2018-09-30": "415.00000", "2018-06-30": "411.00000", "2018-03-31": "383.00000", "2017-12-31": "320.13400", "2017-09-30": "231.23500", "2017-06-30": "208.44000", "2017-03-31": "176.19100", "2016-12-31": "139.10200", "2016-09-30": "52.12200", "2016-06-30": "-94.24300", "2016-03-31": "15.13400", "2015-12-31": "-138.58100", "2015-09-30": "-201.75900", "2015-06-30": "-241.37500", "2015-03-31": "61.74400", "2014-12-31": "92.16000", "2014-09-30": "109.44500", "2014-06-30": "103.70100", "2014-03-31": "79.49400", "2013-12-31": "61.83900", "2013-09-30": "47.05400", "2013-06-30": "34.36300", "2013-03-31": "19.55300", "2012-12-31": "12.04500", "2012-09-30": "10.35700", "2012-06-30": "10.07300", "2012-03-31": "11.59900", "2011-12-31": "", "2011-09-30": "2.81200", "2010-12-31": ""}, "EBIT": {"2020-09-30": "-1256.00000", "2020-06-30": "-2672.00000", "2020-03-31": "-802.00000", "2019-12-31": "-384.00000", "2019-09-30": "349.00000", "2019-06-30": "411.00000", "2019-03-31": "319.00000", "2018-12-31": "195.00000", "2018-09-30": "268.00000", "2018-06-30": "281.00000", "2018-03-31": "267.00000", "2017-12-31": "213.64300", "2017-09-30": "142.63900", "2017-06-30": "132.30800", "2017-03-31": "116.41000", "2016-12-31": "87.07900", "2016-09-30": "6.69300", "2016-06-30": "-134.78600", "2016-03-31": "-27.60300", "2015-12-31": "-187.81290", "2015-09-30": "-254.77300", "2015-06-30": "-299.12000", "2015-03-31": "1.43700", "2014-12-31": "37.89900", "2014-09-30": "63.51600", "2014-06-30": "63.19200", "2014-03-31": "48.06300", "2013-12-31": "37.72600", "2013-09-30": "29.42300", "2013-06-30": "19.38300", "2013-03-31": "8.66200", "2012-12-31": "2.17700", "2012-09-30": "4.08600", "2012-06-30": "4.30700", "2012-03-31": "6.73700", "2011-12-31": "", "2011-09-30": "2.81200", "2010-12-31": ""}, "Basic Shares Outstanding": {"2020-09-30": "157.83300", "2020-06-30": "157.82900", "2020-03-31": "158.29100", "2019-12-31": "163.49300", "2019-09-30": "162.54300", "2019-06-30": "164.83900", "2019-03-31": "164.85200", "2018-12-31": "104.62200", "2018-09-30": "98.63800", "2018-06-30": "98.61400", "2018-03-31": "98.55500", "2017-12-31": "97.45800", "2017-09-30": "98.14400", "2017-06-30": "98.14200", "2017-03-31": "93.16100", "2016-12-31": "75.07700", "2016-09-30": "77.16700", "2016-06-30": "71.71900", "2016-03-31": "71.02600", "2015-12-31": "63.01900", "2015-09-30": "65.25100", "2015-06-30": "61.46900", "2015-03-31": "58.38600", "2014-12-31": "52.82600", "2014-09-30": "55.15200", "2014-06-30": "50.77700", "2014-03-31": "48.44700", "2013-12-31": "42.01500", "2013-09-30": "44.38500", "2013-06-30": "39.40200", "2013-03-31": "37.05900", "2012-12-31": "", "2012-09-30": "40.30900", "2012-06-30": "38.23700", "2012-03-31": "", "2011-12-31": "", "2011-09-30": "", "2010-12-31": ""}, "Shares Outstanding": {"2020-09-30": "157.83300", "2020-06-30": "157.82900", "2020-03-31": "158.49400", "2019-12-31": "163.84300", "2019-09-30": "162.78000", "2019-06-30": "165.01900", "2019-03-31": "165.06100", "2018-12-31": "104.92900", "2018-09-30": "98.81800", "2018-06-30": "98.79700", "2018-03-31": "98.76900", "2017-12-31": "97.68800", "2017-09-30": "98.36900", "2017-06-30": "98.35400", "2017-03-31": "93.36400", "2016-12-31": "75.07700", "2016-09-30": "77.16700", "2016-06-30": "71.71900", "2016-03-31": "71.02600", "2015-12-31": "63.01900", "2015-09-30": "65.25100", "2015-06-30": "61.46900", "2015-03-31": "58.62600", "2014-12-31": "53.29700", "2014-09-30": "55.44200", "2014-06-30": "51.14200", "2014-03-31": "48.86700", "2013-12-31": "42.25500", "2013-09-30": "44.69800", "2013-06-30": "39.71900", "2013-03-31": "37.20600", "2012-12-31": "", "2012-09-30": "40.52400", "2012-06-30": "38.47700", "2012-03-31": "", "2011-12-31": "", "2011-09-30": "", "2010-12-31": ""}, "Basic EPS": {"2020-09-30": "-7.05000", "2020-06-30": "-15.16000", "2020-03-31": "-1.72000", "2019-12-31": "-2.98000", "2019-09-30": "2.27000", "2019-06-30": "2.12000", "2019-03-31": "0.06000", "2018-12-31": "2.63000", "2018-09-30": "1.59000", "2018-06-30": "2.22000", "2018-03-31": "1.65000", "2017-12-31": "1.14000", "2017-09-30": "0.74000", "2017-06-30": "1.61000", "2017-03-31": "1.46000", "2016-12-31": "0.46000", "2016-09-30": "-0.03000", "2016-06-30": "-2.17000", "2016-03-31": "-0.46000", "2015-12-31": "-2.99000", "2015-09-30": "-2.40000", "2015-06-30": "-3.45000", "2015-03-31": "0.10000", "2014-12-31": "1.84000", "2014-09-30": "0.79000", "2014-06-30": "0.55000", "2014-03-31": "0.49000", "2013-12-31": "0.45000", "2013-09-30": "0.33000", "2013-06-30": "0.37000", "2013-03-31": "0.15000", "2012-12-31": "", "2012-09-30": "0.01120", "2012-06-30": "0.35630", "2012-03-31": "", "2011-12-31": "", "2011-09-30": "", "2010-12-31": ""}, "EPS - Earnings Per Share": {"2020-09-30": "-7.05000", "2020-06-30": "-15.16000", "2020-03-31": "-1.72000", "2019-12-31": "-2.96000", "2019-09-30": "2.26000", "2019-06-30": "2.11000", "2019-03-31": "0.06000", "2018-12-31": "2.60000", "2018-09-30": "1.59000", "2018-06-30": "2.22000", "2018-03-31": "1.65000", "2017-12-31": "1.13000", "2017-09-30": "0.74000", "2017-06-30": "1.61000", "2017-03-31": "1.46000", "2016-12-31": "0.46000", "2016-09-30": "-0.03000", "2016-06-30": "-2.17000", "2016-03-31": "-0.46000", "2015-12-31": "-2.99000", "2015-09-30": "-2.40000", "2015-06-30": "-3.45000", "2015-03-31": "0.10000", "2014-12-31": "1.83000", "2014-09-30": "0.79000", "2014-06-30": "0.54000", "2014-03-31": "0.48000", "2013-12-31": "0.45000", "2013-09-30": "0.33000", "2013-06-30": "0.36000", "2013-03-31": "0.15000", "2012-12-31": "0.00000", "2012-09-30": "0.01120", "2012-06-30": "0.35410", "2012-03-31": "0.00000", "2011-12-31": "0.00000", "2011-09-30": "0.00000", "2010-12-31": "0.00000"}}, "balance sheet": {"Cash On Hand": {"2019-12-31": "128.00000", "2018-12-31": "215.00000", "2017-12-31": "112.44600", "2016-12-31": "1667.07400", "2015-12-31": "20.61500", "2014-12-31": "30.68300", "2013-12-31": "15.55500", "2012-12-31": "26.35800", "2011-12-31": "6.95900", "2010-12-31": ""}, "Receivables": {"2019-12-31": "615.00000", "2018-12-31": "392.00000", "2017-12-31": "231.61300", "2016-12-31": "120.12200", "2015-12-31": "78.90400", "2014-12-31": "97.99400", "2013-12-31": "39.27300", "2012-12-31": "14.81200", "2011-12-31": "17.51000", "2010-12-31": ""}, "Inventory": {"2019-12-31": "37.00000", "2018-12-31": "37.00000", "2017-12-31": "9.10800", "2016-12-31": "1.98300", "2015-12-31": "1.72800", "2014-12-31": "2.82700", "2013-12-31": "5.63100", "2012-12-31": "6.19500", "2011-12-31": "6.00700", "2010-12-31": ""}, "Pre-Paid Expenses": {"2019-12-31": "43.00000", "2018-12-31": "50.00000", "2017-12-31": "4.90300", "2016-12-31": "2.98700", "2015-12-31": "2.87500", "2014-12-31": "4.60000", "2013-12-31": "1.18400", "2012-12-31": "1.05300", "2011-12-31": "0.33600", "2010-12-31": ""}, "Other Current Assets": {"2019-12-31": "46.00000", "2018-12-31": "231.00000", "2017-12-31": "0.53100", "2016-12-31": "", "2015-12-31": "4.62300", "2014-12-31": "115.60700", "2013-12-31": "0.21300", "2012-12-31": "", "2011-12-31": "", "2010-12-31": ""}, "Total Current Assets": {"2019-12-31": "869.00000", "2018-12-31": "925.00000", "2017-12-31": "358.60100", "2016-12-31": "1792.16600", "2015-12-31": "108.74500", "2014-12-31": "251.71100", "2013-12-31": "61.96800", "2012-12-31": "50.27500", "2011-12-31": "30.81200", "2010-12-31": ""}, "Property, Plant, And Equipment": {"2019-12-31": "21835.00000", "2018-12-31": "20372.00000", "2017-12-31": "7343.61700", "2016-12-31": "3390.85700", "2015-12-31": "2597.62500", "2014-12-31": "2791.80700", "2013-12-31": "1446.33700", "2012-12-31": "554.24200", "2011-12-31": "221.14900", "2010-12-31": ""}, "Long-Term Investments": {"2019-12-31": "588.00000", "2018-12-31": "117.00000", "2017-12-31": "", "2016-12-31": "", "2015-12-31": "", "2014-12-31": "", "2013-12-31": "", "2012-12-31": "", "2011-12-31": "10.31000", "2010-12-31": ""}, "Goodwill And Intangible Assets": {"2019-12-31": "", "2018-12-31": "", "2017-12-31": "", "2016-12-31": "", "2015-12-31": "", "2014-12-31": "", "2013-12-31": "", "2012-12-31": "", "2011-12-31": "", "2010-12-31": "0.00000"}, "Other Long-Term Assets": {"2019-12-31": "97.00000", "2018-12-31": "85.00000", "2017-12-31": "68.76700", "2016-12-31": "166.65700", "2015-12-31": "44.34900", "2014-12-31": "51.96300", "2013-12-31": "13.30900", "2012-12-31": "2.18400", "2011-12-31": "1.30700", "2010-12-31": ""}, "Total Long-Term Assets": {"2019-12-31": "22662.00000", "2018-12-31": "20671.00000", "2017-12-31": "7412.38400", "2016-12-31": "3557.51400", "2015-12-31": "2641.97400", "2014-12-31": "2843.77000", "2013-12-31": "1459.64600", "2012-12-31": "556.42600", "2011-12-31": "232.76600", "2010-12-31": ""}, "Total Assets": {"2019-12-31": "23531.00000", "2018-12-31": "21596.00000", "2017-12-31": "7770.98500", "2016-12-31": "5349.68000", "2015-12-31": "2750.71900", "2014-12-31": "3095.48100", "2013-12-31": "1521.61400", "2012-12-31": "606.70100", "2011-12-31": "263.57800", "2010-12-31": "0.00000"}, "Total Current Liabilities": {"2019-12-31": "1263.00000", "2018-12-31": "1019.00000", "2017-12-31": "577.42800", "2016-12-31": "209.34200", "2015-12-31": "141.42100", "2014-12-31": "266.72900", "2013-12-31": "121.32000", "2012-12-31": "79.23200", "2011-12-31": "42.29800", "2010-12-31": ""}, "Long Term Debt": {"2019-12-31": "5371.00000", "2018-12-31": "4464.00000", "2017-12-31": "1477.34700", "2016-12-31": "1105.91200", "2015-12-31": "487.80700", "2014-12-31": "673.50000", "2013-12-31": "460.00000", "2012-12-31": "0.19300", "2011-12-31": "85.00000", "2010-12-31": ""}, "Other Non-Current Liabilities": {"2019-12-31": "11.00000", "2018-12-31": "25.00000", "2017-12-31": "6.30300", "2016-12-31": "", "2015-12-31": "", "2014-12-31": "", "2013-12-31": "", "2012-12-31": "0.38800", "2011-12-31": "6.13900", "2010-12-31": ""}, "Total Long Term Liabilities": {"2019-12-31": "7362.00000", "2018-12-31": "6410.00000", "2017-12-31": "1611.82000", "2016-12-31": "1122.04600", "2015-12-31": "500.32500", "2014-12-31": "843.53900", "2013-12-31": "554.75300", "2012-12-31": "65.40100", "2011-12-31": "92.24300", "2010-12-31": ""}, "Total Liabilities": {"2019-12-31": "8625.00000", "2018-12-31": "7429.00000", "2017-12-31": "2189.24800", "2016-12-31": "1331.38800", "2015-12-31": "641.74600", "2014-12-31": "1110.26800", "2013-12-31": "676.07300", "2012-12-31": "144.63300", "2011-12-31": "134.54100", "2010-12-31": "0.00000"}, "Common Stock Net": {"2019-12-31": "2.00000", "2018-12-31": "2.00000", "2017-12-31": "0.98200", "2016-12-31": "0.90100", "2015-12-31": "0.66800", "2014-12-31": "0.56900", "2013-12-31": "0.47100", "2012-12-31": "0.37000", "2011-12-31": "", "2010-12-31": "0.00000"}, "Retained Earnings (Accumulated Deficit)": {"2019-12-31": "890.00000", "2018-12-31": "762.00000", "2017-12-31": "-37.13300", "2016-12-31": "-519.39400", "2015-12-31": "-354.36000", "2014-12-31": "196.26800", "2013-12-31": "2.51300", "2012-12-31": "-52.07400", "2011-12-31": "", "2010-12-31": ""}, "Comprehensive Income": {"2019-12-31": "", "2018-12-31": "", "2017-12-31": "", "2016-12-31": "", "2015-12-31": "", "2014-12-31": "", "2013-12-31": "", "2012-12-31": "", "2011-12-31": "", "2010-12-31": ""}, "Other Share Holders Equity": {"2019-12-31": "", "2018-12-31": "", "2017-12-31": "", "2016-12-31": "", "2015-12-31": "", "2014-12-31": "", "2013-12-31": "", "2012-12-31": "", "2011-12-31": "", "2010-12-31": "0.00000"}, "Share Holder Equity": {"2019-12-31": "14906.00000", "2018-12-31": "14167.00000", "2017-12-31": "5581.73700", "2016-12-31": "4018.29200", "2015-12-31": "2108.97300", "2014-12-31": "1985.21300", "2013-12-31": "845.54100", "2012-12-31": "462.06800", "2011-12-31": "129.03700", "2010-12-31": "0.00000"}, "Total Liabilities And Share Holders Equity": {"2019-12-31": "23531.00000", "2018-12-31": "21596.00000", "2017-12-31": "7770.98500", "2016-12-31": "5349.68000", "2015-12-31": "2750.71900", "2014-12-31": "3095.48100", "2013-12-31": "1521.61400", "2012-12-31": "606.70100", "2011-12-31": "263.57800", "2010-12-31": "0.00000"}}, "balance sheet, quarterly": {"Cash On Hand": {"2020-09-30": "99.00000", "2020-06-30": "59.00000", "2020-03-31": "155.00000", "2019-12-31": "128.00000", "2019-09-30": "100.00000", "2019-06-30": "326.00000", "2019-03-31": "126.00000", "2018-12-31": "215.00000", "2018-09-30": "508.44600", "2018-06-30": "113.92700", "2018-03-31": "72.48700", "2017-12-31": "112.44600", "2017-09-30": "30.20500", "2017-06-30": "16.58800", "2017-03-31": "37.44000", "2016-12-31": "1667.07400", "2016-09-30": "167.76900", "2016-06-30": "219.29400", "2016-03-31": "236.31000", "2015-12-31": "20.61500", "2015-09-30": "44.32700", "2015-06-30": "45.17800", "2015-03-31": "32.14300", "2014-12-31": "30.68300", "2014-09-30": "40.64400", "2014-06-30": "36.99300", "2014-03-31": "25.31400", "2013-12-31": "15.55500", "2013-09-30": "53.10000", "2013-06-30": "81.89800", "2013-03-31": "5.51600", "2012-12-31": "26.35800", "2012-09-30": "1.27500", "2012-06-30": "", "2012-03-31": "", "2011-12-31": "", "2011-09-30": "", "2010-12-31": ""}, "Receivables": {"2020-09-30": "391.00000", "2020-06-30": "442.00000", "2020-03-31": "403.00000", "2019-12-31": "634.00000", "2019-09-30": "538.00000", "2019-06-30": "517.00000", "2019-03-31": "463.00000", "2018-12-31": "392.00000", "2018-09-30": "264.31700", "2018-06-30": "258.89000", "2018-03-31": "236.28000", "2017-12-31": "231.61300", "2017-09-30": "153.69200", "2017-06-30": "154.63500", "2017-03-31": "139.47600", "2016-12-31": "120.12200", "2016-09-30": "85.51400", "2016-06-30": "74.91400", "2016-03-31": "49.06400", "2015-12-31": "78.90400", "2015-09-30": "83.24200", "2015-06-30": "70.41100", "2015-03-31": "83.21000", "2014-12-31": "97.99400", "2014-09-30": "90.22800", "2014-06-30": "68.65500", "2014-03-31": "56.57800", "2013-12-31": "39.27300", "2013-09-30": "31.28200", "2013-06-30": "24.36900", "2013-03-31": "19.67800", "2012-12-31": "14.81200", "2012-09-30": "18.22300", "2012-06-30": "", "2012-03-31": "", "2011-12-31": "", "2011-09-30": "", "2010-12-31": ""}, "Inventory": {"2020-09-30": "33.00000", "2020-06-30": "34.00000", "2020-03-31": "36.00000", "2019-12-31": "37.00000", "2019-09-30": "45.00000", "2019-06-30": "44.00000", "2019-03-31": "39.00000", "2018-12-31": "37.00000", "2018-09-30": "14.81500", "2018-06-30": "13.26400", "2018-03-31": "8.96300", "2017-12-31": "9.10800", "2017-09-30": "4.83400", "2017-06-30": "4.92500", "2017-03-31": "3.02700", "2016-12-31": "1.98300", "2016-09-30": "1.96900", "2016-06-30": "1.49400", "2016-03-31": "1.59100", "2015-12-31": "1.72800", "2015-09-30": "2.60200", "2015-06-30": "2.65800", "2015-03-31": "2.84700", "2014-12-31": "2.82700", "2014-09-30": "3.10500", "2014-06-30": "3.30800", "2014-03-31": "5.88900", "2013-12-31": "5.63100", "2013-09-30": "6.22800", "2013-06-30": "6.27100", "2013-03-31": "6.24700", "2012-12-31": "6.19500", "2012-09-30": "6.31000", "2012-06-30": "", "2012-03-31": "", "2011-12-31": "", "2011-09-30": "", "2010-12-31": ""}, "Pre-Paid Expenses": {"2020-09-30": "20.00000", "2020-06-30": "33.00000", "2020-03-31": "140.00000", "2019-12-31": "24.00000", "2019-09-30": "22.00000", "2019-06-30": "56.00000", "2019-03-31": "", "2018-12-31": "50.00000", "2018-09-30": "8.11100", "2018-06-30": "7.26600", "2018-03-31": "6.73700", "2017-12-31": "4.90300", "2017-09-30": "3.50900", "2017-06-30": "3.45700", "2017-03-31": "4.45700", "2016-12-31": "2.98700", "2016-09-30": "3.01800", "2016-06-30": "2.24800", "2016-03-31": "3.27800", "2015-12-31": "2.87500", "2015-09-30": "3.25900", "2015-06-30": "4.20500", "2015-03-31": "4.83700", "2014-12-31": "4.60000", "2014-09-30": "3.22300", "2014-06-30": "1.42100", "2014-03-31": "1.49500", "2013-12-31": "1.18400", "2013-09-30": "0.65900", "2013-06-30": "0.80700", "2013-03-31": "0.95600", "2012-12-31": "1.05300", "2012-09-30": "1.09600", "2012-06-30": "", "2012-03-31": "", "2011-12-31": "", "2011-09-30": "", "2010-12-31": ""}, "Other Current Assets": {"2020-09-30": "15.00000", "2020-06-30": "86.00000", "2020-03-31": "534.00000", "2019-12-31": "46.00000", "2019-09-30": "140.00000", "2019-06-30": "29.00000", "2019-03-31": "5.00000", "2018-12-31": "231.00000", "2018-09-30": "", "2018-06-30": "", "2018-03-31": "", "2017-12-31": "0.53100", "2017-09-30": "1.61400", "2017-06-30": "41.73200", "2017-03-31": "14.37400", "2016-12-31": "", "2016-09-30": "", "2016-06-30": "", "2016-03-31": "0.82100", "2015-12-31": "4.62300", "2015-09-30": "40.00900", "2015-06-30": "47.91000", "2015-03-31": "92.33500", "2014-12-31": "115.60700", "2014-09-30": "6.06100", "2014-06-30": "", "2014-03-31": "", "2013-12-31": "0.21300", "2013-09-30": "0.22300", "2013-06-30": "3.19100", "2013-03-31": "0.91400", "2012-12-31": "", "2012-09-30": "", "2012-06-30": "", "2012-03-31": "", "2011-12-31": "", "2011-09-30": "", "2010-12-31": ""}, "Total Current Assets": {"2020-09-30": "558.00000", "2020-06-30": "654.00000", "2020-03-31": "1268.00000", "2019-12-31": "869.00000", "2019-09-30": "845.00000", "2019-06-30": "972.00000", "2019-03-31": "693.00000", "2018-12-31": "925.00000", "2018-09-30": "795.68900", "2018-06-30": "393.34700", "2018-03-31": "324.46700", "2017-12-31": "358.60100", "2017-09-30": "193.85400", "2017-06-30": "221.33700", "2017-03-31": "198.77400", "2016-12-31": "1792.16600", "2016-09-30": "258.27000", "2016-06-30": "297.95000", "2016-03-31": "291.06400", "2015-12-31": "108.74500", "2015-09-30": "173.43900", "2015-06-30": "170.36200", "2015-03-31": "215.37200", "2014-12-31": "251.71100", "2014-09-30": "143.26100", "2014-06-30": "114.70400", "2014-03-31": "90.65300", "2013-12-31": "61.96800", "2013-09-30": "91.91500", "2013-06-30": "116.53600", "2013-03-31": "34.51600", "2012-12-31": "50.27500", "2012-09-30": "26.90400", "2012-06-30": "", "2012-03-31": "", "2011-12-31": "", "2011-09-30": "", "2010-12-31": ""}, "Property, Plant, And Equipment": {"2020-09-30": "17435.00000", "2020-06-30": "18927.00000", "2020-03-31": "21420.00000", "2019-12-31": "21835.00000", "2019-09-30": "22043.00000", "2019-06-30": "21603.00000", "2019-03-31": "21047.00000", "2018-12-31": "20372.00000", "2018-09-30": "8714.60600", "2018-06-30": "8343.04400", "2018-03-31": "7751.17200", "2017-12-31": "7343.61700", "2017-09-30": "7048.60700", "2017-06-30": "6508.74700", "2017-03-31": "6103.09700", "2016-12-31": "3390.85700", "2016-09-30": "3223.98000", "2016-06-30": "2496.37300", "2016-03-31": "2607.44600", "2015-12-31": "2597.62500", "2015-09-30": "2758.21700", "2015-06-30": "2946.39700", "2015-03-31": "2825.67200", "2014-12-31": "2791.80700", "2014-09-30": "2626.15900", "2014-06-30": "1919.98800", "2014-03-31": "1833.57800", "2013-12-31": "1446.33700", "2013-09-30": "1361.12100", "2013-06-30": "681.17200", "2013-03-31": "612.81300", "2012-12-31": "554.24200", "2012-09-30": "277.35000", "2012-06-30": "", "2012-03-31": "", "2011-12-31": "", "2011-09-30": "", "2010-12-31": ""}, "Long-Term Investments": {"2020-09-30": "636.00000", "2020-06-30": "620.00000", "2020-03-31": "609.00000", "2019-12-31": "588.00000", "2019-09-30": "336.00000", "2019-06-30": "299.00000", "2019-03-31": "264.00000", "2018-12-31": "117.00000", "2018-09-30": "106.83400", "2018-06-30": "108.56400", "2018-03-31": "109.10300", "2017-12-31": "", "2017-09-30": "", "2017-06-30": "", "2017-03-31": "", "2016-12-31": "", "2016-09-30": "", "2016-06-30": "", "2016-03-31": "", "2015-12-31": "", "2015-09-30": "", "2015-06-30": "", "2015-03-31": "", "2014-12-31": "", "2014-09-30": "", "2014-06-30": "", "2014-03-31": "", "2013-12-31": "", "2013-09-30": "", "2013-06-30": "", "2013-03-31": "", "2012-12-31": "", "2012-09-30": "", "2012-06-30": "", "2012-03-31": "", "2011-12-31": "", "2011-09-30": "", "2010-12-31": ""}, "Goodwill And Intangible Assets": {"2020-09-30": "", "2020-06-30": "", "2020-03-31": "", "2019-12-31": "", "2019-09-30": "", "2019-06-30": "", "2019-03-31": "", "2018-12-31": "", "2018-09-30": "", "2018-06-30": "", "2018-03-31": "", "2017-12-31": "", "2017-09-30": "", "2017-06-30": "", "2017-03-31": "", "2016-12-31": "", "2016-09-30": "", "2016-06-30": "", "2016-03-31": "", "2015-12-31": "", "2015-09-30": "", "2015-06-30": "", "2015-03-31": "", "2014-12-31": "", "2014-09-30": "", "2014-06-30": "", "2014-03-31": "", "2013-12-31": "", "2013-09-30": "", "2013-06-30": "", "2013-03-31": "", "2012-12-31": "", "2012-09-30": "", "2012-06-30": "0.00000", "2012-03-31": "0.00000", "2011-12-31": "", "2011-09-30": "0.00000", "2010-12-31": "0.00000"}, "Other Long-Term Assets": {"2020-09-30": "56.00000", "2020-06-30": "58.00000", "2020-03-31": "89.00000", "2019-12-31": "97.00000", "2019-09-30": "171.00000", "2019-06-30": "147.00000", "2019-03-31": "114.00000", "2018-12-31": "85.00000", "2018-09-30": "93.89300", "2018-06-30": "37.39100", "2018-03-31": "40.14600", "2017-12-31": "68.76700", "2017-09-30": "45.10700", "2017-06-30": "53.40400", "2017-03-31": "67.70600", "2016-12-31": "166.65700", "2016-09-30": "43.43000", "2016-06-30": "46.03200", "2016-03-31": "44.44900", "2015-12-31": "44.34900", "2015-09-30": "54.25700", "2015-06-30": "54.69900", "2015-03-31": "51.43700", "2014-12-31": "51.96300", "2014-09-30": "51.13500", "2014-06-30": "12.70200", "2014-03-31": "12.66600", "2013-12-31": "13.30900", "2013-09-30": "12.86000", "2013-06-30": "0.93100", "2013-03-31": "1.13400", "2012-12-31": "2.18400", "2012-09-30": "3.51300", "2012-06-30": "", "2012-03-31": "", "2011-12-31": "", "2011-09-30": "", "2010-12-31": ""}, "Total Long-Term Assets": {"2020-09-30": "18202.00000", "2020-06-30": "19683.00000", "2020-03-31": "22118.00000", "2019-12-31": "22662.00000", "2019-09-30": "22708.00000", "2019-06-30": "22199.00000", "2019-03-31": "21575.00000", "2018-12-31": "20671.00000", "2018-09-30": "9010.88400", "2018-06-30": "8561.04800", "2018-03-31": "7900.42100", "2017-12-31": "7412.38400", "2017-09-30": "7093.71400", "2017-06-30": "6562.47200", "2017-03-31": "6170.92600", "2016-12-31": "3557.51400", "2016-09-30": "3267.41000", "2016-06-30": "2542.40500", "2016-03-31": "2651.89500", "2015-12-31": "2641.97400", "2015-09-30": "2818.11500", "2015-06-30": "3001.09600", "2015-03-31": "2877.10900", "2014-12-31": "2843.77000", "2014-09-30": "2677.29400", "2014-06-30": "1932.69000", "2014-03-31": "1846.24400", "2013-12-31": "1459.64600", "2013-09-30": "1373.98100", "2013-06-30": "682.10300", "2013-03-31": "613.94700", "2012-12-31": "556.42600", "2012-09-30": "280.86300", "2012-06-30": "", "2012-03-31": "", "2011-12-31": "", "2011-09-30": "", "2010-12-31": ""}, "Total Assets": {"2020-09-30": "18760.00000", "2020-06-30": "20337.00000", "2020-03-31": "23386.00000", "2019-12-31": "23531.00000", "2019-09-30": "23553.00000", "2019-06-30": "23171.00000", "2019-03-31": "22268.00000", "2018-12-31": "21596.00000", "2018-09-30": "9806.57300", "2018-06-30": "8954.39500", "2018-03-31": "8224.88800", "2017-12-31": "7770.98500", "2017-09-30": "7287.56800", "2017-06-30": "6783.80900", "2017-03-31": "6369.70000", "2016-12-31": "5349.68000", "2016-09-30": "3525.68000", "2016-06-30": "2840.35500", "2016-03-31": "2942.95900", "2015-12-31": "2750.71900", "2015-09-30": "2991.55400", "2015-06-30": "3171.45800", "2015-03-31": "3092.48100", "2014-12-31": "3095.48100", "2014-09-30": "2820.55500", "2014-06-30": "2047.39400", "2014-03-31": "1936.89700", "2013-12-31": "1521.61400", "2013-09-30": "1465.89600", "2013-06-30": "798.63900", "2013-03-31": "648.46300", "2012-12-31": "606.70100", "2012-09-30": "307.76700", "2012-06-30": "0.00000", "2012-03-31": "0.00000", "2011-12-31": "0.00000", "2011-09-30": "0.00000", "2010-12-31": "0.00000"}, "Total Current Liabilities": {"2020-09-30": "1229.00000", "2020-06-30": "1061.00000", "2020-03-31": "1330.00000", "2019-12-31": "1263.00000", "2019-09-30": "1181.00000", "2019-06-30": "1180.00000", "2019-03-31": "1112.00000", "2018-12-31": "1019.00000", "2018-09-30": "721.78700", "2018-06-30": "727.07700", "2018-03-31": "607.66800", "2017-12-31": "577.42800", "2017-09-30": "417.61700", "2017-06-30": "323.16600", "2017-03-31": "244.06900", "2016-12-31": "209.34200", "2016-09-30": "175.02500", "2016-06-30": "141.70500", "2016-03-31": "106.70000", "2015-12-31": "141.42100", "2015-09-30": "200.17200", "2015-06-30": "142.63900", "2015-03-31": "184.03000", "2014-12-31": "266.72900", "2014-09-30": "196.28600", "2014-06-30": "168.87700", "2014-03-31": "155.21100", "2013-12-31": "121.32000", "2013-09-30": "109.45100", "2013-06-30": "97.48700", "2013-03-31": "76.33600", "2012-12-31": "79.23200", "2012-09-30": "60.07200", "2012-06-30": "", "2012-03-31": "", "2011-12-31": "", "2011-09-30": "", "2010-12-31": ""}, "Long Term Debt": {"2020-09-30": "5656.00000", "2020-06-30": "5952.00000", "2020-03-31": "5677.00000", "2019-12-31": "5371.00000", "2019-09-30": "4761.00000", "2019-06-30": "4472.00000", "2019-03-31": "4670.00000", "2018-12-31": "4464.00000", "2018-09-30": "2332.35900", "2018-06-30": "1967.07400", "2018-03-31": "1701.91200", "2017-12-31": "1477.34700", "2017-09-30": "1256.38800", "2017-06-30": "1151.51500", "2017-03-31": "985.78600", "2016-12-31": "1105.91200", "2016-09-30": "497.81300", "2016-06-30": "494.47500", "2016-03-31": "485.64100", "2015-12-31": "487.80700", "2015-09-30": "489.00000", "2015-06-30": "718.00000", "2015-03-31": "611.57900", "2014-12-31": "673.50000", "2014-09-30": "590.00000", "2014-06-30": "496.00000", "2014-03-31": "587.00000", "2013-12-31": "460.00000", "2013-09-30": "450.08500", "2013-06-30": "0.12100", "2013-03-31": "36.65700", "2012-12-31": "0.19300", "2012-09-30": "120.27500", "2012-06-30": "", "2012-03-31": "", "2011-12-31": "", "2011-09-30": "", "2010-12-31": ""}, "Other Non-Current Liabilities": {"2020-09-30": "116.00000", "2020-06-30": "99.00000", "2020-03-31": "76.00000", "2019-12-31": "11.00000", "2019-09-30": "13.00000", "2019-06-30": "18.00000", "2019-03-31": "30.00000", "2018-12-31": "25.00000", "2018-09-30": "5.93800", "2018-06-30": "8.52100", "2018-03-31": "6.49900", "2017-12-31": "6.30300", "2017-09-30": "4.14500", "2017-06-30": "", "2017-03-31": "", "2016-12-31": "", "2016-09-30": "1.80700", "2016-06-30": "3.83600", "2016-03-31": "", "2015-12-31": "", "2015-09-30": "", "2015-06-30": "", "2015-03-31": "", "2014-12-31": "", "2014-09-30": "", "2014-06-30": "", "2014-03-31": "", "2013-12-31": "", "2013-09-30": "", "2013-06-30": "", "2013-03-31": "", "2012-12-31": "0.38800", "2012-09-30": "1.55600", "2012-06-30": "", "2012-03-31": "", "2011-12-31": "", "2011-09-30": "", "2010-12-31": ""}, "Total Long Term Liabilities": {"2020-09-30": "6862.00000", "2020-06-30": "7441.00000", "2020-03-31": "7740.00000", "2019-12-31": "7362.00000", "2019-09-30": "6883.00000", "2019-06-30": "6541.00000", "2019-03-31": "6642.00000", "2018-12-31": "6410.00000", "2018-09-30": "2654.98900", "2018-06-30": "2214.85100", "2018-03-31": "1882.03800", "2017-12-31": "1611.82000", "2017-09-30": "1283.82800", "2017-06-30": "1173.70900", "2017-03-31": "1006.27300", "2016-12-31": "1122.04600", "2016-09-30": "515.36000", "2016-06-30": "512.09800", "2016-03-31": "499.20300", "2015-12-31": "500.32500", "2015-09-30": "501.66200", "2015-06-30": "785.20000", "2015-03-31": "791.93400", "2014-12-31": "843.53900", "2014-09-30": "738.42300", "2014-06-30": "626.18000", "2014-03-31": "698.77700", "2013-12-31": "554.75300", "2013-09-30": "533.50700", "2013-06-30": "73.54300", "2013-03-31": "104.09300", "2012-12-31": "65.40100", "2012-09-30": "123.09500", "2012-06-30": "", "2012-03-31": "", "2011-12-31": "", "2011-09-30": "", "2010-12-31": ""}, "Total Liabilities": {"2020-09-30": "8091.00000", "2020-06-30": "8502.00000", "2020-03-31": "9070.00000", "2019-12-31": "8625.00000", "2019-09-30": "8064.00000", "2019-06-30": "7721.00000", "2019-03-31": "7754.00000", "2018-12-31": "7429.00000", "2018-09-30": "3376.77600", "2018-06-30": "2941.92800", "2018-03-31": "2489.70600", "2017-12-31": "2189.24800", "2017-09-30": "1701.44500", "2017-06-30": "1496.87500", "2017-03-31": "1250.34200", "2016-12-31": "1331.38800", "2016-09-30": "690.38500", "2016-06-30": "653.80300", "2016-03-31": "605.90300", "2015-12-31": "641.74600", "2015-09-30": "701.83400", "2015-06-30": "927.83900", "2015-03-31": "975.96400", "2014-12-31": "1110.26800", "2014-09-30": "934.70900", "2014-06-30": "795.05700", "2014-03-31": "853.98800", "2013-12-31": "676.07300", "2013-09-30": "642.95800", "2013-06-30": "171.03000", "2013-03-31": "180.42900", "2012-12-31": "144.63300", "2012-09-30": "183.16700", "2012-06-30": "0.00000", "2012-03-31": "0.00000", "2011-12-31": "", "2011-09-30": "0.00000", "2010-12-31": "0.00000"}, "Common Stock Net": {"2020-09-30": "2.00000", "2020-06-30": "2.00000", "2020-03-31": "2.00000", "2019-12-31": "2.00000", "2019-09-30": "2.00000", "2019-06-30": "2.00000", "2019-03-31": "2.00000", "2018-12-31": "2.00000", "2018-09-30": "0.98700", "2018-06-30": "0.98600", "2018-03-31": "0.98600", "2017-12-31": "0.98200", "2017-09-30": "0.98200", "2017-06-30": "0.98100", "2017-03-31": "0.98100", "2016-12-31": "0.90100", "2016-09-30": "0.78100", "2016-06-30": "0.71700", "2016-03-31": "0.71700", "2015-12-31": "0.66800", "2015-09-30": "0.66700", "2015-06-30": "0.63700", "2015-03-31": "0.59000", "2014-12-31": "0.56900", "2014-09-30": "0.56700", "2014-06-30": "0.50900", "2014-03-31": "0.50800", "2013-12-31": "0.47100", "2013-09-30": "0.47000", "2013-06-30": "0.42200", "2013-03-31": "0.37000", "2012-12-31": "0.37000", "2012-09-30": "", "2012-06-30": "0.00000", "2012-03-31": "0.00000", "2011-12-31": "", "2011-09-30": "0.00000", "2010-12-31": "0.00000"}, "Retained Earnings (Accumulated Deficit)": {"2020-09-30": "-3065.00000", "2020-06-30": "-1893.00000", "2020-03-31": "559.00000", "2019-12-31": "890.00000", "2019-09-30": "1407.00000", "2019-06-30": "1069.00000", "2019-03-31": "752.00000", "2018-12-31": "762.00000", "2018-09-30": "467.83000", "2018-06-30": "323.10500", "2018-03-31": "116.28600", "2017-12-31": "-37.13300", "2017-09-30": "-151.69200", "2017-06-30": "-224.71600", "2017-03-31": "-383.12100", "2016-12-31": "-519.39400", "2016-09-30": "-544.99200", "2016-06-30": "-542.76200", "2016-03-31": "-387.27200", "2015-12-31": "-354.36000", "2015-09-30": "-166.95100", "2015-06-30": "-10.17000", "2015-03-31": "202.11700", "2014-12-31": "196.26800", "2014-09-30": "97.59400", "2014-06-30": "53.85500", "2014-03-31": "26.10200", "2013-12-31": "2.51300", "2013-09-30": "-17.61100", "2013-06-30": "-32.20700", "2013-03-31": "-46.67800", "2012-12-31": "-52.07400", "2012-09-30": "", "2012-06-30": "", "2012-03-31": "", "2011-12-31": "", "2011-09-30": "", "2010-12-31": ""}, "Comprehensive Income": {"2020-09-30": "", "2020-06-30": "", "2020-03-31": "", "2019-12-31": "", "2019-09-30": "", "2019-06-30": "", "2019-03-31": "", "2018-12-31": "", "2018-09-30": "", "2018-06-30": "", "2018-03-31": "", "2017-12-31": "", "2017-09-30": "", "2017-06-30": "", "2017-03-31": "", "2016-12-31": "", "2016-09-30": "", "2016-06-30": "", "2016-03-31": "", "2015-12-31": "", "2015-09-30": "", "2015-06-30": "", "2015-03-31": "", "2014-12-31": "", "2014-09-30": "", "2014-06-30": "", "2014-03-31": "", "2013-12-31": "", "2013-09-30": "", "2013-06-30": "", "2013-03-31": "", "2012-12-31": "", "2012-09-30": "", "2012-06-30": "", "2012-03-31": "", "2011-12-31": "", "2011-09-30": "", "2010-12-31": ""}, "Other Share Holders Equity": {"2020-09-30": "", "2020-06-30": "", "2020-03-31": "", "2019-12-31": "", "2019-09-30": "", "2019-06-30": "", "2019-03-31": "", "2018-12-31": "", "2018-09-30": "", "2018-06-30": "", "2018-03-31": "", "2017-12-31": "", "2017-09-30": "", "2017-06-30": "", "2017-03-31": "", "2016-12-31": "", "2016-09-30": "", "2016-06-30": "", "2016-03-31": "", "2015-12-31": "", "2015-09-30": "", "2015-06-30": "", "2015-03-31": "", "2014-12-31": "", "2014-09-30": "", "2014-06-30": "", "2014-03-31": "", "2013-12-31": "", "2013-09-30": "", "2013-06-30": "", "2013-03-31": "", "2012-12-31": "", "2012-09-30": "", "2012-06-30": "0.00000", "2012-03-31": "0.00000", "2011-12-31": "", "2011-09-30": "0.00000", "2010-12-31": "0.00000"}, "Share Holder Equity": {"2020-09-30": "10669.00000", "2020-06-30": "11835.00000", "2020-03-31": "14316.00000", "2019-12-31": "14906.00000", "2019-09-30": "15489.00000", "2019-06-30": "15450.00000", "2019-03-31": "14514.00000", "2018-12-31": "14167.00000", "2018-09-30": "6429.79700", "2018-06-30": "6012.46700", "2018-03-31": "5735.18200", "2017-12-31": "5581.73700", "2017-09-30": "5586.12300", "2017-06-30": "5286.93400", "2017-03-31": "5119.35800", "2016-12-31": "4018.29200", "2016-09-30": "2835.29500", "2016-06-30": "2186.55200", "2016-03-31": "2337.05600", "2015-12-31": "2108.97300", "2015-09-30": "2289.72000", "2015-06-30": "2243.61900", "2015-03-31": "2116.51700", "2014-12-31": "1985.21300", "2014-09-30": "1885.84600", "2014-06-30": "1252.33700", "2014-03-31": "1082.90900", "2013-12-31": "845.54100", "2013-09-30": "822.93800", "2013-06-30": "627.60900", "2013-03-31": "468.03400", "2012-12-31": "462.06800", "2012-09-30": "124.60000", "2012-06-30": "0.00000", "2012-03-31": "0.00000", "2011-12-31": "", "2011-09-30": "0.00000", "2010-12-31": "0.00000"}, "Total Liabilities And Share Holders Equity": {"2020-09-30": "18760.00000", "2020-06-30": "20337.00000", "2020-03-31": "23386.00000", "2019-12-31": "23531.00000", "2019-09-30": "23553.00000", "2019-06-30": "23171.00000", "2019-03-31": "22268.00000", "2018-12-31": "21596.00000", "2018-09-30": "9806.57300", "2018-06-30": "8954.39500", "2018-03-31": "8224.88800", "2017-12-31": "7770.98500", "2017-09-30": "7287.56800", "2017-06-30": "6783.80900", "2017-03-31": "6369.70000", "2016-12-31": "5349.68000", "2016-09-30": "3525.68000", "2016-06-30": "2840.35500", "2016-03-31": "2942.95900", "2015-12-31": "2750.71900", "2015-09-30": "2991.55400", "2015-06-30": "3171.45800", "2015-03-31": "3092.48100", "2014-12-31": "3095.48100", "2014-09-30": "2820.55500", "2014-06-30": "2047.39400", "2014-03-31": "1936.89700", "2013-12-31": "1521.61400", "2013-09-30": "1465.89600", "2013-06-30": "798.63900", "2013-03-31": "648.46300", "2012-12-31": "606.70100", "2012-09-30": "307.76700", "2012-06-30": "0.00000", "2012-03-31": "0.00000", "2011-12-31": "", "2011-09-30": "0.00000", "2010-12-31": "0.00000"}}, "cash flow statement": {"Net Income/Loss": {"2019-12-31": "315.00000", "2018-12-31": "945.00000", "2017-12-31": "517.00000", "2016-12-31": "-164.90800", "2015-12-31": "-547.79000", "2014-12-31": "195.97100", "2013-12-31": "54.58700", "2012-12-31": "-36.52100", "2011-12-31": "-0.38600", "2010-12-31": "8.23100"}, "Total Depreciation And Amortization - Cash Flow": {"2019-12-31": "1456.00000", "2018-12-31": "635.00000", "2017-12-31": "331.00000", "2016-12-31": "180.73200", "2015-12-31": "220.29800", "2014-12-31": "172.13000", "2013-12-31": "67.61500", "2012-12-31": "26.76700", "2011-12-31": "16.35400", "2010-12-31": "8.30800"}, "Other Non-Cash Items": {"2019-12-31": "1135.00000", "2018-12-31": "-21.00000", "2017-12-31": "89.00000", "2016-12-31": "331.97200", "2015-12-31": "746.20090", "2014-12-31": "3.55500", "2013-12-31": "27.38200", "2012-12-31": "55.89600", "2011-12-31": "13.59500", "2010-12-31": "0.18100"}, "Total Non-Cash Items": {"2019-12-31": "2591.00000", "2018-12-31": "614.00000", "2017-12-31": "420.00000", "2016-12-31": "512.70400", "2015-12-31": "966.49900", "2014-12-31": "175.68500", "2013-12-31": "94.99700", "2012-12-31": "82.66300", "2011-12-31": "29.94900", "2010-12-31": "8.48900"}, "Change In Accounts Receivable": {"2019-12-31": "-187.00000", "2018-12-31": "13.00000", "2017-12-31": "-97.00000", "2016-12-31": "-33.73600", "2015-12-31": "11.14700", "2014-12-31": "-42.14100", "2013-12-31": "-20.50500", "2012-12-31": "1.06000", "2011-12-31": "-5.68000", "2010-12-31": "-8.61500"}, "Change In Inventories": {"2019-12-31": "-10.00000", "2018-12-31": "-14.00000", "2017-12-31": "-2.00000", "2016-12-31": "-0.25500", "2015-12-31": "0.22400", "2014-12-31": "0.91500", "2013-12-31": "0.55400", "2012-12-31": "-0.63900", "2011-12-31": "-0.87200", "2010-12-31": "-4.89700"}, "Change In Accounts Payable": {"2019-12-31": "", "2018-12-31": "", "2017-12-31": "", "2016-12-31": "", "2015-12-31": "", "2014-12-31": "", "2013-12-31": "", "2012-12-31": "", "2011-12-31": "", "2010-12-31": ""}, "Change In Assets/Liabilities": {"2019-12-31": "159.00000", "2018-12-31": "37.00000", "2017-12-31": "34.00000", "2016-12-31": "5.73000", "2015-12-31": "-14.34400", "2014-12-31": "15.67400", "2013-12-31": "5.68400", "2012-12-31": "-2.80400", "2011-12-31": "4.50100", "2010-12-31": "0.43900"}, "Total Change In Assets/Liabilities": {"2019-12-31": "-172.00000", "2018-12-31": "6.00000", "2017-12-31": "-48.00000", "2016-12-31": "-15.71600", "2015-12-31": "-2.20800", "2014-12-31": "-15.26700", "2013-12-31": "6.19300", "2012-12-31": "3.55000", "2011-12-31": "1.43500", "2010-12-31": "-11.52800"}, "Cash Flow From Operating Activities": {"2019-12-31": "2734.00000", "2018-12-31": "1565.00000", "2017-12-31": "889.00000", "2016-12-31": "332.08000", "2015-12-31": "416.50100", "2014-12-31": "356.38900", "2013-12-31": "155.77700", "2012-12-31": "49.69200", "2011-12-31": "30.99800", "2010-12-31": "5.19200"}, "Net Change In Property, Plant, And Equipment": {"2019-12-31": "-2626.00000", "2018-12-31": "-1592.00000", "2017-12-31": "-868.00000", "2016-12-31": "-369.50500", "2015-12-31": "-410.98600", "2014-12-31": "-544.00490", "2013-12-31": "-299.87500", "2012-12-31": "-101.14400", "2011-12-31": "-87.18400", "2010-12-31": "-55.04500"}, "Net Change In Intangible Assets": {"2019-12-31": "", "2018-12-31": "", "2017-12-31": "", "2016-12-31": "", "2015-12-31": "", "2014-12-31": "", "2013-12-31": "", "2012-12-31": "", "2011-12-31": "", "2010-12-31": ""}, "Net Acquisitions/Divestitures": {"2019-12-31": "", "2018-12-31": "", "2017-12-31": "", "2016-12-31": "", "2015-12-31": "", "2014-12-31": "", "2013-12-31": "-18.55000", "2012-12-31": "-63.59000", "2011-12-31": "", "2010-12-31": ""}, "Net Change In Short-term Investments": {"2019-12-31": "", "2018-12-31": "", "2017-12-31": "", "2016-12-31": "", "2015-12-31": "", "2014-12-31": "", "2013-12-31": "", "2012-12-31": "", "2011-12-31": "", "2010-12-31": ""}, "Net Change In Long-Term Investments": {"2019-12-31": "-486.00000", "2018-12-31": "-111.00000", "2017-12-31": "", "2016-12-31": "-2.34500", "2015-12-31": "-2.70200", "2014-12-31": "-34.47700", "2013-12-31": "", "2012-12-31": "", "2011-12-31": "6.01000", "2010-12-31": ""}, "Net Change In Investments - Total": {"2019-12-31": "-486.00000", "2018-12-31": "-111.00000", "2017-12-31": "", "2016-12-31": "-2.34500", "2015-12-31": "-2.70200", "2014-12-31": "-34.47700", "2013-12-31": "", "2012-12-31": "", "2011-12-31": "6.01000", "2010-12-31": ""}, "Investing Activities - Other": {"2019-12-31": "-776.00000", "2018-12-31": "-1800.00000", "2017-12-31": "-2264.00000", "2016-12-31": "-938.39200", "2015-12-31": "-481.36200", "2014-12-31": "-903.51500", "2013-12-31": "-621.71500", "2012-12-31": "-18.34400", "2011-12-31": "0.06600", "2010-12-31": "-0.19100"}, "Cash Flow From Investing Activities": {"2019-12-31": "-3888.00000", "2018-12-31": "-3503.00000", "2017-12-31": "-3132.00000", "2016-12-31": "-1310.24200", "2015-12-31": "-895.05000", "2014-12-31": "-1481.99700", "2013-12-31": "-940.14000", "2012-12-31": "-183.07800", "2011-12-31": "-81.10800", "2010-12-31": "-55.23600"}, "Net Long-Term Debt": {"2019-12-31": "2214.00000", "2018-12-31": "1062.00000", "2017-12-31": "", "2016-12-31": "523.43900", "2015-12-31": "", "2014-12-31": "", "2013-12-31": "450.00000", "2012-12-31": "", "2011-12-31": "", "2010-12-31": ""}, "Net Current Debt": {"2019-12-31": "-1368.00000", "2018-12-31": "851.00000", "2017-12-31": "370.00000", "2016-12-31": "75.00000", "2015-12-31": "-178.00000", "2014-12-31": "213.50000", "2013-12-31": "10.00000", "2012-12-31": "-85.05000", "2011-12-31": "40.23300", "2010-12-31": "37.11600"}, "Debt Issuance/Retirement Net - Total": {"2019-12-31": "846.00000", "2018-12-31": "1913.00000", "2017-12-31": "370.00000", "2016-12-31": "598.43900", "2015-12-31": "-178.00000", "2014-12-31": "213.50000", "2013-12-31": "460.00000", "2012-12-31": "-85.05000", "2011-12-31": "40.23300", "2010-12-31": "37.11600"}, "Net Common Equity Issued/Repurchased": {"2019-12-31": "509.00000", "2018-12-31": "291.00000", "2017-12-31": "370.00000", "2016-12-31": "2052.00100", "2015-12-31": "655.56100", "2014-12-31": "935.51300", "2013-12-31": "326.18100", "2012-12-31": "237.16400", "2011-12-31": "", "2010-12-31": ""}, "Net Total Equity Issued/Repurchased": {"2019-12-31": "509.00000", "2018-12-31": "291.00000", "2017-12-31": "370.00000", "2016-12-31": "2052.00100", "2015-12-31": "655.56100", "2014-12-31": "935.51300", "2013-12-31": "326.18100", "2012-12-31": "237.16400", "2011-12-31": "", "2010-12-31": ""}, "Total Common And Preferred Stock Dividends Paid": {"2019-12-31": "-112.00000", "2018-12-31": "-37.00000", "2017-12-31": "", "2016-12-31": "", "2015-12-31": "", "2014-12-31": "", "2013-12-31": "", "2012-12-31": "", "2011-12-31": "", "2010-12-31": ""}, "Financial Activities - Other": {"2019-12-31": "-181.00000", "2018-12-31": "-126.00000", "2017-12-31": "-51.00000", "2016-12-31": "-25.81900", "2015-12-31": "-9.08000", "2014-12-31": "-8.77700", "2013-12-31": "-12.62100", "2012-12-31": "0.67100", "2011-12-31": "12.71700", "2010-12-31": "14.61700"}, "Cash Flow From Financial Activities": {"2019-12-31": "1062.00000", "2018-12-31": "2041.00000", "2017-12-31": "689.00000", "2016-12-31": "2624.62100", "2015-12-31": "468.48100", "2014-12-31": "1140.23600", "2013-12-31": "773.56000", "2012-12-31": "152.78500", "2011-12-31": "52.95000", "2010-12-31": "51.73300"}, "Net Cash Flow": {"2019-12-31": "-92.00000", "2018-12-31": "103.00000", "2017-12-31": "-1554.00000", "2016-12-31": "1646.45900", "2015-12-31": "-10.06800", "2014-12-31": "14.62800", "2013-12-31": "-10.80300", "2012-12-31": "19.39900", "2011-12-31": "2.84000", "2010-12-31": "1.68900"}, "Stock-Based Compensation": {"2019-12-31": "48.00000", "2018-12-31": "27.00000", "2017-12-31": "26.00000", "2016-12-31": "26.45300", "2015-12-31": "18.52900", "2014-12-31": "9.81600", "2013-12-31": "1.75200", "2012-12-31": "3.48200", "2011-12-31": "0.54400", "2010-12-31": ""}, "Common Stock Dividends Paid": {"2019-12-31": "-112.00000", "2018-12-31": "-37.00000", "2017-12-31": "0.00000", "2016-12-31": "", "2015-12-31": "", "2014-12-31": "", "2013-12-31": "", "2012-12-31": "", "2011-12-31": "", "2010-12-31": ""}}, "cash flow statement, quarterly": {"Net Income/Loss": {"2020-09-30": -1105, "2020-06-30": -2411, "2020-03-31": "-400.00000", "2019-12-31": -472, "2019-09-30": 388, "2019-06-30": 356, "2019-03-31": "43.00000", "2018-12-31": 306, "2018-09-30": 160, "2018-06-30": 301, "2018-03-31": "178.00000", "2017-12-31": 129.85, "2017-09-30": 81.948, "2017-06-30": 164.128, "2017-03-31": "141.07400", "2016-12-31": 28.44, "2016-09-30": -0.6, "2016-06-30": -157.121, "2016-03-31": "-35.62700", "2015-12-31": -186.835, "2015-09-30": -156.042, "2015-06-30": -211.352, "2015-03-31": "6.43900", "2014-12-31": 99.917, "2014-09-30": 44.641, "2014-06-30": 27.824, "2014-03-31": "23.58900", "2013-12-31": 20.124, "2013-09-30": 14.596, "2013-06-30": 14.471, "2013-03-31": "5.39600", "2012-12-31": -52.074, "2012-09-30": 0.452, "2012-06-30": 13.624, "2012-03-31": "1.47700", "2011-12-31": -8.792, "2011-09-30": 0.182, "2010-12-31": 8.23}, "Total Depreciation And Amortization - Cash Flow": {"2020-09-30": 286, "2020-06-30": 341, "2020-03-31": "409.00000", "2019-12-31": 410, "2019-09-30": 365, "2019-06-30": 358, "2019-03-31": "323.00000", "2018-12-31": 242, "2018-09-30": 147, "2018-06-30": 130, "2018-03-31": "116.00000", "2017-12-31": 106.491, "2017-09-30": 88.596, "2017-06-30": 76.132, "2017-03-31": "59.78100", "2016-12-31": 52.023, "2016-09-30": 45.429, "2016-06-30": 40.543, "2016-03-31": "42.73700", "2015-12-31": 49.232, "2015-09-30": 53.014, "2015-06-30": 57.745, "2015-03-31": "60.30700", "2014-12-31": 54.261, "2014-09-30": 45.929, "2014-06-30": 40.509, "2014-03-31": "31.43100", "2013-12-31": 24.113, "2013-09-30": 17.631, "2013-06-30": 14.98, "2013-03-31": "10.89100", "2012-12-31": 9.868, "2012-09-30": 6.271, "2012-06-30": 5.766, "2012-03-31": "4.86200", "2011-12-31": 4.491, "2011-09-30": 3.559, "2010-12-31": 8.3}, "Other Non-Cash Items": {"2020-09-30": 1253, "2020-06-30": 2460, "2020-03-31": "658.00000", "2019-12-31": 900, "2019-09-30": -57, "2019-06-30": 28, "2019-03-31": "264.00000", "2018-12-31": -145, "2018-09-30": 58, "2018-06-30": 14, "2018-03-31": "52.00000", "2017-12-31": 75.299, "2017-09-30": 65.696, "2017-06-30": -21.416, "2017-03-31": "-30.57900", "2016-12-31": 52.193, "2016-09-30": 50.496, "2016-06-30": 186.18, "2016-03-31": "43.10300", "2015-12-31": 252.1149, "2015-09-30": 222.588, "2015-06-30": 238.773, "2015-03-31": "32.72500", "2014-12-31": -47.419, "2014-09-30": 6.509, "2014-06-30": 25.271, "2014-03-31": "19.19400", "2013-12-31": 9.523, "2013-09-30": 11.33, "2013-06-30": 4.215, "2013-03-31": "2.31400", "2012-12-31": 56.936, "2012-09-30": 3.445, "2012-06-30": -9.599, "2012-03-31": "5.11400", "2011-12-31": -0.316, "2011-09-30": 0.316, "2010-12-31": 0}, "Total Non-Cash Items": {"2020-09-30": 1539, "2020-06-30": 2801, "2020-03-31": "1067.00000", "2019-12-31": 1310, "2019-09-30": 308, "2019-06-30": 386, "2019-03-31": "587.00000", "2018-12-31": 97, "2018-09-30": 205, "2018-06-30": 144, "2018-03-31": "168.00000", "2017-12-31": 181.79, "2017-09-30": 154.292, "2017-06-30": 54.716, "2017-03-31": "29.20200", "2016-12-31": 104.216, "2016-09-30": 95.925, "2016-06-30": 226.723, "2016-03-31": "85.84000", "2015-12-31": 301.347, "2015-09-30": 275.602, "2015-06-30": 296.518, "2015-03-31": "93.03200", "2014-12-31": 6.842, "2014-09-30": 52.438, "2014-06-30": 65.78, "2014-03-31": "50.62500", "2013-12-31": 33.636, "2013-09-30": 28.961, "2013-06-30": 19.195, "2013-03-31": "13.20500", "2012-12-31": 66.804, "2012-09-30": 9.716, "2012-06-30": -3.833, "2012-03-31": "9.97600", "2011-12-31": 4.175, "2011-09-30": 3.875, "2010-12-31": 8.3}, "Change In Accounts Receivable": {"2020-09-30": 36, "2020-06-30": 54, "2020-03-31": "175.00000", "2019-12-31": -71, "2019-09-30": -22, "2019-06-30": -31, "2019-03-31": "-63.00000", "2018-12-31": 34, "2018-09-30": -20, "2018-06-30": -7, "2018-03-31": "6.00000", "2017-12-31": -73.861, "2017-09-30": 12.709, "2017-06-30": -15.943, "2017-03-31": "-19.90500", "2016-12-31": -27.714, "2016-09-30": -8.441, "2016-06-30": -21.047, "2016-03-31": "23.46600", "2015-12-31": -1.965, "2015-09-30": 4.057, "2015-06-30": 2.05, "2015-03-31": "7.00500", "2014-12-31": -5.544, "2014-09-30": -16.006, "2014-06-30": -7.106, "2014-03-31": "-13.48500", "2013-12-31": -6.893, "2013-09-30": -6.537, "2013-06-30": -2.59, "2013-03-31": "-4.48500", "2012-12-31": 0.255, "2012-09-30": -3.391, "2012-06-30": -2.756, "2012-03-31": "6.95200", "2011-12-31": 10.543, "2011-09-30": -10.543, "2010-12-31": 0}, "Change In Inventories": {"2020-09-30": 0, "2020-06-30": -1, "2020-03-31": "1.00000", "2019-12-31": -10, "2019-09-30": 0, "2019-06-30": 4, "2019-03-31": "-4.00000", "2018-12-31": 0, "2018-09-30": 4, "2018-06-30": -5, "2018-03-31": "-13.00000", "2017-12-31": 0.7, "2017-09-30": 0.359, "2017-06-30": -2.015, "2017-03-31": "-1.04400", "2016-12-31": -0.014, "2016-09-30": -0.475, "2016-06-30": 0.097, "2016-03-31": "0.13700", "2015-12-31": -0.001, "2015-09-30": 0.056, "2015-06-30": 0.189, "2015-03-31": "-0.02000", "2014-12-31": 0, "2014-09-30": -0.062, "2014-06-30": 1.235, "2014-03-31": "-0.25800", "2013-12-31": 0.245, "2013-09-30": 0.405, "2013-06-30": -0.007, "2013-03-31": "-0.08900", "2012-12-31": -0.595, "2012-09-30": -0.225, "2012-06-30": -0.631, "2012-03-31": "0.81200", "2011-12-31": 0.888, "2011-09-30": -0.888, "2010-12-31": 0}, "Change In Accounts Payable": {"2020-09-30": 0, "2020-06-30": 0, "2020-03-31": "", "2019-12-31": 0, "2019-09-30": 0, "2019-06-30": 0, "2019-03-31": "", "2018-12-31": 0, "2018-09-30": 0, "2018-06-30": 0, "2018-03-31": "", "2017-12-31": 0, "2017-09-30": 0, "2017-06-30": 0, "2017-03-31": "", "2016-12-31": 0, "2016-09-30": 0, "2016-06-30": 0, "2016-03-31": "", "2015-12-31": 0, "2015-09-30": 0, "2015-06-30": 0, "2015-03-31": "", "2014-12-31": 0, "2014-09-30": 0, "2014-06-30": 0, "2014-03-31": "", "2013-12-31": 0, "2013-09-30": 0, "2013-06-30": 0, "2013-03-31": "", "2012-12-31": 0, "2012-09-30": 0, "2012-06-30": 0, "2012-03-31": "", "2011-12-31": 0, "2011-09-30": 0, "2010-12-31": 0}, "Change In Assets/Liabilities": {"2020-09-30": -10, "2020-06-30": -57, "2020-03-31": "10.00000", "2019-12-31": 94, "2019-09-30": 104, "2019-06-30": -38, "2019-03-31": "-1.00000", "2018-12-31": 36, "2018-09-30": -4, "2018-06-30": -1, "2018-03-31": "6.00000", "2017-12-31": 13.085, "2017-09-30": -3.262, "2017-06-30": 18.169, "2017-03-31": "6.00800", "2016-12-31": 7.199, "2016-09-30": 2.282, "2016-06-30": 0.747, "2016-03-31": "-4.49800", "2015-12-31": -5.334, "2015-09-30": 1.487, "2015-06-30": 3.194, "2015-03-31": "-13.69100", "2014-12-31": 12.629, "2014-09-30": -2.966, "2014-06-30": 2.902, "2014-03-31": "3.10900", "2013-12-31": 3.8, "2013-09-30": 1.651, "2013-06-30": 0.54, "2013-03-31": "-0.30700", "2012-12-31": 0.339, "2012-09-30": 0.391, "2012-06-30": -4.761, "2012-03-31": "1.22700", "2011-12-31": -1.017, "2011-09-30": 1.017, "2010-12-31": 0}, "Total Change In Assets/Liabilities": {"2020-09-30": 108, "2020-06-30": -66, "2020-03-31": "182.00000", "2019-12-31": 44, "2019-09-30": 113, "2019-06-30": -76, "2019-03-31": "-253.00000", "2018-12-31": 9, "2018-09-30": 24, "2018-06-30": -20, "2018-03-31": "-7.00000", "2017-12-31": -60.658, "2017-09-30": 7.347, "2017-06-30": -0.34, "2017-03-31": "5.65100", "2016-12-31": -26.922, "2016-09-30": 9.24, "2016-06-30": -20.581, "2016-03-31": "22.54700", "2015-12-31": -37.615, "2015-09-30": 20.258, "2015-06-30": 15.477, "2015-03-31": "-0.32800", "2014-12-31": -2.365, "2014-09-30": -4.79, "2014-06-30": -5.364, "2014-03-31": "-2.74800", "2013-12-31": 10.37, "2013-09-30": -1.708, "2013-06-30": -0.723, "2013-03-31": "-1.74600", "2012-12-31": 1.498, "2012-09-30": 0.635, "2012-06-30": -6.682, "2012-03-31": "8.09900", "2011-12-31": 7.977, "2011-09-30": 4.973, "2010-12-31": -11.52}, "Cash Flow From Operating Activities": {"2020-09-30": 542, "2020-06-30": 324, "2020-03-31": "849.00000", "2019-12-31": 882, "2019-09-30": 809, "2019-06-30": 666, "2019-03-31": "377.00000", "2018-12-31": 412, "2018-09-30": 389, "2018-06-30": 425, "2018-03-31": "339.00000", "2017-12-31": 250.982, "2017-09-30": 243.587, "2017-06-30": 218.504, "2017-03-31": "175.92700", "2016-12-31": 105.734, "2016-09-30": 104.565, "2016-06-30": 49.021, "2016-03-31": "72.76000", "2015-12-31": 76.897, "2015-09-30": 139.818, "2015-06-30": 100.643, "2015-03-31": "99.14300", "2014-12-31": 104.394, "2014-09-30": 92.289, "2014-06-30": 88.24, "2014-03-31": "71.46600", "2013-12-31": 64.13, "2013-09-30": 41.849, "2013-06-30": 32.943, "2013-03-31": "16.85500", "2012-12-31": 16.228, "2012-09-30": 10.803, "2012-06-30": 3.109, "2012-03-31": "19.55200", "2011-12-31": 16.95, "2011-09-30": 8.85, "2010-12-31": 5.19}, "Net Change In Property, Plant, And Equipment": {"2020-09-30": -279, "2020-06-30": -557, "2020-03-31": "-795.00000", "2019-12-31": -754, "2019-09-30": -523, "2019-06-30": -718, "2019-03-31": "-631.00000", "2018-12-31": -457, "2018-09-30": -390, "2018-06-30": -425, "2018-03-31": "-320.00000", "2017-12-31": -245.791, "2017-09-30": -263.189, "2017-06-30": -183.778, "2017-03-31": "-175.24200", "2016-12-31": -117.832, "2016-09-30": -100.949, "2016-06-30": -63.372, "2016-03-31": "-87.35200", "2015-12-31": -83.622, "2015-09-30": -84.472, "2015-06-30": -91.337, "2015-03-31": "-151.55500", "2014-12-31": -186.9449, "2014-09-30": -145.622, "2014-06-30": -124.461, "2014-03-31": "-86.97700", "2013-12-31": -95.177, "2013-09-30": -91.054, "2013-06-30": -58.389, "2013-03-31": "-55.25500", "2012-12-31": -18.891, "2012-09-30": -26.421, "2012-06-30": -23.669, "2012-03-31": "-32.16300", "2011-12-31": -30.629, "2011-09-30": -1.511, "2010-12-31": -55.04}, "Net Change In Intangible Assets": {"2020-09-30": 0, "2020-06-30": 0, "2020-03-31": "", "2019-12-31": 0, "2019-09-30": 0, "2019-06-30": 0, "2019-03-31": "", "2018-12-31": 0, "2018-09-30": 0, "2018-06-30": 0, "2018-03-31": "", "2017-12-31": 0, "2017-09-30": 0, "2017-06-30": 0, "2017-03-31": "", "2016-12-31": 0, "2016-09-30": 0, "2016-06-30": 0, "2016-03-31": "", "2015-12-31": 0, "2015-09-30": 0, "2015-06-30": 0, "2015-03-31": "", "2014-12-31": 0, "2014-09-30": 0, "2014-06-30": 0, "2014-03-31": "", "2013-12-31": 0, "2013-09-30": 0, "2013-06-30": 0, "2013-03-31": "", "2012-12-31": 0, "2012-09-30": 0, "2012-06-30": 0, "2012-03-31": "", "2011-12-31": 0, "2011-09-30": 0, "2010-12-31": 0}, "Net Acquisitions/Divestitures": {"2020-09-30": 0, "2020-06-30": 0, "2020-03-31": "", "2019-12-31": 0, "2019-09-30": 0, "2019-06-30": 0, "2019-03-31": "", "2018-12-31": 0, "2018-09-30": 0, "2018-06-30": 0, "2018-03-31": "", "2017-12-31": 0, "2017-09-30": 0, "2017-06-30": 0, "2017-03-31": "", "2016-12-31": 0, "2016-09-30": 0, "2016-06-30": 0, "2016-03-31": "", "2015-12-31": 0, "2015-09-30": 0, "2015-06-30": 0, "2015-03-31": "", "2014-12-31": 0, "2014-09-30": 0, "2014-06-30": 0, "2014-03-31": "", "2013-12-31": 0, "2013-09-30": 0, "2013-06-30": 0, "2013-03-31": "-18.55000", "2012-12-31": -63.59, "2012-09-30": 0, "2012-06-30": 0, "2012-03-31": "", "2011-12-31": 0, "2011-09-30": 0, "2010-12-31": 0}, "Net Change In Short-term Investments": {"2020-09-30": 0, "2020-06-30": 0, "2020-03-31": "", "2019-12-31": 0, "2019-09-30": 0, "2019-06-30": 0, "2019-03-31": "", "2018-12-31": 0, "2018-09-30": 0, "2018-06-30": 0, "2018-03-31": "", "2017-12-31": 0, "2017-09-30": 0, "2017-06-30": 0, "2017-03-31": "", "2016-12-31": 0, "2016-09-30": 0, "2016-06-30": 0, "2016-03-31": "", "2015-12-31": 0, "2015-09-30": 0, "2015-06-30": 0, "2015-03-31": "", "2014-12-31": 0, "2014-09-30": 0, "2014-06-30": 0, "2014-03-31": "", "2013-12-31": 0, "2013-09-30": 0, "2013-06-30": 0, "2013-03-31": "", "2012-12-31": 0, "2012-09-30": 0, "2012-06-30": 0, "2012-03-31": "", "2011-12-31": 0, "2011-09-30": 0, "2010-12-31": 0}, "Net Change In Long-Term Investments": {"2020-09-30": 3, "2020-06-30": -43, "2020-03-31": "-23.00000", "2019-12-31": -261, "2019-09-30": -39, "2019-06-30": -37, "2019-03-31": "-149.00000", "2018-12-31": 0, "2018-09-30": -1, "2018-06-30": 0, "2018-03-31": "-110.00000", "2017-12-31": 0.188, "2017-09-30": 0, "2017-06-30": 0, "2017-03-31": "-0.18800", "2016-12-31": -1.545, "2016-09-30": 0, "2016-06-30": 0, "2016-03-31": "-0.80000", "2015-12-31": 0, "2015-09-30": -1.027, "2015-06-30": -1.675, "2015-03-31": "", "2014-12-31": -0.626, "2014-09-30": -33.851, "2014-06-30": 0, "2014-03-31": "", "2013-12-31": 0, "2013-09-30": 0, "2013-06-30": 0, "2013-03-31": "", "2012-12-31": 0, "2012-09-30": 0, "2012-06-30": 0, "2012-03-31": "", "2011-12-31": -6.01, "2011-09-30": 6.01, "2010-12-31": 0}, "Net Change In Investments - Total": {"2020-09-30": 3, "2020-06-30": -43, "2020-03-31": "-23.00000", "2019-12-31": -261, "2019-09-30": -39, "2019-06-30": -37, "2019-03-31": "-149.00000", "2018-12-31": 0, "2018-09-30": -1, "2018-06-30": 0, "2018-03-31": "-110.00000", "2017-12-31": 0.188, "2017-09-30": 0, "2017-06-30": 0, "2017-03-31": "-0.18800", "2016-12-31": -1.545, "2016-09-30": 0, "2016-06-30": 0, "2016-03-31": "-0.80000", "2015-12-31": 0, "2015-09-30": -1.027, "2015-06-30": -1.675, "2015-03-31": "", "2014-12-31": -0.626, "2014-09-30": -33.851, "2014-06-30": 0, "2014-03-31": "", "2013-12-31": 0, "2013-09-30": 0, "2013-06-30": 0, "2013-03-31": "", "2012-12-31": 0, "2012-09-30": 0, "2012-06-30": 0, "2012-03-31": "", "2011-12-31": 0, "2011-09-30": 6.01, "2010-12-31": 0}, "Investing Activities - Other": {"2020-09-30": -44, "2020-06-30": -12, "2020-03-31": "-105.00000", "2019-12-31": -129, "2019-09-30": -410, "2019-06-30": -80, "2019-03-31": "-157.00000", "2018-12-31": -1227, "2018-09-30": -230, "2018-06-30": -188, "2018-03-31": "-155.00000", "2017-12-31": -121.672, "2017-09-30": -280.06, "2017-06-30": -212.219, "2017-03-31": "-1650.04900", "2016-12-31": -208.825, "2016-09-30": -700.715, "2016-06-30": -9.847, "2016-03-31": "-19.00500", "2015-12-31": -23.564, "2015-09-30": -22.4, "2015-06-30": -433.398, "2015-03-31": "-2.00000", "2014-12-31": -5.345, "2014-09-30": -585.963, "2014-06-30": 0, "2014-03-31": "-312.20700", "2013-12-31": -14.791, "2013-09-30": -600.443, "2013-06-30": -6.192, "2013-03-31": "-0.28900", "2012-12-31": -13.644, "2012-09-30": -0.916, "2012-06-30": -2.424, "2012-03-31": "-1.36000", "2011-12-31": 0.009, "2011-09-30": 0.241, "2010-12-31": -0.19}, "Cash Flow From Investing Activities": {"2020-09-30": -320, "2020-06-30": -612, "2020-03-31": "-923.00000", "2019-12-31": -1144, "2019-09-30": -972, "2019-06-30": -835, "2019-03-31": "-937.00000", "2018-12-31": -1684, "2018-09-30": -621, "2018-06-30": -613, "2018-03-31": "-585.00000", "2017-12-31": -367.275, "2017-09-30": -543.249, "2017-06-30": -395.997, "2017-03-31": "-1825.47900", "2016-12-31": -328.202, "2016-09-30": -801.664, "2016-06-30": -73.219, "2016-03-31": "-107.15700", "2015-12-31": -107.186, "2015-09-30": -107.899, "2015-06-30": -526.41, "2015-03-31": "-153.55500", "2014-12-31": -192.916, "2014-09-30": -765.436, "2014-06-30": -124.461, "2014-03-31": "-399.18400", "2013-12-31": -109.968, "2013-09-30": -691.497, "2013-06-30": -64.581, "2013-03-31": "-74.09400", "2012-12-31": -96.125, "2012-09-30": -27.337, "2012-06-30": -26.093, "2012-03-31": "-33.52300", "2011-12-31": -30.61, "2011-09-30": 4.74, "2010-12-31": -55.23}, "Net Long-Term Debt": {"2020-09-30": 487, "2020-06-30": 302, "2020-03-31": "16.00000", "2019-12-31": 2172, "2019-09-30": -1, "2019-06-30": 20, "2019-03-31": "23.00000", "2018-12-31": 0, "2018-09-30": 750, "2018-06-30": 0, "2018-03-31": "312.00000", "2017-12-31": 0, "2017-09-30": 0, "2017-06-30": 0, "2017-03-31": "", "2016-12-31": 523.439, "2016-09-30": 0, "2016-06-30": 0, "2016-03-31": "", "2015-12-31": 0, "2015-09-30": 0, "2015-06-30": 0, "2015-03-31": "", "2014-12-31": 0, "2014-09-30": 0, "2014-06-30": 0, "2014-03-31": "", "2013-12-31": 0, "2013-09-30": 450, "2013-06-30": 0, "2013-03-31": "", "2012-12-31": 0, "2012-09-30": 0, "2012-06-30": 0, "2012-03-31": "", "2011-12-31": 0, "2011-09-30": 0, "2010-12-31": 0}, "Net Current Debt": {"2020-09-30": -583, "2020-06-30": -28, "2020-03-31": "290.00000", "2019-12-31": -1609, "2019-09-30": 289, "2019-06-30": -218, "2019-03-31": "170.00000", "2018-12-31": 1045, "2018-09-30": -375, "2018-06-30": 265, "2018-03-31": "-84.00000", "2017-12-31": 220.5, "2017-09-30": 104.5, "2017-06-30": 165.5, "2017-03-31": "-120.50000", "2016-12-31": 66, "2016-09-30": 3, "2016-06-30": 8.5, "2016-03-31": "-2.50000", "2015-12-31": 6.5, "2015-09-30": -229, "2015-06-30": 106.421, "2015-03-31": "-61.92100", "2014-12-31": 83.5, "2014-09-30": 94, "2014-06-30": -91, "2014-03-31": "127.00000", "2013-12-31": 10, "2013-09-30": 0, "2013-06-30": -36.5, "2013-03-31": "36.50000", "2012-12-31": -130.095, "2012-09-30": 15.945, "2012-06-30": 16.61, "2012-03-31": "12.49000", "2011-12-31": 4.997, "2011-09-30": -1.877, "2010-12-31": 37.11}, "Debt Issuance/Retirement Net - Total": {"2020-09-30": -96, "2020-06-30": 274, "2020-03-31": "306.00000", "2019-12-31": 563, "2019-09-30": 288, "2019-06-30": -198, "2019-03-31": "193.00000", "2018-12-31": 1045, "2018-09-30": 375, "2018-06-30": 265, "2018-03-31": "228.00000", "2017-12-31": 220.5, "2017-09-30": 104.5, "2017-06-30": 165.5, "2017-03-31": "-120.50000", "2016-12-31": 589.439, "2016-09-30": 3, "2016-06-30": 8.5, "2016-03-31": "-2.50000", "2015-12-31": 6.5, "2015-09-30": -229, "2015-06-30": 106.421, "2015-03-31": "-61.92100", "2014-12-31": 83.5, "2014-09-30": 94, "2014-06-30": -91, "2014-03-31": "127.00000", "2013-12-31": 10, "2013-09-30": 450, "2013-06-30": -36.5, "2013-03-31": "36.50000", "2012-12-31": -130.095, "2012-09-30": 15.945, "2012-06-30": 16.61, "2012-03-31": "12.49000", "2011-12-31": -35.233, "2011-09-30": 35.233, "2010-12-31": 0}, "Net Common Equity Issued/Repurchased": {"2020-09-30": 0, "2020-06-30": 4, "2020-03-31": "-102.00000", "2019-12-31": -197, "2019-09-30": -296, "2019-06-30": 674, "2019-03-31": "328.00000", "2018-12-31": -15, "2018-09-30": 306, "2018-06-30": 0, "2018-03-31": "", "2017-12-31": -0.702, "2017-09-30": 222.619, "2017-06-30": 0, "2017-03-31": "148.08300", "2016-12-31": 1150.828, "2016-09-30": 646.157, "2016-06-30": 0.126, "2016-03-31": "254.89000", "2015-12-31": 2.155, "2015-09-30": 198.556, "2015-06-30": 334.54, "2015-03-31": "120.31000", "2014-12-31": 1.95, "2014-09-30": 582.201, "2014-06-30": 140.728, "2014-03-31": "210.63400", "2013-12-31": 0.885, "2013-09-30": 180.36, "2013-06-30": 144.936, "2013-03-31": "", "2012-12-31": 237.164, "2012-09-30": 0, "2012-06-30": 0, "2012-03-31": "", "2011-12-31": 0, "2011-09-30": 0, "2010-12-31": 0}, "Net Total Equity Issued/Repurchased": {"2020-09-30": 0, "2020-06-30": 4, "2020-03-31": "-102.00000", "2019-12-31": -197, "2019-09-30": -296, "2019-06-30": 674, "2019-03-31": "328.00000", "2018-12-31": -15, "2018-09-30": 306, "2018-06-30": 0, "2018-03-31": "", "2017-12-31": -0.702, "2017-09-30": 222.619, "2017-06-30": 0, "2017-03-31": "148.08300", "2016-12-31": 1150.828, "2016-09-30": 646.157, "2016-06-30": 0.126, "2016-03-31": "254.89000", "2015-12-31": 2.155, "2015-09-30": 198.556, "2015-06-30": 334.54, "2015-03-31": "120.31000", "2014-12-31": 1.95, "2014-09-30": 582.201, "2014-06-30": 140.728, "2014-03-31": "210.63400", "2013-12-31": 0.885, "2013-09-30": 180.36, "2013-06-30": 144.936, "2013-03-31": "", "2012-12-31": 237.164, "2012-09-30": 0, "2012-06-30": 0, "2012-03-31": "", "2011-12-31": 0, "2011-09-30": 0, "2010-12-31": 0}, "Total Common And Preferred Stock Dividends Paid": {"2020-09-30": -59, "2020-06-30": -59, "2020-03-31": "-59.00000", "2019-12-31": -30, "2019-09-30": -31, "2019-06-30": -30, "2019-03-31": "-21.00000", "2018-12-31": -12, "2018-09-30": -13, "2018-06-30": -12, "2018-03-31": "", "2017-12-31": 0, "2017-09-30": 0, "2017-06-30": 0, "2017-03-31": "", "2016-12-31": 0, "2016-09-30": 0, "2016-06-30": 0, "2016-03-31": "", "2015-12-31": 0, "2015-09-30": 0, "2015-06-30": 0, "2015-03-31": "", "2014-12-31": 0, "2014-09-30": 0, "2014-06-30": 0, "2014-03-31": "", "2013-12-31": 0, "2013-09-30": 0, "2013-06-30": 0, "2013-03-31": "", "2012-12-31": 0, "2012-09-30": 0, "2012-06-30": 0, "2012-03-31": "", "2011-12-31": 0, "2011-09-30": 0, "2010-12-31": 0}, "Financial Activities - Other": {"2020-09-30": -27, "2020-06-30": -27, "2020-03-31": "-44.00000", "2019-12-31": -51, "2019-09-30": -24, "2019-06-30": -77, "2019-03-31": "-29.00000", "2018-12-31": -40, "2018-09-30": -41, "2018-06-30": -23, "2018-03-31": "-22.00000", "2017-12-31": -21.136, "2017-09-30": -13.84, "2017-06-30": -8.859, "2017-03-31": "-7.16500", "2016-12-31": -18.494, "2016-09-30": -3.583, "2016-06-30": -1.444, "2016-03-31": "-2.29800", "2015-12-31": -2.078, "2015-09-30": -2.326, "2015-06-30": -2.159, "2015-03-31": "-2.51700", "2014-12-31": -7.389, "2014-09-30": 0.597, "2014-06-30": -1.828, "2014-03-31": "-0.15700", "2013-12-31": -2.592, "2013-09-30": -9.51, "2013-06-30": -0.416, "2013-03-31": "-0.10300", "2012-12-31": -2.256, "2012-09-30": -0.31, "2012-06-30": -0.528, "2012-03-31": "3.76500", "2011-12-31": 12.365, "2011-09-30": -14.265, "2010-12-31": 14.61}, "Cash Flow From Financial Activities": {"2020-09-30": -182, "2020-06-30": 192, "2020-03-31": "101.00000", "2019-12-31": 285, "2019-09-30": -63, "2019-06-30": 369, "2019-03-31": "471.00000", "2018-12-31": 978, "2018-09-30": 627, "2018-06-30": 230, "2018-03-31": "206.00000", "2017-12-31": 198.662, "2017-09-30": 313.279, "2017-06-30": 156.641, "2017-03-31": "20.41800", "2016-12-31": 1721.773, "2016-09-30": 645.574, "2016-06-30": 7.182, "2016-03-31": "250.09200", "2015-12-31": 6.577, "2015-09-30": -32.77, "2015-06-30": 438.802, "2015-03-31": "55.87200", "2014-12-31": 78.061, "2014-09-30": 676.798, "2014-06-30": 47.9, "2014-03-31": "337.47700", "2013-12-31": 8.293, "2013-09-30": 620.85, "2013-06-30": 108.02, "2013-03-31": "36.39700", "2012-12-31": 104.813, "2012-09-30": 15.635, "2012-06-30": 16.082, "2012-03-31": "16.25500", "2011-12-31": 17.372, "2011-09-30": -16.152, "2010-12-31": 51.73}, "Net Cash Flow": {"2020-09-30": 40, "2020-06-30": -96, "2020-03-31": "27.00000", "2019-12-31": 23, "2019-09-30": -226, "2019-06-30": 200, "2019-03-31": "-89.00000", "2018-12-31": -294, "2018-09-30": 395, "2018-06-30": 42, "2018-03-31": "-40.00000", "2017-12-31": 82.369, "2017-09-30": 13.617, "2017-06-30": -20.852, "2017-03-31": "-1629.13400", "2016-12-31": 1499.305, "2016-09-30": -51.525, "2016-06-30": -17.016, "2016-03-31": "215.69500", "2015-12-31": -23.712, "2015-09-30": -0.851, "2015-06-30": 13.035, "2015-03-31": "1.46000", "2014-12-31": -10.461, "2014-09-30": 3.651, "2014-06-30": 11.679, "2014-03-31": "9.75900", "2013-12-31": -37.545, "2013-09-30": -28.798, "2013-06-30": 76.382, "2013-03-31": "-20.84200", "2012-12-31": 24.916, "2012-09-30": -0.899, "2012-06-30": -6.902, "2012-03-31": "2.28400", "2011-12-31": 3.712, "2011-09-30": -2.552, "2010-12-31": 1.68}, "Stock-Based Compensation": {"2020-09-30": 0, "2020-06-30": -9, "2020-03-31": "9.00000", "2019-12-31": 48, "2019-09-30": 0, "2019-06-30": -14, "2019-03-31": "14.00000", "2018-12-31": 9, "2018-09-30": 5, "2018-06-30": 6, "2018-03-31": "7.00000", "2017-12-31": 6.582, "2017-09-30": 6.187, "2017-06-30": 6.168, "2017-03-31": "7.06300", "2016-12-31": 5.81, "2016-09-30": 6.265, "2016-06-30": 6.028, "2016-03-31": "8.35000", "2015-12-31": 4.87, "2015-09-30": 4.402, "2015-06-30": 4.333, "2015-03-31": "4.92400", "2014-12-31": 4.429, "2014-09-30": 2.069, "2014-06-30": 1.128, "2014-03-31": "2.19000", "2013-12-31": 0.326, "2013-09-30": 0.49, "2013-06-30": 0.281, "2013-03-31": "0.65500", "2012-12-31": 2.609, "2012-09-30": 0.291, "2012-06-30": 0.291, "2012-03-31": "0.29100", "2011-12-31": -0.259, "2011-09-30": 0.259, "2010-12-31": 0}, "Common Stock Dividends Paid": {"2020-09-30": -59, "2020-06-30": -59, "2020-03-31": "-59.00000", "2019-12-31": -30, "2019-09-30": -31, "2019-06-30": -30, "2019-03-31": "-21.00000", "2018-12-31": -12, "2018-09-30": -13, "2018-06-30": -12, "2018-03-31": "", "2017-12-31": 0, "2017-09-30": 0, "2017-06-30": 0, "2017-03-31": "", "2016-12-31": 0, "2016-09-30": 0, "2016-06-30": 0, "2016-03-31": "", "2015-12-31": 0, "2015-09-30": 0, "2015-06-30": 0, "2015-03-31": "", "2014-12-31": 0, "2014-09-30": 0, "2014-06-30": 0, "2014-03-31": "", "2013-12-31": 0, "2013-09-30": 0, "2013-06-30": 0, "2013-03-31": "", "2012-12-31": 0, "2012-09-30": 0, "2012-06-30": 0, "2012-03-31": "", "2011-12-31": 0, "2011-09-30": 0, "2010-12-31": 0}}, "financial ratios": {"Current Ratio": {"2019-12-31": "0.68800", "2018-12-31": "0.90780", "2017-12-31": "0.62100", "2016-12-31": "8.56090", "2015-12-31": "0.76890", "2014-12-31": "0.94370", "2013-12-31": "0.51080", "2012-12-31": "0.63450", "2011-12-31": "0.72850", "2010-12-31": ""}, "Long-term Debt / Capital": {"2019-12-31": "0.26490", "2018-12-31": "0.23960", "2017-12-31": "0.20930", "2016-12-31": "0.21580", "2015-12-31": "0.18790", "2014-12-31": "0.25330", "2013-12-31": "0.35230", "2012-12-31": "0.00040", "2011-12-31": "0.39710", "2010-12-31": ""}, "Debt/Equity Ratio": {"2019-12-31": "0.36030", "2018-12-31": "0.31510", "2017-12-31": "0.26470", "2016-12-31": "0.27520", "2015-12-31": "0.23130", "2014-12-31": "0.33930", "2013-12-31": "0.54400", "2012-12-31": "0.00070", "2011-12-31": "0.65870", "2010-12-31": ""}, "Gross Margin": {"2019-12-31": "83.12310", "2018-12-31": "86.07540", "2017-12-31": "87.55190", "2016-12-31": "82.16040", "2015-12-31": "80.14120", "2014-12-31": "88.16420", "2013-12-31": "89.38710", "2012-12-31": "79.09470", "2011-12-31": "75.96320", "2010-12-31": "79.79670"}, "Operating Margin": {"2019-12-31": "17.53280", "2018-12-31": "46.46140", "2017-12-31": "50.20750", "2016-12-31": "-13.01770", "2015-12-31": "-165.70720", "2014-12-31": "42.90140", "2013-12-31": "45.76590", "2012-12-31": "23.08770", "2011-12-31": "30.68310", "2010-12-31": "33.68800"}, "EBIT Margin": {"2019-12-31": "17.53280", "2018-12-31": "46.46140", "2017-12-31": "50.20750", "2016-12-31": "-13.01770", "2015-12-31": "-165.70720", "2014-12-31": "42.90140", "2013-12-31": "45.76590", "2012-12-31": "23.08770", "2011-12-31": "30.68310", "2010-12-31": "33.68800"}, "EBITDA Margin": {"2019-12-31": "54.26340", "2018-12-31": "75.64340", "2017-12-31": "77.67640", "2016-12-31": "21.26990", "2015-12-31": "-116.39410", "2014-12-31": "77.62480", "2013-12-31": "78.27280", "2012-12-31": "58.79510", "2011-12-31": "63.81110", "2010-12-31": "64.17280"}, "Pre-Tax Profit Margin": {"2019-12-31": "9.13220", "2018-12-31": "51.14890", "2017-12-31": "41.24480", "2016-12-31": "-31.24910", "2015-12-31": "-167.68400", "2014-12-31": "61.51800", "2013-12-31": "41.50970", "2012-12-31": "24.52180", "2011-12-31": "-0.78190", "2010-12-31": "30.20220"}, "Net Profit Margin": {"2019-12-31": "6.05450", "2018-12-31": "38.87870", "2017-12-31": "40.00000", "2016-12-31": "-31.30940", "2015-12-31": "-123.25660", "2014-12-31": "39.08570", "2013-12-31": "26.24350", "2012-12-31": "-48.71940", "2011-12-31": "-0.78190", "2010-12-31": "30.20220"}, "Asset Turnover": {"2019-12-31": "0.16850", "2018-12-31": "0.10080", "2017-12-31": "0.15510", "2016-12-31": "0.09850", "2015-12-31": "0.16240", "2014-12-31": "0.16010", "2013-12-31": "0.13670", "2012-12-31": "0.12360", "2011-12-31": "0.18730", "2010-12-31": ""}, "Inventory Turnover Ratio": {"2019-12-31": "18.08110", "2018-12-31": "8.18920", "2017-12-31": "16.46900", "2016-12-31": "47.42010", "2015-12-31": "51.34030", "2014-12-31": "20.75420", "2013-12-31": "3.92030", "2012-12-31": "2.52960", "2011-12-31": "1.97540", "2010-12-31": ""}, "Receiveable Turnover": {"2019-12-31": "6.44550", "2018-12-31": "5.55100", "2017-12-31": "5.20260", "2016-12-31": "4.38810", "2015-12-31": "5.66170", "2014-12-31": "5.05870", "2013-12-31": "5.29630", "2012-12-31": "5.06090", "2011-12-31": "2.81930", "2010-12-31": ""}, "Days Sales In Receivables": {"2019-12-31": "56.62840", "2018-12-31": "65.75370", "2017-12-31": "70.15660", "2016-12-31": "83.17960", "2015-12-31": "64.46800", "2014-12-31": "72.15360", "2013-12-31": "68.91590", "2012-12-31": "72.12160", "2011-12-31": "129.46460", "2010-12-31": ""}, "ROE - Return On Equity": {"2019-12-31": "2.11320", "2018-12-31": "6.67040", "2017-12-31": "9.26230", "2016-12-31": "-4.10390", "2015-12-31": "-25.97430", "2014-12-31": "9.87150", "2013-12-31": "6.45590", "2012-12-31": "-7.90380", "2011-12-31": "-0.29910", "2010-12-31": ""}, "Return On Tangible Equity": {"2019-12-31": "2.11320", "2018-12-31": "6.67040", "2017-12-31": "9.26240", "2016-12-31": "-4.10390", "2015-12-31": "-25.97430", "2014-12-31": "9.87150", "2013-12-31": "6.45590", "2012-12-31": "-7.90380", "2011-12-31": "-0.29910", "2010-12-31": ""}, "ROA - Return On Assets": {"2019-12-31": "1.33870", "2018-12-31": "4.37580", "2017-12-31": "6.65300", "2016-12-31": "-3.08260", "2015-12-31": "-19.91440", "2014-12-31": "6.33090", "2013-12-31": "3.58740", "2012-12-31": "-6.01960", "2011-12-31": "-0.14640", "2010-12-31": ""}, "ROI - Return On Investment": {"2019-12-31": "1.55350", "2018-12-31": "5.07220", "2017-12-31": "7.32390", "2016-12-31": "-3.21820", "2015-12-31": "-21.09500", "2014-12-31": "7.37090", "2013-12-31": "4.18120", "2012-12-31": "-7.90050", "2011-12-31": "-0.18030", "2010-12-31": ""}, "Book Value Per Share": {"2019-12-31": "93.74730", "2018-12-31": "86.24060", "2017-12-31": "56.85960", "2016-12-31": "44.57640", "2015-12-31": "31.57290", "2014-12-31": "34.89750", "2013-12-31": "17.94980", "2012-12-31": "12.49270", "2011-12-31": "", "2010-12-31": ""}, "Operating Cash Flow Per Share": {"2019-12-31": 1.7718, "2018-12-31": 5.8145, "2017-12-31": 4.6772, "2016-12-31": -2.1859, "2015-12-31": -0.0777, "2014-12-31": 3.0002, "2013-12-31": 3.6866, "2012-12-31": 0, "2011-12-31": 0, "2010-12-31": 0}, "Free Cash Flow Per Share": {"2019-12-31": 0.9165, "2018-12-31": -0.4723, "2017-12-31": 0.7135, "2016-12-31": -0.586, "2015-12-31": 3.6077, "2014-12-31": -0.11, "2013-12-31": -3.4102, "2012-12-31": 0, "2011-12-31": 0, "2010-12-31": 0}}, "financial ratios, quarterly": {"Current Ratio": {"2020-09-30": "0.45400", "2020-06-30": "0.61640", "2020-03-31": "0.95340", "2019-12-31": "0.68800", "2019-09-30": "0.71550", "2019-06-30": "0.82370", "2019-03-31": "0.62320", "2018-12-31": "0.90780", "2018-09-30": "1.10240", "2018-06-30": "0.54100", "2018-03-31": "0.53400", "2017-12-31": "0.62100", "2017-09-30": "0.46420", "2017-06-30": "0.68490", "2017-03-31": "0.81440", "2016-12-31": "8.56090", "2016-09-30": "1.47560", "2016-06-30": "2.10260", "2016-03-31": "2.72790", "2015-12-31": "0.76890", "2015-09-30": "0.86640", "2015-06-30": "1.19440", "2015-03-31": "1.17030", "2014-12-31": "0.94370", "2014-09-30": "0.72990", "2014-06-30": "0.67920", "2014-03-31": "0.58410", "2013-12-31": "0.51080", "2013-09-30": "0.83980", "2013-06-30": "1.19540", "2013-03-31": "0.45220", "2012-12-31": "0.63450", "2012-09-30": "0.44790", "2012-06-30": "", "2012-03-31": "", "2011-12-31": "", "2011-09-30": "", "2010-12-31": ""}, "Long-term Debt / Capital": {"2020-09-30": "0.34650", "2020-06-30": "0.33460", "2020-03-31": "0.28390", "2019-12-31": "0.26490", "2019-09-30": "0.23510", "2019-06-30": "0.22450", "2019-03-31": "0.24340", "2018-12-31": "0.23960", "2018-09-30": "0.26620", "2018-06-30": "0.24650", "2018-03-31": "0.22880", "2017-12-31": "0.20930", "2017-09-30": "0.18360", "2017-06-30": "0.17880", "2017-03-31": "0.16150", "2016-12-31": "0.21580", "2016-09-30": "0.14940", "2016-06-30": "0.18440", "2016-03-31": "0.17200", "2015-12-31": "0.18790", "2015-09-30": "0.17600", "2015-06-30": "0.24240", "2015-03-31": "0.22420", "2014-12-31": "0.25330", "2014-09-30": "0.23830", "2014-06-30": "0.28370", "2014-03-31": "0.35150", "2013-12-31": "0.35230", "2013-09-30": "0.35360", "2013-06-30": "0.00020", "2013-03-31": "0.07260", "2012-12-31": "0.00040", "2012-09-30": "0.49120", "2012-06-30": "", "2012-03-31": "", "2011-12-31": "", "2011-09-30": "", "2010-12-31": ""}, "Debt/Equity Ratio": {"2020-09-30": "0.54800", "2020-06-30": "0.50290", "2020-03-31": "0.39650", "2019-12-31": "0.36030", "2019-09-30": "0.30740", "2019-06-30": "0.28940", "2019-03-31": "0.32180", "2018-12-31": "0.31510", "2018-09-30": "0.36270", "2018-06-30": "0.32720", "2018-03-31": "0.29670", "2017-12-31": "0.26470", "2017-09-30": "0.22490", "2017-06-30": "0.21780", "2017-03-31": "0.19260", "2016-12-31": "0.27520", "2016-09-30": "0.17560", "2016-06-30": "0.22610", "2016-03-31": "0.20780", "2015-12-31": "0.23130", "2015-09-30": "0.21360", "2015-06-30": "0.32000", "2015-03-31": "0.28900", "2014-12-31": "0.33930", "2014-09-30": "0.31290", "2014-06-30": "0.39610", "2014-03-31": "0.54210", "2013-12-31": "0.54400", "2013-09-30": "0.54710", "2013-06-30": "0.00040", "2013-03-31": "0.07860", "2012-12-31": "0.00070", "2012-09-30": "1.04660", "2012-06-30": "", "2012-03-31": "", "2011-12-31": "", "2011-09-30": "", "2010-12-31": ""}, "Gross Margin": {"2020-09-30": "77.63890", "2020-06-30": "59.76470", "2020-03-31": "79.31040", "2019-12-31": "82.69930", "2019-09-30": "81.64100", "2019-06-30": "84.23120", "2019-03-31": "84.02780", "2018-12-31": "82.93840", "2018-09-30": "86.03350", "2018-06-30": "87.09680", "2018-03-31": "89.14410", "2017-12-31": "88.56130", "2017-09-30": "86.58300", "2017-06-30": "87.44330", "2017-03-31": "87.20440", "2016-12-31": "85.46580", "2016-09-30": "82.39440", "2016-06-30": "81.23360", "2016-03-31": "75.98110", "2015-12-31": "83.15650", "2015-09-30": "78.67100", "2015-06-30": "81.44090", "2015-03-31": "76.83850", "2014-12-31": "81.52420", "2014-09-30": "89.45930", "2014-06-30": "91.18220", "2014-03-31": "91.32990", "2013-12-31": "92.00740", "2013-09-30": "90.95880", "2013-06-30": "87.35080", "2013-03-31": "82.56250", "2012-12-31": "78.34440", "2012-09-30": "78.42870", "2012-06-30": "77.49220", "2012-03-31": "82.53320", "2011-12-31": "", "2011-09-30": "71.08740", "2010-12-31": ""}, "Operating Margin": {"2020-09-30": "-174.44440", "2020-06-30": "-628.70590", "2020-03-31": "-89.21020", "2019-12-31": "-34.78260", "2019-09-30": "35.79490", "2019-06-30": "40.25470", "2019-03-31": "36.92130", "2018-12-31": "30.80570", "2018-09-30": "49.90690", "2018-06-30": "53.32070", "2018-03-31": "55.74110", "2017-12-31": "53.53350", "2017-09-30": "47.34860", "2017-06-30": "49.10590", "2017-03-31": "49.48770", "2016-12-31": "47.06670", "2016-09-30": "4.70900", "2016-06-30": "-119.82790", "2016-03-31": "-31.55310", "2015-12-31": "-164.28280", "2015-09-30": "-227.58560", "2015-06-30": "-251.22830", "2015-03-31": "1.41720", "2014-12-31": "28.80230", "2014-09-30": "45.65330", "2014-06-30": "49.75590", "2014-03-31": "49.04190", "2013-12-31": "49.69960", "2013-09-30": "50.91280", "2013-06-30": "42.69950", "2013-03-31": "29.96300", "2012-12-31": "8.44880", "2012-09-30": "24.30120", "2012-06-30": "26.86840", "2012-03-31": "41.20240", "2011-12-31": "", "2011-09-30": "25.63120", "2010-12-31": ""}, "EBIT Margin": {"2020-09-30": "-174.44440", "2020-06-30": "-628.70590", "2020-03-31": "-89.21020", "2019-12-31": "-34.78260", "2019-09-30": "35.79490", "2019-06-30": "40.25470", "2019-03-31": "36.92130", "2018-12-31": "30.80570", "2018-09-30": "49.90690", "2018-06-30": "53.32070", "2018-03-31": "55.74110", "2017-12-31": "53.53350", "2017-09-30": "47.34860", "2017-06-30": "49.10590", "2017-03-31": "49.48770", "2016-12-31": "47.06670", "2016-09-30": "4.70900", "2016-06-30": "-119.82790", "2016-03-31": "-31.55310", "2015-12-31": "-164.28270", "2015-09-30": "-227.58560", "2015-06-30": "-251.22830", "2015-03-31": "1.41720", "2014-12-31": "28.80230", "2014-09-30": "45.65330", "2014-06-30": "49.75590", "2014-03-31": "49.04190", "2013-12-31": "49.69960", "2013-09-30": "50.91280", "2013-06-30": "42.69950", "2013-03-31": "29.96300", "2012-12-31": "8.44880", "2012-09-30": "24.30120", "2012-06-30": "26.86840", "2012-03-31": "41.20240", "2011-12-31": "", "2011-09-30": "25.63120", "2010-12-31": ""}, "EBITDA Margin": {"2020-09-30": "", "2020-06-30": "", "2020-03-31": "", "2019-12-31": "", "2019-09-30": "", "2019-06-30": "", "2019-03-31": "", "2018-12-31": "", "2018-09-30": "", "2018-06-30": "", "2018-03-31": "", "2017-12-31": "", "2017-09-30": "", "2017-06-30": "", "2017-03-31": "", "2016-12-31": "", "2016-09-30": "", "2016-06-30": "", "2016-03-31": "", "2015-12-31": "", "2015-09-30": "", "2015-06-30": "", "2015-03-31": "", "2014-12-31": "", "2014-09-30": "", "2014-06-30": "", "2014-03-31": "", "2013-12-31": "", "2013-09-30": "", "2013-06-30": "", "2013-03-31": "", "2012-12-31": "", "2012-09-30": "", "2012-06-30": "", "2012-03-31": "", "2011-12-31": "", "2011-09-30": "", "2010-12-31": ""}, "Pre-Tax Profit Margin": {"2020-09-30": "-195.69440", "2020-06-30": "-727.52940", "2020-03-31": "-35.26140", "2019-12-31": "-53.98550", "2019-09-30": "50.25640", "2019-06-30": "44.85800", "2019-03-31": "1.15740", "2018-12-31": "61.76940", "2018-09-30": "37.80260", "2018-06-30": "55.78750", "2018-03-31": "46.97290", "2017-12-31": "26.42480", "2017-09-30": "27.48690", "2017-06-30": "61.50190", "2017-03-31": "60.80480", "2016-12-31": "15.27690", "2016-09-30": "-0.42210", "2016-06-30": "-139.35710", "2016-03-31": "-40.72540", "2015-12-31": "-169.10160", "2015-09-30": "-212.15850", "2015-06-30": "-275.55500", "2015-03-31": "9.67350", "2014-12-31": "118.67790", "2014-09-30": "49.32110", "2014-06-30": "33.84700", "2014-03-31": "37.94740", "2013-12-31": "41.91260", "2013-09-30": "41.00120", "2013-06-30": "49.06600", "2013-03-31": "29.60320", "2012-12-31": "10.97920", "2012-09-30": "2.68820", "2012-06-30": "84.99060", "2012-03-31": "9.03310", "2011-12-31": "", "2011-09-30": "19.04110", "2010-12-31": ""}, "Net Profit Margin": {"2020-09-30": "-154.58330", "2020-06-30": "-563.05880", "2020-03-31": "-30.25580", "2019-12-31": "-44.11230", "2019-09-30": "37.74360", "2019-06-30": "34.18220", "2019-03-31": "1.15740", "2018-12-31": "48.49920", "2018-09-30": "29.23650", "2018-06-30": "41.55600", "2018-03-31": "34.02920", "2017-12-31": "28.64020", "2017-09-30": "24.24010", "2017-06-30": "58.79180", "2017-03-31": "57.93180", "2016-12-31": "13.83590", "2016-09-30": "-1.56900", "2016-06-30": "-138.23420", "2016-03-31": "-37.62190", "2015-12-31": "-163.92940", "2015-09-30": "-140.05060", "2015-06-30": "-178.29800", "2015-03-31": "5.76820", "2014-12-31": "74.98990", "2014-09-30": "31.43820", "2014-06-30": "21.85210", "2014-03-31": "24.06940", "2013-12-31": "26.51100", "2013-09-30": "25.25650", "2013-06-30": "31.87870", "2013-03-31": "18.66550", "2012-12-31": "-202.09570", "2012-09-30": "2.68820", "2012-06-30": "84.99060", "2012-03-31": "9.03310", "2011-12-31": "", "2011-09-30": "19.04110", "2010-12-31": ""}, "Asset Turnover": {"2020-09-30": "0.03840", "2020-06-30": "0.02090", "2020-03-31": "0.03840", "2019-12-31": "0.04690", "2019-09-30": "0.04140", "2019-06-30": "0.04410", "2019-03-31": "0.03880", "2018-12-31": "0.02930", "2018-09-30": "0.05480", "2018-06-30": "0.05890", "2018-03-31": "0.05820", "2017-12-31": "0.05140", "2017-09-30": "0.04130", "2017-06-30": "0.03970", "2017-03-31": "0.03690", "2016-12-31": "0.03460", "2016-09-30": "0.04030", "2016-06-30": "0.03960", "2016-03-31": "0.02970", "2015-12-31": "0.04160", "2015-09-30": "0.03740", "2015-06-30": "0.03750", "2015-03-31": "0.03280", "2014-12-31": "0.04250", "2014-09-30": "0.04930", "2014-06-30": "0.06200", "2014-03-31": "0.05060", "2013-12-31": "0.04990", "2013-09-30": "0.03940", "2013-06-30": "0.05680", "2013-03-31": "0.04460", "2012-12-31": "0.04250", "2012-09-30": "0.05460", "2012-06-30": "", "2012-03-31": "", "2011-12-31": "", "2011-09-30": "", "2010-12-31": ""}, "Inventory Turnover Ratio": {"2020-09-30": "4.87880", "2020-06-30": "5.02940", "2020-03-31": "5.16670", "2019-12-31": "5.16220", "2019-09-30": "3.97780", "2019-06-30": "3.65910", "2019-03-31": "3.53850", "2018-12-31": "2.91890", "2018-09-30": "5.06240", "2018-06-30": "5.12670", "2018-03-31": "5.80160", "2017-12-31": "5.01210", "2017-09-30": "8.36140", "2017-06-30": "6.86940", "2017-03-31": "9.94350", "2016-12-31": "13.56030", "2016-09-30": "12.70850", "2016-06-30": "14.12920", "2016-03-31": "13.20680", "2015-12-31": "11.14350", "2015-09-30": "9.17640", "2015-06-30": "8.31340", "2015-03-31": "8.24940", "2014-12-31": "8.59960", "2014-09-30": "4.72300", "2014-06-30": "3.38540", "2014-03-31": "1.44290", "2013-12-31": "1.07740", "2013-09-30": "0.83900", "2013-06-30": "0.91560", "2013-03-31": "0.80690", "2012-12-31": "0.90070", "2012-09-30": "0.57480", "2012-06-30": "", "2012-03-31": "", "2011-12-31": "", "2011-09-30": "", "2010-12-31": ""}, "Receiveable Turnover": {"2020-09-30": "1.84140", "2020-06-30": "0.96150", "2020-03-31": "2.23080", "2019-12-31": "1.74130", "2019-09-30": "1.81230", "2019-06-30": "1.97490", "2019-03-31": "1.86610", "2018-12-31": "1.61480", "2018-09-30": "2.03170", "2018-06-30": "2.03560", "2018-03-31": "2.02730", "2017-12-31": "1.72310", "2017-09-30": "1.96010", "2017-06-30": "1.74240", "2017-03-31": "1.68650", "2016-12-31": "1.54020", "2016-09-30": "1.66210", "2016-06-30": "1.50150", "2016-03-31": "1.78300", "2015-12-31": "1.44890", "2015-09-30": "1.34480", "2015-06-30": "1.69100", "2015-03-31": "1.21860", "2014-12-31": "1.34280", "2014-09-30": "1.54190", "2014-06-30": "1.84990", "2014-03-31": "1.73220", "2013-12-31": "1.93280", "2013-09-30": "1.84740", "2013-06-30": "1.86280", "2013-03-31": "1.46910", "2012-12-31": "1.73960", "2012-09-30": "0.92270", "2012-06-30": "", "2012-03-31": "", "2011-12-31": "", "2011-09-30": "", "2010-12-31": ""}, "Days Sales In Receivables": {"2020-09-30": "48.87500", "2020-06-30": "93.60000", "2020-03-31": "40.34480", "2019-12-31": "51.68480", "2019-09-30": "49.66150", "2019-06-30": "45.57300", "2019-03-31": "48.22920", "2018-12-31": "55.73460", "2018-09-30": "44.29890", "2018-06-30": "44.21270", "2018-03-31": "44.39500", "2017-12-31": "52.23270", "2017-09-30": "45.91580", "2017-06-30": "51.65330", "2017-03-31": "53.36410", "2016-12-31": "58.43390", "2016-09-30": "54.14910", "2016-06-30": "59.94030", "2016-03-31": "50.47680", "2015-12-31": "62.11670", "2015-09-30": "66.92320", "2015-06-30": "53.22380", "2015-03-31": "73.85430", "2014-12-31": "67.02580", "2014-09-30": "58.36770", "2014-06-30": "48.65160", "2014-03-31": "51.95730", "2013-12-31": "46.56390", "2013-09-30": "48.71660", "2013-06-30": "48.31500", "2013-03-31": "61.26190", "2012-12-31": "51.73600", "2012-09-30": "97.54190", "2012-06-30": "", "2012-03-31": "", "2011-12-31": "", "2011-09-30": "", "2010-12-31": ""}, "ROE - Return On Equity": {"2020-09-30": "-10.35710", "2020-06-30": "-20.37180", "2020-03-31": "-2.79410", "2019-12-31": "-3.16650", "2019-09-30": "2.50500", "2019-06-30": "2.30420", "2019-03-31": "0.29630", "2018-12-31": "2.15990", "2018-09-30": "2.48840", "2018-06-30": "5.00630", "2018-03-31": "3.10370", "2017-12-31": "2.32630", "2017-09-30": "1.46700", "2017-06-30": "3.10440", "2017-03-31": "2.75570", "2016-12-31": "0.70780", "2016-09-30": "-0.02120", "2016-06-30": "-7.18580", "2016-03-31": "-1.52440", "2015-12-31": "-8.85900", "2015-09-30": "-6.81490", "2015-06-30": "-9.42010", "2015-03-31": "0.30420", "2014-12-31": "5.03310", "2014-09-30": "2.36720", "2014-06-30": "2.22180", "2014-03-31": "2.17830", "2013-12-31": "2.38000", "2013-09-30": "1.77360", "2013-06-30": "2.30570", "2013-03-31": "1.15290", "2012-12-31": "-11.26980", "2012-09-30": "0.36280", "2012-06-30": "", "2012-03-31": "", "2011-12-31": "", "2011-09-30": "", "2010-12-31": ""}, "Return On Tangible Equity": {"2020-09-30": "-10.35710", "2020-06-30": "-20.37180", "2020-03-31": "-2.79410", "2019-12-31": "-3.16650", "2019-09-30": "2.50500", "2019-06-30": "2.30420", "2019-03-31": "0.29630", "2018-12-31": "2.15990", "2018-09-30": "2.48840", "2018-06-30": "5.00630", "2018-03-31": "3.10370", "2017-12-31": "2.32630", "2017-09-30": "1.46700", "2017-06-30": "3.10440", "2017-03-31": "2.75570", "2016-12-31": "0.70780", "2016-09-30": "-0.02120", "2016-06-30": "-7.18580", "2016-03-31": "-1.52440", "2015-12-31": "-8.85900", "2015-09-30": "-6.81490", "2015-06-30": "-9.42010", "2015-03-31": "0.30420", "2014-12-31": "5.03310", "2014-09-30": "2.36720", "2014-06-30": "2.22180", "2014-03-31": "2.17830", "2013-12-31": "2.38000", "2013-09-30": "1.77360", "2013-06-30": "2.30570", "2013-03-31": "1.15290", "2012-12-31": "-11.26980", "2012-09-30": "0.36280", "2012-06-30": "", "2012-03-31": "", "2011-12-31": "", "2011-09-30": "", "2010-12-31": ""}, "ROA - Return On Assets": {"2020-09-30": "-5.89020", "2020-06-30": "-11.85520", "2020-03-31": "-1.71040", "2019-12-31": "-2.00590", "2019-09-30": "1.64730", "2019-06-30": "1.53640", "2019-03-31": "0.19310", "2018-12-31": "1.41690", "2018-09-30": "1.63160", "2018-06-30": "3.36150", "2018-03-31": "2.16420", "2017-12-31": "1.67100", "2017-09-30": "1.12450", "2017-06-30": "2.41940", "2017-03-31": "2.21480", "2016-12-31": "0.53160", "2016-09-30": "-0.01700", "2016-06-30": "-5.53170", "2016-03-31": "-1.21060", "2015-12-31": "-6.79220", "2015-09-30": "-5.21610", "2015-06-30": "-6.66420", "2015-03-31": "0.20820", "2014-12-31": "3.22780", "2014-09-30": "1.58270", "2014-06-30": "1.35900", "2014-03-31": "1.21790", "2013-12-31": "1.32250", "2013-09-30": "0.99570", "2013-06-30": "1.81200", "2013-03-31": "0.83210", "2012-12-31": "-8.58310", "2012-09-30": "0.14690", "2012-06-30": "", "2012-03-31": "", "2011-12-31": "", "2011-09-30": "", "2010-12-31": ""}, "ROI - Return On Investment": {"2020-09-30": "-6.76880", "2020-06-30": "-13.55480", "2020-03-31": "-2.00070", "2019-12-31": "-2.32780", "2019-09-30": "1.91600", "2019-06-30": "1.78700", "2019-03-31": "0.22410", "2018-12-31": "1.64240", "2018-09-30": "1.82600", "2018-06-30": "3.77210", "2018-03-31": "2.39340", "2017-12-31": "1.83950", "2017-09-30": "1.19760", "2017-06-30": "2.54920", "2017-03-31": "2.31070", "2016-12-31": "0.55500", "2016-09-30": "-0.01800", "2016-06-30": "-5.86050", "2016-03-31": "-1.26220", "2015-12-31": "-7.19490", "2015-09-30": "-5.61560", "2015-06-30": "-7.13640", "2015-03-31": "0.23600", "2014-12-31": "3.75810", "2014-09-30": "1.80310", "2014-06-30": "1.59150", "2014-03-31": "1.41260", "2013-12-31": "1.54140", "2013-09-30": "1.14660", "2013-06-30": "2.30530", "2013-03-31": "1.06920", "2012-12-31": "-11.26510", "2012-09-30": "0.18460", "2012-06-30": "", "2012-03-31": "", "2011-12-31": "", "2011-09-30": "", "2010-12-31": ""}, "Book Value Per Share": {"2020-09-30": "67.58950", "2020-06-30": "74.98860", "2020-03-31": "90.71320", "2019-12-31": "93.74730", "2019-09-30": "96.12020", "2019-06-30": "94.23660", "2019-03-31": "88.16880", "2018-12-31": "86.24060", "2018-09-30": "65.16200", "2018-06-30": "60.96600", "2018-03-31": "58.15970", "2017-12-31": "56.85960", "2017-09-30": "56.90430", "2017-06-30": "53.87740", "2017-03-31": "52.17020", "2016-12-31": "44.57640", "2016-09-30": "36.31910", "2016-06-30": "30.49330", "2016-03-31": "32.59580", "2015-12-31": "31.57290", "2015-09-30": "34.35110", "2015-06-30": "35.23550", "2015-03-31": "35.86830", "2014-12-31": "34.89750", "2014-09-30": "33.27180", "2014-06-30": "24.64840", "2014-03-31": "21.35920", "2013-12-31": "17.94980", "2013-09-30": "17.50150", "2013-06-30": "14.88570", "2013-03-31": "12.65400", "2012-12-31": "12.49270", "2012-09-30": "3.36880", "2012-06-30": "", "2012-03-31": "", "2011-12-31": "", "2011-09-30": "", "2010-12-31": ""}, "Operating Cash Flow Per Share": {"2020-09-30": 3.4338, "2020-06-30": 2.0754, "2020-03-31": "5.35670", "2019-12-31": 5.3094, "2019-09-30": 5.0568, "2019-06-30": 4.0365, "2019-03-31": "2.28400", "2018-12-31": 3.247, "2018-09-30": 3.9349, "2018-06-30": 4.3007, "2018-03-31": "3.43230", "2017-12-31": 2.6144, "2017-09-30": 2.4757, "2017-06-30": 2.126, "2017-03-31": "1.88430", "2016-12-31": 1.49, "2016-09-30": 1.2352, "2016-06-30": 0.6736, "2016-03-31": "1.02440", "2015-12-31": 1.4045, "2015-09-30": 1.9544, "2015-06-30": 1.5591, "2015-03-31": "1.69110", "2014-12-31": 2.1416, "2014-09-30": 1.4224, "2014-06-30": 1.6603, "2014-03-31": "1.46250", "2013-12-31": 1.6362, "2013-09-30": 0.7966, "2013-06-30": 0.8008, "2013-03-31": "0.45300", "2012-12-31": -0.8258, "2012-09-30": 0.2369, "2012-06-30": 0.5889, "2012-03-31": "", "2011-12-31": 0, "2011-09-30": 0, "2010-12-31": 0}, "Free Cash Flow Per Share": {"2020-09-30": 1.6663, "2020-06-30": -1.4748, "2020-03-31": "0.34070", "2019-12-31": 0.7821, "2019-09-30": 1.7314, "2019-06-30": -0.3155, "2019-03-31": "-1.53880", "2018-12-31": -0.4395, "2018-09-30": -0.0101, "2018-06-30": -0.0001, "2018-03-31": "0.19240", "2017-12-31": 0.0543, "2017-09-30": -0.1993, "2017-06-30": 0.3527, "2017-03-31": "0.00730", "2016-12-31": -0.1703, "2016-09-30": 0.0754, "2016-06-30": -0.1982, "2016-03-31": "-0.20540", "2015-12-31": -0.1001, "2015-09-30": 0.8889, "2015-06-30": 0.1927, "2015-03-31": "-0.89400", "2014-12-31": -1.6252, "2014-09-30": -0.8835, "2014-06-30": -0.6941, "2014-03-31": "-0.31740", "2013-12-31": -0.881, "2013-09-30": -0.9218, "2013-06-30": -0.5753, "2013-03-31": "-1.03210", "2012-12-31": 1.204, "2012-09-30": -0.3419, "2012-06-30": -0.8621, "2012-03-31": "", "2011-12-31": 0, "2011-09-30": 0, "2010-12-31": 0}}, "revenue": {"Diamondback Energy Annual Revenue (Millions of US $)": {"2019": "$3,964", "2018": "$2,176", "2017": "$1,205", "2016": "$527", "2015": "$447", "2014": "$496", "2013": "$208", "2012": "$75", "2011": "$49", "2010": "$27"}, "Diamondback Energy Quarterly Revenue (Millions of US $)": {"2020-09-30": "$720", "2020-06-30": "$425", "2020-03-31": "$899", "2019-12-31": "$1,104", "2019-09-30": "$975", "2019-06-30": "$1,021", "2019-03-31": "$864", "2018-12-31": "$633", "2018-09-30": "$537", "2018-06-30": "$527", "2018-03-31": "$479", "2017-12-31": "$399", "2017-09-30": "$301", "2017-06-30": "$269", "2017-03-31": "$235", "2016-12-31": "$185", "2016-09-30": "$142", "2016-06-30": "$112", "2016-03-31": "$87", "2015-12-31": "$114", "2015-09-30": "$112", "2015-06-30": "$119", "2015-03-31": "$101", "2014-12-31": "$132", "2014-09-30": "$139", "2014-06-30": "$127", "2014-03-31": "$98", "2013-12-31": "$76", "2013-09-30": "$58", "2013-06-30": "$45", "2013-03-31": "$29", "2012-12-31": "$26", "2012-09-30": "$17", "2012-06-30": "$16", "2012-03-31": "$16", "2011-12-31": "", "2011-09-30": "$11", "2010-12-31": ""}}, "gross-profit": {"Diamondback Energy Annual Gross Profit (Millions of US $)": {"2019": "$3,295", "2018": "$1,873", "2017": "$1,055", "2016": "$433", "2015": "$358", "2014": "$437", "2013": "$186", "2012": "$59", "2011": "$38", "2010": "$22"}, "Diamondback Energy Quarterly Gross Profit (Millions of US $)": {"2020-09-30": "$559", "2020-06-30": "$254", "2020-03-31": "$713", "2019-12-31": "$913", "2019-09-30": "$796", "2019-06-30": "$860", "2019-03-31": "$726", "2018-12-31": "$525", "2018-09-30": "$462", "2018-06-30": "$459", "2018-03-31": "$427", "2017-12-31": "$353", "2017-09-30": "$261", "2017-06-30": "$236", "2017-03-31": "$205", "2016-12-31": "$158", "2016-09-30": "$117", "2016-06-30": "$91", "2016-03-31": "$66", "2015-12-31": "$95", "2015-09-30": "$88", "2015-06-30": "$97", "2015-03-31": "$78", "2014-12-31": "$107", "2014-09-30": "$124", "2014-06-30": "$116", "2014-03-31": "$90", "2013-12-31": "$70", "2013-09-30": "$53", "2013-06-30": "$40", "2013-03-31": "$24", "2012-12-31": "$20", "2012-09-30": "$13", "2012-06-30": "$12", "2012-03-31": "$13", "2011-12-31": "", "2011-09-30": "$8", "2010-12-31": ""}}, "operating-income": {"Diamondback Energy Annual Operating Income (Millions of US $)": {"2019": "$695", "2018": "$1,011", "2017": "$605", "2016": "$-69", "2015": "$-740", "2014": "$213", "2013": "$95", "2012": "$17", "2011": "$15", "2010": "$9"}, "Diamondback Energy Quarterly Operating Income (Millions of US $)": {"2020-09-30": "$-1,256", "2020-06-30": "$-2,672", "2020-03-31": "$-802", "2019-12-31": "$-384", "2019-09-30": "$349", "2019-06-30": "$411", "2019-03-31": "$319", "2018-12-31": "$195", "2018-09-30": "$268", "2018-06-30": "$281", "2018-03-31": "$267", "2017-12-31": "$214", "2017-09-30": "$143", "2017-06-30": "$132", "2017-03-31": "$116", "2016-12-31": "$87", "2016-09-30": "$7", "2016-06-30": "$-135", "2016-03-31": "$-28", "2015-12-31": "$-188", "2015-09-30": "$-255", "2015-06-30": "$-299", "2015-03-31": "$1", "2014-12-31": "$38", "2014-09-30": "$64", "2014-06-30": "$63", "2014-03-31": "$48", "2013-12-31": "$38", "2013-09-30": "$29", "2013-06-30": "$19", "2013-03-31": "$9", "2012-12-31": "$2", "2012-09-30": "$4", "2012-06-30": "$4", "2012-03-31": "$7", "2011-12-31": "", "2011-09-30": "$3", "2010-12-31": ""}}, "ebitda": {"Diamondback Energy Annual EBITDA (Millions of US $)": {"2019": "$2,151", "2018": "$1,646", "2017": "$936", "2016": "$112", "2015": "$-520", "2014": "$385", "2013": "$163", "2012": "$44", "2011": "$32", "2010": "$17"}, "Diamondback Energy Quarterly EBITDA (Millions of US $)": {"2020-09-30": "$-970", "2020-06-30": "$-2,331", "2020-03-31": "$-393", "2019-12-31": "$26", "2019-09-30": "$714", "2019-06-30": "$769", "2019-03-31": "$642", "2018-12-31": "$437", "2018-09-30": "$415", "2018-06-30": "$411", "2018-03-31": "$383", "2017-12-31": "$320", "2017-09-30": "$231", "2017-06-30": "$208", "2017-03-31": "$176", "2016-12-31": "$139", "2016-09-30": "$52", "2016-06-30": "$-94", "2016-03-31": "$15", "2015-12-31": "$-139", "2015-09-30": "$-202", "2015-06-30": "$-241", "2015-03-31": "$62", "2014-12-31": "$92", "2014-09-30": "$109", "2014-06-30": "$104", "2014-03-31": "$79", "2013-12-31": "$62", "2013-09-30": "$47", "2013-06-30": "$34", "2013-03-31": "$20", "2012-12-31": "$12", "2012-09-30": "$10", "2012-06-30": "$10", "2012-03-31": "$12", "2011-12-31": "", "2011-09-30": "$3", "2010-12-31": ""}}, "net-income": {"Diamondback Energy Annual Net Income (Millions of US $)": {"2019": "$240", "2018": "$846", "2017": "$482", "2016": "$-165", "2015": "$-551", "2014": "$194", "2013": "$55", "2012": "$-37", "2011": "$-0", "2010": "$8"}, "Diamondback Energy Quarterly Net Income (Millions of US $)": {"2020-09-30": "$-1,113", "2020-06-30": "$-2,393", "2020-03-31": "$-272", "2019-12-31": "$-487", "2019-09-30": "$368", "2019-06-30": "$349", "2019-03-31": "$10", "2018-12-31": "$307", "2018-09-30": "$157", "2018-06-30": "$219", "2018-03-31": "$163", "2017-12-31": "$114", "2017-09-30": "$73", "2017-06-30": "$158", "2017-03-31": "$136", "2016-12-31": "$26", "2016-09-30": "$-2", "2016-06-30": "$-155", "2016-03-31": "$-33", "2015-12-31": "$-187", "2015-09-30": "$-157", "2015-06-30": "$-212", "2015-03-31": "$6", "2014-12-31": "$99", "2014-09-30": "$44", "2014-06-30": "$28", "2014-03-31": "$24", "2013-12-31": "$20", "2013-09-30": "$15", "2013-06-30": "$14", "2013-03-31": "$5", "2012-12-31": "$-52", "2012-09-30": "$0", "2012-06-30": "$14", "2012-03-31": "$1", "2011-12-31": "", "2011-09-30": "$2", "2010-12-31": ""}}, "eps-earnings-per-share-diluted": {"Diamondback Energy Annual EPS": {"2019": "$1.47", "2018": "$8.06", "2017": "$4.94", "2016": "$-2.20", "2015": "$-8.74", "2014": "$3.64", "2013": "$1.29", "2012": "$0.00", "2011": "$0.00", "2010": "$0.00"}, "Diamondback Energy Quarterly EPS": {"2020-09-30": "$-7.05", "2020-06-30": "$-15.16", "2020-03-31": "$-1.72", "2019-12-31": "$-2.96", "2019-09-30": "$2.26", "2019-06-30": "$2.11", "2019-03-31": "$0.06", "2018-12-31": "$2.60", "2018-09-30": "$1.59", "2018-06-30": "$2.22", "2018-03-31": "$1.65", "2017-12-31": "$1.13", "2017-09-30": "$0.74", "2017-06-30": "$1.61", "2017-03-31": "$1.46", "2016-12-31": "$0.46", "2016-09-30": "$-0.03", "2016-06-30": "$-2.17", "2016-03-31": "$-0.46", "2015-12-31": "$-2.99", "2015-09-30": "$-2.40", "2015-06-30": "$-3.45", "2015-03-31": "$0.10", "2014-12-31": "$1.83", "2014-09-30": "$0.79", "2014-06-30": "$0.54", "2014-03-31": "$0.48", "2013-12-31": "$0.45", "2013-09-30": "$0.33", "2013-06-30": "$0.36", "2013-03-31": "$0.15", "2012-12-31": "$0.00", "2012-09-30": "$0.01", "2012-06-30": "$0.35", "2012-03-31": "$0.00", "2011-12-31": "$0.00", "2011-09-30": "$0.00", "2010-12-31": "$0.00"}}, "shares-outstanding": {"Diamondback Energy Annual Shares Outstanding (Millions of Shares)": {"2019": "164", "2018": "105", "2017": "98", "2016": "75", "2015": "63", "2014": "53", "2013": "42", "2012": "", "2011": "", "2010": ""}, "Diamondback Energy Quarterly Shares Outstanding (Millions of Shares)": {"2020-09-30": "158", "2020-06-30": "158", "2020-03-31": "158", "2019-12-31": "164", "2019-09-30": "163", "2019-06-30": "165", "2019-03-31": "165", "2018-12-31": "105", "2018-09-30": "99", "2018-06-30": "99", "2018-03-31": "99", "2017-12-31": "98", "2017-09-30": "98", "2017-06-30": "98", "2017-03-31": "93", "2016-12-31": "75", "2016-09-30": "77", "2016-06-30": "72", "2016-03-31": "71", "2015-12-31": "63", "2015-09-30": "65", "2015-06-30": "61", "2015-03-31": "59", "2014-12-31": "53", "2014-09-30": "55", "2014-06-30": "51", "2014-03-31": "49", "2013-12-31": "42", "2013-09-30": "45", "2013-06-30": "40", "2013-03-31": "37", "2012-12-31": "", "2012-09-30": "41", "2012-06-30": "38", "2012-03-31": "", "2011-12-31": "", "2011-09-30": "", "2010-12-31": ""}}, "total-assets": {"Diamondback Energy Annual Total Assets (Millions of US $)": {"2019": "$23,531", "2018": "$21,596", "2017": "$7,771", "2016": "$5,350", "2015": "$2,751", "2014": "$3,095", "2013": "$1,522", "2012": "$607", "2011": "$264", "2010": "$0"}, "Diamondback Energy Quarterly Total Assets (Millions of US $)": {"2020-09-30": "$18,760", "2020-06-30": "$20,337", "2020-03-31": "$23,386", "2019-12-31": "$23,531", "2019-09-30": "$23,553", "2019-06-30": "$23,171", "2019-03-31": "$22,268", "2018-12-31": "$21,596", "2018-09-30": "$9,807", "2018-06-30": "$8,954", "2018-03-31": "$8,225", "2017-12-31": "$7,771", "2017-09-30": "$7,288", "2017-06-30": "$6,784", "2017-03-31": "$6,370", "2016-12-31": "$5,350", "2016-09-30": "$3,526", "2016-06-30": "$2,840", "2016-03-31": "$2,943", "2015-12-31": "$2,751", "2015-09-30": "$2,992", "2015-06-30": "$3,171", "2015-03-31": "$3,092", "2014-12-31": "$3,095", "2014-09-30": "$2,821", "2014-06-30": "$2,047", "2014-03-31": "$1,937", "2013-12-31": "$1,522", "2013-09-30": "$1,466", "2013-06-30": "$799", "2013-03-31": "$648", "2012-12-31": "$607", "2012-09-30": "$308", "2012-06-30": "$0", "2012-03-31": "$0", "2011-12-31": "$0", "2011-09-30": "$0", "2010-12-31": "$0"}}, "cash-on-hand": {"Diamondback Energy Annual Cash on Hand (Millions of US $)": {"2019": "$128", "2018": "$215", "2017": "$112", "2016": "$1,667", "2015": "$21", "2014": "$31", "2013": "$16", "2012": "$26", "2011": "$7", "2010": "$"}, "Diamondback Energy Quarterly Cash on Hand (Millions of US $)": {"2020-09-30": "$99", "2020-06-30": "$59", "2020-03-31": "$155", "2019-12-31": "$128", "2019-09-30": "$100", "2019-06-30": "$326", "2019-03-31": "$126", "2018-12-31": "$215", "2018-09-30": "$508", "2018-06-30": "$114", "2018-03-31": "$72", "2017-12-31": "$112", "2017-09-30": "$30", "2017-06-30": "$17", "2017-03-31": "$37", "2016-12-31": "$1,667", "2016-09-30": "$168", "2016-06-30": "$219", "2016-03-31": "$236", "2015-12-31": "$21", "2015-09-30": "$44", "2015-06-30": "$45", "2015-03-31": "$32", "2014-12-31": "$31", "2014-09-30": "$41", "2014-06-30": "$37", "2014-03-31": "$25", "2013-12-31": "$16", "2013-09-30": "$53", "2013-06-30": "$82", "2013-03-31": "$6", "2012-12-31": "$26", "2012-09-30": "$1", "2012-06-30": "", "2012-03-31": "", "2011-12-31": "", "2011-09-30": "", "2010-12-31": ""}}, "long-term-debt": {"Diamondback Energy Annual Long Term Debt (Millions of US $)": {"2019": "$5,371", "2018": "$4,464", "2017": "$1,477", "2016": "$1,106", "2015": "$488", "2014": "$674", "2013": "$460", "2012": "$0", "2011": "$85", "2010": "$"}, "Diamondback Energy Quarterly Long Term Debt (Millions of US $)": {"2020-09-30": "$5,656", "2020-06-30": "$5,952", "2020-03-31": "$5,677", "2019-12-31": "$5,371", "2019-09-30": "$4,761", "2019-06-30": "$4,472", "2019-03-31": "$4,670", "2018-12-31": "$4,464", "2018-09-30": "$2,332", "2018-06-30": "$1,967", "2018-03-31": "$1,702", "2017-12-31": "$1,477", "2017-09-30": "$1,256", "2017-06-30": "$1,152", "2017-03-31": "$986", "2016-12-31": "$1,106", "2016-09-30": "$498", "2016-06-30": "$494", "2016-03-31": "$486", "2015-12-31": "$488", "2015-09-30": "$489", "2015-06-30": "$718", "2015-03-31": "$612", "2014-12-31": "$674", "2014-09-30": "$590", "2014-06-30": "$496", "2014-03-31": "$587", "2013-12-31": "$460", "2013-09-30": "$450", "2013-06-30": "$0", "2013-03-31": "$37", "2012-12-31": "$0", "2012-09-30": "$120", "2012-06-30": "", "2012-03-31": "", "2011-12-31": "", "2011-09-30": "", "2010-12-31": ""}}, "total-liabilities": {"Diamondback Energy Annual Total Liabilities (Millions of US $)": {"2019": "$8,625", "2018": "$7,429", "2017": "$2,189", "2016": "$1,331", "2015": "$642", "2014": "$1,110", "2013": "$676", "2012": "$145", "2011": "$135", "2010": "$0"}, "Diamondback Energy Quarterly Total Liabilities (Millions of US $)": {"2020-09-30": "$8,091", "2020-06-30": "$8,502", "2020-03-31": "$9,070", "2019-12-31": "$8,625", "2019-09-30": "$8,064", "2019-06-30": "$7,721", "2019-03-31": "$7,754", "2018-12-31": "$7,429", "2018-09-30": "$3,377", "2018-06-30": "$2,942", "2018-03-31": "$2,490", "2017-12-31": "$2,189", "2017-09-30": "$1,701", "2017-06-30": "$1,497", "2017-03-31": "$1,250", "2016-12-31": "$1,331", "2016-09-30": "$690", "2016-06-30": "$654", "2016-03-31": "$606", "2015-12-31": "$642", "2015-09-30": "$702", "2015-06-30": "$928", "2015-03-31": "$976", "2014-12-31": "$1,110", "2014-09-30": "$935", "2014-06-30": "$795", "2014-03-31": "$854", "2013-12-31": "$676", "2013-09-30": "$643", "2013-06-30": "$171", "2013-03-31": "$180", "2012-12-31": "$145", "2012-09-30": "$183", "2012-06-30": "$0", "2012-03-31": "$0", "2011-12-31": "", "2011-09-30": "$0", "2010-12-31": "$0"}}, "total-share-holder-equity": {"Diamondback Energy Annual Share Holder Equity (Millions of US $)": {"2019": "$14,906", "2018": "$14,167", "2017": "$5,582", "2016": "$4,018", "2015": "$2,109", "2014": "$1,985", "2013": "$846", "2012": "$462", "2011": "$129", "2010": "$0"}, "Diamondback Energy Quarterly Share Holder Equity (Millions of US $)": {"2020-09-30": "$10,669", "2020-06-30": "$11,835", "2020-03-31": "$14,316", "2019-12-31": "$14,906", "2019-09-30": "$15,489", "2019-06-30": "$15,450", "2019-03-31": "$14,514", "2018-12-31": "$14,167", "2018-09-30": "$6,430", "2018-06-30": "$6,012", "2018-03-31": "$5,735", "2017-12-31": "$5,582", "2017-09-30": "$5,586", "2017-06-30": "$5,287", "2017-03-31": "$5,119", "2016-12-31": "$4,018", "2016-09-30": "$2,835", "2016-06-30": "$2,187", "2016-03-31": "$2,337", "2015-12-31": "$2,109", "2015-09-30": "$2,290", "2015-06-30": "$2,244", "2015-03-31": "$2,117", "2014-12-31": "$1,985", "2014-09-30": "$1,886", "2014-06-30": "$1,252", "2014-03-31": "$1,083", "2013-12-31": "$846", "2013-09-30": "$823", "2013-06-30": "$628", "2013-03-31": "$468", "2012-12-31": "$462", "2012-09-30": "$125", "2012-06-30": "$0", "2012-03-31": "$0", "2011-12-31": "", "2011-09-30": "$0", "2010-12-31": "$0"}}, "profit-margins": {"current": "-135.48%"}, "gross margin": {"2020-09-30": "77.48%", "2020-06-30": "78.64%", "2020-03-31": "82.07%", "2019-12-31": "83.12%", "2019-09-30": "83.22%", "2019-06-30": "84.22%", "2019-03-31": "84.81%", "2018-12-31": "86.08%", "2018-09-30": "87.59%", "2018-06-30": "87.92%", "2018-03-31": "88.19%", "2017-12-31": "87.62%", "2017-09-30": "86.87%", "2017-06-30": "86.16%", "2017-03-31": "84.72%", "2016-12-31": "82.13%", "2016-09-30": "81.10%", "2016-06-30": "80.00%", "2016-03-31": "80.09%", "2015-12-31": "80.27%", "2015-09-30": "79.74%", "2015-06-30": "82.69%", "2015-03-31": "85.17%", "2014-12-31": "88.10%", "2014-09-30": "90.91%", "2014-06-30": "91.64%", "2014-03-31": "91.34%", "2013-12-31": "89.90%", "2013-09-30": "86.71%", "2013-06-30": "82.91%", "2013-03-31": "78.41%", "2012-12-31": "77.33%", "2012-06-30": "76.74%"}, "operating margin": {"2020-09-30": "-162.45%", "2020-06-30": "-103.11%", "2020-03-31": "-10.65%", "2019-12-31": "17.53%", "2019-09-30": "36.47%", "2019-06-30": "39.05%", "2019-03-31": "41.51%", "2018-12-31": "46.46%", "2018-09-30": "53.04%", "2018-06-30": "53.05%", "2018-03-31": "52.21%", "2017-12-31": "50.25%", "2017-09-30": "48.28%", "2017-06-30": "41.16%", "2017-03-31": "11.13%", "2016-12-31": "-13.12%", "2016-09-30": "-75.60%", "2016-06-30": "-142.59%", "2016-03-31": "-178.24%", "2015-12-31": "-166.14%", "2015-09-30": "-110.99%", "2015-06-30": "-39.92%", "2015-03-31": "33.27%", "2014-12-31": "42.94%", "2014-09-30": "48.41%", "2014-06-30": "49.58%", "2014-03-31": "48.38%", "2013-12-31": "45.67%", "2013-09-30": "37.34%", "2013-06-30": "29.06%", "2013-03-31": "21.59%", "2012-12-31": "22.67%", "2012-06-30": "32.56%"}, "ebitda margin": {"2020-09-30": "-116.52%", "2020-06-30": "-58.30%", "2020-03-31": "27.91%", "2019-12-31": "54.26%", "2019-09-30": "73.35%", "2019-06-30": "74.08%", "2019-03-31": "74.39%", "2018-12-31": "75.64%", "2018-09-30": "78.73%", "2018-06-30": "78.84%", "2018-03-31": "78.87%", "2017-12-31": "77.66%", "2017-09-30": "76.16%", "2017-06-30": "69.19%", "2017-03-31": "40.50%", "2016-12-31": "21.29%", "2016-09-30": "-36.48%", "2016-06-30": "-98.82%", "2016-03-31": "-131.25%", "2015-12-31": "-116.59%", "2015-09-30": "-62.28%", "2015-06-30": "4.48%", "2015-03-31": "73.55%", "2014-12-31": "77.42%", "2014-09-30": "80.45%", "2014-06-30": "81.34%", "2014-03-31": "80.14%", "2013-12-31": "78.37%", "2013-09-30": "71.52%", "2013-06-30": "64.96%", "2013-03-31": "59.09%", "2012-12-31": "58.67%", "2012-06-30": "58.14%"}, "pre tax profit margin": {"2020-09-30": "-171.98%", "2020-06-30": "-103.29%", "2020-03-31": "0.88%", "2019-12-31": "9.13%", "2019-09-30": "38.62%", "2019-06-30": "34.76%", "2019-03-31": "35.06%", "2018-12-31": "51.15%", "2018-09-30": "42.58%", "2018-06-30": "41.44%", "2018-03-31": "39.99%", "2017-12-31": "41.28%", "2017-09-30": "42.42%", "2017-06-30": "40.43%", "2017-03-31": "1.93%", "2016-12-31": "-31.56%", "2016-09-30": "-85.05%", "2016-06-30": "-146.82%", "2016-03-31": "-184.03%", "2015-12-31": "-167.94%", "2015-09-30": "-86.21%", "2015-06-30": "-18.94%", "2015-03-31": "55.71%", "2014-12-31": "61.49%", "2014-09-30": "41.14%", "2014-06-30": "37.88%", "2014-03-31": "41.52%", "2013-12-31": "41.83%", "2013-09-30": "36.71%", "2013-06-30": "29.06%", "2013-03-31": "29.55%", "2012-12-31": "24.00%", "2012-06-30": "39.53%"}, "net profit margin": {"2020-09-30": "-135.48%", "2020-06-30": "-81.81%", "2020-03-31": "-1.05%", "2019-12-31": "6.05%", "2019-09-30": "29.60%", "2019-06-30": "26.94%", "2019-03-31": "27.06%", "2018-12-31": "38.88%", "2018-09-30": "33.63%", "2018-06-30": "33.35%", "2018-03-31": "35.08%", "2017-12-31": "39.95%", "2017-09-30": "39.70%", "2017-06-30": "38.27%", "2017-03-31": "0.74%", "2016-12-31": "-31.18%", "2016-09-30": "-82.86%", "2016-06-30": "-125.18%", "2016-03-31": "-136.34%", "2015-12-31": "-123.32%", "2015-09-30": "-56.90%", "2015-06-30": "-12.83%", "2015-03-31": "35.47%", "2014-12-31": "39.31%", "2014-09-30": "26.36%", "2014-06-30": "24.23%", "2014-03-31": "26.35%", "2013-12-31": "25.96%", "2013-09-30": "-11.39%", "2013-06-30": "-28.21%", "2013-03-31": "-37.50%", "2012-12-31": "-49.33%", "2012-06-30": "39.53%"}, "pe ratio": {"current": "15.53", "2021-02-05": "0.00", "2020-09-30": "0.00", "2020-06-30": "0.00", "2020-03-31": "0.00", "2019-12-31": "64.49", "2019-09-30": "12.49", "2019-06-30": "16.73", "2019-03-31": "15.29", "2018-12-31": "11.16", "2018-09-30": "19.55", "2018-06-30": "21.80", "2018-03-31": "23.42", "2017-12-31": "24.27", "2017-09-30": "22.66", "2017-06-30": "25.25", "2017-03-31": "0.00", "2016-12-31": "0.00", "2016-09-30": "0.00", "2016-06-30": "0.00", "2016-03-31": "0.00", "2015-12-31": "0.00", "2015-09-30": "0.00", "2015-06-30": "0.00", "2015-03-31": "23.23", "2014-12-31": "16.13", "2014-09-30": "31.75", "2014-06-30": "47.39", "2014-03-31": "39.94", "2013-12-31": "39.47", "2013-09-30": "45.77"}, "price sales": {"2021-02-05": "3.28", "2020-09-30": "1.51", "2020-06-30": "1.94", "2020-03-31": "1.03", "2019-12-31": "3.71", "2019-09-30": "3.69", "2019-06-30": "4.58", "2019-03-31": "4.42", "2018-12-31": "4.10", "2018-09-30": "6.57", "2018-06-30": "7.26", "2018-03-31": "8.20", "2017-12-31": "9.72", "2017-09-30": "8.68", "2017-06-30": "8.87", "2017-03-31": "11.80", "2016-12-31": "13.59", "2016-09-30": "14.28", "2016-06-30": "13.76", "2016-03-31": "11.01", "2015-12-31": "8.88", "2015-09-30": "7.86", "2015-06-30": "8.33", "2015-03-31": "7.99", "2014-12-31": "6.03", "2014-09-30": "8.12", "2014-06-30": "11.19", "2014-03-31": "10.31", "2013-12-31": "10.08", "2013-09-30": "12.68"}, "price book": {"current": "0.95", "2021-02-05": "0.95", "2020-09-30": "0.44", "2020-06-30": "0.55", "2020-03-31": "0.28", "2019-12-31": "0.96", "2019-09-30": "0.90", "2019-06-30": "1.11", "2019-03-31": "1.10", "2018-12-31": "1.03", "2018-09-30": "1.99", "2018-06-30": "2.06", "2018-03-31": "2.08", "2017-12-31": "2.12", "2017-09-30": "1.64", "2017-06-30": "1.57", "2017-03-31": "1.90", "2016-12-31": "2.17", "2016-09-30": "2.54", "2016-06-30": "2.86", "2016-03-31": "2.26", "2015-12-31": "2.02", "2015-09-30": "1.80", "2015-06-30": "2.04", "2015-03-31": "2.05", "2014-12-31": "1.64", "2014-09-30": "2.15", "2014-06-30": "3.44", "2014-03-31": "3.01", "2013-12-31": "2.81", "2013-09-30": "2.33", "2013-06-30": "2.14", "2013-03-31": "2.03", "2012-12-31": "1.46"}, "price fcf": {"2021-02-05": "", "2020-09-30": "$1.31", "2020-06-30": "$1.38", "2020-03-31": "$2.54", "2019-12-31": "$0.66", "2019-09-30": "$-0.56", "2019-06-30": "$-2.30", "2019-03-31": "$-1.99", "2018-12-31": "$-0.26", "2018-09-30": "$0.24", "2018-06-30": "$0.05", "2018-03-31": "$0.40", "2017-12-31": "$0.22", "2017-09-30": "$-0.01", "2017-06-30": "$0.27", "2017-03-31": "$-0.29", "2016-12-31": "$-0.50", "2016-09-30": "$-0.43", "2016-06-30": "$0.39", "2016-03-31": "$0.78", "2015-12-31": "$0.09", "2015-09-30": "$-1.44", "2015-06-30": "$-3.21", "2015-03-31": "$-4.10", "2014-12-31": "$-3.52", "2014-09-30": "$-2.78", "2014-06-30": "$-2.81", "2014-03-31": "$-2.70", "2013-12-31": "$-3.41", "2013-09-30": "$-2.53"}, "net worth": {"value": "$10.18B"}, "current ratio": {"current": "0.45", "2020-09-30": "0.45", "2020-06-30": "0.62", "2020-03-31": "0.95", "2019-12-31": "0.69", "2019-09-30": "0.72", "2019-06-30": "0.82", "2019-03-31": "0.62", "2018-12-31": "0.91", "2018-09-30": "1.10", "2018-06-30": "0.54", "2018-03-31": "0.53", "2017-12-31": "0.62", "2017-09-30": "0.46", "2017-06-30": "0.69", "2017-03-31": "0.81", "2016-12-31": "8.56", "2016-09-30": "1.48", "2016-06-30": "2.10", "2016-03-31": "2.73", "2015-12-31": "0.77", "2015-09-30": "0.87", "2015-06-30": "1.19", "2015-03-31": "1.17", "2014-12-31": "0.94", "2014-09-30": "0.73", "2014-06-30": "0.68", "2014-03-31": "0.58", "2013-12-31": "0.51", "2013-09-30": "0.84", "2013-06-30": "1.20", "2013-03-31": "0.45", "2012-12-31": "0.64", "2012-09-30": "0.45", "2012-06-30": "0.00", "2012-03-31": "0.00", "2011-12-31": "0.00", "2011-09-30": "0.00", "2010-12-31": "0.00"}, "quick ratio": {"2020-09-30": "0.43", "2020-06-30": "0.58", "2020-03-31": "0.93", "2019-12-31": "0.66", "2019-09-30": "0.68", "2019-06-30": "0.79", "2019-03-31": "0.59", "2018-12-31": "0.87", "2018-09-30": "1.08", "2018-06-30": "0.52", "2018-03-31": "0.52", "2017-12-31": "0.61", "2017-09-30": "0.45", "2017-06-30": "0.67", "2017-03-31": "0.80", "2016-12-31": "8.55", "2016-09-30": "1.46", "2016-06-30": "2.09", "2016-03-31": "2.71", "2015-12-31": "0.76", "2015-09-30": "0.85", "2015-06-30": "1.18", "2015-03-31": "1.16", "2014-12-31": "0.93", "2014-09-30": "0.71", "2014-06-30": "0.66", "2014-03-31": "0.55", "2013-12-31": "0.46", "2013-09-30": "0.78", "2013-06-30": "1.13", "2013-03-31": "0.37", "2012-12-31": "0.56", "2012-09-30": "0.34", "2012-06-30": "0.00", "2012-03-31": "0.00", "2011-12-31": "0.00", "2011-09-30": "0.00", "2010-12-31": "0.00"}, "debt equity ratio": {"current": "0.53", "2020-09-30": "0.76", "2020-06-30": "0.72", "2020-03-31": "0.63", "2019-12-31": "0.58", "2019-09-30": "0.52", "2019-06-30": "0.50", "2019-03-31": "0.53", "2018-12-31": "0.52", "2018-09-30": "0.53", "2018-06-30": "0.49", "2018-03-31": "0.43", "2017-12-31": "0.39", "2017-09-30": "0.31", "2017-06-30": "0.28", "2017-03-31": "0.24", "2016-12-31": "0.33", "2016-09-30": "0.24", "2016-06-30": "0.30", "2016-03-31": "0.26", "2015-12-31": "0.30", "2015-09-30": "0.31", "2015-06-30": "0.41", "2015-03-31": "0.46", "2014-12-31": "0.56", "2014-09-30": "0.50", "2014-06-30": "0.64", "2014-03-31": "0.79", "2013-12-31": "0.80", "2013-09-30": "0.78", "2013-06-30": "0.27", "2013-03-31": "0.39", "2012-12-31": "0.31", "2012-09-30": "1.47", "2012-06-30": "0.00", "2012-03-31": "0.00", "2011-12-31": "0.00", "2011-09-30": "0.00", "2010-12-31": "0.00"}, "return on equity": {"2020-09-30": "-32.98%", "2020-06-30": "-19.69%", "2020-03-31": "-0.28%", "2019-12-31": "1.59%", "2019-09-30": "6.94%", "2019-06-30": "6.51%", "2019-03-31": "6.74%", "2018-12-31": "10.46%", "2018-09-30": "10.99%", "2018-06-30": "9.93%", "2018-03-31": "9.16%", "2017-12-31": "8.92%", "2017-09-30": "7.86%", "2017-06-30": "7.37%", "2017-03-31": "0.14%", "2016-12-31": "-5.77%", "2016-09-30": "-15.93%", "2016-06-30": "-23.85%", "2016-03-31": "-26.24%", "2015-12-31": "-25.11%", "2015-09-30": "-12.23%", "2015-06-30": "-3.06%", "2015-03-31": "9.78%", "2014-12-31": "12.57%", "2014-09-30": "9.16%", "2014-06-30": "8.69%", "2014-03-31": "8.64%", "2013-12-31": "7.81%", "2013-09-30": "-3.02%", "2013-06-30": "-7.84%", "2013-03-31": "-12.51%", "2012-12-31": "-25.21%", "2012-06-30": "inf%"}, "return on assets": {"2020-09-30": "-19.83%", "2020-06-30": "-12.26%", "2020-03-31": "-0.18%", "2019-12-31": "1.04%", "2019-09-30": "4.57%", "2019-06-30": "4.28%", "2019-03-31": "4.43%", "2018-12-31": "6.97%", "2018-09-30": "7.52%", "2018-06-30": "7.06%", "2018-03-31": "6.76%", "2017-12-31": "6.82%", "2017-09-30": "6.09%", "2017-06-30": "5.77%", "2017-03-31": "0.11%", "2016-12-31": "-4.48%", "2016-09-30": "-12.50%", "2016-06-30": "-18.46%", "2016-03-31": "-19.87%", "2015-12-31": "-18.32%", "2015-09-30": "-8.55%", "2015-06-30": "-2.07%", "2015-03-31": "6.40%", "2014-12-31": "7.88%", "2014-09-30": "5.57%", "2014-06-30": "4.99%", "2014-03-31": "5.10%", "2013-12-31": "4.87%", "2013-09-30": "-2.05%", "2013-06-30": "-5.59%", "2013-03-31": "-8.45%", "2012-12-31": "-16.17%", "2012-06-30": "inf%"}, "return on investments": {"2020-09-30": "-27.50%", "2020-06-30": "-17.92%", "2020-03-31": "-2.12%", "2019-12-31": "3.49%", "2019-09-30": "6.53%", "2019-06-30": "7.18%", "2019-03-31": "7.79%", "2018-12-31": "9.45%", "2018-09-30": "13.19%", "2018-06-30": "12.35%", "2018-03-31": "10.89%", "2017-12-31": "9.15%", "2017-09-30": "7.80%", "2017-06-30": "6.51%", "2017-03-31": "1.74%", "2016-12-31": "-1.98%", "2016-09-30": "-12.03%", "2016-06-30": "-22.28%", "2016-03-31": "-27.60%", "2015-12-31": "-26.78%", "2015-09-30": "-18.51%", "2015-06-30": "-7.24%", "2015-03-31": "6.91%", "2014-12-31": "9.96%", "2014-09-30": "11.83%", "2014-06-30": "11.87%", "2014-03-31": "10.99%", "2013-12-31": "10.24%", "2013-09-30": "8.23%", "2013-06-30": "7.39%", "2013-03-31": "6.27%", "2012-12-31": "9.62%", "2012-06-30": "inf%"}, "return on tangible equity": {"2020-09-30": "-32.98%", "2020-06-30": "-19.69%", "2020-03-31": "-0.28%", "2019-12-31": "1.59%", "2019-09-30": "6.94%", "2019-06-30": "6.51%", "2019-03-31": "6.74%", "2018-12-31": "10.46%", "2018-09-30": "10.99%", "2018-06-30": "9.93%", "2018-03-31": "9.16%", "2017-12-31": "8.92%", "2017-09-30": "7.86%", "2017-06-30": "7.37%", "2017-03-31": "0.14%", "2016-12-31": "-5.77%", "2016-09-30": "-15.93%", "2016-06-30": "-23.85%", "2016-03-31": "-26.24%", "2015-12-31": "-25.11%", "2015-09-30": "-12.23%", "2015-06-30": "-3.06%", "2015-03-31": "9.78%", "2014-12-31": "12.57%", "2014-09-30": "9.16%", "2014-06-30": "8.69%", "2014-03-31": "8.64%", "2013-12-31": "7.81%", "2013-09-30": "-3.02%", "2013-06-30": "-7.84%", "2013-03-31": "-12.51%", "2012-12-31": "-25.21%", "2012-06-30": "inf%"}, "dividend yield history": {"last payout": "$1.50", "last yield": "2.33%"}}