{"ticker": "DKS", "price": {"title": "DICK'S Sporting Goods Historical Annual Stock Price Data", "value": 75.64, "historical": {"2020": {"Average Stock Price": "44.0398", "Year Open": "48.2200", "Year High": "63.0500", "Year Low": "16.8100", "Year Close": "56.2100", "Annual % Change": "13.58%"}, "2019": {"Average Stock Price": "37.7294", "Year Open": "31.7700", "Year High": "49.4900", "Year Low": "31.4800", "Year Close": "49.4900", "Annual % Change": "58.62%"}, "2018": {"Average Stock Price": "34.2986", "Year Open": "29.4900", "Year High": "39.4300", "Year Low": "29.4900", "Year Close": "31.2000", "Annual % Change": "8.56%"}, "2017": {"Average Stock Price": "38.7407", "Year Open": "54.0000", "Year High": "55.3300", "Year Low": "24.3900", "Year Close": "28.7400", "Annual % Change": "-45.88%"}, "2016": {"Average Stock Price": "49.2194", "Year Open": "34.9900", "Year High": "62.2500", "Year Low": "34.2400", "Year Close": "53.1000", "Annual % Change": "50.21%"}, "2015": {"Average Stock Price": "50.5046", "Year Open": "49.9100", "Year High": "58.9800", "Year Low": "35.1800", "Year Close": "35.3500", "Annual % Change": "-28.80%"}, "2014": {"Average Stock Price": "48.5006", "Year Open": "57.6800", "Year High": "58.5800", "Year Low": "41.9000", "Year Close": "49.6500", "Annual % Change": "-14.54%"}, "2013": {"Average Stock Price": "50.8433", "Year Open": "45.7800", "Year High": "58.1000", "Year Low": "45.1100", "Year Close": "58.1000", "Annual % Change": "27.72%"}, "2012": {"Average Stock Price": "47.9697", "Year Open": "35.9800", "Year High": "53.9300", "Year Low": "34.6400", "Year Close": "45.4900", "Annual % Change": "23.35%"}, "2011": {"Average Stock Price": "37.4930", "Year Open": "37.3200", "Year High": "42.5800", "Year Low": "29.8600", "Year Close": "36.8800", "Annual % Change": "-1.65%"}, "2010": {"Average Stock Price": "27.9112", "Year Open": "25.0000", "Year High": "37.8100", "Year Low": "22.3700", "Year Close": "37.5000", "Annual % Change": "50.78%"}, "2009": {"Average Stock Price": "18.7390", "Year Open": "15.0300", "Year High": "25.7400", "Year Low": "10.7700", "Year Close": "24.8700", "Annual % Change": "76.26%"}, "2008": {"Average Stock Price": "21.7681", "Year Open": "28.4400", "Year High": "33.4000", "Year Low": "9.5600", "Year Close": "14.1100", "Annual % Change": "-49.17%"}, "2007": {"Average Stock Price": "28.9956", "Year Open": "24.4550", "Year High": "35.8400", "Year Low": "24.3200", "Year Close": "27.7600", "Annual % Change": "13.33%"}, "2006": {"Average Stock Price": "21.0646", "Year Open": "17.3550", "Year High": "27.8950", "Year Low": "17.2950", "Year Close": "24.4950", "Annual % Change": "47.38%"}, "2005": {"Average Stock Price": "17.1667", "Year Open": "17.6150", "Year High": "20.0650", "Year Low": "13.5000", "Year Close": "16.6200", "Annual % Change": "-5.43%"}, "2004": {"Average Stock Price": "15.5208", "Year Open": "12.2500", "Year High": "19.0250", "Year Low": "12.2500", "Year Close": "17.5750", "Annual % Change": "44.47%"}, "2003": {"Average Stock Price": "8.4327", "Year Open": "5.0050", "Year High": "13.2500", "Year Low": "4.3250", "Year Close": "12.1650", "Annual % Change": "153.44%"}, "2002": {"Average Stock Price": "4.5781", "Year Open": "3.2900", "Year High": "5.6350", "Year Low": "3.2900", "Year Close": "4.8000", "Annual % Change": "0.00%"}}}, "market cap": {"value": "$6.78B"}, "income statement": {"Revenue": {"2020-01-31": "8750.74300", "2019-01-31": "8436.57000", "2018-01-31": "8590.47200", "2017-01-31": "7921.98100", "2016-01-31": "7270.96500", "2015-01-31": "6814.47900", "2014-01-31": "6213.17300", "2013-01-31": "5836.11900", "2012-01-31": "5211.80200", "2011-01-31": "4871.49200", "2010-01-31": "4412.83500", "2009-01-31": "4130.12800", "2008-01-31": "3888.42200", "2007-01-31": "3114.16200", "2006-01-31": "2624.98700", "2005-01-31": "2109.39900"}, "Cost Of Goods Sold": {"2020-01-31": "6196.18500", "2019-01-31": "5998.78800", "2018-01-31": "6101.41200", "2017-01-31": "5556.19800", "2016-01-31": "5088.07800", "2015-01-31": "4727.81300", "2014-01-31": "4269.22300", "2013-01-31": "3998.95600", "2012-01-31": "3616.92100", "2011-01-31": "3422.46200", "2010-01-31": "3195.89900", "2009-01-31": "2946.07900", "2008-01-31": "2730.35900", "2007-01-31": "2217.46300", "2006-01-31": "1887.34700", "2005-01-31": "1522.87300"}, "Gross Profit": {"2020-01-31": "2554.55800", "2019-01-31": "2437.78200", "2018-01-31": "2489.06000", "2017-01-31": "2365.78300", "2016-01-31": "2182.88700", "2015-01-31": "2086.66600", "2014-01-31": "1943.95000", "2013-01-31": "1837.16300", "2012-01-31": "1594.88100", "2011-01-31": "1449.03000", "2010-01-31": "1216.93600", "2009-01-31": "1184.04900", "2008-01-31": "1158.06300", "2007-01-31": "896.69920", "2006-01-31": "737.64000", "2005-01-31": "586.52590"}, "Research And Development Expenses": {"2020-01-31": "", "2019-01-31": "", "2018-01-31": "", "2017-01-31": "", "2016-01-31": "", "2015-01-31": "", "2014-01-31": "", "2013-01-31": "", "2012-01-31": "", "2011-01-31": "", "2010-01-31": "", "2009-01-31": "", "2008-01-31": "", "2007-01-31": "", "2006-01-31": "", "2005-01-31": ""}, "SG&A Expenses": {"2020-01-31": "2173.67700", "2019-01-31": "1986.57600", "2018-01-31": "1982.36300", "2017-01-31": "1875.64300", "2016-01-31": "1613.07500", "2015-01-31": "1502.08900", "2014-01-31": "1386.31500", "2013-01-31": "1297.41300", "2012-01-31": "1148.26800", "2011-01-31": "1129.29300", "2010-01-31": "972.02500", "2009-01-31": "928.17000", "2008-01-31": "870.41500", "2007-01-31": "682.62500", "2006-01-31": "556.32000", "2005-01-31": "443.77600"}, "Other Operating Income Or Expenses": {"2020-01-31": "-5.26800", "2019-01-31": "-6.47300", "2018-01-31": "-29.12300", "2017-01-31": "-40.28600", "2016-01-31": "-34.62000", "2015-01-31": "-30.51800", "2014-01-31": "-20.82300", "2013-01-31": "-16.07600", "2012-01-31": "-14.59300", "2011-01-31": "-10.48800", "2010-01-31": "-9.22700", "2009-01-31": "-45.36700", "2008-01-31": "-18.83100", "2007-01-31": "-16.36400", "2006-01-31": "-10.78100", "2005-01-31": "-11.54500"}, "Operating Expenses": {"2020-01-31": "8375.13000", "2019-01-31": "7991.83700", "2018-01-31": "8112.89800", "2017-01-31": "7472.12700", "2016-01-31": "6735.77300", "2015-01-31": "6260.42000", "2014-01-31": "5676.36100", "2013-01-31": "5312.44500", "2012-01-31": "4779.78200", "2011-01-31": "4562.24300", "2010-01-31": "4187.26400", "2009-01-31": "4099.74800", "2008-01-31": "3619.60500", "2007-01-31": "2916.45200", "2006-01-31": "2492.23800", "2005-01-31": "1998.53000"}, "Operating Income": {"2020-01-31": "375.61330", "2019-01-31": "444.73290", "2018-01-31": "477.57320", "2017-01-31": "449.85350", "2016-01-31": "535.19140", "2015-01-31": "554.05910", "2014-01-31": "536.81150", "2013-01-31": "523.67380", "2012-01-31": "432.02000", "2011-01-31": "309.24950", "2010-01-31": "225.57130", "2009-01-31": "30.37990", "2008-01-31": "268.81710", "2007-01-31": "197.71020", "2006-01-31": "132.74900", "2005-01-31": "110.86880"}, "Total Non-Operating Income/Expense": {"2020-01-31": "32.09100", "2019-01-31": "-12.81300", "2018-01-31": "23.76300", "2017-01-31": "8.56800", "2016-01-31": "-4.31700", "2015-01-31": "1.95500", "2014-01-31": "9.29500", "2013-01-31": "-33.84900", "2012-01-31": "0.00600", "2011-01-31": "-11.73800", "2010-01-31": "-2.39500", "2009-01-31": "-16.55900", "2008-01-31": "-18.74000", "2007-01-31": "-10.02500", "2006-01-31": "-11.11500", "2005-01-31": "3.97200"}, "Pre-Tax Income": {"2020-01-31": "407.70400", "2019-01-31": "431.92000", "2018-01-31": "501.33700", "2017-01-31": "458.42200", "2016-01-31": "530.87500", "2015-01-31": "556.01400", "2014-01-31": "546.10700", "2013-01-31": "489.82500", "2012-01-31": "432.02600", "2011-01-31": "297.51100", "2010-01-31": "223.17600", "2009-01-31": "13.82100", "2008-01-31": "250.07700", "2007-01-31": "187.68500", "2006-01-31": "121.63400", "2005-01-31": "114.84100"}, "Income Taxes": {"2020-01-31": "110.24200", "2019-01-31": "112.05600", "2018-01-31": "177.89200", "2017-01-31": "171.02600", "2016-01-31": "200.48400", "2015-01-31": "211.81600", "2014-01-31": "208.50900", "2013-01-31": "199.11600", "2012-01-31": "168.12000", "2011-01-31": "115.43400", "2010-01-31": "87.81700", "2009-01-31": "53.68600", "2008-01-31": "99.51100", "2007-01-31": "75.07400", "2006-01-31": "48.65400", "2005-01-31": "45.93600"}, "Income After Taxes": {"2020-01-31": "297.46200", "2019-01-31": "319.86400", "2018-01-31": "323.44500", "2017-01-31": "287.39600", "2016-01-31": "330.39100", "2015-01-31": "344.19800", "2014-01-31": "337.59800", "2013-01-31": "290.70900", "2012-01-31": "263.90600", "2011-01-31": "182.07700", "2010-01-31": "135.35900", "2009-01-31": "-39.86500", "2008-01-31": "150.56600", "2007-01-31": "112.61100", "2006-01-31": "72.98000", "2005-01-31": "68.90500"}, "Other Income": {"2020-01-31": "", "2019-01-31": "", "2018-01-31": "", "2017-01-31": "", "2016-01-31": "", "2015-01-31": "", "2014-01-31": "", "2013-01-31": "", "2012-01-31": "", "2011-01-31": "", "2010-01-31": "", "2009-01-31": "", "2008-01-31": "", "2007-01-31": "", "2006-01-31": "", "2005-01-31": ""}, "Income From Continuous Operations": {"2020-01-31": "297.46200", "2019-01-31": "319.86400", "2018-01-31": "323.44500", "2017-01-31": "287.39600", "2016-01-31": "330.39100", "2015-01-31": "344.19800", "2014-01-31": "337.59800", "2013-01-31": "290.70900", "2012-01-31": "263.90600", "2011-01-31": "182.07700", "2010-01-31": "135.35900", "2009-01-31": "-39.86500", "2008-01-31": "150.56600", "2007-01-31": "112.61100", "2006-01-31": "72.98000", "2005-01-31": "68.90500"}, "Income From Discontinued Operations": {"2020-01-31": "", "2019-01-31": "", "2018-01-31": "", "2017-01-31": "", "2016-01-31": "", "2015-01-31": "", "2014-01-31": "", "2013-01-31": "", "2012-01-31": "", "2011-01-31": "", "2010-01-31": "", "2009-01-31": "", "2008-01-31": "", "2007-01-31": "", "2006-01-31": "", "2005-01-31": ""}, "Net Income": {"2020-01-31": "297.46200", "2019-01-31": "319.86400", "2018-01-31": "323.44500", "2017-01-31": "287.39600", "2016-01-31": "330.39100", "2015-01-31": "344.19800", "2014-01-31": "337.59800", "2013-01-31": "290.70900", "2012-01-31": "263.90600", "2011-01-31": "182.07700", "2010-01-31": "135.35900", "2009-01-31": "-39.86500", "2008-01-31": "150.56600", "2007-01-31": "112.61100", "2006-01-31": "72.98000", "2005-01-31": "68.90500"}, "EBITDA": {"2020-01-31": "646.06130", "2019-01-31": "689.49690", "2018-01-31": "720.55130", "2017-01-31": "683.68750", "2016-01-31": "728.78540", "2015-01-31": "733.49010", "2014-01-31": "691.73950", "2013-01-31": "648.76980", "2012-01-31": "548.60100", "2011-01-31": "419.64350", "2010-01-31": "326.84030", "2009-01-31": "292.92390", "2008-01-31": "350.92320", "2007-01-31": "252.63920", "2006-01-31": "182.61000", "2005-01-31": "148.48980"}, "EBIT": {"2020-01-31": "375.61330", "2019-01-31": "444.73290", "2018-01-31": "477.57320", "2017-01-31": "449.85350", "2016-01-31": "535.19140", "2015-01-31": "554.05910", "2014-01-31": "536.81150", "2013-01-31": "523.67380", "2012-01-31": "432.02000", "2011-01-31": "309.24950", "2010-01-31": "225.57130", "2009-01-31": "30.37990", "2008-01-31": "268.81710", "2007-01-31": "197.71020", "2006-01-31": "132.74900", "2005-01-31": "110.86880"}, "Basic Shares Outstanding": {"2020-01-31": "87.50200", "2019-01-31": "97.74300", "2018-01-31": "106.97700", "2017-01-31": "111.09500", "2016-01-31": "115.23000", "2015-01-31": "119.24400", "2014-01-31": "122.87800", "2013-01-31": "121.62900", "2012-01-31": "120.23200", "2011-01-31": "116.23600", "2010-01-31": "113.18400", "2009-01-31": "111.66200", "2008-01-31": "109.38300", "2007-01-31": "102.51200", "2006-01-31": "99.58400", "2005-01-31": "95.95600"}, "Shares Outstanding": {"2020-01-31": "89.06600", "2019-01-31": "98.78100", "2018-01-31": "107.58600", "2017-01-31": "112.21600", "2016-01-31": "116.79400", "2015-01-31": "121.23800", "2014-01-31": "125.62800", "2013-01-31": "125.99500", "2012-01-31": "125.76800", "2011-01-31": "121.72400", "2010-01-31": "117.95500", "2009-01-31": "111.66200", "2008-01-31": "116.50400", "2007-01-31": "110.79000", "2006-01-31": "107.95800", "2005-01-31": "105.84200"}, "Basic EPS": {"2020-01-31": "3.40000", "2019-01-31": "3.27000", "2018-01-31": "3.02000", "2017-01-31": "2.59000", "2016-01-31": "2.87000", "2015-01-31": "2.89000", "2014-01-31": "2.75000", "2013-01-31": "2.39000", "2012-01-31": "2.19000", "2011-01-31": "1.57000", "2010-01-31": "1.20000", "2009-01-31": "-0.36000", "2008-01-31": "1.38000", "2007-01-31": "1.10000", "2006-01-31": "0.73000", "2005-01-31": "0.72000"}, "EPS - Earnings Per Share": {"2020-01-31": "3.34000", "2019-01-31": "3.24000", "2018-01-31": "3.01000", "2017-01-31": "2.56000", "2016-01-31": "2.83000", "2015-01-31": "2.84000", "2014-01-31": "2.69000", "2013-01-31": "2.31000", "2012-01-31": "2.10000", "2011-01-31": "1.50000", "2010-01-31": "1.15000", "2009-01-31": "-0.36000", "2008-01-31": "1.29000", "2007-01-31": "1.02000", "2006-01-31": "0.68000", "2005-01-31": "0.65000"}}, "income statement, quarterly": {"Revenue": {"2020-10-31": "2412.11200", "2020-07-31": "2713.37200", "2020-04-30": "1333.22800", "2020-01-31": "2608.65000", "2019-10-31": "1962.20400", "2019-07-31": "2259.21200", "2019-04-30": "1920.67700", "2019-01-31": "2492.09100", "2018-10-31": "1857.27300", "2018-07-31": "2177.48800", "2018-04-30": "1909.71900", "2018-01-31": "2664.12200", "2017-10-31": "1944.18700", "2017-07-31": "2156.91100", "2017-04-30": "1825.25200", "2017-01-31": "2483.43400", "2016-10-31": "1810.34700", "2016-07-31": "1967.85700", "2016-04-30": "1660.34300", "2016-01-31": "2240.05100", "2015-10-31": "1642.62700", "2015-07-31": "1822.97900", "2015-04-30": "1565.30800", "2015-01-31": "2160.00600", "2014-10-31": "1526.67500", "2014-07-31": "1688.89000", "2014-04-30": "1438.90800", "2014-01-31": "1947.41800", "2013-10-31": "1400.62300", "2013-07-31": "1531.43100", "2013-04-30": "1333.70100", "2013-01-31": "1805.30200", "2012-10-31": "1312.07200", "2012-07-31": "1437.04100", "2012-04-30": "1281.70400", "2012-01-31": "1611.55600", "2011-10-31": "1179.70200", "2011-07-31": "1306.69500", "2011-04-30": "1113.84900", "2011-01-31": "1518.91400", "2010-10-31": "1078.98400", "2010-07-31": "1226.06300", "2010-04-30": "1047.53100", "2010-01-31": "1336.59000", "2009-10-31": "989.81600", "2009-07-31": "1126.76700", "2009-04-30": "959.66200", "2009-01-31": "1207.53100", "2008-10-31": "924.19100", "2008-07-31": "1086.29400", "2008-04-30": "912.11200", "2008-01-31": "1212.61700", "2007-10-31": "838.83100", "2007-07-31": "1013.42100", "2007-04-30": "823.55300", "2007-01-31": "1026.27400", "2006-10-31": "708.34300", "2006-07-31": "734.04700", "2006-04-30": "645.49800", "2006-01-31": "849.50710", "2005-10-31": "582.66500", "2005-07-31": "621.97200", "2005-04-30": "570.84300", "2005-01-31": "788.04790"}, "Cost Of Goods Sold": {"2020-10-31": "1569.93800", "2020-07-31": "1776.49700", "2020-04-30": "1113.90000", "2020-01-31": "1875.61400", "2019-10-31": "1381.56200", "2019-07-31": "1582.14100", "2019-04-30": "1356.86800", "2019-01-31": "1797.51200", "2018-10-31": "1333.71900", "2018-07-31": "1518.20700", "2018-04-30": "1349.35000", "2018-01-31": "1888.26900", "2017-10-31": "1410.06700", "2017-07-31": "1519.68900", "2017-04-30": "1283.38700", "2017-01-31": "1763.66900", "2016-10-31": "1257.50400", "2016-07-31": "1370.47900", "2016-04-30": "1164.54600", "2016-01-31": "1568.08600", "2015-10-31": "1154.25100", "2015-07-31": "1269.42100", "2015-04-30": "1096.32000", "2015-01-31": "1468.75100", "2014-10-31": "1074.70300", "2014-07-31": "1186.33400", "2014-04-30": "998.02500", "2014-01-31": "1319.35100", "2013-10-31": "975.72400", "2013-07-31": "1052.10100", "2013-04-30": "922.04700", "2013-01-31": "1216.65000", "2012-10-31": "905.94800", "2012-07-31": "989.26100", "2012-04-30": "887.09700", "2012-01-31": "1098.78400", "2011-10-31": "829.11100", "2011-07-31": "905.62000", "2011-04-30": "783.40600", "2011-01-31": "1039.32000", "2010-10-31": "771.91300", "2010-07-31": "865.91800", "2010-04-30": "745.31100", "2010-01-31": "946.80910", "2009-10-31": "722.98500", "2009-07-31": "816.86600", "2009-04-30": "709.23900", "2009-01-31": "855.34610", "2008-10-31": "671.09100", "2008-07-31": "766.63600", "2008-04-30": "653.00600", "2008-01-31": "836.29600", "2007-10-31": "600.16800", "2007-07-31": "714.76100", "2007-04-30": "579.13400", "2007-01-31": "705.97180", "2006-10-31": "517.00800", "2006-07-31": "526.65000", "2006-04-30": "467.83300", "2006-01-31": "591.70900", "2005-10-31": "429.21100", "2005-07-31": "447.55600", "2005-04-30": "418.87100", "2005-01-31": "561.69490"}, "Gross Profit": {"2020-10-31": "842.17410", "2020-07-31": "936.87510", "2020-04-30": "219.32800", "2020-01-31": "733.03630", "2019-10-31": "580.64200", "2019-07-31": "677.07090", "2019-04-30": "563.80900", "2019-01-31": "694.57820", "2018-10-31": "523.55400", "2018-07-31": "659.28100", "2018-04-30": "560.36900", "2018-01-31": "775.85280", "2017-10-31": "534.12000", "2017-07-31": "637.22190", "2017-04-30": "541.86500", "2017-01-31": "719.76450", "2016-10-31": "552.84300", "2016-07-31": "597.37810", "2016-04-30": "495.79700", "2016-01-31": "671.96450", "2015-10-31": "488.37600", "2015-07-31": "553.55800", "2015-04-30": "468.98800", "2015-01-31": "691.25480", "2014-10-31": "451.97200", "2014-07-31": "502.55600", "2014-04-30": "440.88290", "2014-01-31": "628.06670", "2013-10-31": "424.89900", "2013-07-31": "479.33010", "2013-04-30": "411.65410", "2013-01-31": "588.65170", "2012-10-31": "406.12400", "2012-07-31": "447.78000", "2012-04-30": "394.60700", "2012-01-31": "512.77200", "2011-10-31": "350.59100", "2011-07-31": "401.07500", "2011-04-30": "330.44300", "2011-01-31": "479.59450", "2010-10-31": "307.07100", "2010-07-31": "360.14500", "2010-04-30": "302.22000", "2010-01-31": "389.78090", "2009-10-31": "266.83100", "2009-07-31": "309.90090", "2009-04-30": "250.42300", "2009-01-31": "352.18490", "2008-10-31": "253.10000", "2008-07-31": "319.65800", "2008-04-30": "259.10600", "2008-01-31": "376.32110", "2007-10-31": "238.66300", "2007-07-31": "298.66000", "2007-04-30": "244.41900", "2007-01-31": "320.30240", "2006-10-31": "191.33500", "2006-07-31": "207.39700", "2006-04-30": "177.66500", "2006-01-31": "257.79810", "2005-10-31": "153.45400", "2005-07-31": "174.41600", "2005-04-30": "151.97200", "2005-01-31": "226.35290"}, "Research And Development Expenses": {"2020-10-31": "", "2020-07-31": "", "2020-04-30": "", "2020-01-31": "", "2019-10-31": "", "2019-07-31": "", "2019-04-30": "", "2019-01-31": "", "2018-10-31": "", "2018-07-31": "", "2018-04-30": "", "2018-01-31": "", "2017-10-31": "", "2017-07-31": "", "2017-04-30": "", "2017-01-31": "", "2016-10-31": "", "2016-07-31": "", "2016-04-30": "", "2016-01-31": "", "2015-10-31": "", "2015-07-31": "", "2015-04-30": "", "2015-01-31": "", "2014-10-31": "", "2014-07-31": "", "2014-04-30": "", "2014-01-31": "", "2013-10-31": "", "2013-07-31": "", "2013-04-30": "", "2013-01-31": "", "2012-10-31": "", "2012-07-31": "", "2012-04-30": "", "2012-01-31": "", "2011-10-31": "", "2011-07-31": "", "2011-04-30": "", "2011-01-31": "", "2010-10-31": "", "2010-07-31": "", "2010-04-30": "", "2010-01-31": "", "2009-10-31": "", "2009-07-31": "", "2009-04-30": "", "2009-01-31": "", "2008-10-31": "", "2008-07-31": "", "2008-04-30": "", "2008-01-31": "", "2007-10-31": "", "2007-07-31": "", "2007-04-30": "", "2007-01-31": "", "2006-10-31": "", "2006-07-31": "", "2006-04-30": "", "2006-01-31": "", "2005-10-31": "", "2005-07-31": "", "2005-04-30": "", "2005-01-31": ""}, "SG&A Expenses": {"2020-10-31": "591.11700", "2020-07-31": "543.03300", "2020-04-30": "403.22100", "2020-01-31": "633.74300", "2019-10-31": "531.70400", "2019-07-31": "521.07200", "2019-04-30": "487.15800", "2019-01-31": "552.23200", "2018-10-31": "468.69100", "2018-07-31": "495.32500", "2018-04-30": "470.32800", "2018-01-31": "596.85610", "2017-10-31": "475.89900", "2017-07-31": "470.26700", "2017-04-30": "439.34100", "2017-01-31": "575.57200", "2016-10-31": "459.78200", "2016-07-31": "441.72100", "2016-04-30": "398.56800", "2016-01-31": "461.38890", "2015-10-31": "395.01500", "2015-07-31": "395.93500", "2015-04-30": "360.73600", "2015-01-31": "438.73800", "2014-10-31": "357.70800", "2014-07-31": "383.05400", "2014-04-30": "322.58900", "2014-01-31": "402.93290", "2013-10-31": "333.72400", "2013-07-31": "336.95000", "2013-04-30": "312.70800", "2013-01-31": "375.78100", "2012-10-31": "314.63700", "2012-07-31": "310.86400", "2012-04-30": "296.13100", "2012-01-31": "326.57090", "2011-10-31": "272.23300", "2011-07-31": "285.72900", "2011-04-30": "263.73500", "2011-01-31": "332.30490", "2010-10-31": "272.46700", "2010-07-31": "271.37200", "2010-04-30": "253.14900", "2010-01-31": "276.72710", "2009-10-31": "230.43000", "2009-07-31": "238.74500", "2009-04-30": "226.12300", "2009-01-31": "241.67800", "2008-10-31": "228.86100", "2008-07-31": "237.66700", "2008-04-30": "219.96400", "2008-01-31": "250.35800", "2007-10-31": "209.30300", "2007-07-31": "212.74700", "2007-04-30": "198.00700", "2007-01-31": "203.75800", "2006-10-31": "167.39300", "2006-07-31": "159.23900", "2006-04-30": "152.23500", "2006-01-31": "164.03800", "2005-10-31": "136.56400", "2005-07-31": "129.44900", "2005-04-30": "126.26900", "2005-01-31": "150.91300"}, "Other Operating Income Or Expenses": {"2020-10-31": "-4.96400", "2020-07-31": "-2.48500", "2020-04-30": "-2.28000", "2020-01-31": "-0.38100", "2019-10-31": "-3.31300", "2019-07-31": "-0.99600", "2019-04-30": "-0.57800", "2019-01-31": "-0.33800", "2018-10-31": "-1.99700", "2018-07-31": "-1.42900", "2018-04-30": "-2.70900", "2018-01-31": "-0.68200", "2017-10-31": "-8.22000", "2017-07-31": "-7.76500", "2017-04-30": "-12.45600", "2017-01-31": "-5.97700", "2016-10-31": "-19.30400", "2016-07-31": "-8.48700", "2016-04-30": "-6.51800", "2016-01-31": "-2.78400", "2015-10-31": "-16.28000", "2015-07-31": "-9.21600", "2015-04-30": "-6.34000", "2015-01-31": "-2.03800", "2014-10-31": "-14.33400", "2014-07-31": "-7.94000", "2014-04-30": "-6.20600", "2014-01-31": "-2.08700", "2013-10-31": "-12.12200", "2013-07-31": "-5.28500", "2013-04-30": "-1.32900", "2013-01-31": "-1.76500", "2012-10-31": "-9.29400", "2012-07-31": "-2.27600", "2012-04-30": "-2.74100", "2012-01-31": "-1.87600", "2011-10-31": "-6.79600", "2011-07-31": "-3.65500", "2011-04-30": "-2.26600", "2011-01-31": "-1.29800", "2010-10-31": "-6.39600", "2010-07-31": "-0.71500", "2010-04-30": "-2.07900", "2010-01-31": "0.01600", "2009-10-31": "-4.64500", "2009-07-31": "-1.56900", "2009-04-30": "-3.02900", "2009-01-31": "-29.22100", "2008-10-31": "-7.54100", "2008-07-31": "-3.68100", "2008-04-30": "-4.92400", "2008-01-31": "-1.31300", "2007-10-31": "-7.67800", "2007-07-31": "-2.71900", "2007-04-30": "-7.12100", "2007-01-31": "-1.42900", "2006-10-31": "-8.33300", "2006-07-31": "-2.45100", "2006-04-30": "-4.15100", "2006-01-31": "-0.52200", "2005-10-31": "-6.02200", "2005-07-31": "-1.59200", "2005-04-30": "-2.64500", "2005-01-31": "-0.35000"}, "Operating Expenses": {"2020-10-31": "2166.01900", "2020-07-31": "2322.01500", "2020-04-30": "1519.40100", "2020-01-31": "2509.73800", "2019-10-31": "1916.57900", "2019-07-31": "2104.20900", "2019-04-30": "1844.60400", "2019-01-31": "2350.08300", "2018-10-31": "1804.40700", "2018-07-31": "2014.96100", "2018-04-30": "1822.38700", "2018-01-31": "2485.80700", "2017-10-31": "1894.18600", "2017-07-31": "1997.72100", "2017-04-30": "1735.18400", "2017-01-31": "2345.21900", "2016-10-31": "1736.59000", "2016-07-31": "1820.68700", "2016-04-30": "1569.63200", "2016-01-31": "2032.26000", "2015-10-31": "1565.54600", "2015-07-31": "1674.57200", "2015-04-30": "1463.39600", "2015-01-31": "1909.52700", "2014-10-31": "1446.74500", "2014-07-31": "1577.32800", "2014-04-30": "1326.82000", "2014-01-31": "1724.37200", "2013-10-31": "1321.57000", "2013-07-31": "1394.33600", "2013-04-30": "1236.08400", "2013-01-31": "1594.19700", "2012-10-31": "1229.87900", "2012-07-31": "1302.40100", "2012-04-30": "1185.96900", "2012-01-31": "1427.23100", "2011-10-31": "1108.14000", "2011-07-31": "1195.00400", "2011-04-30": "1049.40700", "2011-01-31": "1372.92300", "2010-10-31": "1050.77600", "2010-07-31": "1138.00500", "2010-04-30": "1000.53900", "2010-01-31": "1223.51900", "2009-10-31": "958.06000", "2009-07-31": "1062.94000", "2009-04-30": "942.74500", "2009-01-31": "1300.40200", "2008-10-31": "910.58910", "2008-07-31": "1010.86300", "2008-04-30": "877.89400", "2008-01-31": "1087.96700", "2007-10-31": "817.14900", "2007-07-31": "930.22700", "2007-04-30": "784.26200", "2007-01-31": "911.15870", "2006-10-31": "692.73400", "2006-07-31": "688.34000", "2006-04-30": "624.21900", "2006-01-31": "756.26900", "2005-10-31": "571.79700", "2005-07-31": "583.90600", "2005-04-30": "580.26610", "2005-01-31": "725.50020"}, "Operating Income": {"2020-10-31": "246.09300", "2020-07-31": "391.35690", "2020-04-30": "-186.17310", "2020-01-31": "98.91240", "2019-10-31": "45.62500", "2019-07-31": "155.00290", "2019-04-30": "76.07300", "2019-01-31": "142.00780", "2018-10-31": "52.86600", "2018-07-31": "162.52710", "2018-04-30": "87.33200", "2018-01-31": "178.31490", "2017-10-31": "50.00100", "2017-07-31": "159.18990", "2017-04-30": "90.06790", "2017-01-31": "138.21510", "2016-10-31": "73.75710", "2016-07-31": "147.17000", "2016-04-30": "90.71110", "2016-01-31": "207.79090", "2015-10-31": "77.08090", "2015-07-31": "148.40710", "2015-04-30": "101.91210", "2015-01-31": "250.47880", "2014-10-31": "79.93010", "2014-07-31": "111.56210", "2014-04-30": "112.08790", "2014-01-31": "223.04600", "2013-10-31": "79.05310", "2013-07-31": "137.09500", "2013-04-30": "97.61710", "2013-01-31": "211.10530", "2012-10-31": "82.19310", "2012-07-31": "134.64000", "2012-04-30": "95.73500", "2012-01-31": "184.32510", "2011-10-31": "71.56200", "2011-07-31": "111.69090", "2011-04-30": "64.44200", "2011-01-31": "145.99130", "2010-10-31": "28.20800", "2010-07-31": "88.05800", "2010-04-30": "46.99210", "2010-01-31": "113.07130", "2009-10-31": "31.75600", "2009-07-31": "63.82690", "2009-04-30": "16.91700", "2009-01-31": "-92.87090", "2008-10-31": "13.60190", "2008-07-31": "75.43090", "2008-04-30": "34.21800", "2008-01-31": "124.65000", "2007-10-31": "21.68200", "2007-07-31": "83.19400", "2007-04-30": "39.29100", "2007-01-31": "115.11550", "2006-10-31": "15.60900", "2006-07-31": "45.70700", "2006-04-30": "21.27900", "2006-01-31": "93.23810", "2005-10-31": "10.86800", "2005-07-31": "38.06600", "2005-04-30": "-9.42300", "2005-01-31": "62.54760"}, "Total Non-Operating Income/Expense": {"2020-10-31": "-9.02300", "2020-07-31": "-0.17400", "2020-04-30": "-21.56700", "2020-01-31": "0.88100", "2019-10-31": "31.52100", "2019-07-31": "-3.96800", "2019-04-30": "3.65700", "2019-01-31": "-5.73400", "2018-10-31": "-2.67400", "2018-07-31": "-0.86300", "2018-04-30": "-3.54200", "2018-01-31": "1.96500", "2017-10-31": "7.92900", "2017-07-31": "12.25400", "2017-04-30": "1.61500", "2017-01-31": "4.80700", "2016-10-31": "2.51300", "2016-07-31": "0.31200", "2016-04-30": "0.93600", "2016-01-31": "-2.57900", "2015-10-31": "-2.26100", "2015-07-31": "-0.99300", "2015-04-30": "1.51600", "2015-01-31": "-0.67700", "2014-10-31": "-0.37200", "2014-07-31": "1.25000", "2014-04-30": "1.75400", "2014-01-31": "0.70200", "2013-10-31": "2.03900", "2013-07-31": "1.01900", "2013-04-30": "5.53500", "2013-01-31": "0.90600", "2012-10-31": "0.25300", "2012-07-31": "-33.42400", "2012-04-30": "-1.58400", "2012-01-31": "-2.41300", "2011-10-31": "-5.10800", "2011-07-31": "9.90300", "2011-04-30": "-2.37600", "2011-01-31": "-2.42900", "2010-10-31": "-2.34100", "2010-07-31": "-4.14800", "2010-04-30": "-2.82000", "2010-01-31": "-0.54100", "2009-10-31": "-0.17300", "2009-07-31": "-0.09000", "2009-04-30": "-1.59100", "2009-01-31": "-6.00000", "2008-10-31": "-4.91700", "2008-07-31": "-4.39000", "2008-04-30": "-1.25200", "2008-01-31": "-10.17900", "2007-10-31": "-1.72500", "2007-07-31": "-3.62900", "2007-04-30": "-3.20700", "2007-01-31": "-2.25300", "2006-10-31": "-2.61700", "2006-07-31": "-2.90600", "2006-04-30": "-2.24900", "2006-01-31": "-3.18900", "2005-10-31": "-3.89600", "2005-07-31": "-1.23500", "2005-04-30": "-2.79500", "2005-01-31": "8.02800"}, "Pre-Tax Income": {"2020-10-31": "237.07000", "2020-07-31": "391.18300", "2020-04-30": "-207.74000", "2020-01-31": "99.79300", "2019-10-31": "77.14600", "2019-07-31": "151.03500", "2019-04-30": "79.73000", "2019-01-31": "136.27400", "2018-10-31": "50.19200", "2018-07-31": "161.66400", "2018-04-30": "83.79000", "2018-01-31": "180.28000", "2017-10-31": "57.93000", "2017-07-31": "171.44400", "2017-04-30": "91.68300", "2017-01-31": "143.02300", "2016-10-31": "76.27000", "2016-07-31": "147.48200", "2016-04-30": "91.64700", "2016-01-31": "205.21300", "2015-10-31": "74.82000", "2015-07-31": "147.41400", "2015-04-30": "103.42800", "2015-01-31": "249.80200", "2014-10-31": "79.55800", "2014-07-31": "112.81200", "2014-04-30": "113.84200", "2014-01-31": "223.74900", "2013-10-31": "81.09200", "2013-07-31": "138.11400", "2013-04-30": "103.15200", "2013-01-31": "212.01200", "2012-10-31": "82.44600", "2012-07-31": "101.21600", "2012-04-30": "94.15100", "2012-01-31": "181.91200", "2011-10-31": "66.45400", "2011-07-31": "121.59400", "2011-04-30": "62.06600", "2011-01-31": "143.56200", "2010-10-31": "25.86700", "2010-07-31": "83.91000", "2010-04-30": "44.17200", "2010-01-31": "112.53000", "2009-10-31": "31.58300", "2009-07-31": "63.73700", "2009-04-30": "15.32600", "2009-01-31": "-98.87100", "2008-10-31": "8.68500", "2008-07-31": "71.04100", "2008-04-30": "32.96600", "2008-01-31": "114.47100", "2007-10-31": "19.95700", "2007-07-31": "79.56500", "2007-04-30": "36.08400", "2007-01-31": "112.86200", "2006-10-31": "12.99200", "2006-07-31": "42.80100", "2006-04-30": "19.03000", "2006-01-31": "90.04900", "2005-10-31": "6.97200", "2005-07-31": "36.83100", "2005-04-30": "-12.21800", "2005-01-31": "70.57600"}, "Income Taxes": {"2020-10-31": "59.85400", "2020-07-31": "114.34000", "2020-04-30": "-64.31800", "2020-01-31": "29.97400", "2019-10-31": "19.56200", "2019-07-31": "38.50100", "2019-04-30": "22.20500", "2019-01-31": "33.71900", "2018-10-31": "12.36500", "2018-07-31": "42.26700", "2018-04-30": "23.70500", "2018-01-31": "64.32800", "2017-10-31": "21.01700", "2017-07-31": "59.05900", "2017-04-30": "33.48800", "2017-01-31": "52.83500", "2016-10-31": "27.35600", "2016-07-31": "56.06500", "2016-04-30": "34.77000", "2016-01-31": "76.22100", "2015-10-31": "27.60500", "2015-07-31": "56.57500", "2015-04-30": "40.08300", "2015-01-31": "94.26600", "2014-10-31": "30.34700", "2014-07-31": "43.34500", "2014-04-30": "43.85800", "2014-01-31": "85.11200", "2013-10-31": "31.11500", "2013-07-31": "53.95100", "2013-04-30": "38.33100", "2013-01-31": "82.26200", "2012-10-31": "32.30700", "2012-07-31": "47.55300", "2012-04-30": "36.99400", "2012-01-31": "70.83600", "2011-10-31": "24.97000", "2011-07-31": "47.74600", "2011-04-30": "24.56800", "2011-01-31": "56.07300", "2010-10-31": "9.00400", "2010-07-31": "32.39400", "2010-04-30": "17.96300", "2010-01-31": "45.17100", "2009-10-31": "12.72900", "2009-07-31": "24.81200", "2009-04-30": "5.10500", "2009-01-31": "6.72100", "2008-10-31": "2.50100", "2008-07-31": "31.10300", "2008-04-30": "13.36100", "2008-01-31": "45.76900", "2007-10-31": "7.72400", "2007-07-31": "31.63500", "2007-04-30": "14.38300", "2007-01-31": "45.14500", "2006-10-31": "5.19700", "2006-07-31": "17.12000", "2006-04-30": "7.61200", "2006-01-31": "36.01900", "2005-10-31": "2.78900", "2005-07-31": "14.73300", "2005-04-30": "-4.88700", "2005-01-31": "28.23100"}, "Income After Taxes": {"2020-10-31": "177.21600", "2020-07-31": "276.84300", "2020-04-30": "-143.42200", "2020-01-31": "69.81900", "2019-10-31": "57.58400", "2019-07-31": "112.53400", "2019-04-30": "57.52500", "2019-01-31": "102.55500", "2018-10-31": "37.82700", "2018-07-31": "119.39700", "2018-04-30": "60.08500", "2018-01-31": "115.95200", "2017-10-31": "36.91300", "2017-07-31": "112.38500", "2017-04-30": "58.19500", "2017-01-31": "90.18800", "2016-10-31": "48.91400", "2016-07-31": "91.41700", "2016-04-30": "56.87700", "2016-01-31": "128.99200", "2015-10-31": "47.21500", "2015-07-31": "90.83900", "2015-04-30": "63.34500", "2015-01-31": "155.53600", "2014-10-31": "49.21100", "2014-07-31": "69.46700", "2014-04-30": "69.98400", "2014-01-31": "138.63700", "2013-10-31": "49.97700", "2013-07-31": "84.16300", "2013-04-30": "64.82100", "2013-01-31": "129.75000", "2012-10-31": "50.13900", "2012-07-31": "53.66300", "2012-04-30": "57.15700", "2012-01-31": "111.07600", "2011-10-31": "41.48400", "2011-07-31": "73.84800", "2011-04-30": "37.49800", "2011-01-31": "87.48900", "2010-10-31": "16.86300", "2010-07-31": "51.51600", "2010-04-30": "26.20900", "2010-01-31": "67.35900", "2009-10-31": "18.85400", "2009-07-31": "38.92500", "2009-04-30": "10.22100", "2009-01-31": "-105.59200", "2008-10-31": "6.18400", "2008-07-31": "39.93800", "2008-04-30": "19.60500", "2008-01-31": "68.70200", "2007-10-31": "12.23300", "2007-07-31": "47.93000", "2007-04-30": "21.70100", "2007-01-31": "67.71700", "2006-10-31": "7.79500", "2006-07-31": "25.68100", "2006-04-30": "11.41800", "2006-01-31": "54.03000", "2005-10-31": "4.18300", "2005-07-31": "22.09800", "2005-04-30": "-7.33100", "2005-01-31": "42.34500"}, "Other Income": {"2020-10-31": "", "2020-07-31": "", "2020-04-30": "", "2020-01-31": "", "2019-10-31": "", "2019-07-31": "", "2019-04-30": "", "2019-01-31": "", "2018-10-31": "", "2018-07-31": "", "2018-04-30": "", "2018-01-31": "", "2017-10-31": "", "2017-07-31": "", "2017-04-30": "", "2017-01-31": "", "2016-10-31": "", "2016-07-31": "", "2016-04-30": "", "2016-01-31": "", "2015-10-31": "", "2015-07-31": "", "2015-04-30": "", "2015-01-31": "", "2014-10-31": "", "2014-07-31": "", "2014-04-30": "", "2014-01-31": "", "2013-10-31": "", "2013-07-31": "", "2013-04-30": "", "2013-01-31": "", "2012-10-31": "", "2012-07-31": "", "2012-04-30": "", "2012-01-31": "", "2011-10-31": "", "2011-07-31": "", "2011-04-30": "", "2011-01-31": "", "2010-10-31": "", "2010-07-31": "", "2010-04-30": "", "2010-01-31": "", "2009-10-31": "", "2009-07-31": "", "2009-04-30": "", "2009-01-31": "", "2008-10-31": "", "2008-07-31": "", "2008-04-30": "", "2008-01-31": "", "2007-10-31": "", "2007-07-31": "", "2007-04-30": "", "2007-01-31": "", "2006-10-31": "", "2006-07-31": "", "2006-04-30": "", "2006-01-31": "", "2005-10-31": "", "2005-07-31": "", "2005-04-30": "", "2005-01-31": ""}, "Income From Continuous Operations": {"2020-10-31": "177.21600", "2020-07-31": "276.84300", "2020-04-30": "-143.42200", "2020-01-31": "69.81900", "2019-10-31": "57.58400", "2019-07-31": "112.53400", "2019-04-30": "57.52500", "2019-01-31": "102.55500", "2018-10-31": "37.82700", "2018-07-31": "119.39700", "2018-04-30": "60.08500", "2018-01-31": "115.95200", "2017-10-31": "36.91300", "2017-07-31": "112.38500", "2017-04-30": "58.19500", "2017-01-31": "90.18800", "2016-10-31": "48.91400", "2016-07-31": "91.41700", "2016-04-30": "56.87700", "2016-01-31": "128.99200", "2015-10-31": "47.21500", "2015-07-31": "90.83900", "2015-04-30": "63.34500", "2015-01-31": "155.53600", "2014-10-31": "49.21100", "2014-07-31": "69.46700", "2014-04-30": "69.98400", "2014-01-31": "138.63700", "2013-10-31": "49.97700", "2013-07-31": "84.16300", "2013-04-30": "64.82100", "2013-01-31": "129.75000", "2012-10-31": "50.13900", "2012-07-31": "53.66300", "2012-04-30": "57.15700", "2012-01-31": "111.07600", "2011-10-31": "41.48400", "2011-07-31": "73.84800", "2011-04-30": "37.49800", "2011-01-31": "87.48900", "2010-10-31": "16.86300", "2010-07-31": "51.51600", "2010-04-30": "26.20900", "2010-01-31": "67.35900", "2009-10-31": "18.85400", "2009-07-31": "38.92500", "2009-04-30": "10.22100", "2009-01-31": "-105.59200", "2008-10-31": "6.18400", "2008-07-31": "39.93800", "2008-04-30": "19.60500", "2008-01-31": "68.70200", "2007-10-31": "12.23300", "2007-07-31": "47.93000", "2007-04-30": "21.70100", "2007-01-31": "67.71700", "2006-10-31": "7.79500", "2006-07-31": "25.68100", "2006-04-30": "11.41800", "2006-01-31": "54.03000", "2005-10-31": "4.18300", "2005-07-31": "22.09800", "2005-04-30": "-7.33100", "2005-01-31": "42.34500"}, "Income From Discontinued Operations": {"2020-10-31": "", "2020-07-31": "", "2020-04-30": "", "2020-01-31": "", "2019-10-31": "", "2019-07-31": "", "2019-04-30": "", "2019-01-31": "", "2018-10-31": "", "2018-07-31": "", "2018-04-30": "", "2018-01-31": "", "2017-10-31": "", "2017-07-31": "", "2017-04-30": "", "2017-01-31": "", "2016-10-31": "", "2016-07-31": "", "2016-04-30": "", "2016-01-31": "", "2015-10-31": "", "2015-07-31": "", "2015-04-30": "", "2015-01-31": "", "2014-10-31": "", "2014-07-31": "", "2014-04-30": "", "2014-01-31": "", "2013-10-31": "", "2013-07-31": "", "2013-04-30": "", "2013-01-31": "", "2012-10-31": "", "2012-07-31": "", "2012-04-30": "", "2012-01-31": "", "2011-10-31": "", "2011-07-31": "", "2011-04-30": "", "2011-01-31": "", "2010-10-31": "", "2010-07-31": "", "2010-04-30": "", "2010-01-31": "", "2009-10-31": "", "2009-07-31": "", "2009-04-30": "", "2009-01-31": "", "2008-10-31": "", "2008-07-31": "", "2008-04-30": "", "2008-01-31": "", "2007-10-31": "", "2007-07-31": "", "2007-04-30": "", "2007-01-31": "", "2006-10-31": "", "2006-07-31": "", "2006-04-30": "", "2006-01-31": "", "2005-10-31": "", "2005-07-31": "", "2005-04-30": "", "2005-01-31": ""}, "Net Income": {"2020-10-31": "177.21600", "2020-07-31": "276.84300", "2020-04-30": "-143.42200", "2020-01-31": "69.81900", "2019-10-31": "57.58400", "2019-07-31": "112.53400", "2019-04-30": "57.52500", "2019-01-31": "102.55500", "2018-10-31": "37.82700", "2018-07-31": "119.39700", "2018-04-30": "60.08500", "2018-01-31": "115.95200", "2017-10-31": "36.91300", "2017-07-31": "112.38500", "2017-04-30": "58.19500", "2017-01-31": "90.18800", "2016-10-31": "48.91400", "2016-07-31": "91.41700", "2016-04-30": "56.87700", "2016-01-31": "128.99200", "2015-10-31": "47.21500", "2015-07-31": "90.83900", "2015-04-30": "63.34500", "2015-01-31": "155.53600", "2014-10-31": "49.21100", "2014-07-31": "69.46700", "2014-04-30": "69.98400", "2014-01-31": "138.63700", "2013-10-31": "49.97700", "2013-07-31": "84.16300", "2013-04-30": "64.82100", "2013-01-31": "129.75000", "2012-10-31": "50.13900", "2012-07-31": "53.66300", "2012-04-30": "57.15700", "2012-01-31": "111.07600", "2011-10-31": "41.48400", "2011-07-31": "73.84800", "2011-04-30": "37.49800", "2011-01-31": "87.48900", "2010-10-31": "16.86300", "2010-07-31": "51.51600", "2010-04-30": "26.20900", "2010-01-31": "67.35900", "2009-10-31": "18.85400", "2009-07-31": "38.92500", "2009-04-30": "10.22100", "2009-01-31": "-105.59200", "2008-10-31": "6.18400", "2008-07-31": "39.93800", "2008-04-30": "19.60500", "2008-01-31": "68.70200", "2007-10-31": "12.23300", "2007-07-31": "47.93000", "2007-04-30": "21.70100", "2007-01-31": "67.71700", "2006-10-31": "7.79500", "2006-07-31": "25.68100", "2006-04-30": "11.41800", "2006-01-31": "54.03000", "2005-10-31": "4.18300", "2005-07-31": "22.09800", "2005-04-30": "-7.33100", "2005-01-31": "42.34500"}, "EBITDA": {"2020-10-31": "329.68700", "2020-07-31": "474.59890", "2020-04-30": "-98.99810", "2020-01-31": "125.19740", "2019-10-31": "132.37800", "2019-07-31": "229.80890", "2019-04-30": "158.67700", "2019-01-31": "207.33480", "2018-10-31": "111.77800", "2018-07-31": "226.38610", "2018-04-30": "143.99800", "2018-01-31": "254.77190", "2017-10-31": "107.43700", "2017-07-31": "215.23090", "2017-04-30": "143.11190", "2017-01-31": "222.91810", "2016-10-31": "126.35710", "2016-07-31": "195.71100", "2016-04-30": "138.70110", "2016-01-31": "264.70190", "2015-10-31": "123.16790", "2015-07-31": "196.42710", "2015-04-30": "144.48810", "2015-01-31": "298.90980", "2014-10-31": "121.15900", "2014-07-31": "164.47410", "2014-04-30": "148.94690", "2014-01-31": "264.53700", "2013-10-31": "116.17610", "2013-07-31": "180.60100", "2013-04-30": "130.42510", "2013-01-31": "247.57430", "2012-10-31": "112.72010", "2012-07-31": "165.08400", "2012-04-30": "123.39100", "2012-01-31": "217.29010", "2011-10-31": "99.86200", "2011-07-31": "139.57090", "2011-04-30": "91.87800", "2011-01-31": "176.07430", "2010-10-31": "56.36600", "2010-07-31": "114.34500", "2010-04-30": "72.85810", "2010-01-31": "138.06030", "2009-10-31": "56.52100", "2009-07-31": "89.92490", "2009-04-30": "42.33400", "2009-01-31": "98.21720", "2008-10-31": "39.13290", "2008-07-31": "99.10490", "2008-04-30": "56.46900", "2008-01-31": "151.18900", "2007-10-31": "39.21300", "2007-07-31": "104.82800", "2007-04-30": "55.69300", "2007-01-31": "130.66650", "2006-10-31": "28.74100", "2006-07-31": "59.44400", "2006-04-30": "33.78800", "2006-01-31": "106.55710", "2005-10-31": "23.08600", "2005-07-31": "49.61100", "2005-04-30": "3.35600", "2005-01-31": "75.88860"}, "EBIT": {"2020-10-31": "246.09300", "2020-07-31": "391.35690", "2020-04-30": "-186.17310", "2020-01-31": "98.91240", "2019-10-31": "45.62500", "2019-07-31": "155.00290", "2019-04-30": "76.07300", "2019-01-31": "142.00780", "2018-10-31": "52.86600", "2018-07-31": "162.52710", "2018-04-30": "87.33200", "2018-01-31": "178.31450", "2017-10-31": "50.00100", "2017-07-31": "159.18990", "2017-04-30": "90.06790", "2017-01-31": "138.21530", "2016-10-31": "73.75710", "2016-07-31": "147.17000", "2016-04-30": "90.71110", "2016-01-31": "207.79130", "2015-10-31": "77.08090", "2015-07-31": "148.40710", "2015-04-30": "101.91210", "2015-01-31": "250.47900", "2014-10-31": "79.93010", "2014-07-31": "111.56210", "2014-04-30": "112.08790", "2014-01-31": "223.04640", "2013-10-31": "79.05310", "2013-07-31": "137.09500", "2013-04-30": "97.61710", "2013-01-31": "211.10570", "2012-10-31": "82.19310", "2012-07-31": "134.64000", "2012-04-30": "95.73500", "2012-01-31": "184.32510", "2011-10-31": "71.56200", "2011-07-31": "111.69090", "2011-04-30": "64.44200", "2011-01-31": "145.99150", "2010-10-31": "28.20800", "2010-07-31": "88.05800", "2010-04-30": "46.99210", "2010-01-31": "113.07140", "2009-10-31": "31.75600", "2009-07-31": "63.82690", "2009-04-30": "16.91700", "2009-01-31": "-92.87100", "2008-10-31": "13.60190", "2008-07-31": "75.43090", "2008-04-30": "34.21800", "2008-01-31": "124.65010", "2007-10-31": "21.68200", "2007-07-31": "83.19400", "2007-04-30": "39.29100", "2007-01-31": "115.11520", "2006-10-31": "15.60900", "2006-07-31": "45.70700", "2006-04-30": "21.27900", "2006-01-31": "93.23810", "2005-10-31": "10.86800", "2005-07-31": "38.06600", "2005-04-30": "-9.42300", "2005-01-31": "62.54780"}, "Basic Shares Outstanding": {"2020-10-31": "84.42200", "2020-07-31": "84.13000", "2020-04-30": "83.73400", "2020-01-31": "87.50200", "2019-10-31": "85.04800", "2019-07-31": "88.08000", "2019-04-30": "92.88700", "2019-01-31": "97.74300", "2018-10-31": "96.67700", "2018-07-31": "98.71600", "2018-04-30": "101.38400", "2018-01-31": "106.97700", "2017-10-31": "105.46600", "2017-07-31": "108.17500", "2017-04-30": "110.44100", "2017-01-31": "111.09500", "2016-10-31": "110.60700", "2016-07-31": "111.27200", "2016-04-30": "112.10500", "2016-01-31": "115.23000", "2015-10-31": "114.97800", "2015-07-31": "116.28100", "2015-04-30": "117.04400", "2015-01-31": "119.24400", "2014-10-31": "118.14200", "2014-07-31": "119.95000", "2014-04-30": "121.13800", "2014-01-31": "122.87800", "2013-10-31": "123.22100", "2013-07-31": "122.90100", "2013-04-30": "122.70200", "2013-01-31": "121.62900", "2012-10-31": "122.10300", "2012-07-31": "119.92800", "2012-04-30": "121.51400", "2012-01-31": "120.23200", "2011-10-31": "120.43200", "2011-07-31": "120.20700", "2011-04-30": "119.36100", "2011-01-31": "116.23600", "2010-10-31": "116.02400", "2010-07-31": "115.81500", "2010-04-30": "115.15500", "2010-01-31": "113.18400", "2009-10-31": "113.26600", "2009-07-31": "112.47300", "2009-04-30": "112.35900", "2009-01-31": "111.66200", "2008-10-31": "111.90600", "2008-07-31": "111.48300", "2008-04-30": "111.21600", "2008-01-31": "109.38300", "2007-10-31": "110.80400", "2007-07-31": "108.58000", "2007-04-30": "107.09800", "2007-01-31": "102.51200", "2006-10-31": "102.54400", "2006-07-31": "101.49200", "2006-04-30": "100.83800", "2006-01-31": "99.58400", "2005-10-31": "100.24000", "2005-07-31": "99.50000", "2005-04-30": "98.10800", "2005-01-31": "95.95600"}, "Shares Outstanding": {"2020-10-31": "96.57100", "2020-07-31": "88.82600", "2020-04-30": "83.73400", "2020-01-31": "89.06600", "2019-10-31": "86.60100", "2019-07-31": "89.40000", "2019-04-30": "94.38800", "2019-01-31": "98.78100", "2018-10-31": "97.89000", "2018-07-31": "99.59100", "2018-04-30": "102.15300", "2018-01-31": "107.58600", "2017-10-31": "105.81400", "2017-07-31": "108.67900", "2017-04-30": "111.40600", "2017-01-31": "112.21600", "2016-10-31": "111.82600", "2016-07-31": "112.11800", "2016-04-30": "113.27600", "2016-01-31": "116.79400", "2015-10-31": "116.50600", "2015-07-31": "117.80500", "2015-04-30": "118.90600", "2015-01-31": "121.23800", "2014-10-31": "120.00200", "2014-07-31": "121.84000", "2014-04-30": "123.36000", "2014-01-31": "125.62800", "2013-10-31": "125.84200", "2013-07-31": "125.59300", "2013-04-30": "125.86200", "2013-01-31": "125.99500", "2012-10-31": "125.93800", "2012-07-31": "124.53300", "2012-04-30": "127.00300", "2012-01-31": "125.76800", "2011-10-31": "125.55200", "2011-07-31": "125.83600", "2011-04-30": "125.36700", "2011-01-31": "121.72400", "2010-10-31": "121.40800", "2010-07-31": "121.03900", "2010-04-30": "120.38700", "2010-01-31": "117.95500", "2009-10-31": "118.70400", "2009-07-31": "117.23000", "2009-04-30": "116.22000", "2009-01-31": "111.66200", "2008-10-31": "116.77400", "2008-07-31": "116.80600", "2008-04-30": "117.29500", "2008-01-31": "116.50400", "2007-10-31": "118.30500", "2007-07-31": "115.52800", "2007-04-30": "114.44200", "2007-01-31": "110.79000", "2006-10-31": "110.87400", "2006-07-31": "109.77400", "2006-04-30": "109.19200", "2006-01-31": "107.95800", "2005-10-31": "107.89400", "2005-07-31": "108.23000", "2005-04-30": "98.10800", "2005-01-31": "105.84200"}, "Basic EPS": {"2020-10-31": "2.10000", "2020-07-31": "3.29000", "2020-04-30": "-1.71000", "2020-01-31": "0.82000", "2019-10-31": "0.68000", "2019-07-31": "1.28000", "2019-04-30": "0.62000", "2019-01-31": "1.08000", "2018-10-31": "0.39000", "2018-07-31": "1.21000", "2018-04-30": "0.59000", "2018-01-31": "1.10000", "2017-10-31": "0.35000", "2017-07-31": "1.04000", "2017-04-30": "0.53000", "2017-01-31": "0.82000", "2016-10-31": "0.44000", "2016-07-31": "0.82000", "2016-04-30": "0.51000", "2016-01-31": "1.14000", "2015-10-31": "0.41000", "2015-07-31": "0.78000", "2015-04-30": "0.54000", "2015-01-31": "1.31000", "2014-10-31": "0.42000", "2014-07-31": "0.58000", "2014-04-30": "0.58000", "2014-01-31": "1.13000", "2013-10-31": "0.41000", "2013-07-31": "0.68000", "2013-04-30": "0.53000", "2013-01-31": "1.06000", "2012-10-31": "0.41000", "2012-07-31": "0.45000", "2012-04-30": "0.47000", "2012-01-31": "0.93000", "2011-10-31": "0.34000", "2011-07-31": "0.61000", "2011-04-30": "0.31000", "2011-01-31": "0.75000", "2010-10-31": "0.15000", "2010-07-31": "0.44000", "2010-04-30": "0.23000", "2010-01-31": "0.59000", "2009-10-31": "0.17000", "2009-07-31": "0.35000", "2009-04-30": "0.09000", "2009-01-31": "-0.96000", "2008-10-31": "0.06000", "2008-07-31": "0.36000", "2008-04-30": "0.18000", "2008-01-31": "0.63000", "2007-10-31": "0.11000", "2007-07-31": "0.44000", "2007-04-30": "0.20000", "2007-01-31": "0.65000", "2006-10-31": "0.08000", "2006-07-31": "0.25500", "2006-04-30": "0.11500", "2006-01-31": "0.54500", "2005-10-31": "0.04000", "2005-07-31": "0.22000", "2005-04-30": "-0.07500", "2005-01-31": "0.44000"}, "EPS - Earnings Per Share": {"2020-10-31": "1.84000", "2020-07-31": "3.12000", "2020-04-30": "-1.71000", "2020-01-31": "0.81000", "2019-10-31": "0.66000", "2019-07-31": "1.26000", "2019-04-30": "0.61000", "2019-01-31": "1.06000", "2018-10-31": "0.39000", "2018-07-31": "1.20000", "2018-04-30": "0.59000", "2018-01-31": "1.11000", "2017-10-31": "0.35000", "2017-07-31": "1.03000", "2017-04-30": "0.52000", "2017-01-31": "0.80000", "2016-10-31": "0.44000", "2016-07-31": "0.82000", "2016-04-30": "0.50000", "2016-01-31": "1.12000", "2015-10-31": "0.41000", "2015-07-31": "0.77000", "2015-04-30": "0.53000", "2015-01-31": "1.29000", "2014-10-31": "0.41000", "2014-07-31": "0.57000", "2014-04-30": "0.57000", "2014-01-31": "1.10000", "2013-10-31": "0.40000", "2013-07-31": "0.67000", "2013-04-30": "0.52000", "2013-01-31": "1.03000", "2012-10-31": "0.40000", "2012-07-31": "0.43000", "2012-04-30": "0.45000", "2012-01-31": "0.88000", "2011-10-31": "0.33000", "2011-07-31": "0.59000", "2011-04-30": "0.30000", "2011-01-31": "0.71000", "2010-10-31": "0.14000", "2010-07-31": "0.43000", "2010-04-30": "0.22000", "2010-01-31": "0.57000", "2009-10-31": "0.16000", "2009-07-31": "0.33000", "2009-04-30": "0.09000", "2009-01-31": "-0.92000", "2008-10-31": "0.05000", "2008-07-31": "0.34000", "2008-04-30": "0.17000", "2008-01-31": "0.59000", "2007-10-31": "0.10000", "2007-07-31": "0.41000", "2007-04-30": "0.19000", "2007-01-31": "0.61000", "2006-10-31": "0.07000", "2006-07-31": "0.23500", "2006-04-30": "0.10500", "2006-01-31": "0.51000", "2005-10-31": "0.04000", "2005-07-31": "0.20500", "2005-04-30": "-0.07500", "2005-01-31": "0.40000"}}, "balance sheet": {"Cash On Hand": {"2020-01-31": "69.33400", "2019-01-31": "113.65300", "2018-01-31": "101.25300", "2017-01-31": "164.77700", "2016-01-31": "118.93600", "2015-01-31": "221.67900", "2014-01-31": "181.73100", "2013-01-31": "345.21400", "2012-01-31": "734.40200", "2011-01-31": "546.05200", "2010-01-31": "225.61100", "2009-01-31": "74.83700", "2008-01-31": "50.30700", "2007-01-31": "135.94200", "2006-01-31": "36.56400", "2005-01-31": "18.88600"}, "Receivables": {"2020-01-31": "58.93500", "2019-01-31": "44.10500", "2018-01-31": "64.54000", "2017-01-31": "77.50600", "2016-01-31": "66.82700", "2015-01-31": "94.58500", "2014-01-31": "68.05400", "2013-01-31": "50.36200", "2012-01-31": "42.45100", "2011-01-31": "44.02800", "2010-01-31": "43.85500", "2009-01-31": "63.44100", "2008-01-31": "62.03500", "2007-01-31": "55.35800", "2006-01-31": "29.36500", "2005-01-31": "37.81300"}, "Inventory": {"2020-01-31": "2202.27500", "2019-01-31": "1824.69600", "2018-01-31": "1711.10300", "2017-01-31": "1638.63200", "2016-01-31": "1527.18700", "2015-01-31": "1390.76700", "2014-01-31": "1232.06500", "2013-01-31": "1096.18600", "2012-01-31": "1014.99700", "2011-01-31": "896.89500", "2010-01-31": "895.77600", "2009-01-31": "854.77100", "2008-01-31": "887.36400", "2007-01-31": "641.46400", "2006-01-31": "535.69800", "2005-01-31": "457.61800"}, "Pre-Paid Expenses": {"2020-01-31": "79.47200", "2019-01-31": "139.94400", "2018-01-31": "129.18900", "2017-01-31": "114.76300", "2016-01-31": "99.74000", "2015-01-31": "91.76700", "2014-01-31": "99.38600", "2013-01-31": "73.83800", "2012-01-31": "64.21300", "2011-01-31": "58.39400", "2010-01-31": "57.11900", "2009-01-31": "46.19400", "2008-01-31": "50.27400", "2007-01-31": "37.01500", "2006-01-31": "11.96100", "2005-01-31": "8.77200"}, "Other Current Assets": {"2020-01-31": "", "2019-01-31": "", "2018-01-31": "", "2017-01-31": "", "2016-01-31": "", "2015-01-31": "", "2014-01-31": "", "2013-01-31": "", "2012-01-31": "", "2011-01-31": "", "2010-01-31": "", "2009-01-31": "", "2008-01-31": "", "2007-01-31": "", "2006-01-31": "", "2005-01-31": ""}, "Total Current Assets": {"2020-01-31": "2410.01600", "2019-01-31": "2122.39800", "2018-01-31": "2006.08500", "2017-01-31": "1995.67800", "2016-01-31": "1812.69000", "2015-01-31": "1798.79800", "2014-01-31": "1620.07100", "2013-01-31": "1595.88900", "2012-01-31": "1868.39300", "2011-01-31": "1564.33000", "2010-01-31": "1222.36100", "2009-01-31": "1049.86400", "2008-01-31": "1069.69400", "2007-01-31": "869.77900", "2006-01-31": "614.01700", "2005-01-31": "531.05500"}, "Property, Plant, And Equipment": {"2020-01-31": "1415.72800", "2019-01-31": "1565.27100", "2018-01-31": "1677.34000", "2017-01-31": "1522.57400", "2016-01-31": "1347.88500", "2015-01-31": "1203.38200", "2014-01-31": "1084.52900", "2013-01-31": "840.13500", "2012-01-31": "775.89600", "2011-01-31": "684.88600", "2010-01-31": "662.30400", "2009-01-31": "515.98200", "2008-01-31": "531.77900", "2007-01-31": "433.07100", "2006-01-31": "370.27700", "2005-01-31": "349.09800"}, "Long-Term Investments": {"2020-01-31": "", "2019-01-31": "", "2018-01-31": "", "2017-01-31": "", "2016-01-31": "", "2015-01-31": "", "2014-01-31": "", "2013-01-31": "", "2012-01-31": "", "2011-01-31": "", "2010-01-31": "10.88000", "2009-01-31": "2.62900", "2008-01-31": "3.22500", "2007-01-31": "3.00800", "2006-01-31": "3.19700", "2005-01-31": "3.38800"}, "Goodwill And Intangible Assets": {"2020-01-31": "340.62500", "2019-01-31": "380.64200", "2018-01-31": "387.06300", "2017-01-31": "385.89400", "2016-01-31": "310.03400", "2015-01-31": "310.75600", "2014-01-31": "298.84900", "2013-01-31": "299.49700", "2012-01-31": "251.08400", "2011-01-31": "251.66400", "2010-01-31": "248.15100", "2009-01-31": "247.44000", "2008-01-31": "384.40400", "2007-01-31": "166.00200", "2006-01-31": "156.62800", "2005-01-31": "157.24500"}, "Other Long-Term Assets": {"2020-01-31": "133.93310", "2019-01-31": "105.59500", "2018-01-31": "119.81200", "2017-01-31": "108.22300", "2016-01-31": "82.56200", "2015-01-31": "69.81400", "2014-01-31": "65.56100", "2013-01-31": "147.90400", "2012-01-31": "86.37500", "2011-01-31": "69.49900", "2010-01-31": "35.54800", "2009-01-31": "26.16800", "2008-01-31": "16.42300", "2007-01-31": "21.87800", "2006-01-31": "27.37300", "2005-01-31": "28.15800"}, "Total Long-Term Assets": {"2020-01-31": "4218.54400", "2019-01-31": "2064.75100", "2018-01-31": "2197.85400", "2017-01-31": "2062.61800", "2016-01-31": "1746.64600", "2015-01-31": "1592.90600", "2014-01-31": "1451.41600", "2013-01-31": "1291.91800", "2012-01-31": "1128.05900", "2011-01-31": "1033.20600", "2010-01-31": "1022.97200", "2009-01-31": "911.98210", "2008-01-31": "965.94100", "2007-01-31": "654.48600", "2006-01-31": "573.77200", "2005-01-31": "553.99300"}, "Total Assets": {"2020-01-31": "6628.56000", "2019-01-31": "4187.14900", "2018-01-31": "4203.93900", "2017-01-31": "4058.29600", "2016-01-31": "3559.33600", "2015-01-31": "3391.70400", "2014-01-31": "3071.48700", "2013-01-31": "2887.80700", "2012-01-31": "2996.45200", "2011-01-31": "2597.53600", "2010-01-31": "2245.33300", "2009-01-31": "1961.84600", "2008-01-31": "2035.63500", "2007-01-31": "1524.26500", "2006-01-31": "1187.78900", "2005-01-31": "1085.04800"}, "Total Current Liabilities": {"2020-01-31": "2076.47400", "2019-01-31": "1504.63900", "2018-01-31": "1425.01400", "2017-01-31": "1397.41500", "2016-01-31": "1191.67500", "2015-01-31": "1118.83300", "2014-01-31": "1002.58700", "2013-01-31": "1000.76800", "2012-01-31": "940.14600", "2011-01-31": "848.54300", "2010-01-31": "795.67500", "2009-01-31": "613.12300", "2008-01-31": "761.94800", "2007-01-31": "564.98300", "2006-01-31": "471.26900", "2005-01-31": "402.66700"}, "Long Term Debt": {"2020-01-31": "224.10010", "2019-01-31": "", "2018-01-31": "60.08400", "2017-01-31": "4.67900", "2016-01-31": "5.32400", "2015-01-31": "5.91300", "2014-01-31": "6.47600", "2013-01-31": "7.76200", "2012-01-31": "151.59600", "2011-01-31": "139.84600", "2010-01-31": "141.26500", "2009-01-31": "180.93700", "2008-01-31": "181.18500", "2007-01-31": "180.86500", "2006-01-31": "181.02000", "2005-01-31": "257.36900"}, "Other Non-Current Liabilities": {"2020-01-31": "133.85500", "2019-01-31": "766.57300", "2018-01-31": "", "2017-01-31": "", "2016-01-31": "", "2015-01-31": "", "2014-01-31": "", "2013-01-31": "", "2012-01-31": "2.13800", "2011-01-31": "", "2010-01-31": "", "2009-01-31": "52.05400", "2008-01-31": "23.74400", "2007-01-31": "13.08700", "2006-01-31": "7.33800", "2005-01-31": "15.23300"}, "Total Long Term Liabilities": {"2020-01-31": "2820.48800", "2019-01-31": "778.34900", "2018-01-31": "837.42400", "2017-01-31": "731.39200", "2016-01-31": "578.47390", "2015-01-31": "440.64600", "2014-01-31": "376.72100", "2013-01-31": "299.71500", "2012-01-31": "423.56100", "2011-01-31": "385.41200", "2010-01-31": "366.43100", "2009-01-31": "455.14600", "2008-01-31": "385.16700", "2007-01-31": "338.73200", "2006-01-31": "301.72700", "2005-01-31": "368.71400"}, "Total Liabilities": {"2020-01-31": "4896.96200", "2019-01-31": "2282.98800", "2018-01-31": "2262.43800", "2017-01-31": "2128.80700", "2016-01-31": "1770.14900", "2015-01-31": "1559.47900", "2014-01-31": "1379.30800", "2013-01-31": "1300.48300", "2012-01-31": "1363.70700", "2011-01-31": "1233.95500", "2010-01-31": "1162.10600", "2009-01-31": "1068.26900", "2008-01-31": "1147.11500", "2007-01-31": "903.71500", "2006-01-31": "772.99600", "2005-01-31": "771.38100"}, "Common Stock Net": {"2020-01-31": "0.83600", "2019-01-31": "0.93800", "2018-01-31": "1.03000", "2017-01-31": "1.10300", "2016-01-31": "1.11800", "2015-01-31": "1.18100", "2014-01-31": "1.21000", "2013-01-31": "1.23000", "2012-01-31": "1.21400", "2011-01-31": "1.18800", "2010-01-31": "1.14800", "2009-01-31": "1.12400", "2008-01-31": "1.11100", "2007-01-31": "1.06200", "2006-01-31": "0.50200", "2005-01-31": "0.48800"}, "Retained Earnings (Accumulated Deficit)": {"2020-01-31": "2645.28100", "2019-01-31": "2455.19200", "2018-01-31": "2205.65100", "2017-01-31": "1956.06600", "2016-01-31": "1737.21400", "2015-01-31": "1471.18200", "2014-01-31": "1187.51400", "2013-01-31": "911.70400", "2012-01-31": "932.87100", "2011-01-31": "730.46800", "2010-01-31": "548.39100", "2009-01-31": "413.03200", "2008-01-31": "468.97400", "2007-01-31": "315.45300", "2006-01-31": "202.84200", "2005-01-31": "129.86200"}, "Comprehensive Income": {"2020-01-31": "-0.12000", "2019-01-31": "-0.12000", "2018-01-31": "-0.07800", "2017-01-31": "-0.13200", "2016-01-31": "-0.17900", "2015-01-31": "-0.07300", "2014-01-31": "0.02400", "2013-01-31": "0.11200", "2012-01-31": "0.11800", "2011-01-31": "6.74100", "2010-01-31": "6.97300", "2009-01-31": "1.50200", "2008-01-31": "2.01200", "2007-01-31": "1.80000", "2006-01-31": "1.92300", "2005-01-31": "1.99600"}, "Other Share Holders Equity": {"2020-01-31": "", "2019-01-31": "", "2018-01-31": "", "2017-01-31": "", "2016-01-31": "", "2015-01-31": "", "2014-01-31": "", "2013-01-31": "", "2012-01-31": "", "2011-01-31": "", "2010-01-31": "", "2009-01-31": "", "2008-01-31": "", "2007-01-31": "", "2006-01-31": "", "2005-01-31": ""}, "Share Holder Equity": {"2020-01-31": "1731.59800", "2019-01-31": "1904.16100", "2018-01-31": "1941.50100", "2017-01-31": "1929.48900", "2016-01-31": "1789.18700", "2015-01-31": "1832.22500", "2014-01-31": "1692.17900", "2013-01-31": "1587.32400", "2012-01-31": "1632.74500", "2011-01-31": "1363.58100", "2010-01-31": "1083.22700", "2009-01-31": "893.57700", "2008-01-31": "888.52000", "2007-01-31": "620.55000", "2006-01-31": "414.79300", "2005-01-31": "313.66700"}, "Total Liabilities And Share Holders Equity": {"2020-01-31": "6628.56000", "2019-01-31": "4187.14900", "2018-01-31": "4203.93900", "2017-01-31": "4058.29600", "2016-01-31": "3559.33600", "2015-01-31": "3391.70400", "2014-01-31": "3071.48700", "2013-01-31": "2887.80700", "2012-01-31": "2996.45200", "2011-01-31": "2597.53600", "2010-01-31": "2245.33300", "2009-01-31": "1961.84600", "2008-01-31": "2035.63500", "2007-01-31": "1524.26500", "2006-01-31": "1187.78900", "2005-01-31": "1085.04800"}}, "balance sheet, quarterly": {"Cash On Hand": {"2020-10-31": "1059.99400", "2020-07-31": "1061.14100", "2020-04-30": "1484.00400", "2020-01-31": "69.33400", "2019-10-31": "87.62200", "2019-07-31": "116.73300", "2019-04-30": "92.42300", "2019-01-31": "113.65300", "2018-10-31": "92.10300", "2018-07-31": "124.27000", "2018-04-30": "104.59900", "2018-01-31": "101.25300", "2017-10-31": "111.81500", "2017-07-31": "131.61500", "2017-04-30": "108.40000", "2017-01-31": "164.77700", "2016-10-31": "85.40800", "2016-07-31": "112.32500", "2016-04-30": "92.49300", "2016-01-31": "118.93600", "2015-10-31": "73.79900", "2015-07-31": "123.22000", "2015-04-30": "81.40900", "2015-01-31": "221.67900", "2014-10-31": "77.93300", "2014-07-31": "100.13200", "2014-04-30": "139.37200", "2014-01-31": "181.73100", "2013-10-31": "65.64700", "2013-07-31": "134.76500", "2013-04-30": "113.88900", "2013-01-31": "345.21400", "2012-10-31": "294.49300", "2012-07-31": "350.40400", "2012-04-30": "520.96700", "2012-01-31": "734.40200", "2011-10-31": "483.37200", "2011-07-31": "626.41500", "2011-04-30": "532.52500", "2011-01-31": "546.05200", "2010-10-31": "159.44600", "2010-07-31": "278.16900", "2010-04-30": "206.95800", "2010-01-31": "225.61100", "2009-10-31": "39.69400", "2009-07-31": "51.31500", "2009-04-30": "45.76200", "2009-01-31": "74.83700", "2008-10-31": "41.64600", "2008-07-31": "51.53000", "2008-04-30": "46.99700", "2008-01-31": "50.30700", "2007-10-31": "39.65700", "2007-07-31": "50.48900", "2007-04-30": "41.42400", "2007-01-31": "135.94200", "2006-10-31": "35.13700", "2006-07-31": "32.92600", "2006-04-30": "31.34700", "2006-01-31": "36.56400", "2005-10-31": "32.00900", "2005-07-31": "29.92100", "2005-04-30": "33.75700", "2005-01-31": "18.88600"}, "Receivables": {"2020-10-31": "82.66500", "2020-07-31": "82.01300", "2020-04-30": "157.18600", "2020-01-31": "58.93500", "2019-10-31": "87.58500", "2019-07-31": "68.48500", "2019-04-30": "56.81700", "2019-01-31": "44.10500", "2018-10-31": "67.98100", "2018-07-31": "67.55500", "2018-04-30": "71.24300", "2018-01-31": "64.54000", "2017-10-31": "161.89000", "2017-07-31": "97.75600", "2017-04-30": "87.96400", "2017-01-31": "77.50600", "2016-10-31": "153.77200", "2016-07-31": "146.64500", "2016-04-30": "114.76000", "2016-01-31": "66.82700", "2015-10-31": "105.12500", "2015-07-31": "111.40500", "2015-04-30": "69.61900", "2015-01-31": "94.58500", "2014-10-31": "98.30500", "2014-07-31": "108.57600", "2014-04-30": "73.34000", "2014-01-31": "68.05400", "2013-10-31": "116.02400", "2013-07-31": "87.41100", "2013-04-30": "49.31400", "2013-01-31": "50.36200", "2012-10-31": "59.99100", "2012-07-31": "61.54900", "2012-04-30": "46.07800", "2012-01-31": "42.45100", "2011-10-31": "98.74800", "2011-07-31": "57.23900", "2011-04-30": "49.16900", "2011-01-31": "44.02800", "2010-10-31": "92.58400", "2010-07-31": "52.44400", "2010-04-30": "45.08700", "2010-01-31": "43.85500", "2009-10-31": "61.49500", "2009-07-31": "33.61900", "2009-04-30": "34.67500", "2009-01-31": "63.44100", "2008-10-31": "117.39300", "2008-07-31": "84.11400", "2008-04-30": "75.78000", "2008-01-31": "62.03500", "2007-10-31": "69.13500", "2007-07-31": "62.51400", "2007-04-30": "73.14800", "2007-01-31": "55.35800", "2006-10-31": "79.02200", "2006-07-31": "53.09100", "2006-04-30": "41.70100", "2006-01-31": "29.36500", "2005-10-31": "61.00300", "2005-07-31": "59.29300", "2005-04-30": "60.61100", "2005-01-31": "37.81300"}, "Inventory": {"2020-10-31": "2319.99200", "2020-07-31": "1875.15200", "2020-04-30": "2096.96400", "2020-01-31": "2202.27500", "2019-10-31": "2573.25000", "2019-07-31": "2136.79700", "2019-04-30": "2142.02200", "2019-01-31": "1824.69600", "2018-10-31": "2196.77700", "2018-07-31": "1795.79400", "2018-04-30": "1842.89700", "2018-01-31": "1711.10300", "2017-10-31": "2178.49500", "2017-07-31": "1917.91200", "2017-04-30": "1916.50800", "2017-01-31": "1638.63200", "2016-10-31": "2092.40200", "2016-07-31": "1715.53000", "2016-04-30": "1742.94800", "2016-01-31": "1527.18700", "2015-10-31": "1997.10500", "2015-07-31": "1615.72200", "2015-04-30": "1623.75300", "2015-01-31": "1390.76700", "2014-10-31": "1765.11900", "2014-07-31": "1418.66000", "2014-04-30": "1480.72400", "2014-01-31": "1232.06500", "2013-10-31": "1570.03400", "2013-07-31": "1275.21500", "2013-04-30": "1312.73700", "2013-01-31": "1096.18600", "2012-10-31": "1382.68400", "2012-07-31": "1134.59400", "2012-04-30": "1201.75300", "2012-01-31": "1014.99700", "2011-10-31": "1243.15200", "2011-07-31": "1026.86100", "2011-04-30": "1054.87100", "2011-01-31": "896.89500", "2010-10-31": "1162.15200", "2010-07-31": "985.79900", "2010-04-30": "1009.74900", "2010-01-31": "895.77600", "2009-10-31": "1103.31800", "2009-07-31": "944.85500", "2009-04-30": "979.89900", "2009-01-31": "854.77100", "2008-10-31": "1142.23300", "2008-07-31": "912.61900", "2008-04-30": "970.54300", "2008-01-31": "887.36400", "2007-10-31": "1024.81700", "2007-07-31": "791.65400", "2007-04-30": "818.43200", "2007-01-31": "641.46400", "2006-10-31": "787.10300", "2006-07-31": "636.83900", "2006-04-30": "649.88000", "2006-01-31": "535.69800", "2005-10-31": "674.87700", "2005-07-31": "536.82000", "2005-04-30": "533.31000", "2005-01-31": "457.61800"}, "Pre-Paid Expenses": {"2020-10-31": "82.64800", "2020-07-31": "74.94600", "2020-04-30": "102.24900", "2020-01-31": "79.47200", "2019-10-31": "128.45800", "2019-07-31": "144.00200", "2019-04-30": "148.44200", "2019-01-31": "139.94400", "2018-10-31": "138.46800", "2018-07-31": "137.32300", "2018-04-30": "144.82700", "2018-01-31": "129.18900", "2017-10-31": "129.87600", "2017-07-31": "130.00100", "2017-04-30": "141.74400", "2017-01-31": "114.76300", "2016-10-31": "112.52300", "2016-07-31": "110.26900", "2016-04-30": "120.47700", "2016-01-31": "99.74000", "2015-10-31": "107.75500", "2015-07-31": "99.88200", "2015-04-30": "108.77300", "2015-01-31": "91.76700", "2014-10-31": "92.37500", "2014-07-31": "90.36900", "2014-04-30": "93.75100", "2014-01-31": "99.38600", "2013-10-31": "104.80600", "2013-07-31": "109.14600", "2013-04-30": "84.27500", "2013-01-31": "73.83800", "2012-10-31": "35.36700", "2012-07-31": "67.07100", "2012-04-30": "69.30200", "2012-01-31": "64.21300", "2011-10-31": "63.54200", "2011-07-31": "63.15900", "2011-04-30": "67.09900", "2011-01-31": "58.39400", "2010-10-31": "59.68700", "2010-07-31": "61.06000", "2010-04-30": "61.91400", "2010-01-31": "57.11900", "2009-10-31": "53.19200", "2009-07-31": "56.57100", "2009-04-30": "56.90400", "2009-01-31": "46.19400", "2008-10-31": "45.57900", "2008-07-31": "48.94200", "2008-04-30": "53.22700", "2008-01-31": "50.27400", "2007-10-31": "42.71100", "2007-07-31": "41.81100", "2007-04-30": "40.77100", "2007-01-31": "37.01500", "2006-10-31": "19.24100", "2006-07-31": "18.13300", "2006-04-30": "16.75000", "2006-01-31": "11.96100", "2005-10-31": "14.23600", "2005-07-31": "12.83700", "2005-04-30": "11.37700", "2005-01-31": "8.77200"}, "Other Current Assets": {"2020-10-31": "", "2020-07-31": "", "2020-04-30": "", "2020-01-31": "", "2019-10-31": "", "2019-07-31": "", "2019-04-30": "", "2019-01-31": "", "2018-10-31": "", "2018-07-31": "", "2018-04-30": "", "2018-01-31": "", "2017-10-31": "", "2017-07-31": "", "2017-04-30": "", "2017-01-31": "", "2016-10-31": "", "2016-07-31": "", "2016-04-30": "", "2016-01-31": "", "2015-10-31": "", "2015-07-31": "", "2015-04-30": "", "2015-01-31": "", "2014-10-31": "", "2014-07-31": "", "2014-04-30": "", "2014-01-31": "", "2013-10-31": "", "2013-07-31": "", "2013-04-30": "", "2013-01-31": "", "2012-10-31": "", "2012-07-31": "", "2012-04-30": "", "2012-01-31": "", "2011-10-31": "", "2011-07-31": "", "2011-04-30": "", "2011-01-31": "", "2010-10-31": "", "2010-07-31": "", "2010-04-30": "", "2010-01-31": "", "2009-10-31": "", "2009-07-31": "", "2009-04-30": "", "2009-01-31": "", "2008-10-31": "", "2008-07-31": "", "2008-04-30": "", "2008-01-31": "", "2007-10-31": "", "2007-07-31": "", "2007-04-30": "", "2007-01-31": "", "2006-10-31": "", "2006-07-31": "", "2006-04-30": "", "2006-01-31": "", "2005-10-31": "", "2005-07-31": "", "2005-04-30": "", "2005-01-31": ""}, "Total Current Assets": {"2020-10-31": "3545.29900", "2020-07-31": "3093.25200", "2020-04-30": "3840.40300", "2020-01-31": "2410.01600", "2019-10-31": "2876.91500", "2019-07-31": "2466.01700", "2019-04-30": "2439.70400", "2019-01-31": "2122.39800", "2018-10-31": "2495.32900", "2018-07-31": "2124.94200", "2018-04-30": "2163.56600", "2018-01-31": "2006.08500", "2017-10-31": "2582.07600", "2017-07-31": "2277.28400", "2017-04-30": "2254.61600", "2017-01-31": "1995.67800", "2016-10-31": "2444.10500", "2016-07-31": "2084.76900", "2016-04-30": "2070.67800", "2016-01-31": "1812.69000", "2015-10-31": "2283.78400", "2015-07-31": "1950.22900", "2015-04-30": "1883.55400", "2015-01-31": "1798.79800", "2014-10-31": "2075.86500", "2014-07-31": "1757.16000", "2014-04-30": "1820.90200", "2014-01-31": "1620.07100", "2013-10-31": "1904.92500", "2013-07-31": "1652.67500", "2013-04-30": "1602.92200", "2013-01-31": "1595.88900", "2012-10-31": "1799.29000", "2012-07-31": "1641.30700", "2012-04-30": "1856.50000", "2012-01-31": "1868.39300", "2011-10-31": "1902.84200", "2011-07-31": "1787.32500", "2011-04-30": "1721.39500", "2011-01-31": "1564.33000", "2010-10-31": "1488.48000", "2010-07-31": "1385.00000", "2010-04-30": "1335.17500", "2010-01-31": "1222.36100", "2009-10-31": "1268.79000", "2009-07-31": "1092.11700", "2009-04-30": "1129.34700", "2009-01-31": "1049.86400", "2008-10-31": "1365.21100", "2008-07-31": "1115.46000", "2008-04-30": "1166.67800", "2008-01-31": "1069.69400", "2007-10-31": "1180.20800", "2007-07-31": "947.54700", "2007-04-30": "975.06900", "2007-01-31": "869.77900", "2006-10-31": "920.50300", "2006-07-31": "744.94300", "2006-04-30": "743.40400", "2006-01-31": "614.01700", "2005-10-31": "794.53600", "2005-07-31": "644.21500", "2005-04-30": "647.06600", "2005-01-31": "531.05500"}, "Property, Plant, And Equipment": {"2020-10-31": "1336.67600", "2020-07-31": "1348.05900", "2020-04-30": "1369.87300", "2020-01-31": "1415.72800", "2019-10-31": "1436.97500", "2019-07-31": "1479.85500", "2019-04-30": "1478.91000", "2019-01-31": "1565.27100", "2018-10-31": "1578.31300", "2018-07-31": "1611.53200", "2018-04-30": "1644.38800", "2018-01-31": "1677.34000", "2017-10-31": "1679.87200", "2017-07-31": "1611.83400", "2017-04-30": "1568.52300", "2017-01-31": "1522.57400", "2016-10-31": "1492.27400", "2016-07-31": "1475.79700", "2016-04-30": "1406.47100", "2016-01-31": "1347.88500", "2015-10-31": "1341.16600", "2015-07-31": "1297.30200", "2015-04-30": "1220.47100", "2015-01-31": "1203.38200", "2014-10-31": "1195.27400", "2014-07-31": "1138.18200", "2014-04-30": "1077.25400", "2014-01-31": "1084.52900", "2013-10-31": "1059.86500", "2013-07-31": "937.31000", "2013-04-30": "876.73400", "2013-01-31": "840.13500", "2012-10-31": "851.30200", "2012-07-31": "817.42700", "2012-04-30": "779.19100", "2012-01-31": "775.89600", "2011-10-31": "745.12900", "2011-07-31": "737.48400", "2011-04-30": "712.81200", "2011-01-31": "684.88600", "2010-10-31": "693.00300", "2010-07-31": "677.77900", "2010-04-30": "655.37800", "2010-01-31": "662.30400", "2009-10-31": "496.12500", "2009-07-31": "495.01100", "2009-04-30": "512.29900", "2009-01-31": "515.98200", "2008-10-31": "550.07000", "2008-07-31": "541.41300", "2008-04-30": "547.02400", "2008-01-31": "531.77900", "2007-10-31": "504.11400", "2007-07-31": "499.10900", "2007-04-30": "489.72600", "2007-01-31": "433.07100", "2006-10-31": "425.97000", "2006-07-31": "392.41200", "2006-04-30": "379.63200", "2006-01-31": "370.27700", "2005-10-31": "363.11300", "2005-07-31": "351.93600", "2005-04-30": "362.23200", "2005-01-31": "349.09800"}, "Long-Term Investments": {"2020-10-31": "", "2020-07-31": "", "2020-04-30": "", "2020-01-31": "", "2019-10-31": "", "2019-07-31": "", "2019-04-30": "", "2019-01-31": "", "2018-10-31": "", "2018-07-31": "", "2018-04-30": "", "2018-01-31": "", "2017-10-31": "", "2017-07-31": "", "2017-04-30": "", "2017-01-31": "", "2016-10-31": "", "2016-07-31": "", "2016-04-30": "", "2016-01-31": "", "2015-10-31": "", "2015-07-31": "", "2015-04-30": "", "2015-01-31": "", "2014-10-31": "", "2014-07-31": "", "2014-04-30": "", "2014-01-31": "", "2013-10-31": "", "2013-07-31": "", "2013-04-30": "", "2013-01-31": "", "2012-10-31": "", "2012-07-31": "", "2012-04-30": "", "2012-01-31": "", "2011-10-31": "1.00000", "2011-07-31": "1.01500", "2011-04-30": "13.99200", "2011-01-31": "", "2010-10-31": "11.67300", "2010-07-31": "10.76500", "2010-04-30": "13.02600", "2010-01-31": "10.88000", "2009-10-31": "9.06800", "2009-07-31": "5.59600", "2009-04-30": "4.05900", "2009-01-31": "2.62900", "2008-10-31": "1.90500", "2008-07-31": "", "2008-04-30": "", "2008-01-31": "3.22500", "2007-10-31": "", "2007-07-31": "", "2007-04-30": "", "2007-01-31": "3.00800", "2006-10-31": "", "2006-07-31": "", "2006-04-30": "", "2006-01-31": "3.19700", "2005-10-31": "", "2005-07-31": "", "2005-04-30": "", "2005-01-31": "3.38800"}, "Goodwill And Intangible Assets": {"2020-10-31": "337.44200", "2020-07-31": "338.44100", "2020-04-30": "339.53300", "2020-01-31": "340.62500", "2019-10-31": "369.71200", "2019-07-31": "377.55500", "2019-04-30": "379.03900", "2019-01-31": "380.64200", "2018-10-31": "382.23900", "2018-07-31": "383.84900", "2018-04-30": "385.45500", "2018-01-31": "387.06300", "2017-10-31": "390.02200", "2017-07-31": "383.04600", "2017-04-30": "384.50600", "2017-01-31": "385.89400", "2016-10-31": "337.74900", "2016-07-31": "330.65600", "2016-04-30": "309.64700", "2016-01-31": "310.03400", "2015-10-31": "310.42100", "2015-07-31": "308.83400", "2015-04-30": "310.77300", "2015-01-31": "310.75600", "2014-10-31": "311.78900", "2014-07-31": "285.49500", "2014-04-30": "298.38900", "2014-01-31": "298.84900", "2013-10-31": "299.38600", "2013-07-31": "298.45200", "2013-04-30": "298.97400", "2013-01-31": "299.49700", "2012-10-31": "299.62700", "2012-07-31": "275.65500", "2012-04-30": "270.89400", "2012-01-31": "251.08400", "2011-10-31": "251.34900", "2011-07-31": "251.69200", "2011-04-30": "252.04000", "2011-01-31": "251.66400", "2010-10-31": "247.90200", "2010-07-31": "248.17900", "2010-04-30": "248.01500", "2010-01-31": "248.15100", "2009-10-31": "248.38200", "2009-07-31": "246.91400", "2009-04-30": "247.10800", "2009-01-31": "247.44000", "2008-10-31": "402.73600", "2008-07-31": "401.99900", "2008-04-30": "402.22300", "2008-01-31": "384.40400", "2007-10-31": "342.56000", "2007-07-31": "320.15600", "2007-04-30": "320.04500", "2007-01-31": "166.00200", "2006-10-31": "156.62800", "2006-07-31": "156.62800", "2006-04-30": "156.62800", "2006-01-31": "156.62800", "2005-10-31": "157.50000", "2005-07-31": "156.25200", "2005-04-30": "157.22700", "2005-01-31": "157.24500"}, "Other Long-Term Assets": {"2020-10-31": "141.35000", "2020-07-31": "138.12100", "2020-04-30": "128.28910", "2020-01-31": "133.93300", "2019-10-31": "128.96500", "2019-07-31": "122.25900", "2019-04-30": "116.82300", "2019-01-31": "105.59500", "2018-10-31": "115.99100", "2018-07-31": "113.94100", "2018-04-30": "114.16300", "2018-01-31": "119.81200", "2017-10-31": "122.51900", "2017-07-31": "112.01800", "2017-04-30": "114.53300", "2017-01-31": "108.22300", "2016-10-31": "102.73300", "2016-07-31": "91.63900", "2016-04-30": "87.11500", "2016-01-31": "82.56200", "2015-10-31": "73.91200", "2015-07-31": "72.45300", "2015-04-30": "73.86300", "2015-01-31": "69.81400", "2014-10-31": "70.39500", "2014-07-31": "71.47700", "2014-04-30": "70.28600", "2014-01-31": "65.56100", "2013-10-31": "80.43300", "2013-07-31": "126.92000", "2013-04-30": "155.44700", "2013-01-31": "147.90400", "2012-10-31": "111.09300", "2012-07-31": "110.14800", "2012-04-30": "134.82000", "2012-01-31": "86.37500", "2011-10-31": "66.08700", "2011-07-31": "57.86300", "2011-04-30": "51.91400", "2011-01-31": "69.49900", "2010-10-31": "58.42300", "2010-07-31": "40.62000", "2010-04-30": "38.66400", "2010-01-31": "35.54800", "2009-10-31": "34.65500", "2009-07-31": "30.09300", "2009-04-30": "28.75900", "2009-01-31": "26.16800", "2008-10-31": "22.72600", "2008-07-31": "50.65100", "2008-04-30": "43.48700", "2008-01-31": "16.42300", "2007-10-31": "30.54400", "2007-07-31": "71.65800", "2007-04-30": "63.26600", "2007-01-31": "21.87800", "2006-10-31": "52.45500", "2006-07-31": "47.90000", "2006-04-30": "39.51700", "2006-01-31": "27.37300", "2005-10-31": "42.86300", "2005-07-31": "38.73600", "2005-04-30": "33.96100", "2005-01-31": "28.15800"}, "Total Long-Term Assets": {"2020-10-31": "4020.19100", "2020-07-31": "4059.31700", "2020-04-30": "4112.14700", "2020-01-31": "4218.54400", "2019-10-31": "4330.08400", "2019-07-31": "4449.19800", "2019-04-30": "4472.29000", "2019-01-31": "2064.75100", "2018-10-31": "2088.42900", "2018-07-31": "2120.21600", "2018-04-30": "2155.84800", "2018-01-31": "2197.85400", "2017-10-31": "2202.83800", "2017-07-31": "2118.02700", "2017-04-30": "2078.10800", "2017-01-31": "2062.61800", "2016-10-31": "1938.10100", "2016-07-31": "1902.89700", "2016-04-30": "1807.68900", "2016-01-31": "1746.64600", "2015-10-31": "1745.56500", "2015-07-31": "1688.86200", "2015-04-30": "1610.55500", "2015-01-31": "1592.90600", "2014-10-31": "1579.66700", "2014-07-31": "1498.32300", "2014-04-30": "1448.53500", "2014-01-31": "1451.41600", "2013-10-31": "1442.97000", "2013-07-31": "1366.79600", "2013-04-30": "1334.95300", "2013-01-31": "1291.91800", "2012-10-31": "1270.29100", "2012-07-31": "1221.63300", "2012-04-30": "1198.64600", "2012-01-31": "1128.05900", "2011-10-31": "1071.79000", "2011-07-31": "1076.05800", "2011-04-30": "1052.81500", "2011-01-31": "1033.20600", "2010-10-31": "1063.37600", "2010-07-31": "1049.60400", "2010-04-30": "1026.07600", "2010-01-31": "1022.97200", "2009-10-31": "1004.82500", "2009-07-31": "958.30800", "2009-04-30": "941.59200", "2009-01-31": "911.98210", "2008-10-31": "1004.97200", "2008-07-31": "1010.53900", "2008-04-30": "1023.88300", "2008-01-31": "965.94100", "2007-10-31": "890.39700", "2007-07-31": "898.60410", "2007-04-30": "887.96700", "2007-01-31": "654.48600", "2006-10-31": "657.28200", "2006-07-31": "608.19400", "2006-04-30": "581.02400", "2006-01-31": "573.77200", "2005-10-31": "568.99990", "2005-07-31": "567.61900", "2005-04-30": "576.09100", "2005-01-31": "553.99300"}, "Total Assets": {"2020-10-31": "7565.49000", "2020-07-31": "7152.56900", "2020-04-30": "7952.55000", "2020-01-31": "6628.56000", "2019-10-31": "7206.99900", "2019-07-31": "6915.21500", "2019-04-30": "6911.99400", "2019-01-31": "4187.14900", "2018-10-31": "4583.75800", "2018-07-31": "4245.15800", "2018-04-30": "4319.41400", "2018-01-31": "4203.93900", "2017-10-31": "4784.91400", "2017-07-31": "4395.31100", "2017-04-30": "4332.72400", "2017-01-31": "4058.29600", "2016-10-31": "4382.20600", "2016-07-31": "3987.66600", "2016-04-30": "3878.36700", "2016-01-31": "3559.33600", "2015-10-31": "4029.34900", "2015-07-31": "3639.09100", "2015-04-30": "3494.10900", "2015-01-31": "3391.70400", "2014-10-31": "3655.53200", "2014-07-31": "3255.48300", "2014-04-30": "3269.43700", "2014-01-31": "3071.48700", "2013-10-31": "3347.89500", "2013-07-31": "3019.47100", "2013-04-30": "2937.87500", "2013-01-31": "2887.80700", "2012-10-31": "3069.58100", "2012-07-31": "2862.94000", "2012-04-30": "3055.14600", "2012-01-31": "2996.45200", "2011-10-31": "2974.63200", "2011-07-31": "2863.38300", "2011-04-30": "2774.21000", "2011-01-31": "2597.53600", "2010-10-31": "2551.85600", "2010-07-31": "2434.60400", "2010-04-30": "2361.25100", "2010-01-31": "2245.33300", "2009-10-31": "2273.61500", "2009-07-31": "2050.42500", "2009-04-30": "2070.93900", "2009-01-31": "1961.84600", "2008-10-31": "2370.18300", "2008-07-31": "2125.99900", "2008-04-30": "2190.56100", "2008-01-31": "2035.63500", "2007-10-31": "2070.60500", "2007-07-31": "1846.15100", "2007-04-30": "1863.03600", "2007-01-31": "1524.26500", "2006-10-31": "1577.78500", "2006-07-31": "1353.13700", "2006-04-30": "1324.42800", "2006-01-31": "1187.78900", "2005-10-31": "1363.53600", "2005-07-31": "1211.83400", "2005-04-30": "1223.15700", "2005-01-31": "1085.04800"}, "Total Current Liabilities": {"2020-10-31": "2537.77200", "2020-07-31": "2283.37700", "2020-04-30": "1886.98000", "2020-01-31": "2076.47400", "2019-10-31": "2081.64500", "2019-07-31": "1925.39100", "2019-04-30": "1855.38800", "2019-01-31": "1504.63900", "2018-10-31": "1554.08100", "2018-07-31": "1388.73100", "2018-04-30": "1312.55500", "2018-01-31": "1425.01400", "2017-10-31": "1607.10900", "2017-07-31": "1509.50000", "2017-04-30": "1514.48300", "2017-01-31": "1397.41500", "2016-10-31": "1554.34000", "2016-07-31": "1315.61100", "2016-04-30": "1283.31000", "2016-01-31": "1191.67500", "2015-10-31": "1421.19300", "2015-07-31": "1282.09300", "2015-04-30": "1229.05000", "2015-01-31": "1118.83300", "2014-10-31": "1258.77900", "2014-07-31": "1132.88200", "2014-04-30": "1144.54500", "2014-01-31": "1002.58700", "2013-10-31": "1169.00400", "2013-07-31": "1025.45100", "2013-04-30": "1052.92100", "2013-01-31": "1000.76800", "2012-10-31": "1066.65700", "2012-07-31": "946.33500", "2012-04-30": "1158.76100", "2012-01-31": "940.14600", "2011-10-31": "1016.53400", "2011-07-31": "955.07000", "2011-04-30": "946.74900", "2011-01-31": "848.54300", "2010-10-31": "941.45400", "2010-07-31": "876.87100", "2010-04-30": "860.63300", "2010-01-31": "795.67500", "2009-10-31": "840.99400", "2009-07-31": "751.93500", "2009-04-30": "744.87300", "2009-01-31": "613.12300", "2008-10-31": "797.93200", "2008-07-31": "737.82900", "2008-04-30": "733.96200", "2008-01-31": "761.94800", "2007-10-31": "754.66400", "2007-07-31": "642.74500", "2007-04-30": "641.75200", "2007-01-31": "564.98300", "2006-10-31": "625.69900", "2006-07-31": "519.38300", "2006-04-30": "532.75500", "2006-01-31": "471.26900", "2005-10-31": "511.30600", "2005-07-31": "431.73400", "2005-04-30": "475.30400", "2005-01-31": "402.66700"}, "Long Term Debt": {"2020-10-31": "411.25600", "2020-07-31": "404.57300", "2020-04-30": "1827.12100", "2020-01-31": "224.10000", "2019-10-31": "719.30000", "2019-07-31": "441.50000", "2019-04-30": "369.50000", "2019-01-31": "", "2018-10-31": "382.30000", "2018-07-31": "108.40000", "2018-04-30": "280.10000", "2018-01-31": "60.08400", "2017-10-31": "516.11300", "2017-07-31": "191.14300", "2017-04-30": "96.97000", "2017-01-31": "4.67900", "2016-10-31": "265.76100", "2016-07-31": "157.01300", "2016-04-30": "162.78000", "2016-01-31": "5.32400", "2015-10-31": "347.87700", "2015-07-31": "5.62700", "2015-04-30": "56.98100", "2015-01-31": "5.91300", "2014-10-31": "286.60800", "2014-07-31": "6.23200", "2014-04-30": "6.35600", "2014-01-31": "6.47600", "2013-10-31": "122.99600", "2013-07-31": "6.36000", "2013-04-30": "7.13700", "2013-01-31": "7.76200", "2012-10-31": "14.15700", "2012-07-31": "14.40700", "2012-04-30": "14.44600", "2012-01-31": "151.59600", "2011-10-31": "139.10800", "2011-07-31": "139.35900", "2011-04-30": "139.60500", "2011-01-31": "139.84600", "2010-10-31": "145.94900", "2010-07-31": "140.80700", "2010-04-30": "141.03400", "2010-01-31": "141.26500", "2009-10-31": "72.05800", "2009-07-31": "27.99300", "2009-04-30": "124.90500", "2009-01-31": "180.93700", "2008-10-31": "365.76800", "2008-07-31": "191.19200", "2008-04-30": "302.60700", "2008-01-31": "181.18500", "2007-10-31": "321.09100", "2007-07-31": "233.12700", "2007-04-30": "339.41900", "2007-01-31": "180.86500", "2006-10-31": "282.73500", "2006-07-31": "222.37400", "2006-04-30": "229.14500", "2006-01-31": "181.02000", "2005-10-31": "383.42600", "2005-07-31": "302.13300", "2005-04-30": "303.60000", "2005-01-31": "257.36900"}, "Other Non-Current Liabilities": {"2020-10-31": "184.50500", "2020-07-31": "161.15000", "2020-04-30": "133.92900", "2020-01-31": "133.85500", "2019-10-31": "178.75600", "2019-07-31": "172.41500", "2019-04-30": "169.43700", "2019-01-31": "766.57300", "2018-10-31": "785.38400", "2018-07-31": "797.69900", "2018-04-30": "811.35900", "2018-01-31": "", "2017-10-31": "", "2017-07-31": "", "2017-04-30": "", "2017-01-31": "", "2016-10-31": "", "2016-07-31": "", "2016-04-30": "", "2016-01-31": "", "2015-10-31": "", "2015-07-31": "", "2015-04-30": "", "2015-01-31": "", "2014-10-31": "", "2014-07-31": "", "2014-04-30": "", "2014-01-31": "", "2013-10-31": "", "2013-07-31": "", "2013-04-30": "", "2013-01-31": "", "2012-10-31": "", "2012-07-31": "10.20700", "2012-04-30": "4.47700", "2012-01-31": "2.13800", "2011-10-31": "", "2011-07-31": "", "2011-04-30": "", "2011-01-31": "", "2010-10-31": "", "2010-07-31": "", "2010-04-30": "", "2010-01-31": "", "2009-10-31": "139.69600", "2009-07-31": "103.47200", "2009-04-30": "76.15600", "2009-01-31": "52.05400", "2008-10-31": "1.62700", "2008-07-31": "16.47600", "2008-04-30": "31.14900", "2008-01-31": "23.74400", "2007-10-31": "13.17900", "2007-07-31": "7.68100", "2007-04-30": "14.93000", "2007-01-31": "13.08700", "2006-10-31": "22.22900", "2006-07-31": "11.25400", "2006-04-30": "5.24700", "2006-01-31": "7.33800", "2005-10-31": "5.52400", "2005-07-31": "20.69500", "2005-04-30": "22.67100", "2005-01-31": "15.23300"}, "Total Long Term Liabilities": {"2020-10-31": "2906.07900", "2020-07-31": "2938.89600", "2020-04-30": "4393.54500", "2020-01-31": "2820.48800", "2019-10-31": "3416.45200", "2019-07-31": "3224.73800", "2019-04-30": "3230.57100", "2019-01-31": "778.34900", "2018-10-31": "1182.63500", "2018-07-31": "925.20100", "2018-04-30": "1108.64900", "2018-01-31": "837.42400", "2017-10-31": "1304.81900", "2017-07-31": "964.55100", "2017-04-30": "857.41700", "2017-01-31": "731.39200", "2016-10-31": "958.00100", "2016-07-31": "842.45500", "2016-04-30": "790.92410", "2016-01-31": "578.47390", "2015-10-31": "884.85000", "2015-07-31": "523.50000", "2015-04-30": "521.93800", "2015-01-31": "440.64600", "2014-10-31": "732.59900", "2014-07-31": "425.72600", "2014-04-30": "389.68000", "2014-01-31": "376.72100", "2013-10-31": "480.86800", "2013-07-31": "329.56500", "2013-04-30": "308.41200", "2013-01-31": "299.71500", "2012-10-31": "297.99200", "2012-07-31": "304.54100", "2012-04-30": "300.21700", "2012-01-31": "423.56100", "2011-10-31": "395.75200", "2011-07-31": "398.16300", "2011-04-30": "395.29100", "2011-01-31": "385.41200", "2010-10-31": "388.18100", "2010-07-31": "369.00600", "2010-04-30": "369.94100", "2010-01-31": "366.43100", "2009-10-31": "425.84700", "2009-07-31": "340.16400", "2009-04-30": "414.52600", "2009-01-31": "455.14600", "2008-10-31": "581.33200", "2008-07-31": "413.30400", "2008-04-30": "538.30900", "2008-01-31": "385.16700", "2007-10-31": "509.91400", "2007-07-31": "428.80200", "2007-04-30": "535.75300", "2007-01-31": "338.73200", "2006-10-31": "445.75700", "2006-07-31": "355.32300", "2006-04-30": "352.29400", "2006-01-31": "301.72700", "2005-10-31": "494.90700", "2005-07-31": "428.42800", "2005-04-30": "432.23400", "2005-01-31": "368.71400"}, "Total Liabilities": {"2020-10-31": "5443.85100", "2020-07-31": "5222.27300", "2020-04-30": "6280.52500", "2020-01-31": "4896.96200", "2019-10-31": "5498.09700", "2019-07-31": "5150.12900", "2019-04-30": "5085.95900", "2019-01-31": "2282.98800", "2018-10-31": "2736.71600", "2018-07-31": "2313.93200", "2018-04-30": "2421.20400", "2018-01-31": "2262.43800", "2017-10-31": "2911.92800", "2017-07-31": "2474.05100", "2017-04-30": "2371.90000", "2017-01-31": "2128.80700", "2016-10-31": "2512.34100", "2016-07-31": "2158.06600", "2016-04-30": "2074.23400", "2016-01-31": "1770.14900", "2015-10-31": "2306.04300", "2015-07-31": "1805.59300", "2015-04-30": "1750.98800", "2015-01-31": "1559.47900", "2014-10-31": "1991.37800", "2014-07-31": "1558.60800", "2014-04-30": "1534.22500", "2014-01-31": "1379.30800", "2013-10-31": "1649.87200", "2013-07-31": "1355.01600", "2013-04-30": "1361.33300", "2013-01-31": "1300.48300", "2012-10-31": "1364.64900", "2012-07-31": "1250.87600", "2012-04-30": "1458.97800", "2012-01-31": "1363.70700", "2011-10-31": "1412.28600", "2011-07-31": "1353.23300", "2011-04-30": "1342.04000", "2011-01-31": "1233.95500", "2010-10-31": "1329.63500", "2010-07-31": "1245.87700", "2010-04-30": "1230.57400", "2010-01-31": "1162.10600", "2009-10-31": "1266.84100", "2009-07-31": "1092.09900", "2009-04-30": "1159.39900", "2009-01-31": "1068.26900", "2008-10-31": "1379.26400", "2008-07-31": "1151.13300", "2008-04-30": "1272.27100", "2008-01-31": "1147.11500", "2007-10-31": "1264.57800", "2007-07-31": "1071.54700", "2007-04-30": "1177.50500", "2007-01-31": "903.71500", "2006-10-31": "1071.45600", "2006-07-31": "874.70600", "2006-04-30": "885.04900", "2006-01-31": "772.99600", "2005-10-31": "1006.21300", "2005-07-31": "860.16200", "2005-04-30": "907.53800", "2005-01-31": "771.38100"}, "Common Stock Net": {"2020-10-31": "0.84700", "2020-07-31": "0.84200", "2020-04-30": "0.84100", "2020-01-31": "0.83600", "2019-10-31": "0.84000", "2019-07-31": "0.86800", "2019-04-30": "0.91300", "2019-01-31": "0.93800", "2018-10-31": "0.94800", "2018-07-31": "0.97700", "2018-04-30": "1.00000", "2018-01-31": "1.03000", "2017-10-31": "1.04400", "2017-07-31": "1.07200", "2017-04-30": "1.10500", "2017-01-31": "1.10300", "2016-10-31": "1.10700", "2016-07-31": "1.10600", "2016-04-30": "1.11900", "2016-01-31": "1.11800", "2015-10-31": "1.13200", "2015-07-31": "1.16300", "2015-04-30": "1.16100", "2015-01-31": "1.18100", "2014-10-31": "1.17400", "2014-07-31": "1.19000", "2014-04-30": "1.21100", "2014-01-31": "1.21000", "2013-10-31": "1.23100", "2013-07-31": "1.23000", "2013-04-30": "1.22600", "2013-01-31": "1.23000", "2012-10-31": "1.22700", "2012-07-31": "1.20900", "2012-04-30": "1.20000", "2012-01-31": "1.21400", "2011-10-31": "1.20700", "2011-07-31": "1.20400", "2011-04-30": "1.20100", "2011-01-31": "1.18800", "2010-10-31": "1.16500", "2010-07-31": "1.15800", "2010-04-30": "1.15700", "2010-01-31": "1.14800", "2009-10-31": "1.14500", "2009-07-31": "1.12600", "2009-04-30": "1.12500", "2009-01-31": "1.12400", "2008-10-31": "1.11900", "2008-07-31": "1.11600", "2008-04-30": "1.11300", "2008-01-31": "1.11100", "2007-10-31": "0.55600", "2007-07-31": "0.55200", "2007-04-30": "0.54000", "2007-01-31": "1.06200", "2006-10-31": "0.51500", "2006-07-31": "0.50900", "2006-04-30": "0.50500", "2006-01-31": "0.50200", "2005-10-31": "0.50200", "2005-07-31": "0.50100", "2005-04-30": "0.49300", "2005-01-31": "0.48800"}, "Retained Earnings (Accumulated Deficit)": {"2020-10-31": "2873.26300", "2020-07-31": "2724.42400", "2020-04-30": "2475.06500", "2020-01-31": "2645.28100", "2019-10-31": "2599.49500", "2019-07-31": "2565.70000", "2019-04-30": "2478.12900", "2019-01-31": "2455.19200", "2018-10-31": "2374.33600", "2018-07-31": "2359.02400", "2018-04-30": "2262.55200", "2018-01-31": "2205.65100", "2017-10-31": "2106.08600", "2017-07-31": "2087.31800", "2017-04-30": "1993.42600", "2017-01-31": "1956.06600", "2016-10-31": "1882.93400", "2016-07-31": "1851.06400", "2016-04-30": "1776.78200", "2016-01-31": "1737.21400", "2015-10-31": "1623.96200", "2015-07-31": "1592.80300", "2015-04-30": "1518.23700", "2015-01-31": "1471.18200", "2014-10-31": "1330.54200", "2014-07-31": "1296.43400", "2014-04-30": "1242.14000", "2014-01-31": "1187.51400", "2013-10-31": "1064.51100", "2013-07-31": "1030.10800", "2013-04-30": "961.51700", "2013-01-31": "911.70400", "2012-10-31": "1047.66800", "2012-07-31": "1013.08700", "2012-04-30": "974.58700", "2012-01-31": "932.87100", "2011-10-31": "883.29800", "2011-07-31": "841.81400", "2011-04-30": "767.96600", "2011-01-31": "730.46800", "2010-10-31": "642.97900", "2010-07-31": "626.11600", "2010-04-30": "574.60000", "2010-01-31": "548.39100", "2009-10-31": "481.03200", "2009-07-31": "462.17800", "2009-04-30": "423.25300", "2009-01-31": "413.03200", "2008-10-31": "538.25600", "2008-07-31": "530.86400", "2008-04-30": "489.74900", "2008-01-31": "468.97400", "2007-10-31": "395.80300", "2007-07-31": "383.57000", "2007-04-30": "335.63900", "2007-01-31": "315.45300", "2006-10-31": "247.73500", "2006-07-31": "239.94000", "2006-04-30": "214.26000", "2006-01-31": "202.84200", "2005-10-31": "148.81200", "2005-07-31": "144.62900", "2005-04-30": "122.53100", "2005-01-31": "129.86200"}, "Comprehensive Income": {"2020-10-31": "-0.11400", "2020-07-31": "-0.13000", "2020-04-30": "-0.18300", "2020-01-31": "-0.12000", "2019-10-31": "-0.11600", "2019-07-31": "-0.12200", "2019-04-30": "-0.13900", "2019-01-31": "-0.12000", "2018-10-31": "-0.11800", "2018-07-31": "-0.12000", "2018-04-30": "-0.10000", "2018-01-31": "-0.07800", "2017-10-31": "-0.08500", "2017-07-31": "-0.07800", "2017-04-30": "-0.15900", "2017-01-31": "-0.13200", "2016-10-31": "-0.14700", "2016-07-31": "-0.12500", "2016-04-30": "-0.08700", "2016-01-31": "-0.17900", "2015-10-31": "-0.12500", "2015-07-31": "-0.10900", "2015-04-30": "-0.04200", "2015-01-31": "-0.07300", "2014-10-31": "0.01500", "2014-07-31": "0.04000", "2014-04-30": "0.03100", "2014-01-31": "0.02400", "2013-10-31": "0.07800", "2013-07-31": "0.08100", "2013-04-30": "0.10600", "2013-01-31": "0.11200", "2012-10-31": "0.11400", "2012-07-31": "0.10600", "2012-04-30": "3.73900", "2012-01-31": "0.11800", "2011-10-31": "0.12500", "2011-07-31": "0.15100", "2011-04-30": "8.77700", "2011-01-31": "6.74100", "2010-10-31": "7.30300", "2010-07-31": "6.71200", "2010-04-30": "8.19800", "2010-01-31": "6.97300", "2009-10-31": "5.79800", "2009-07-31": "3.51700", "2009-04-30": "2.51300", "2009-01-31": "1.50200", "2008-10-31": "1.03400", "2008-07-31": "1.72300", "2008-04-30": "1.47100", "2008-01-31": "2.01200", "2007-10-31": "3.38000", "2007-07-31": "2.50500", "2007-04-30": "2.54600", "2007-01-31": "1.80000", "2006-10-31": "1.98800", "2006-07-31": "1.36200", "2006-04-30": "1.93800", "2006-01-31": "1.92300", "2005-10-31": "1.72900", "2005-07-31": "2.08400", "2005-04-30": "2.09500", "2005-01-31": "1.99600"}, "Other Share Holders Equity": {"2020-10-31": "", "2020-07-31": "", "2020-04-30": "", "2020-01-31": "", "2019-10-31": "", "2019-07-31": "", "2019-04-30": "", "2019-01-31": "", "2018-10-31": "", "2018-07-31": "", "2018-04-30": "", "2018-01-31": "", "2017-10-31": "", "2017-07-31": "", "2017-04-30": "", "2017-01-31": "", "2016-10-31": "", "2016-07-31": "", "2016-04-30": "", "2016-01-31": "", "2015-10-31": "", "2015-07-31": "", "2015-04-30": "", "2015-01-31": "", "2014-10-31": "", "2014-07-31": "", "2014-04-30": "", "2014-01-31": "", "2013-10-31": "", "2013-07-31": "", "2013-04-30": "", "2013-01-31": "", "2012-10-31": "", "2012-07-31": "", "2012-04-30": "", "2012-01-31": "", "2011-10-31": "", "2011-07-31": "", "2011-04-30": "", "2011-01-31": "", "2010-10-31": "", "2010-07-31": "", "2010-04-30": "", "2010-01-31": "", "2009-10-31": "", "2009-07-31": "", "2009-04-30": "", "2009-01-31": "", "2008-10-31": "", "2008-07-31": "", "2008-04-30": "", "2008-01-31": "", "2007-10-31": "", "2007-07-31": "", "2007-04-30": "", "2007-01-31": "", "2006-10-31": "", "2006-07-31": "", "2006-04-30": "", "2006-01-31": "", "2005-10-31": "", "2005-07-31": "", "2005-04-30": "", "2005-01-31": ""}, "Share Holder Equity": {"2020-10-31": "2121.63900", "2020-07-31": "1930.29600", "2020-04-30": "1672.02500", "2020-01-31": "1731.59800", "2019-10-31": "1708.90200", "2019-07-31": "1765.08600", "2019-04-30": "1826.03500", "2019-01-31": "1904.16100", "2018-10-31": "1847.04200", "2018-07-31": "1931.22600", "2018-04-30": "1898.21000", "2018-01-31": "1941.50100", "2017-10-31": "1872.98600", "2017-07-31": "1921.26000", "2017-04-30": "1960.82400", "2017-01-31": "1929.48900", "2016-10-31": "1869.86500", "2016-07-31": "1829.60000", "2016-04-30": "1804.13300", "2016-01-31": "1789.18700", "2015-10-31": "1723.30600", "2015-07-31": "1833.49800", "2015-04-30": "1743.12100", "2015-01-31": "1832.22500", "2014-10-31": "1664.15400", "2014-07-31": "1696.87500", "2014-04-30": "1735.21200", "2014-01-31": "1692.17900", "2013-10-31": "1698.02300", "2013-07-31": "1664.45500", "2013-04-30": "1576.54200", "2013-01-31": "1587.32400", "2012-10-31": "1704.93200", "2012-07-31": "1612.06400", "2012-04-30": "1596.16800", "2012-01-31": "1632.74500", "2011-10-31": "1562.34600", "2011-07-31": "1510.15000", "2011-04-30": "1432.17000", "2011-01-31": "1363.58100", "2010-10-31": "1222.22100", "2010-07-31": "1188.72700", "2010-04-30": "1130.67700", "2010-01-31": "1083.22700", "2009-10-31": "1006.77400", "2009-07-31": "958.32600", "2009-04-30": "911.54000", "2009-01-31": "893.57700", "2008-10-31": "990.91900", "2008-07-31": "974.86600", "2008-04-30": "918.29000", "2008-01-31": "888.52000", "2007-10-31": "806.02700", "2007-07-31": "774.60400", "2007-04-30": "685.53100", "2007-01-31": "620.55000", "2006-10-31": "506.32900", "2006-07-31": "478.43100", "2006-04-30": "439.37900", "2006-01-31": "414.79300", "2005-10-31": "357.32300", "2005-07-31": "351.67200", "2005-04-30": "315.61900", "2005-01-31": "313.66700"}, "Total Liabilities And Share Holders Equity": {"2020-10-31": "7565.49000", "2020-07-31": "7152.56900", "2020-04-30": "7952.55000", "2020-01-31": "6628.56000", "2019-10-31": "7206.99900", "2019-07-31": "6915.21500", "2019-04-30": "6911.99400", "2019-01-31": "4187.14900", "2018-10-31": "4583.75800", "2018-07-31": "4245.15800", "2018-04-30": "4319.41400", "2018-01-31": "4203.93900", "2017-10-31": "4784.91400", "2017-07-31": "4395.31100", "2017-04-30": "4332.72400", "2017-01-31": "4058.29600", "2016-10-31": "4382.20600", "2016-07-31": "3987.66600", "2016-04-30": "3878.36700", "2016-01-31": "3559.33600", "2015-10-31": "4029.34900", "2015-07-31": "3639.09100", "2015-04-30": "3494.10900", "2015-01-31": "3391.70400", "2014-10-31": "3655.53200", "2014-07-31": "3255.48300", "2014-04-30": "3269.43700", "2014-01-31": "3071.48700", "2013-10-31": "3347.89500", "2013-07-31": "3019.47100", "2013-04-30": "2937.87500", "2013-01-31": "2887.80700", "2012-10-31": "3069.58100", "2012-07-31": "2862.94000", "2012-04-30": "3055.14600", "2012-01-31": "2996.45200", "2011-10-31": "2974.63200", "2011-07-31": "2863.38300", "2011-04-30": "2774.21000", "2011-01-31": "2597.53600", "2010-10-31": "2551.85600", "2010-07-31": "2434.60400", "2010-04-30": "2361.25100", "2010-01-31": "2245.33300", "2009-10-31": "2273.61500", "2009-07-31": "2050.42500", "2009-04-30": "2070.93900", "2009-01-31": "1961.84600", "2008-10-31": "2370.18300", "2008-07-31": "2125.99900", "2008-04-30": "2190.56100", "2008-01-31": "2035.63500", "2007-10-31": "2070.60500", "2007-07-31": "1846.15100", "2007-04-30": "1863.03600", "2007-01-31": "1524.26500", "2006-10-31": "1577.78500", "2006-07-31": "1353.13700", "2006-04-30": "1324.42800", "2006-01-31": "1187.78900", "2005-10-31": "1363.53600", "2005-07-31": "1211.83400", "2005-04-30": "1223.15700", "2005-01-31": "1085.04800"}}, "cash flow statement": {"Net Income/Loss": {"2020-01-31": "297.46200", "2019-01-31": "319.86400", "2018-01-31": "323.44500", "2017-01-31": "287.39600", "2016-01-31": "330.39100", "2015-01-31": "344.19800", "2014-01-31": "337.59800", "2013-01-31": "290.70900", "2012-01-31": "263.90600", "2011-01-31": "182.07700", "2010-01-31": "135.35900", "2009-01-31": "-39.86500", "2008-01-31": "150.56600", "2007-01-31": "112.61100", "2006-01-31": "72.98000", "2005-01-31": "68.90500"}, "Total Depreciation And Amortization - Cash Flow": {"2020-01-31": "270.44800", "2019-01-31": "244.76400", "2018-01-31": "242.97800", "2017-01-31": "233.83400", "2016-01-31": "193.59400", "2015-01-31": "179.43100", "2014-01-31": "154.92800", "2013-01-31": "125.09600", "2012-01-31": "116.58100", "2011-01-31": "110.39400", "2010-01-31": "101.26900", "2009-01-31": "262.54400", "2008-01-31": "82.10600", "2007-01-31": "54.92900", "2006-01-31": "49.86100", "2005-01-31": "37.62100"}, "Other Non-Cash Items": {"2020-01-31": "36.85000", "2019-01-31": "36.68300", "2018-01-31": "78.69200", "2017-01-31": "-10.71300", "2016-01-31": "39.15700", "2015-01-31": "-5.78900", "2014-01-31": "25.35700", "2013-01-31": "2.65800", "2012-01-31": "16.44900", "2011-01-31": "23.47500", "2010-01-31": "17.28800", "2009-01-31": "6.03200", "2008-01-31": "-32.16300", "2007-01-31": "-8.48100", "2006-01-31": "16.84500", "2005-01-31": "25.18200"}, "Total Non-Cash Items": {"2020-01-31": "307.29800", "2019-01-31": "281.44700", "2018-01-31": "321.67000", "2017-01-31": "223.12100", "2016-01-31": "232.75100", "2015-01-31": "173.64200", "2014-01-31": "180.28500", "2013-01-31": "127.75400", "2012-01-31": "133.03000", "2011-01-31": "133.86900", "2010-01-31": "118.55700", "2009-01-31": "268.57600", "2008-01-31": "49.94300", "2007-01-31": "46.44800", "2006-01-31": "66.70600", "2005-01-31": "62.80300"}, "Change In Accounts Receivable": {"2020-01-31": "0.40000", "2019-01-31": "16.21500", "2018-01-31": "-0.20800", "2017-01-31": "-4.12500", "2016-01-31": "-6.41200", "2015-01-31": "1.79700", "2014-01-31": "-9.69000", "2013-01-31": "-4.32800", "2012-01-31": "-3.35000", "2011-01-31": "9.26500", "2010-01-31": "6.82300", "2009-01-31": "3.09000", "2008-01-31": "-10.98200", "2007-01-31": "-2.14200", "2006-01-31": "13.33100", "2005-01-31": "-3.47000"}, "Change In Inventories": {"2020-01-31": "-377.57900", "2019-01-31": "-94.13100", "2018-01-31": "-71.75100", "2017-01-31": "-84.73300", "2016-01-31": "-136.42000", "2015-01-31": "-158.70200", "2014-01-31": "-135.87900", "2013-01-31": "-81.18900", "2012-01-31": "-118.10200", "2011-01-31": "-1.11900", "2010-01-31": "-41.00500", "2009-01-31": "29.58100", "2008-01-31": "-127.02700", "2007-01-31": "-105.76600", "2006-01-31": "-77.87200", "2005-01-31": "-44.81300"}, "Change In Accounts Payable": {"2020-01-31": "94.20200", "2019-01-31": "125.63200", "2018-01-31": "124.62800", "2017-01-31": "59.87000", "2016-01-31": "34.23200", "2015-01-31": "81.33000", "2014-01-31": "11.68400", "2013-01-31": "-13.58800", "2012-01-31": "73.95000", "2011-01-31": "-2.25100", "2010-01-31": "132.85800", "2009-01-31": "-56.70900", "2008-01-31": "12.33700", "2007-01-31": "24.44400", "2006-01-31": "35.11900", "2005-01-31": "-4.26000"}, "Change In Assets/Liabilities": {"2020-01-31": "54.31700", "2019-01-31": "34.39200", "2018-01-31": "74.27600", "2017-01-31": "196.96200", "2016-01-31": "183.45000", "2015-01-31": "115.07900", "2014-01-31": "40.34600", "2013-01-31": "32.15000", "2012-01-31": "27.47400", "2011-01-31": "32.36500", "2010-01-31": "-4.70600", "2009-01-31": "26.27300", "2008-01-31": "47.54400", "2007-01-31": "16.78500", "2006-01-31": "39.26600", "2005-01-31": "33.38300"}, "Total Change In Assets/Liabilities": {"2020-01-31": "-200.14800", "2019-01-31": "111.44400", "2018-01-31": "101.19500", "2017-01-31": "258.47700", "2016-01-31": "87.19800", "2015-01-31": "88.13800", "2014-01-31": "-114.01300", "2013-01-31": "19.82100", "2012-01-31": "13.48500", "2011-01-31": "74.02100", "2010-01-31": "147.41300", "2009-01-31": "-68.90000", "2008-01-31": "62.32500", "2007-01-31": "-19.45000", "2006-01-31": "28.79500", "2005-01-31": "-23.86700"}, "Cash Flow From Operating Activities": {"2020-01-31": "404.61200", "2019-01-31": "712.75500", "2018-01-31": "746.31000", "2017-01-31": "768.99400", "2016-01-31": "650.34000", "2015-01-31": "605.97800", "2014-01-31": "403.87000", "2013-01-31": "438.28400", "2012-01-31": "410.42100", "2011-01-31": "389.96700", "2010-01-31": "401.32900", "2009-01-31": "159.81100", "2008-01-31": "262.83400", "2007-01-31": "139.60900", "2006-01-31": "168.48100", "2005-01-31": "107.84100"}, "Net Change In Property, Plant, And Equipment": {"2020-01-31": "-217.46100", "2019-01-31": "-198.21900", "2018-01-31": "-474.34700", "2017-01-31": "-421.92000", "2016-01-31": "-370.02800", "2015-01-31": "-349.00700", "2014-01-31": "-285.66800", "2013-01-31": "-219.02600", "2012-01-31": "-201.80700", "2011-01-31": "-159.06700", "2010-01-31": "-140.26900", "2009-01-31": "-189.06700", "2008-01-31": "-172.36600", "2007-01-31": "-162.99500", "2006-01-31": "-149.65900", "2005-01-31": "-104.94400"}, "Net Change In Intangible Assets": {"2020-01-31": "", "2019-01-31": "", "2018-01-31": "", "2017-01-31": "", "2016-01-31": "", "2015-01-31": "", "2014-01-31": "", "2013-01-31": "", "2012-01-31": "", "2011-01-31": "", "2010-01-31": "", "2009-01-31": "", "2008-01-31": "", "2007-01-31": "", "2006-01-31": "", "2005-01-31": ""}, "Net Acquisitions/Divestitures": {"2020-01-31": "40.38700", "2019-01-31": "", "2018-01-31": "-8.95700", "2017-01-31": "-118.76900", "2016-01-31": "", "2015-01-31": "", "2014-01-31": "", "2013-01-31": "", "2012-01-31": "", "2011-01-31": "", "2010-01-31": "", "2009-01-31": "", "2008-01-31": "-291.37000", "2007-01-31": "", "2006-01-31": "", "2005-01-31": "-351.55400"}, "Net Change In Short-term Investments": {"2020-01-31": "", "2019-01-31": "", "2018-01-31": "", "2017-01-31": "", "2016-01-31": "", "2015-01-31": "", "2014-01-31": "", "2013-01-31": "", "2012-01-31": "", "2011-01-31": "", "2010-01-31": "", "2009-01-31": "", "2008-01-31": "", "2007-01-31": "", "2006-01-31": "", "2005-01-31": "0.00000"}, "Net Change In Long-Term Investments": {"2020-01-31": "", "2019-01-31": "", "2018-01-31": "", "2017-01-31": "", "2016-01-31": "", "2015-01-31": "", "2014-01-31": "", "2013-01-31": "-31.98600", "2012-01-31": "14.14000", "2011-01-31": "", "2010-01-31": "", "2009-01-31": "", "2008-01-31": "", "2007-01-31": "", "2006-01-31": "1.92200", "2005-01-31": "12.00100"}, "Net Change In Investments - Total": {"2020-01-31": "", "2019-01-31": "", "2018-01-31": "", "2017-01-31": "", "2016-01-31": "", "2015-01-31": "", "2014-01-31": "", "2013-01-31": "-31.98600", "2012-01-31": "14.14000", "2011-01-31": "", "2010-01-31": "", "2009-01-31": "", "2008-01-31": "", "2007-01-31": "", "2006-01-31": "1.92200", "2005-01-31": "12.00100"}, "Investing Activities - Other": {"2020-01-31": "47.80300", "2019-01-31": "", "2018-01-31": "-2.34400", "2017-01-31": "-9.63500", "2016-01-31": "-2.40600", "2015-01-31": "43.98700", "2014-01-31": "-53.50700", "2013-01-31": "-73.34200", "2012-01-31": "-11.94900", "2011-01-31": "-2.06800", "2010-01-31": "31.64000", "2009-01-31": "44.87300", "2008-01-31": "28.44000", "2007-01-31": "32.50900", "2006-01-31": "37.86700", "2005-01-31": "29.72500"}, "Cash Flow From Investing Activities": {"2020-01-31": "-129.27100", "2019-01-31": "-198.21900", "2018-01-31": "-485.64800", "2017-01-31": "-550.32400", "2016-01-31": "-372.43400", "2015-01-31": "-305.02000", "2014-01-31": "-339.17500", "2013-01-31": "-324.35400", "2012-01-31": "-199.61600", "2011-01-31": "-161.13500", "2010-01-31": "-108.62900", "2009-01-31": "-144.19400", "2008-01-31": "-435.29600", "2007-01-31": "-130.48600", "2006-01-31": "-109.87000", "2005-01-31": "-414.77200"}, "Net Long-Term Debt": {"2020-01-31": "-56.85100", "2019-01-31": "-5.24200", "2018-01-31": "59.96100", "2017-01-31": "-0.58800", "2016-01-31": "-0.53700", "2015-01-31": "-0.92500", "2014-01-31": "-8.98400", "2013-01-31": "-145.32200", "2012-01-31": "-0.99500", "2011-01-31": "-0.93400", "2010-01-31": "-2.56600", "2009-01-31": "-6.79300", "2008-01-31": "-1.05800", "2007-01-31": "-0.18400", "2006-01-31": "-0.56000", "2005-01-31": "-33.65700"}, "Net Current Debt": {"2020-01-31": "224.10010", "2019-01-31": "", "2018-01-31": "", "2017-01-31": "", "2016-01-31": "", "2015-01-31": "", "2014-01-31": "", "2013-01-31": "", "2012-01-31": "", "2011-01-31": "", "2010-01-31": "-172.50000", "2009-01-31": "", "2008-01-31": "", "2007-01-31": "", "2006-01-31": "-76.09400", "2005-01-31": "248.59400"}, "Debt Issuance/Retirement Net - Total": {"2020-01-31": "167.24910", "2019-01-31": "-5.24200", "2018-01-31": "59.96100", "2017-01-31": "-0.58800", "2016-01-31": "-0.53700", "2015-01-31": "-0.92500", "2014-01-31": "-8.98400", "2013-01-31": "-145.32200", "2012-01-31": "-0.99500", "2011-01-31": "-0.93400", "2010-01-31": "-175.06600", "2009-01-31": "-6.79300", "2008-01-31": "-1.05800", "2007-01-31": "-0.18400", "2006-01-31": "-76.65400", "2005-01-31": "214.93700"}, "Net Common Equity Issued/Repurchased": {"2020-01-31": "5.56500", "2019-01-31": "", "2018-01-31": "16.55800", "2017-01-31": "31.08900", "2016-01-31": "20.61700", "2015-01-31": "26.12100", "2014-01-31": "43.48200", "2013-01-31": "78.28500", "2012-01-31": "33.09800", "2011-01-31": "52.95200", "2010-01-31": "10.57400", "2009-01-31": "12.10800", "2008-01-31": "34.76600", "2007-01-31": "26.77600", "2006-01-31": "11.08900", "2005-01-31": "20.67000"}, "Net Total Equity Issued/Repurchased": {"2020-01-31": "5.56500", "2019-01-31": "", "2018-01-31": "16.55800", "2017-01-31": "31.08900", "2016-01-31": "20.61700", "2015-01-31": "26.12100", "2014-01-31": "43.48200", "2013-01-31": "78.28500", "2012-01-31": "33.09800", "2011-01-31": "52.95200", "2010-01-31": "10.57400", "2009-01-31": "12.10800", "2008-01-31": "34.76600", "2007-01-31": "26.77600", "2006-01-31": "11.08900", "2005-01-31": "20.67000"}, "Total Common And Preferred Stock Dividends Paid": {"2020-01-31": "-98.31200", "2019-01-31": "-89.27300", "2018-01-31": "-73.09900", "2017-01-31": "-67.97200", "2016-01-31": "-64.71500", "2015-01-31": "-61.26200", "2014-01-31": "-64.43200", "2013-01-31": "-306.97200", "2012-01-31": "-60.46000", "2011-01-31": "", "2010-01-31": "", "2009-01-31": "", "2008-01-31": "", "2007-01-31": "", "2006-01-31": "", "2005-01-31": ""}, "Financial Activities - Other": {"2020-01-31": "-394.16200", "2019-01-31": "-407.57900", "2018-01-31": "-327.66000", "2017-01-31": "-135.40500", "2016-01-31": "-335.90800", "2015-01-31": "-224.84700", "2014-01-31": "-198.15600", "2013-01-31": "-129.10300", "2012-01-31": "5.90600", "2011-01-31": "39.57300", "2010-01-31": "22.45800", "2009-01-31": "3.73300", "2008-01-31": "52.98500", "2007-01-31": "63.66300", "2006-01-31": "24.63200", "2005-01-31": "-3.46400"}, "Cash Flow From Financial Activities": {"2020-01-31": "-319.66000", "2019-01-31": "-502.09400", "2018-01-31": "-324.24000", "2017-01-31": "-172.87600", "2016-01-31": "-380.54300", "2015-01-31": "-260.91300", "2014-01-31": "-228.09000", "2013-01-31": "-503.11200", "2012-01-31": "-22.45100", "2011-01-31": "91.59100", "2010-01-31": "-142.03400", "2009-01-31": "9.04800", "2008-01-31": "86.69300", "2007-01-31": "90.25500", "2006-01-31": "-40.93300", "2005-01-31": "232.14300"}, "Net Cash Flow": {"2020-01-31": "-44.31900", "2019-01-31": "12.40000", "2018-01-31": "-63.52400", "2017-01-31": "45.84100", "2016-01-31": "-102.74300", "2015-01-31": "39.94800", "2014-01-31": "-163.48300", "2013-01-31": "-389.18800", "2012-01-31": "188.35000", "2011-01-31": "320.44100", "2010-01-31": "150.77400", "2009-01-31": "24.53000", "2008-01-31": "-85.63500", "2007-01-31": "99.37800", "2006-01-31": "17.67800", "2005-01-31": "-74.78800"}, "Stock-Based Compensation": {"2020-01-31": "43.49300", "2019-01-31": "41.94100", "2018-01-31": "36.23900", "2017-01-31": "33.60200", "2016-01-31": "29.28800", "2015-01-31": "26.27500", "2014-01-31": "27.11900", "2013-01-31": "32.18100", "2012-01-31": "23.91900", "2011-01-31": "24.82800", "2010-01-31": "21.31400", "2009-01-31": "25.60000", "2008-01-31": "29.03900", "2007-01-31": "24.30300", "2006-01-31": "", "2005-01-31": ""}, "Common Stock Dividends Paid": {"2020-01-31": "-98.31200", "2019-01-31": "-89.27300", "2018-01-31": "-73.09900", "2017-01-31": "-67.97200", "2016-01-31": "-64.71500", "2015-01-31": "-61.26200", "2014-01-31": "-64.43200", "2013-01-31": "-306.97200", "2012-01-31": "-60.46000", "2011-01-31": "", "2010-01-31": "0.00000", "2009-01-31": "", "2008-01-31": "", "2007-01-31": "", "2006-01-31": "", "2005-01-31": ""}}, "cash flow statement, quarterly": {"Net Income/Loss": {"2020-10-31": 177.216, "2020-07-31": 276.843, "2020-04-30": "-143.42200", "2020-01-31": 69.819, "2019-10-31": 57.584, "2019-07-31": 112.534, "2019-04-30": "57.52500", "2019-01-31": 102.555, "2018-10-31": 37.827, "2018-07-31": 119.397, "2018-04-30": "60.08500", "2018-01-31": 115.951, "2017-10-31": 36.914, "2017-07-31": 112.385, "2017-04-30": "58.19500", "2017-01-31": 90.188, "2016-10-31": 48.914, "2016-07-31": 91.417, "2016-04-30": "56.87700", "2016-01-31": 128.992, "2015-10-31": 47.215, "2015-07-31": 90.839, "2015-04-30": "63.34500", "2015-01-31": 155.536, "2014-10-31": 49.212, "2014-07-31": 69.466, "2014-04-30": "69.98400", "2014-01-31": 138.637, "2013-10-31": 49.977, "2013-07-31": 84.163, "2013-04-30": "64.82100", "2013-01-31": 129.75, "2012-10-31": 50.139, "2012-07-31": 53.663, "2012-04-30": "57.15700", "2012-01-31": 111.076, "2011-10-31": 41.484, "2011-07-31": 73.848, "2011-04-30": "37.49800", "2011-01-31": 87.489, "2010-10-31": 16.863, "2010-07-31": 51.516, "2010-04-30": "26.20900", "2010-01-31": 67.359, "2009-10-31": 18.854, "2009-07-31": 38.925, "2009-04-30": "10.22100", "2009-01-31": -105.591, "2008-10-31": 6.183, "2008-07-31": 39.938, "2008-04-30": "19.60500", "2008-01-31": 68.701, "2007-10-31": 12.233, "2007-07-31": 47.931, "2007-04-30": "21.70100", "2007-01-31": 67.718, "2006-10-31": 7.795, "2006-07-31": 25.68, "2006-04-30": "11.41800", "2006-01-31": 54.03, "2005-10-31": 4.183, "2005-07-31": 22.098, "2005-04-30": "-7.33100", "2005-01-31": 68.905}, "Total Depreciation And Amortization - Cash Flow": {"2020-10-31": 83.594, "2020-07-31": 83.242, "2020-04-30": "87.17500", "2020-01-31": 26.285, "2019-10-31": 86.753, "2019-07-31": 74.806, "2019-04-30": "82.60400", "2019-01-31": 65.327, "2018-10-31": 58.912, "2018-07-31": 63.859, "2018-04-30": "56.66600", "2018-01-31": 76.457, "2017-10-31": 57.436, "2017-07-31": 56.041, "2017-04-30": "53.04400", "2017-01-31": 84.703, "2016-10-31": 52.6, "2016-07-31": 48.541, "2016-04-30": "47.99000", "2016-01-31": 56.911, "2015-10-31": 46.087, "2015-07-31": 48.02, "2015-04-30": "42.57600", "2015-01-31": 48.431, "2014-10-31": 41.229, "2014-07-31": 52.912, "2014-04-30": "36.85900", "2014-01-31": 41.491, "2013-10-31": 37.123, "2013-07-31": 43.506, "2013-04-30": "32.80800", "2013-01-31": 36.469, "2012-10-31": 30.527, "2012-07-31": 30.444, "2012-04-30": "27.65600", "2012-01-31": 32.965, "2011-10-31": 28.3, "2011-07-31": 27.88, "2011-04-30": "27.43600", "2011-01-31": 30.083, "2010-10-31": 28.158, "2010-07-31": 26.287, "2010-04-30": "25.86600", "2010-01-31": 24.989, "2009-10-31": 24.765, "2009-07-31": 26.098, "2009-04-30": "25.41700", "2009-01-31": 191.088, "2008-10-31": 25.531, "2008-07-31": 23.674, "2008-04-30": "22.25100", "2008-01-31": 26.539, "2007-10-31": 17.531, "2007-07-31": 21.634, "2007-04-30": "16.40200", "2007-01-31": 15.551, "2006-10-31": 13.132, "2006-07-31": 13.737, "2006-04-30": "12.50900", "2006-01-31": 13.319, "2005-10-31": 12.218, "2005-07-31": 11.545, "2005-04-30": "12.77900", "2005-01-31": 37.621}, "Other Non-Cash Items": {"2020-10-31": -17.591, "2020-07-31": -44.588, "2020-04-30": "74.11900", "2020-01-31": 85.336, "2019-10-31": -38.26, "2019-07-31": -4.833, "2019-04-30": "-5.39300", "2019-01-31": 5.626, "2018-10-31": 4.534, "2018-07-31": 13.3, "2018-04-30": "13.22300", "2018-01-31": -5.81, "2017-10-31": 29.85, "2017-07-31": 5.4, "2017-04-30": "49.25200", "2017-01-31": -38.618, "2016-10-31": 1.559, "2016-07-31": 7.273, "2016-04-30": "19.07300", "2016-01-31": 34.448, "2015-10-31": -2.595, "2015-07-31": -0.212, "2015-04-30": "7.51600", "2015-01-31": 13.397, "2014-10-31": 10.027, "2014-07-31": -7.743, "2014-04-30": "-21.47000", "2014-01-31": 20.435, "2013-10-31": 20.625, "2013-07-31": 3.151, "2013-04-30": "-18.85400", "2013-01-31": 13.246, "2012-10-31": -10.37, "2012-07-31": 6.85, "2012-04-30": "-7.06800", "2012-01-31": -2.776, "2011-10-31": 23.209, "2011-07-31": -4.554, "2011-04-30": "0.57000", "2011-01-31": 12.676, "2010-10-31": 17.195, "2010-07-31": 9.954, "2010-04-30": "-16.35000", "2010-01-31": 25.088, "2009-10-31": -13.864, "2009-07-31": 6.628, "2009-04-30": "-0.56400", "2009-01-31": 6.532, "2008-10-31": 2.887, "2008-07-31": 4.984, "2008-04-30": "-8.37100", "2008-01-31": -14.113, "2007-10-31": 3.037, "2007-07-31": -17.5, "2007-04-30": "-3.58700", "2007-01-31": -7.262, "2006-10-31": -0.803, "2006-07-31": -1.928, "2006-04-30": "1.51200", "2006-01-31": 16.638, "2005-10-31": -9.879, "2005-07-31": 6.051, "2005-04-30": "4.03500", "2005-01-31": 25.182}, "Total Non-Cash Items": {"2020-10-31": 66.003, "2020-07-31": 38.654, "2020-04-30": "161.29400", "2020-01-31": 111.621, "2019-10-31": 48.493, "2019-07-31": 69.973, "2019-04-30": "77.21100", "2019-01-31": 70.953, "2018-10-31": 63.446, "2018-07-31": 77.159, "2018-04-30": "69.88900", "2018-01-31": 70.647, "2017-10-31": 87.286, "2017-07-31": 61.441, "2017-04-30": "102.29600", "2017-01-31": 46.085, "2016-10-31": 54.159, "2016-07-31": 55.814, "2016-04-30": "67.06300", "2016-01-31": 91.359, "2015-10-31": 43.492, "2015-07-31": 47.808, "2015-04-30": "50.09200", "2015-01-31": 61.828, "2014-10-31": 51.256, "2014-07-31": 45.169, "2014-04-30": "15.38900", "2014-01-31": 61.926, "2013-10-31": 57.748, "2013-07-31": 46.657, "2013-04-30": "13.95400", "2013-01-31": 49.715, "2012-10-31": 20.157, "2012-07-31": 37.294, "2012-04-30": "20.58800", "2012-01-31": 30.189, "2011-10-31": 51.509, "2011-07-31": 23.326, "2011-04-30": "28.00600", "2011-01-31": 42.759, "2010-10-31": 45.353, "2010-07-31": 36.241, "2010-04-30": "9.51600", "2010-01-31": 50.077, "2009-10-31": 10.901, "2009-07-31": 32.726, "2009-04-30": "24.85300", "2009-01-31": 197.62, "2008-10-31": 28.418, "2008-07-31": 28.658, "2008-04-30": "13.88000", "2008-01-31": 12.426, "2007-10-31": 20.568, "2007-07-31": 4.134, "2007-04-30": "12.81500", "2007-01-31": 8.289, "2006-10-31": 12.329, "2006-07-31": 11.809, "2006-04-30": "14.02100", "2006-01-31": 29.957, "2005-10-31": 2.339, "2005-07-31": 17.596, "2005-04-30": "16.81400", "2005-01-31": 62.803}, "Change In Accounts Receivable": {"2020-10-31": -3.697, "2020-07-31": 6.343, "2020-04-30": "-14.74500", "2020-01-31": 23.036, "2019-10-31": 4.223, "2019-07-31": -11.426, "2019-04-30": "-15.43300", "2019-01-31": 23.433, "2018-10-31": 0.097, "2018-07-31": -4.852, "2018-04-30": "-2.46300", "2018-01-31": 17.937, "2017-10-31": -10.397, "2017-07-31": -9.741, "2017-04-30": "1.99300", "2017-01-31": 33.877, "2016-10-31": 2.763, "2016-07-31": -21.251, "2016-04-30": "-19.51400", "2016-01-31": 16.144, "2015-10-31": -9.897, "2015-07-31": -15.209, "2015-04-30": "2.55000", "2015-01-31": 15.943, "2014-10-31": -3.123, "2014-07-31": -10.648, "2014-04-30": "-0.37500", "2014-01-31": 19.16, "2013-10-31": -7.16, "2013-07-31": -16.81, "2013-04-30": "-4.88000", "2013-01-31": 13.046, "2012-10-31": -4.146, "2012-07-31": -8.776, "2012-04-30": "-4.45200", "2012-01-31": 14.558, "2011-10-31": -4.728, "2011-07-31": -8.166, "2011-04-30": "-5.01400", "2011-01-31": 19.719, "2010-10-31": -6.758, "2010-07-31": -5.669, "2010-04-30": "1.97300", "2010-01-31": -0.198, "2009-10-31": -4.839, "2009-07-31": -3.492, "2009-04-30": "15.35200", "2009-01-31": 4.775, "2008-10-31": 0.364, "2008-07-31": -9.971, "2008-04-30": "7.92200", "2008-01-31": 13.875, "2007-10-31": -12.801, "2007-07-31": -9.56, "2007-04-30": "-2.49600", "2007-01-31": 24.802, "2006-10-31": -21.765, "2006-07-31": -1.082, "2006-04-30": "-4.09700", "2006-01-31": 30.78, "2005-10-31": -4.303, "2005-07-31": 3.354, "2005-04-30": "-16.50000", "2005-01-31": -3.47}, "Change In Inventories": {"2020-10-31": -448.558, "2020-07-31": 221.812, "2020-04-30": "105.31100", "2020-01-31": 380.437, "2019-10-31": -445.915, "2019-07-31": 5.225, "2019-04-30": "-317.32600", "2019-01-31": 372.081, "2018-10-31": -400.983, "2018-07-31": 47.103, "2018-04-30": "-112.33200", "2018-01-31": 468.112, "2017-10-31": -260.583, "2017-07-31": -1.404, "2017-04-30": "-277.87600", "2017-01-31": 480.482, "2016-10-31": -376.872, "2016-07-31": 27.418, "2016-04-30": "-215.76100", "2016-01-31": 469.918, "2015-10-31": -381.383, "2015-07-31": 8.031, "2015-04-30": "-232.98600", "2015-01-31": 374.352, "2014-10-31": -346.459, "2014-07-31": 62.064, "2014-04-30": "-248.65900", "2014-01-31": 337.969, "2013-10-31": -294.819, "2013-07-31": 37.522, "2013-04-30": "-216.55100", "2013-01-31": 286.498, "2012-10-31": -248.09, "2012-07-31": 67.159, "2012-04-30": "-186.75600", "2012-01-31": 228.155, "2011-10-31": -216.291, "2011-07-31": 28.01, "2011-04-30": "-157.97600", "2011-01-31": 265.257, "2010-10-31": -176.353, "2010-07-31": 23.95, "2010-04-30": "-113.97300", "2010-01-31": 207.542, "2009-10-31": -158.463, "2009-07-31": 35.044, "2009-04-30": "-125.12800", "2009-01-31": 284.45, "2008-10-31": -229.615, "2008-07-31": 57.925, "2008-04-30": "-83.17900", "2008-01-31": 185.352, "2007-10-31": -233.162, "2007-07-31": 26.778, "2007-04-30": "-105.99500", "2007-01-31": 145.639, "2006-10-31": -150.264, "2006-07-31": 13.041, "2006-04-30": "-114.18200", "2006-01-31": 139.179, "2005-10-31": -138.057, "2005-07-31": -3.302, "2005-04-30": "-75.69200", "2005-01-31": -44.813}, "Change In Accounts Payable": {"2020-10-31": 278.004, "2020-07-31": 271.086, "2020-04-30": "-167.70700", "2020-01-31": -74.057, "2019-10-31": 178.809, "2019-07-31": -33.081, "2019-04-30": "22.53100", "2019-01-31": -109.227, "2018-10-31": 172.502, "2018-07-31": 42.399, "2018-04-30": "19.95800", "2018-01-31": -191.974, "2017-10-31": 70.693, "2017-07-31": 36.708, "2017-04-30": "209.20100", "2017-01-31": -282.499, "2016-10-31": 205.007, "2016-07-31": -8.289, "2016-04-30": "145.65100", "2016-01-31": -290.6, "2015-10-31": 176.944, "2015-07-31": -15.59, "2015-04-30": "163.47800", "2015-01-31": -208.886, "2014-10-31": 156.971, "2014-07-31": -35.588, "2014-04-30": "168.83300", "2014-01-31": -197.662, "2013-10-31": 125.888, "2013-07-31": -68.603, "2013-04-30": "152.06100", "2013-01-31": -192.288, "2012-10-31": 136.775, "2012-07-31": -87.801, "2012-04-30": "129.72600", "2012-01-31": -131.049, "2011-10-31": 101.343, "2011-07-31": -38.762, "2011-04-30": "142.41800", "2011-01-31": -148.142, "2010-10-31": 71.882, "2010-07-31": -21.764, "2010-04-30": "95.77300", "2010-01-31": -98.846, "2009-10-31": 83.663, "2009-07-31": 9.239, "2009-04-30": "138.80200", "2009-01-31": -194.069, "2008-10-31": 75.519, "2008-07-31": 23.385, "2008-04-30": "38.45600", "2008-01-31": -138.408, "2007-10-31": 92.778, "2007-07-31": -13.054, "2007-04-30": "71.02100", "2007-01-31": -103.859, "2006-10-31": 79.168, "2006-07-31": -9.801, "2006-04-30": "58.93600", "2006-01-31": -61.659, "2005-10-31": 49.684, "2005-07-31": 6.044, "2005-04-30": "41.05000", "2005-01-31": -4.26}, "Change In Assets/Liabilities": {"2020-10-31": 19.628, "2020-07-31": 35.371, "2020-04-30": "-6.61500", "2020-01-31": 60.833, "2019-10-31": 9.444, "2019-07-31": 7.93, "2019-04-30": "-23.89000", "2019-01-31": 59.861, "2018-10-31": -3.512, "2018-07-31": 12.594, "2018-04-30": "-34.55100", "2018-01-31": 65.899, "2017-10-31": -8.03, "2017-07-31": 42.355, "2017-04-30": "-25.94800", "2017-01-31": 126.421, "2016-10-31": 34.819, "2016-07-31": 56.925, "2016-04-30": "-21.20300", "2016-01-31": 108.703, "2015-10-31": 30.014, "2015-07-31": 37.425, "2015-04-30": "7.30800", "2015-01-31": 64.984, "2014-10-31": 41.702, "2014-07-31": 18.655, "2014-04-30": "-10.26200", "2014-01-31": 58.777, "2013-10-31": 25.724, "2013-07-31": -12.479, "2013-04-30": "-31.67600", "2013-01-31": 14.729, "2012-10-31": 36.235, "2012-07-31": -5.725, "2012-04-30": "-13.08900", "2012-01-31": 54.05, "2011-10-31": -1.699, "2011-07-31": 1.573, "2011-04-30": "-26.45000", "2011-01-31": 71.145, "2010-10-31": -11.283, "2010-07-31": -5.568, "2010-04-30": "-21.92900", "2010-01-31": 29.002, "2009-10-31": 3.74, "2009-07-31": -9.365, "2009-04-30": "-28.08300", "2009-01-31": 23.495, "2008-10-31": 7.044, "2008-07-31": 9.987, "2008-04-30": "-14.25300", "2008-01-31": 25.094, "2007-10-31": 10.867, "2007-07-31": 11.029, "2007-04-30": "0.55400", "2007-01-31": 18.283, "2006-10-31": 9.044, "2006-07-31": -2.726, "2006-04-30": "-7.81600", "2006-01-31": 36.975, "2005-10-31": 0.555, "2005-07-31": 1.197, "2005-04-30": "0.53900", "2005-01-31": 33.383}, "Total Change In Assets/Liabilities": {"2020-10-31": -202.411, "2020-07-31": 776.063, "2020-04-30": "-232.72500", "2020-01-31": 435.9469, "2019-10-31": -291.6279, "2019-07-31": 12.421, "2019-04-30": "-356.88800", "2019-01-31": 378.719, "2018-10-31": -256.634, "2018-07-31": 138.432, "2018-04-30": "-149.07300", "2018-01-31": 434.17, "2017-10-31": -243.15, "2017-07-31": 34.194, "2017-04-30": "-124.01900", "2017-01-31": 439.6391, "2016-10-31": -140.6181, "2016-07-31": 75.857, "2016-04-30": "-116.40100", "2016-01-31": 314.1201, "2015-10-31": -177.8771, "2015-07-31": 28.884, "2015-04-30": "-77.92900", "2015-01-31": 285.857, "2014-10-31": -149.93, "2014-07-31": 23.66, "2014-04-30": "-71.44900", "2014-01-31": 261.01, "2013-10-31": -170.834, "2013-07-31": -50.062, "2013-04-30": "-154.12700", "2013-01-31": 175.483, "2012-10-31": -53.94, "2012-07-31": -6.207, "2012-04-30": "-95.51500", "2012-01-31": 232.992, "2011-10-31": -182.807, "2011-07-31": 43.259, "2011-04-30": "-79.95900", "2011-01-31": 277.234, "2010-10-31": -146.402, "2010-07-31": -7.433, "2010-04-30": "-49.37800", "2010-01-31": 188.025, "2009-10-31": -77.56, "2009-07-31": 40.291, "2009-04-30": "-3.34300", "2009-01-31": 155.608, "2008-10-31": -196.387, "2008-07-31": 91.484, "2008-04-30": "-119.60500", "2008-01-31": 164.078, "2007-10-31": -128.108, "2007-07-31": 67.884, "2007-04-30": "-41.52900", "2007-01-31": 105.404, "2006-10-31": -63.946, "2006-07-31": 13.67, "2006-04-30": "-74.57800", "2006-01-31": 156.878, "2005-10-31": -79.046, "2005-07-31": -6.624, "2005-04-30": "-42.41300", "2005-01-31": -23.867}, "Cash Flow From Operating Activities": {"2020-10-31": 40.808, "2020-07-31": 1091.56, "2020-04-30": "-214.85300", "2020-01-31": 617.387, "2019-10-31": -185.551, "2019-07-31": 194.928, "2019-04-30": "-222.15200", "2019-01-31": 552.227, "2018-10-31": -155.361, "2018-07-31": 334.988, "2018-04-30": "-19.09900", "2018-01-31": 620.768, "2017-10-31": -118.95, "2017-07-31": 208.02, "2017-04-30": "36.47200", "2017-01-31": 575.912, "2016-10-31": -37.545, "2016-07-31": 223.088, "2016-04-30": "7.53900", "2016-01-31": 534.471, "2015-10-31": -87.17, "2015-07-31": 167.531, "2015-04-30": "35.50800", "2015-01-31": 503.221, "2014-10-31": -49.462, "2014-07-31": 138.295, "2014-04-30": "13.92400", "2014-01-31": 461.573, "2013-10-31": -63.109, "2013-07-31": 80.758, "2013-04-30": "-75.35200", "2013-01-31": 354.948, "2012-10-31": 16.356, "2012-07-31": 84.75, "2012-04-30": "-17.77000", "2012-01-31": 374.257, "2011-10-31": -89.814, "2011-07-31": 140.433, "2011-04-30": "-14.45500", "2011-01-31": 407.482, "2010-10-31": -84.186, "2010-07-31": 80.324, "2010-04-30": "-13.65300", "2010-01-31": 305.461, "2009-10-31": -47.805, "2009-07-31": 111.942, "2009-04-30": "31.73100", "2009-01-31": 247.637, "2008-10-31": -161.786, "2008-07-31": 160.08, "2008-04-30": "-86.12000", "2008-01-31": 245.205, "2007-10-31": -95.307, "2007-07-31": 119.949, "2007-04-30": "-7.01300", "2007-01-31": 181.411, "2006-10-31": -43.822, "2006-07-31": 51.159, "2006-04-30": "-49.13900", "2006-01-31": 240.865, "2005-10-31": -72.524, "2005-07-31": 33.07, "2005-04-30": "-32.93000", "2005-01-31": 107.841}, "Net Change In Property, Plant, And Equipment": {"2020-10-31": -62.188, "2020-07-31": -34.665, "2020-04-30": "-59.59100", "2020-01-31": -51.758, "2019-10-31": -54.711, "2019-07-31": -64.11, "2019-04-30": "-46.88200", "2019-01-31": -62.931, "2018-10-31": -38.773, "2018-07-31": -47.166, "2018-04-30": "-49.34900", "2018-01-31": -87.747, "2017-10-31": -150.887, "2017-07-31": -121.821, "2017-04-30": "-113.89200", "2017-01-31": -114.618, "2016-10-31": -98.853, "2016-07-31": -119.615, "2016-04-30": "-88.83400", "2016-01-31": -96.066, "2015-10-31": -119.177, "2015-07-31": -89.061, "2015-04-30": "-65.72400", "2015-01-31": -77.75, "2014-10-31": -120.875, "2014-07-31": -86.464, "2014-04-30": "-63.91800", "2014-01-31": -88.806, "2013-10-31": -101.383, "2013-07-31": -61.525, "2013-04-30": "-33.95400", "2013-01-31": -61.578, "2012-10-31": -62.29, "2012-07-31": -53.907, "2012-04-30": "-41.25100", "2012-01-31": -53.769, "2011-10-31": -62.438, "2011-07-31": -53.016, "2011-04-30": "-32.58400", "2011-01-31": -41.615, "2010-10-31": -55.841, "2010-07-31": -37.311, "2010-04-30": "-24.30000", "2010-01-31": -52.455, "2009-10-31": -35.782, "2009-07-31": -22.68, "2009-04-30": "-29.35200", "2009-01-31": -31.495, "2008-10-31": -51.134, "2008-07-31": -59.401, "2008-04-30": "-47.03700", "2008-01-31": -52.407, "2007-10-31": -43.075, "2007-07-31": -31.474, "2007-04-30": "-45.41000", "2007-01-31": -53.804, "2006-10-31": -45.479, "2006-07-31": -36.627, "2006-04-30": "-27.08500", "2006-01-31": -55.943, "2005-10-31": -24.195, "2005-07-31": -44.682, "2005-04-30": "-24.83900", "2005-01-31": -104.944}, "Net Change In Intangible Assets": {"2020-10-31": 0, "2020-07-31": 0, "2020-04-30": "", "2020-01-31": 0, "2019-10-31": 0, "2019-07-31": 0, "2019-04-30": "", "2019-01-31": 0, "2018-10-31": 0, "2018-07-31": 0, "2018-04-30": "", "2018-01-31": 0, "2017-10-31": 0, "2017-07-31": 0, "2017-04-30": "", "2017-01-31": 0, "2016-10-31": 0, "2016-07-31": 0, "2016-04-30": "", "2016-01-31": 0, "2015-10-31": 0, "2015-07-31": 0, "2015-04-30": "", "2015-01-31": 0, "2014-10-31": 0, "2014-07-31": 0, "2014-04-30": "", "2014-01-31": 0, "2013-10-31": 0, "2013-07-31": 0, "2013-04-30": "", "2013-01-31": 0, "2012-10-31": 0, "2012-07-31": 0, "2012-04-30": "", "2012-01-31": 0, "2011-10-31": 0, "2011-07-31": 0, "2011-04-30": "", "2011-01-31": 0, "2010-10-31": 0, "2010-07-31": 0, "2010-04-30": "", "2010-01-31": 0, "2009-10-31": 0, "2009-07-31": 0, "2009-04-30": "", "2009-01-31": 0, "2008-10-31": 0, "2008-07-31": 0, "2008-04-30": "", "2008-01-31": 0, "2007-10-31": 0, "2007-07-31": 0, "2007-04-30": "", "2007-01-31": 0, "2006-10-31": 0, "2006-07-31": 0, "2006-04-30": "", "2006-01-31": 0, "2005-10-31": 0, "2005-07-31": 0, "2005-04-30": "", "2005-01-31": 0}, "Net Acquisitions/Divestitures": {"2020-10-31": 0, "2020-07-31": 0, "2020-04-30": "", "2020-01-31": 40.387, "2019-10-31": 0, "2019-07-31": 0, "2019-04-30": "", "2019-01-31": 0, "2018-10-31": 0, "2018-07-31": 0, "2018-04-30": "", "2018-01-31": -0.457, "2017-10-31": -8.5, "2017-07-31": 0, "2017-04-30": "", "2017-01-31": -81.983, "2016-10-31": -36.786, "2016-07-31": 0, "2016-04-30": "", "2016-01-31": 0, "2015-10-31": 0, "2015-07-31": 0, "2015-04-30": "", "2015-01-31": 0, "2014-10-31": 0, "2014-07-31": 0, "2014-04-30": "", "2014-01-31": 0, "2013-10-31": 0, "2013-07-31": 0, "2013-04-30": "", "2013-01-31": 0, "2012-10-31": 0, "2012-07-31": 0, "2012-04-30": "", "2012-01-31": 0, "2011-10-31": 0, "2011-07-31": 0, "2011-04-30": "", "2011-01-31": 0, "2010-10-31": 0, "2010-07-31": 0, "2010-04-30": "", "2010-01-31": 0, "2009-10-31": 0, "2009-07-31": 0, "2009-04-30": "", "2009-01-31": 0, "2008-10-31": 0, "2008-07-31": 0, "2008-04-30": "", "2008-01-31": -69.275, "2007-10-31": -0.634, "2007-07-31": -0.012, "2007-04-30": "-221.44900", "2007-01-31": 0, "2006-10-31": 0, "2006-07-31": 0, "2006-04-30": "", "2006-01-31": 0, "2005-10-31": 0, "2005-07-31": 0, "2005-04-30": "", "2005-01-31": -351.554}, "Net Change In Short-term Investments": {"2020-10-31": 0, "2020-07-31": 0, "2020-04-30": "", "2020-01-31": 0, "2019-10-31": 0, "2019-07-31": 0, "2019-04-30": "", "2019-01-31": 0, "2018-10-31": 0, "2018-07-31": 0, "2018-04-30": "", "2018-01-31": 0, "2017-10-31": 0, "2017-07-31": 0, "2017-04-30": "", "2017-01-31": 0, "2016-10-31": 0, "2016-07-31": 0, "2016-04-30": "", "2016-01-31": 0, "2015-10-31": 0, "2015-07-31": 0, "2015-04-30": "", "2015-01-31": 0, "2014-10-31": 0, "2014-07-31": 0, "2014-04-30": "", "2014-01-31": 0, "2013-10-31": 0, "2013-07-31": 0, "2013-04-30": "", "2013-01-31": 0, "2012-10-31": 0, "2012-07-31": 0, "2012-04-30": "", "2012-01-31": 0, "2011-10-31": 0, "2011-07-31": 0, "2011-04-30": "", "2011-01-31": 0, "2010-10-31": 0, "2010-07-31": 0, "2010-04-30": "", "2010-01-31": 0, "2009-10-31": 0, "2009-07-31": 0, "2009-04-30": "", "2009-01-31": 0, "2008-10-31": 0, "2008-07-31": 0, "2008-04-30": "", "2008-01-31": 0, "2007-10-31": 0, "2007-07-31": 0, "2007-04-30": "", "2007-01-31": 0, "2006-10-31": 0, "2006-07-31": 0, "2006-04-30": "", "2006-01-31": 0, "2005-10-31": 0, "2005-07-31": 0, "2005-04-30": "", "2005-01-31": 0}, "Net Change In Long-Term Investments": {"2020-10-31": 0, "2020-07-31": 0, "2020-04-30": "", "2020-01-31": -40.387, "2019-10-31": 40.387, "2019-07-31": 0, "2019-04-30": "", "2019-01-31": 0, "2018-10-31": 0, "2018-07-31": 0, "2018-04-30": "", "2018-01-31": 0, "2017-10-31": 0, "2017-07-31": 0, "2017-04-30": "", "2017-01-31": 0, "2016-10-31": 0, "2016-07-31": 0, "2016-04-30": "", "2016-01-31": 0, "2015-10-31": 0, "2015-07-31": 0, "2015-04-30": "", "2015-01-31": 0, "2014-10-31": 0, "2014-07-31": 0, "2014-04-30": "", "2014-01-31": 0, "2013-10-31": 0, "2013-07-31": 0, "2013-04-30": "", "2013-01-31": 0, "2012-10-31": 0, "2012-07-31": 0, "2012-04-30": "-31.98600", "2012-01-31": 0, "2011-10-31": 0, "2011-07-31": 14.14, "2011-04-30": "", "2011-01-31": 0, "2010-10-31": 0, "2010-07-31": 0, "2010-04-30": "", "2010-01-31": 0, "2009-10-31": 0, "2009-07-31": 0, "2009-04-30": "", "2009-01-31": 0, "2008-10-31": 0, "2008-07-31": 0, "2008-04-30": "", "2008-01-31": 0, "2007-10-31": 0, "2007-07-31": 0, "2007-04-30": "", "2007-01-31": 0, "2006-10-31": 0, "2006-07-31": 0, "2006-04-30": "", "2006-01-31": 0, "2005-10-31": 0, "2005-07-31": 1.922, "2005-04-30": "", "2005-01-31": 12.001}, "Net Change In Investments - Total": {"2020-10-31": 0, "2020-07-31": 0, "2020-04-30": "", "2020-01-31": -40.387, "2019-10-31": 40.387, "2019-07-31": 0, "2019-04-30": "", "2019-01-31": 0, "2018-10-31": 0, "2018-07-31": 0, "2018-04-30": "", "2018-01-31": 0, "2017-10-31": 0, "2017-07-31": 0, "2017-04-30": "", "2017-01-31": 0, "2016-10-31": 0, "2016-07-31": 0, "2016-04-30": "", "2016-01-31": 0, "2015-10-31": 0, "2015-07-31": 0, "2015-04-30": "", "2015-01-31": 0, "2014-10-31": 0, "2014-07-31": 0, "2014-04-30": "", "2014-01-31": 0, "2013-10-31": 0, "2013-07-31": 0, "2013-04-30": "", "2013-01-31": 0, "2012-10-31": 0, "2012-07-31": 0, "2012-04-30": "-31.98600", "2012-01-31": 0, "2011-10-31": 0, "2011-07-31": 14.14, "2011-04-30": "", "2011-01-31": 0, "2010-10-31": 0, "2010-07-31": 0, "2010-04-30": "", "2010-01-31": 0, "2009-10-31": 0, "2009-07-31": 0, "2009-04-30": "", "2009-01-31": 0, "2008-10-31": 0, "2008-07-31": 0, "2008-04-30": "", "2008-01-31": 0, "2007-10-31": 0, "2007-07-31": 0, "2007-04-30": "", "2007-01-31": 0, "2006-10-31": 0, "2006-07-31": 0, "2006-04-30": "", "2006-01-31": 0, "2005-10-31": 0, "2005-07-31": 1.922, "2005-04-30": "", "2005-01-31": 12.001}, "Investing Activities - Other": {"2020-10-31": -0.096, "2020-07-31": 0, "2020-04-30": "", "2020-01-31": 44.7, "2019-10-31": 4.103, "2019-07-31": -1, "2019-04-30": "", "2019-01-31": 0, "2018-10-31": 0, "2018-07-31": 0, "2018-04-30": "", "2018-01-31": 0, "2017-10-31": 0, "2017-07-31": 0, "2017-04-30": "-2.34400", "2017-01-31": -4.475, "2016-10-31": 18.252, "2016-07-31": -23.404, "2016-04-30": "-0.00800", "2016-01-31": 0, "2015-10-31": -2, "2015-07-31": 0, "2015-04-30": "-0.40600", "2015-01-31": -3.767, "2014-10-31": -25.559, "2014-07-31": -0.075, "2014-04-30": "73.38800", "2014-01-31": -4.459, "2013-10-31": -11.579, "2013-07-31": -2.795, "2013-04-30": "-34.67400", "2013-01-31": -18.523, "2012-10-31": -10.411, "2012-07-31": -19.198, "2012-04-30": "-25.21000", "2012-01-31": -2.968, "2011-10-31": -4.009, "2011-07-31": -2.952, "2011-04-30": "-2.02000", "2011-01-31": -12.799, "2010-10-31": 4.857, "2010-07-31": 5.874, "2010-04-30": "", "2010-01-31": 8.102, "2009-10-31": 1.628, "2009-07-31": 10.408, "2009-04-30": "11.50200", "2009-01-31": 20.595, "2008-10-31": 7.894, "2008-07-31": 16.384, "2008-04-30": "", "2008-01-31": 10.872, "2007-10-31": 8.342, "2007-07-31": 9.061, "2007-04-30": "0.16500", "2007-01-31": 24.851, "2006-10-31": 3.075, "2006-07-31": 0.301, "2006-04-30": "4.28200", "2006-01-31": 20.459, "2005-10-31": 7.153, "2005-07-31": 11.06, "2005-04-30": "-0.80500", "2005-01-31": 29.725}, "Cash Flow From Investing Activities": {"2020-10-31": -62.284, "2020-07-31": -34.665, "2020-04-30": "-59.59100", "2020-01-31": -7.058, "2019-10-31": -10.221, "2019-07-31": -65.11, "2019-04-30": "-46.88200", "2019-01-31": -62.931, "2018-10-31": -38.773, "2018-07-31": -47.166, "2018-04-30": "-49.34900", "2018-01-31": -88.204, "2017-10-31": -159.387, "2017-07-31": -121.821, "2017-04-30": "-116.23600", "2017-01-31": -201.076, "2016-10-31": -117.387, "2016-07-31": -143.019, "2016-04-30": "-88.84200", "2016-01-31": -96.066, "2015-10-31": -121.177, "2015-07-31": -89.061, "2015-04-30": "-66.13000", "2015-01-31": -81.517, "2014-10-31": -146.434, "2014-07-31": -86.539, "2014-04-30": "9.47000", "2014-01-31": -93.265, "2013-10-31": -112.962, "2013-07-31": -64.32, "2013-04-30": "-68.62800", "2013-01-31": -80.101, "2012-10-31": -72.701, "2012-07-31": -73.105, "2012-04-30": "-98.44700", "2012-01-31": -56.737, "2011-10-31": -66.447, "2011-07-31": -41.828, "2011-04-30": "-34.60400", "2011-01-31": -54.414, "2010-10-31": -50.984, "2010-07-31": -31.437, "2010-04-30": "-24.30000", "2010-01-31": -44.353, "2009-10-31": -34.154, "2009-07-31": -12.272, "2009-04-30": "-17.85000", "2009-01-31": -10.9, "2008-10-31": -43.24, "2008-07-31": -43.017, "2008-04-30": "-47.03700", "2008-01-31": -110.81, "2007-10-31": -35.367, "2007-07-31": -22.425, "2007-04-30": "-266.69400", "2007-01-31": -28.953, "2006-10-31": -42.404, "2006-07-31": -36.326, "2006-04-30": "-22.80300", "2006-01-31": -35.484, "2005-10-31": -17.042, "2005-07-31": -31.7, "2005-04-30": "-25.64400", "2005-01-31": -414.772}, "Net Long-Term Debt": {"2020-10-31": -0.209, "2020-07-31": -0.204, "2020-04-30": "-161.25600", "2020-01-31": -52.886, "2019-10-31": -1.321, "2019-07-31": -1.314, "2019-04-30": "-1.33000", "2019-01-31": -1.318, "2018-10-31": -1.295, "2018-07-31": -1.296, "2018-04-30": "-1.33300", "2018-01-31": -1.302, "2017-10-31": 61.579, "2017-07-31": -0.159, "2017-04-30": "-0.15700", "2017-01-31": -0.151, "2016-10-31": -0.149, "2016-07-31": -0.145, "2016-04-30": "-0.14300", "2016-01-31": -0.139, "2015-10-31": -0.135, "2015-07-31": -0.133, "2015-04-30": "-0.13000", "2015-01-31": -0.119, "2014-10-31": -0.124, "2014-07-31": -0.122, "2014-04-30": "-0.56000", "2014-01-31": -6.845, "2013-10-31": -0.524, "2013-07-31": -0.884, "2013-04-30": "-0.73100", "2013-01-31": -6.466, "2012-10-31": -0.245, "2012-07-31": -131.469, "2012-04-30": "-7.14200", "2012-01-31": -0.257, "2011-10-31": -0.251, "2011-07-31": -0.246, "2011-04-30": "-0.24100", "2011-01-31": -0.237, "2010-10-31": -0.239, "2010-07-31": -0.227, "2010-04-30": "-0.23100", "2010-01-31": -0.244, "2009-10-31": -0.24, "2009-07-31": -0.152, "2009-04-30": "-1.93000", "2009-01-31": -6.52, "2008-10-31": -0.137, "2008-07-31": -0.077, "2008-04-30": "-0.05900", "2008-01-31": -0.918, "2007-10-31": -0.043, "2007-07-31": -0.04, "2007-04-30": "-0.05700", "2007-01-31": -0.036, "2006-10-31": -0.032, "2006-07-31": -0.038, "2006-04-30": "-0.07800", "2006-01-31": -0.215, "2005-10-31": -0.071, "2005-07-31": -0.137, "2005-04-30": "-0.13700", "2005-01-31": -33.657}, "Net Current Debt": {"2020-10-31": 0, "2020-07-31": -1429.0001, "2020-04-30": "1779.90000", "2020-01-31": -495.1999, "2019-10-31": 277.8, "2019-07-31": 72, "2019-04-30": "369.50000", "2019-01-31": -382.3, "2018-10-31": 273.9, "2018-07-31": -171.7, "2018-04-30": "280.10000", "2018-01-31": -454.7, "2017-10-31": 267.9001, "2017-07-31": 94.3499, "2017-04-30": "92.45000", "2017-01-31": -260.8999, "2016-10-31": 108.8999, "2016-07-31": -5.6, "2016-04-30": "157.60000", "2016-01-31": -342.4, "2015-10-31": 342.4, "2015-07-31": -51.2, "2015-04-30": "51.20000", "2015-01-31": -280.5, "2014-10-31": 280.5, "2014-07-31": 0, "2014-04-30": "", "2014-01-31": -116.4, "2013-10-31": 116.4, "2013-07-31": 0, "2013-04-30": "", "2013-01-31": 0, "2012-10-31": 0, "2012-07-31": 0, "2012-04-30": "", "2012-01-31": 0, "2011-10-31": 0, "2011-07-31": 0, "2011-04-30": "", "2011-01-31": 0, "2010-10-31": 0, "2010-07-31": 0, "2010-04-30": "", "2010-01-31": -62.647, "2009-10-31": 43.129, "2009-07-31": -96.783, "2009-04-30": "-56.19900", "2009-01-31": -184.827, "2008-10-31": 174.69, "2008-07-31": -111.348, "2008-04-30": "121.48500", "2008-01-31": -140.313, "2007-10-31": 88.006, "2007-07-31": -106.25, "2007-04-30": "158.55700", "2007-01-31": -101.823, "2006-10-31": 60.393, "2006-07-31": -6.845, "2006-04-30": "48.27500", "2006-01-31": -202.57, "2005-10-31": 81.364, "2005-07-31": -1.256, "2005-04-30": "46.36800", "2005-01-31": 248.594}, "Debt Issuance/Retirement Net - Total": {"2020-10-31": -0.209, "2020-07-31": -1429.2041, "2020-04-30": "1618.64400", "2020-01-31": -548.0859, "2019-10-31": 276.479, "2019-07-31": 70.686, "2019-04-30": "368.17000", "2019-01-31": -383.618, "2018-10-31": 272.605, "2018-07-31": -172.996, "2018-04-30": "278.76700", "2018-01-31": -456.002, "2017-10-31": 329.4791, "2017-07-31": 94.1909, "2017-04-30": "92.29300", "2017-01-31": -261.0509, "2016-10-31": 108.7509, "2016-07-31": -5.745, "2016-04-30": "157.45700", "2016-01-31": -342.539, "2015-10-31": 342.265, "2015-07-31": -51.333, "2015-04-30": "51.07000", "2015-01-31": -280.619, "2014-10-31": 280.376, "2014-07-31": -0.122, "2014-04-30": "-0.56000", "2014-01-31": -123.245, "2013-10-31": 115.876, "2013-07-31": -0.884, "2013-04-30": "-0.73100", "2013-01-31": -6.466, "2012-10-31": -0.245, "2012-07-31": -131.469, "2012-04-30": "-7.14200", "2012-01-31": -0.257, "2011-10-31": -0.251, "2011-07-31": -0.246, "2011-04-30": "-0.24100", "2011-01-31": -0.237, "2010-10-31": -0.239, "2010-07-31": -0.227, "2010-04-30": "-0.23100", "2010-01-31": -62.891, "2009-10-31": 42.889, "2009-07-31": -96.935, "2009-04-30": "-58.12900", "2009-01-31": -191.347, "2008-10-31": 174.553, "2008-07-31": -111.425, "2008-04-30": "121.42600", "2008-01-31": -141.231, "2007-10-31": 87.963, "2007-07-31": -106.29, "2007-04-30": "158.50000", "2007-01-31": -101.859, "2006-10-31": 60.361, "2006-07-31": -6.883, "2006-04-30": "48.19700", "2006-01-31": -202.785, "2005-10-31": 81.293, "2005-07-31": -1.393, "2005-04-30": "46.23100", "2005-01-31": 214.937}, "Net Common Equity Issued/Repurchased": {"2020-10-31": 24.533, "2020-07-31": 0.939, "2020-04-30": "105.22500", "2020-01-31": 4.405, "2019-10-31": 0.887, "2019-07-31": 0.06, "2019-04-30": "0.21300", "2019-01-31": 0, "2018-10-31": 0, "2018-07-31": 0, "2018-04-30": "", "2018-01-31": 0, "2017-10-31": 0.268, "2017-07-31": 2.698, "2017-04-30": "13.59200", "2017-01-31": 6.139, "2016-10-31": 8.972, "2016-07-31": 0.235, "2016-04-30": "15.74300", "2016-01-31": 1.949, "2015-10-31": 0.798, "2015-07-31": 8.625, "2015-04-30": "9.24500", "2015-01-31": 15.45, "2014-10-31": 1.792, "2014-07-31": 0.934, "2014-04-30": "7.94500", "2014-01-31": 8.562, "2013-10-31": 12.184, "2013-07-31": 9.827, "2013-04-30": "12.90900", "2013-01-31": 6.602, "2012-10-31": 26.744, "2012-07-31": 33.979, "2012-04-30": "10.96000", "2012-01-31": 11.67, "2011-10-31": 2.434, "2011-07-31": 4.917, "2011-04-30": "14.07700", "2011-01-31": 33.708, "2010-10-31": 10.019, "2010-07-31": 1.209, "2010-04-30": "8.01600", "2010-01-31": 1.177, "2009-10-31": 7.101, "2009-07-31": 1.607, "2009-04-30": "0.68900", "2009-01-31": 2.146, "2008-10-31": 3.023, "2008-07-31": 4.483, "2008-04-30": "2.45600", "2008-01-31": 2.732, "2007-10-31": 4.856, "2007-07-31": 9.782, "2007-04-30": "17.39600", "2007-01-31": 13.64, "2006-10-31": 4.888, "2006-07-31": 3.68, "2006-04-30": "4.56800", "2006-01-31": 2.15, "2005-10-31": 0.457, "2005-07-31": 5.527, "2005-04-30": "2.95500", "2005-01-31": 20.67}, "Net Total Equity Issued/Repurchased": {"2020-10-31": 24.533, "2020-07-31": 0.939, "2020-04-30": "105.22500", "2020-01-31": 4.405, "2019-10-31": 0.887, "2019-07-31": 0.06, "2019-04-30": "0.21300", "2019-01-31": 0, "2018-10-31": 0, "2018-07-31": 0, "2018-04-30": "", "2018-01-31": 0, "2017-10-31": 0.268, "2017-07-31": 2.698, "2017-04-30": "13.59200", "2017-01-31": 6.139, "2016-10-31": 8.972, "2016-07-31": 0.235, "2016-04-30": "15.74300", "2016-01-31": 1.949, "2015-10-31": 0.798, "2015-07-31": 8.625, "2015-04-30": "9.24500", "2015-01-31": 15.45, "2014-10-31": 1.792, "2014-07-31": 0.934, "2014-04-30": "7.94500", "2014-01-31": 8.562, "2013-10-31": 12.184, "2013-07-31": 9.827, "2013-04-30": "12.90900", "2013-01-31": 6.602, "2012-10-31": 26.744, "2012-07-31": 33.979, "2012-04-30": "10.96000", "2012-01-31": 11.67, "2011-10-31": 2.434, "2011-07-31": 4.917, "2011-04-30": "14.07700", "2011-01-31": 33.708, "2010-10-31": 10.019, "2010-07-31": 1.209, "2010-04-30": "8.01600", "2010-01-31": 1.177, "2009-10-31": 7.101, "2009-07-31": 1.607, "2009-04-30": "0.68900", "2009-01-31": 2.146, "2008-10-31": 3.023, "2008-07-31": 4.483, "2008-04-30": "2.45600", "2008-01-31": 2.732, "2007-10-31": 4.856, "2007-07-31": 9.782, "2007-04-30": "17.39600", "2007-01-31": 13.64, "2006-10-31": 4.888, "2006-07-31": 3.68, "2006-04-30": "4.56800", "2006-01-31": 2.15, "2005-10-31": 0.457, "2005-07-31": 5.527, "2005-04-30": "2.95500", "2005-01-31": 20.67}, "Total Common And Preferred Stock Dividends Paid": {"2020-10-31": -26.426, "2020-07-31": -26.378, "2020-04-30": "-28.07000", "2020-01-31": -23.772, "2019-10-31": -23.282, "2019-07-31": -24.246, "2019-04-30": "-27.01200", "2019-01-31": -21.134, "2018-10-31": -22.099, "2018-07-31": -22.312, "2018-04-30": "-23.72800", "2018-01-31": -17.724, "2017-10-31": -17.854, "2017-07-31": -18.234, "2017-04-30": "-19.28700", "2017-01-31": -16.726, "2016-10-31": -16.756, "2016-07-31": -16.877, "2016-04-30": "-17.61300", "2016-01-31": -15.48, "2015-10-31": -15.81, "2015-07-31": -16.012, "2015-04-30": "-17.41300", "2015-01-31": -14.698, "2014-10-31": -14.9, "2014-07-31": -15.045, "2014-04-30": "-16.61900", "2014-01-31": -15.455, "2013-10-31": -15.427, "2013-07-31": -15.382, "2013-04-30": "-18.16800", "2013-01-31": -261.304, "2012-10-31": -15.251, "2012-07-31": -14.999, "2012-04-30": "-15.41800", "2012-01-31": -60.46, "2011-10-31": 0, "2011-07-31": 0, "2011-04-30": "", "2011-01-31": 0, "2010-10-31": 0, "2010-07-31": 0, "2010-04-30": "", "2010-01-31": 0, "2009-10-31": 0, "2009-07-31": 0, "2009-04-30": "", "2009-01-31": 0, "2008-10-31": 0, "2008-07-31": 0, "2008-04-30": "", "2008-01-31": 0, "2007-10-31": 0, "2007-07-31": 0, "2007-04-30": "", "2007-01-31": 0, "2006-10-31": 0, "2006-07-31": 0, "2006-04-30": "", "2006-01-31": 0, "2005-10-31": 0, "2005-07-31": 0, "2005-04-30": "", "2005-01-31": 0}, "Financial Activities - Other": {"2020-10-31": 22.415, "2020-07-31": -25.168, "2020-04-30": "-6.62200", "2020-01-31": -61.16, "2019-10-31": -87.429, "2019-07-31": -152.025, "2019-04-30": "-93.54800", "2019-01-31": -62.992, "2018-10-31": -88.541, "2018-07-31": -72.823, "2018-04-30": "-183.22300", "2018-01-31": -69.407, "2017-10-31": -53.349, "2017-07-31": -141.72, "2017-04-30": "-63.18400", "2017-01-31": -23.844, "2016-10-31": 27.07, "2016-07-31": -37.812, "2016-04-30": "-100.81900", "2016-01-31": -37.144, "2015-10-31": -168.311, "2015-07-31": 22.128, "2015-04-30": "-152.58100", "2015-01-31": 1.997, "2014-10-31": -93.546, "2014-07-31": -76.772, "2014-04-30": "-56.52600", "2014-01-31": -122.032, "2013-10-31": -5.677, "2013-07-31": 10.902, "2013-04-30": "-81.34900", "2013-01-31": 37.044, "2012-10-31": -10.822, "2012-07-31": -69.7, "2012-04-30": "-85.62500", "2012-01-31": -17.436, "2011-10-31": 11.061, "2011-07-31": -9.393, "2011-04-30": "21.67400", "2011-01-31": 0.055, "2010-10-31": 6.666, "2010-07-31": 21.358, "2010-04-30": "11.49400", "2010-01-31": -13.474, "2009-10-31": 20.324, "2009-07-31": 1.206, "2009-04-30": "14.40200", "2009-01-31": -14.332, "2008-10-31": 17.68, "2008-07-31": -5.673, "2008-04-30": "6.05800", "2008-01-31": 14.794, "2007-10-31": 26.913, "2007-07-31": 8.022, "2007-04-30": "3.25600", "2007-01-31": 36.566, "2006-10-31": 23.188, "2006-07-31": -10.051, "2006-04-30": "13.96000", "2006-01-31": -0.191, "2005-10-31": 9.904, "2005-07-31": -9.34, "2005-04-30": "24.25900", "2005-01-31": -3.464}, "Cash Flow From Financial Activities": {"2020-10-31": 20.313, "2020-07-31": -1479.811, "2020-04-30": "1689.17700", "2020-01-31": -628.613, "2019-10-31": 166.655, "2019-07-31": -105.525, "2019-04-30": "247.82300", "2019-01-31": -467.744, "2018-10-31": 161.965, "2018-07-31": -268.131, "2018-04-30": "71.81600", "2018-01-31": -543.133, "2017-10-31": 258.544, "2017-07-31": -63.065, "2017-04-30": "23.41400", "2017-01-31": -295.482, "2016-10-31": 128.037, "2016-07-31": -60.199, "2016-04-30": "54.76800", "2016-01-31": -393.214, "2015-10-31": 158.942, "2015-07-31": -36.592, "2015-04-30": "-109.67900", "2015-01-31": -277.87, "2014-10-31": 173.722, "2014-07-31": -91.005, "2014-04-30": "-65.76000", "2014-01-31": -252.17, "2013-10-31": 106.956, "2013-07-31": 4.463, "2013-04-30": "-87.33900", "2013-01-31": -224.124, "2012-10-31": 0.426, "2012-07-31": -182.189, "2012-04-30": "-97.22500", "2012-01-31": -66.483, "2011-10-31": 13.244, "2011-07-31": -4.722, "2011-04-30": "35.51000", "2011-01-31": 33.526, "2010-10-31": 16.446, "2010-07-31": 22.34, "2010-04-30": "19.27900", "2010-01-31": -75.188, "2009-10-31": 70.314, "2009-07-31": -94.122, "2009-04-30": "-43.03800", "2009-01-31": -203.533, "2008-10-31": 195.256, "2008-07-31": -112.615, "2008-04-30": "129.94000", "2008-01-31": -123.705, "2007-10-31": 119.732, "2007-07-31": -88.486, "2007-04-30": "179.15200", "2007-01-31": -51.653, "2006-10-31": 88.437, "2006-07-31": -13.254, "2006-04-30": "66.72500", "2006-01-31": -200.826, "2005-10-31": 91.654, "2005-07-31": -5.206, "2005-04-30": "73.44500", "2005-01-31": 232.143}, "Net Cash Flow": {"2020-10-31": -1.147, "2020-07-31": -422.863, "2020-04-30": "1414.67000", "2020-01-31": -18.288, "2019-10-31": -29.111, "2019-07-31": 24.31, "2019-04-30": "-21.23000", "2019-01-31": 21.55, "2018-10-31": -32.167, "2018-07-31": 19.671, "2018-04-30": "3.34600", "2018-01-31": -10.562, "2017-10-31": -19.8, "2017-07-31": 23.215, "2017-04-30": "-56.37700", "2017-01-31": 79.369, "2016-10-31": -26.917, "2016-07-31": 19.832, "2016-04-30": "-26.44300", "2016-01-31": 45.137, "2015-10-31": -49.421, "2015-07-31": 41.811, "2015-04-30": "-140.27000", "2015-01-31": 143.746, "2014-10-31": -22.199, "2014-07-31": -39.24, "2014-04-30": "-42.35900", "2014-01-31": 116.084, "2013-10-31": -69.118, "2013-07-31": 20.876, "2013-04-30": "-231.32500", "2013-01-31": 50.721, "2012-10-31": -55.911, "2012-07-31": -170.563, "2012-04-30": "-213.43500", "2012-01-31": 251.03, "2011-10-31": -143.043, "2011-07-31": 93.89, "2011-04-30": "-13.52700", "2011-01-31": 386.606, "2010-10-31": -118.723, "2010-07-31": 71.211, "2010-04-30": "-18.65300", "2010-01-31": 185.917, "2009-10-31": -11.621, "2009-07-31": 5.553, "2009-04-30": "-29.07500", "2009-01-31": 33.191, "2008-10-31": -9.884, "2008-07-31": 4.533, "2008-04-30": "-3.31000", "2008-01-31": 10.65, "2007-10-31": -10.832, "2007-07-31": 9.065, "2007-04-30": "-94.51800", "2007-01-31": 100.805, "2006-10-31": 2.211, "2006-07-31": 1.579, "2006-04-30": "-5.21700", "2006-01-31": 4.555, "2005-10-31": 2.088, "2005-07-31": -3.836, "2005-04-30": "14.87100", "2005-01-31": -74.788}, "Stock-Based Compensation": {"2020-10-31": 18.182, "2020-07-31": 8.214, "2020-04-30": "9.23500", "2020-01-31": 11.751, "2019-10-31": 8.66, "2019-07-31": 11.175, "2019-04-30": "11.90700", "2019-01-31": 10.158, "2018-10-31": 9.677, "2018-07-31": 10.44, "2018-04-30": "11.66600", "2018-01-31": 11.477, "2017-10-31": 8.733, "2017-07-31": 6.882, "2017-04-30": "9.14700", "2017-01-31": 8.856, "2016-10-31": 8.153, "2016-07-31": 8.346, "2016-04-30": "8.24700", "2016-01-31": 7.601, "2015-10-31": 7.487, "2015-07-31": 7.192, "2015-04-30": "7.00800", "2015-01-31": 6.845, "2014-10-31": 6.515, "2014-07-31": 6.21, "2014-04-30": "6.70500", "2014-01-31": 6.509, "2013-10-31": 6.685, "2013-07-31": 6.84, "2013-04-30": "7.08500", "2013-01-31": 8.538, "2012-10-31": 8.436, "2012-07-31": 8.115, "2012-04-30": "7.09200", "2012-01-31": 4.844, "2011-10-31": 5.749, "2011-07-31": 6.822, "2011-04-30": "6.50400", "2011-01-31": 6.895, "2010-10-31": 5.422, "2010-07-31": 6.512, "2010-04-30": "5.99900", "2010-01-31": 5.146, "2009-10-31": 5.108, "2009-07-31": 5.074, "2009-04-30": "5.98600", "2009-01-31": 5.401, "2008-10-31": 5.049, "2008-07-31": 9.78, "2008-04-30": "5.37000", "2008-01-31": 6.549, "2007-10-31": 7.709, "2007-07-31": 7.879, "2007-04-30": "6.90200", "2007-01-31": 5.584, "2006-10-31": 6.194, "2006-07-31": 6.553, "2006-04-30": "5.97200", "2006-01-31": 0, "2005-10-31": 0, "2005-07-31": 0, "2005-04-30": "", "2005-01-31": 0}, "Common Stock Dividends Paid": {"2020-10-31": -26.426, "2020-07-31": -26.378, "2020-04-30": "-28.07000", "2020-01-31": -23.772, "2019-10-31": -23.282, "2019-07-31": -24.246, "2019-04-30": "-27.01200", "2019-01-31": -21.134, "2018-10-31": -22.099, "2018-07-31": -22.312, "2018-04-30": "-23.72800", "2018-01-31": -17.724, "2017-10-31": -17.854, "2017-07-31": -18.234, "2017-04-30": "-19.28700", "2017-01-31": -16.726, "2016-10-31": -16.756, "2016-07-31": -16.877, "2016-04-30": "-17.61300", "2016-01-31": -15.48, "2015-10-31": -15.81, "2015-07-31": -16.012, "2015-04-30": "-17.41300", "2015-01-31": -14.698, "2014-10-31": -14.9, "2014-07-31": -15.045, "2014-04-30": "-16.61900", "2014-01-31": -15.455, "2013-10-31": -15.427, "2013-07-31": -15.382, "2013-04-30": "-18.16800", "2013-01-31": -261.304, "2012-10-31": -15.251, "2012-07-31": -14.999, "2012-04-30": "-15.41800", "2012-01-31": -60.46, "2011-10-31": 0, "2011-07-31": 0, "2011-04-30": "0.00000", "2011-01-31": 0, "2010-10-31": 0, "2010-07-31": 0, "2010-04-30": "", "2010-01-31": 0, "2009-10-31": 0, "2009-07-31": 0, "2009-04-30": "", "2009-01-31": 0, "2008-10-31": 0, "2008-07-31": 0, "2008-04-30": "", "2008-01-31": 0, "2007-10-31": 0, "2007-07-31": 0, "2007-04-30": "", "2007-01-31": 0, "2006-10-31": 0, "2006-07-31": 0, "2006-04-30": "", "2006-01-31": 0, "2005-10-31": 0, "2005-07-31": 0, "2005-04-30": "", "2005-01-31": 0}}, "financial ratios": {"Current Ratio": {"2020-01-31": "1.16060", "2019-01-31": "1.41060", "2018-01-31": "1.40780", "2017-01-31": "1.42810", "2016-01-31": "1.52110", "2015-01-31": "1.60770", "2014-01-31": "1.61590", "2013-01-31": "1.59470", "2012-01-31": "1.98730", "2011-01-31": "1.84350", "2010-01-31": "1.53630", "2009-01-31": "1.71230", "2008-01-31": "1.40390", "2007-01-31": "1.53950", "2006-01-31": "1.30290", "2005-01-31": "1.31880"}, "Long-term Debt / Capital": {"2020-01-31": "0.11460", "2019-01-31": "", "2018-01-31": "0.03000", "2017-01-31": "0.00240", "2016-01-31": "0.00300", "2015-01-31": "0.00320", "2014-01-31": "0.00380", "2013-01-31": "0.00490", "2012-01-31": "0.08500", "2011-01-31": "0.09300", "2010-01-31": "0.11540", "2009-01-31": "0.16840", "2008-01-31": "0.16940", "2007-01-31": "0.22570", "2006-01-31": "0.30380", "2005-01-31": "0.45070"}, "Debt/Equity Ratio": {"2020-01-31": "0.12940", "2019-01-31": "", "2018-01-31": "0.03360", "2017-01-31": "0.00280", "2016-01-31": "0.00330", "2015-01-31": "0.00350", "2014-01-31": "0.00440", "2013-01-31": "0.01030", "2012-01-31": "0.09740", "2011-01-31": "0.10330", "2010-01-31": "0.13130", "2009-01-31": "0.20320", "2008-01-31": "0.20420", "2007-01-31": "0.29170", "2006-01-31": "0.43680", "2005-01-31": "0.82250"}, "Gross Margin": {"2020-01-31": "29.19250", "2019-01-31": "28.89540", "2018-01-31": "28.97470", "2017-01-31": "29.86350", "2016-01-31": "30.02200", "2015-01-31": "30.62110", "2014-01-31": "31.28760", "2013-01-31": "31.47920", "2012-01-31": "30.60130", "2011-01-31": "29.74510", "2010-01-31": "27.57720", "2009-01-31": "28.66860", "2008-01-31": "29.78230", "2007-01-31": "28.79420", "2006-01-31": "28.10070", "2005-01-31": "27.80540"}, "Operating Margin": {"2020-01-31": "4.29240", "2019-01-31": "5.27150", "2018-01-31": "5.55930", "2017-01-31": "5.67850", "2016-01-31": "7.36070", "2015-01-31": "8.13060", "2014-01-31": "8.63990", "2013-01-31": "8.97300", "2012-01-31": "8.28930", "2011-01-31": "6.34810", "2010-01-31": "5.11170", "2009-01-31": "0.73560", "2008-01-31": "6.91330", "2007-01-31": "6.34870", "2006-01-31": "5.05710", "2005-01-31": "5.25590"}, "EBIT Margin": {"2020-01-31": "4.29240", "2019-01-31": "5.27150", "2018-01-31": "5.55930", "2017-01-31": "5.67850", "2016-01-31": "7.36070", "2015-01-31": "8.13060", "2014-01-31": "8.63990", "2013-01-31": "8.97300", "2012-01-31": "8.28930", "2011-01-31": "6.34810", "2010-01-31": "5.11170", "2009-01-31": "0.73560", "2008-01-31": "6.91330", "2007-01-31": "6.34870", "2006-01-31": "5.05710", "2005-01-31": "5.25590"}, "EBITDA Margin": {"2020-01-31": "7.38290", "2019-01-31": "8.17270", "2018-01-31": "8.38780", "2017-01-31": "8.63030", "2016-01-31": "10.02320", "2015-01-31": "10.76370", "2014-01-31": "11.13340", "2013-01-31": "11.11650", "2012-01-31": "10.52610", "2011-01-31": "8.61430", "2010-01-31": "7.40660", "2009-01-31": "7.09240", "2008-01-31": "9.02480", "2007-01-31": "8.11260", "2006-01-31": "6.95660", "2005-01-31": "7.03940"}, "Pre-Tax Profit Margin": {"2020-01-31": "4.65910", "2019-01-31": "5.11960", "2018-01-31": "5.83600", "2017-01-31": "5.78670", "2016-01-31": "7.30130", "2015-01-31": "8.15930", "2014-01-31": "8.78950", "2013-01-31": "8.39300", "2012-01-31": "8.28940", "2011-01-31": "6.10720", "2010-01-31": "5.05740", "2009-01-31": "0.33460", "2008-01-31": "6.43130", "2007-01-31": "6.02680", "2006-01-31": "4.63370", "2005-01-31": "5.44430"}, "Net Profit Margin": {"2020-01-31": "3.39930", "2019-01-31": "3.79140", "2018-01-31": "3.76520", "2017-01-31": "3.62780", "2016-01-31": "4.54400", "2015-01-31": "5.05100", "2014-01-31": "5.43360", "2013-01-31": "4.98120", "2012-01-31": "5.06360", "2011-01-31": "3.73760", "2010-01-31": "3.06740", "2009-01-31": "-0.96520", "2008-01-31": "3.87220", "2007-01-31": "3.61610", "2006-01-31": "2.78020", "2005-01-31": "3.26660"}, "Asset Turnover": {"2020-01-31": "1.32020", "2019-01-31": "2.01490", "2018-01-31": "2.04340", "2017-01-31": "1.95200", "2016-01-31": "2.04280", "2015-01-31": "2.00920", "2014-01-31": "2.02290", "2013-01-31": "2.02100", "2012-01-31": "1.73930", "2011-01-31": "1.87540", "2010-01-31": "1.96530", "2009-01-31": "2.10520", "2008-01-31": "1.91020", "2007-01-31": "2.04310", "2006-01-31": "2.21000", "2005-01-31": "1.94410"}, "Inventory Turnover Ratio": {"2020-01-31": "2.81350", "2019-01-31": "3.28760", "2018-01-31": "3.56580", "2017-01-31": "3.39080", "2016-01-31": "3.33170", "2015-01-31": "3.39940", "2014-01-31": "3.46510", "2013-01-31": "3.64810", "2012-01-31": "3.56350", "2011-01-31": "3.81590", "2010-01-31": "3.56770", "2009-01-31": "3.44660", "2008-01-31": "3.07690", "2007-01-31": "3.45690", "2006-01-31": "3.52320", "2005-01-31": "3.32780"}, "Receiveable Turnover": {"2020-01-31": "148.48130", "2019-01-31": "191.28380", "2018-01-31": "133.10310", "2017-01-31": "102.21120", "2016-01-31": "108.80280", "2015-01-31": "72.04610", "2014-01-31": "91.29770", "2013-01-31": "115.88340", "2012-01-31": "122.77220", "2011-01-31": "110.64530", "2010-01-31": "100.62330", "2009-01-31": "65.10190", "2008-01-31": "62.68110", "2007-01-31": "56.25500", "2006-01-31": "89.39170", "2005-01-31": "55.78500"}, "Days Sales In Receivables": {"2020-01-31": "2.45820", "2019-01-31": "1.90820", "2018-01-31": "2.74220", "2017-01-31": "3.57100", "2016-01-31": "3.35470", "2015-01-31": "5.06620", "2014-01-31": "3.99790", "2013-01-31": "3.14970", "2012-01-31": "2.97300", "2011-01-31": "3.29880", "2010-01-31": "3.62740", "2009-01-31": "5.60660", "2008-01-31": "5.82310", "2007-01-31": "6.48830", "2006-01-31": "4.08320", "2005-01-31": "6.54300"}, "ROE - Return On Equity": {"2020-01-31": "17.17850", "2019-01-31": "16.79820", "2018-01-31": "16.65950", "2017-01-31": "14.89490", "2016-01-31": "18.46600", "2015-01-31": "18.78580", "2014-01-31": "19.95050", "2013-01-31": "18.31440", "2012-01-31": "16.16330", "2011-01-31": "13.35290", "2010-01-31": "12.49590", "2009-01-31": "-4.46130", "2008-01-31": "16.94570", "2007-01-31": "18.14700", "2006-01-31": "17.59430", "2005-01-31": "21.96760"}, "Return On Tangible Equity": {"2020-01-31": "21.38520", "2019-01-31": "20.99510", "2018-01-31": "20.80780", "2017-01-31": "18.61860", "2016-01-31": "22.33650", "2015-01-31": "22.62270", "2014-01-31": "24.22960", "2013-01-31": "22.57360", "2012-01-31": "19.10060", "2011-01-31": "16.37510", "2010-01-31": "16.20920", "2009-01-31": "-6.16970", "2008-01-31": "29.86730", "2007-01-31": "24.77430", "2006-01-31": "28.26880", "2005-01-31": "44.05070"}, "ROA - Return On Assets": {"2020-01-31": "4.48760", "2019-01-31": "7.63920", "2018-01-31": "7.69390", "2017-01-31": "7.08170", "2016-01-31": "9.28240", "2015-01-31": "10.14820", "2014-01-31": "10.99140", "2013-01-31": "10.06680", "2012-01-31": "8.80730", "2011-01-31": "7.00960", "2010-01-31": "6.02850", "2009-01-31": "-2.03200", "2008-01-31": "7.39650", "2007-01-31": "7.38790", "2006-01-31": "6.14420", "2005-01-31": "6.35040"}, "ROI - Return On Investment": {"2020-01-31": "15.21000", "2019-01-31": "16.79820", "2018-01-31": "16.15940", "2017-01-31": "14.85890", "2016-01-31": "18.41120", "2015-01-31": "18.72540", "2014-01-31": "19.87440", "2013-01-31": "18.22530", "2012-01-31": "14.79010", "2011-01-31": "12.11080", "2010-01-31": "11.05430", "2009-01-31": "-3.71000", "2008-01-31": "14.07550", "2007-01-31": "14.05150", "2006-01-31": "12.24880", "2005-01-31": "12.06670"}, "Book Value Per Share": {"2020-01-31": "20.72600", "2019-01-31": "20.29030", "2018-01-31": "18.84440", "2017-01-31": "17.48820", "2016-01-31": "16.01030", "2015-01-31": "15.51330", "2014-01-31": "13.98880", "2013-01-31": "12.90440", "2012-01-31": "13.45660", "2011-01-31": "11.48470", "2010-01-31": "9.43500", "2009-01-31": "7.95430", "2008-01-31": "7.99420", "2007-01-31": "5.84480", "2006-01-31": "4.12520", "2005-01-31": "3.21180"}, "Operating Cash Flow Per Share": {"2020-01-31": -2.6727, "2019-01-31": 0.2786, "2018-01-31": 0.0841, "2017-01-31": 1.2845, "2016-01-31": 0.57, "2015-01-31": 1.7835, "2014-01-31": -0.2638, "2013-01-31": 0.2153, "2012-01-31": 0.0596, "2011-01-31": -0.1987, "2010-01-31": 1.9712, "2009-01-31": -0.8248, "2008-01-31": 0.9959, "2007-01-31": -0.3005, "2006-01-31": 0.5417, "2005-01-31": 1.0189}, "Free Cash Flow Per Share": {"2020-01-31": -3.1076, "2019-01-31": 2.681, "2018-01-31": -0.565, "2017-01-31": 0.6928, "2016-01-31": 0.2805, "2015-01-31": 1.1787, "2014-01-31": -0.7993, "2013-01-31": 0.0815, "2012-01-31": -0.2382, "2011-01-31": -0.3163, "2010-01-31": 2.4752, "2009-01-31": -1.0385, "2008-01-31": 0.9876, "2007-01-31": -0.3854, "2006-01-31": 0.1469, "2005-01-31": 0.0274}}, "financial ratios, quarterly": {"Current Ratio": {"2020-10-31": "1.39700", "2020-07-31": "1.35470", "2020-04-30": "2.03520", "2020-01-31": "1.16060", "2019-10-31": "1.38200", "2019-07-31": "1.28080", "2019-04-30": "1.31490", "2019-01-31": "1.41060", "2018-10-31": "1.60570", "2018-07-31": "1.53010", "2018-04-30": "1.64840", "2018-01-31": "1.40780", "2017-10-31": "1.60670", "2017-07-31": "1.50860", "2017-04-30": "1.48870", "2017-01-31": "1.42810", "2016-10-31": "1.57240", "2016-07-31": "1.58460", "2016-04-30": "1.61350", "2016-01-31": "1.52110", "2015-10-31": "1.60690", "2015-07-31": "1.52110", "2015-04-30": "1.53250", "2015-01-31": "1.60770", "2014-10-31": "1.64910", "2014-07-31": "1.55110", "2014-04-30": "1.59090", "2014-01-31": "1.61590", "2013-10-31": "1.62950", "2013-07-31": "1.61170", "2013-04-30": "1.52240", "2013-01-31": "1.59470", "2012-10-31": "1.68690", "2012-07-31": "1.73440", "2012-04-30": "1.60210", "2012-01-31": "1.98730", "2011-10-31": "1.87190", "2011-07-31": "1.87140", "2011-04-30": "1.81820", "2011-01-31": "1.84350", "2010-10-31": "1.58100", "2010-07-31": "1.57950", "2010-04-30": "1.55140", "2010-01-31": "1.53630", "2009-10-31": "1.50870", "2009-07-31": "1.45240", "2009-04-30": "1.51620", "2009-01-31": "1.71230", "2008-10-31": "1.71090", "2008-07-31": "1.51180", "2008-04-30": "1.58960", "2008-01-31": "1.40390", "2007-10-31": "1.56390", "2007-07-31": "1.47420", "2007-04-30": "1.51940", "2007-01-31": "1.53950", "2006-10-31": "1.47120", "2006-07-31": "1.43430", "2006-04-30": "1.39540", "2006-01-31": "1.30290", "2005-10-31": "1.55390", "2005-07-31": "1.49220", "2005-04-30": "1.36140", "2005-01-31": "1.31880"}, "Long-term Debt / Capital": {"2020-10-31": "0.16240", "2020-07-31": "0.17330", "2020-04-30": "0.52220", "2020-01-31": "0.11460", "2019-10-31": "0.29620", "2019-07-31": "0.20010", "2019-04-30": "0.16830", "2019-01-31": "", "2018-10-31": "0.17150", "2018-07-31": "0.05310", "2018-04-30": "0.12860", "2018-01-31": "0.03000", "2017-10-31": "0.21600", "2017-07-31": "0.09050", "2017-04-30": "0.04710", "2017-01-31": "0.00240", "2016-10-31": "0.12440", "2016-07-31": "0.07900", "2016-04-30": "0.08280", "2016-01-31": "0.00300", "2015-10-31": "0.16800", "2015-07-31": "0.00310", "2015-04-30": "0.03170", "2015-01-31": "0.00320", "2014-10-31": "0.14690", "2014-07-31": "0.00370", "2014-04-30": "0.00360", "2014-01-31": "0.00380", "2013-10-31": "0.06750", "2013-07-31": "0.00380", "2013-04-30": "0.00450", "2013-01-31": "0.00490", "2012-10-31": "0.00820", "2012-07-31": "0.00890", "2012-04-30": "0.00900", "2012-01-31": "0.08500", "2011-10-31": "0.08180", "2011-07-31": "0.08450", "2011-04-30": "0.08880", "2011-01-31": "0.09300", "2010-10-31": "0.10670", "2010-07-31": "0.10590", "2010-04-30": "0.11090", "2010-01-31": "0.11540", "2009-10-31": "0.06680", "2009-07-31": "0.02840", "2009-04-30": "0.12050", "2009-01-31": "0.16840", "2008-10-31": "0.26960", "2008-07-31": "0.16400", "2008-04-30": "0.24790", "2008-01-31": "0.16940", "2007-10-31": "0.28490", "2007-07-31": "0.23130", "2007-04-30": "0.33120", "2007-01-31": "0.22570", "2006-10-31": "0.35830", "2006-07-31": "0.31730", "2006-04-30": "0.34280", "2006-01-31": "0.30380", "2005-10-31": "0.51760", "2005-07-31": "0.46210", "2005-04-30": "0.49030", "2005-01-31": "0.45070"}, "Debt/Equity Ratio": {"2020-10-31": "0.19380", "2020-07-31": "0.20960", "2020-04-30": "1.09280", "2020-01-31": "0.12940", "2019-10-31": "0.42090", "2019-07-31": "0.25010", "2019-04-30": "0.20240", "2019-01-31": "", "2018-10-31": "0.20700", "2018-07-31": "0.05610", "2018-04-30": "0.14760", "2018-01-31": "0.03360", "2017-10-31": "0.27830", "2017-07-31": "0.09980", "2017-04-30": "0.04980", "2017-01-31": "0.00280", "2016-10-31": "0.14250", "2016-07-31": "0.08620", "2016-04-30": "0.09060", "2016-01-31": "0.00330", "2015-10-31": "0.20220", "2015-07-31": "0.00340", "2015-04-30": "0.03300", "2015-01-31": "0.00350", "2014-10-31": "0.17250", "2014-07-31": "0.00390", "2014-04-30": "0.00390", "2014-01-31": "0.00440", "2013-10-31": "0.07690", "2013-07-31": "0.00880", "2013-04-30": "0.00990", "2013-01-31": "0.01030", "2012-10-31": "0.01330", "2012-07-31": "0.01430", "2012-04-30": "0.09590", "2012-01-31": "0.09740", "2011-10-31": "0.08970", "2011-07-31": "0.09290", "2011-04-30": "0.09820", "2011-01-31": "0.10330", "2010-10-31": "0.12020", "2010-07-31": "0.11930", "2010-04-30": "0.12560", "2010-01-31": "0.13130", "2009-10-31": "0.07260", "2009-07-31": "0.02980", "2009-04-30": "0.13770", "2009-01-31": "0.20320", "2008-10-31": "0.36930", "2008-07-31": "0.19640", "2008-04-30": "0.32980", "2008-01-31": "0.20420", "2007-10-31": "0.39860", "2007-07-31": "0.30120", "2007-04-30": "0.49530", "2007-01-31": "0.29170", "2006-10-31": "0.55870", "2006-07-31": "0.46510", "2006-04-30": "0.52210", "2006-01-31": "0.43680", "2005-10-31": "1.07460", "2005-07-31": "0.86070", "2005-04-30": "0.96390", "2005-01-31": "0.82250"}, "Gross Margin": {"2020-10-31": "34.91440", "2020-07-31": "34.52810", "2020-04-30": "16.45090", "2020-01-31": "28.10020", "2019-10-31": "29.59130", "2019-07-31": "29.96930", "2019-04-30": "29.35470", "2019-01-31": "27.87130", "2018-10-31": "28.18940", "2018-07-31": "30.27710", "2018-04-30": "29.34300", "2018-01-31": "29.12230", "2017-10-31": "27.47270", "2017-07-31": "29.54330", "2017-04-30": "29.68710", "2017-01-31": "28.98270", "2016-10-31": "30.53800", "2016-07-31": "30.35680", "2016-04-30": "29.86110", "2016-01-31": "29.99780", "2015-10-31": "29.73140", "2015-07-31": "30.36560", "2015-04-30": "29.96140", "2015-01-31": "32.00250", "2014-10-31": "29.60500", "2014-07-31": "29.75660", "2014-04-30": "30.64010", "2014-01-31": "32.25130", "2013-10-31": "30.33640", "2013-07-31": "31.29950", "2013-04-30": "30.86550", "2013-01-31": "32.60680", "2012-10-31": "30.95290", "2012-07-31": "31.15990", "2012-04-30": "30.78770", "2012-01-31": "31.81850", "2011-10-31": "29.71860", "2011-07-31": "30.69390", "2011-04-30": "29.66680", "2011-01-31": "31.57480", "2010-10-31": "28.45930", "2010-07-31": "29.37410", "2010-04-30": "28.85070", "2010-01-31": "29.16240", "2009-10-31": "26.95760", "2009-07-31": "27.50360", "2009-04-30": "26.09490", "2009-01-31": "29.16570", "2008-10-31": "27.38610", "2008-07-31": "29.42650", "2008-04-30": "28.40730", "2008-01-31": "31.03380", "2007-10-31": "28.45190", "2007-07-31": "29.47050", "2007-04-30": "29.67860", "2007-01-31": "31.21020", "2006-10-31": "27.01160", "2006-07-31": "28.25390", "2006-04-30": "27.52370", "2006-01-31": "30.34680", "2005-10-31": "26.33660", "2005-07-31": "28.04240", "2005-04-30": "26.62240", "2005-01-31": "28.72330"}, "Operating Margin": {"2020-10-31": "10.20240", "2020-07-31": "14.42330", "2020-04-30": "-13.96410", "2020-01-31": "3.79170", "2019-10-31": "2.32520", "2019-07-31": "6.86090", "2019-04-30": "3.96070", "2019-01-31": "5.69830", "2018-10-31": "2.84640", "2018-07-31": "7.46400", "2018-04-30": "4.57300", "2018-01-31": "6.69320", "2017-10-31": "2.57180", "2017-07-31": "7.38050", "2017-04-30": "4.93450", "2017-01-31": "5.56550", "2016-10-31": "4.07420", "2016-07-31": "7.47870", "2016-04-30": "5.46340", "2016-01-31": "9.27620", "2015-10-31": "4.69250", "2015-07-31": "8.14090", "2015-04-30": "6.51070", "2015-01-31": "11.59620", "2014-10-31": "5.23560", "2014-07-31": "6.60560", "2014-04-30": "7.78980", "2014-01-31": "11.45340", "2013-10-31": "5.64410", "2013-07-31": "8.95210", "2013-04-30": "7.31930", "2013-01-31": "11.69360", "2012-10-31": "6.26440", "2012-07-31": "9.36930", "2012-04-30": "7.46940", "2012-01-31": "11.43770", "2011-10-31": "6.06610", "2011-07-31": "8.54760", "2011-04-30": "5.78550", "2011-01-31": "9.61160", "2010-10-31": "2.61430", "2010-07-31": "7.18220", "2010-04-30": "4.48600", "2010-01-31": "8.45970", "2009-10-31": "3.20830", "2009-07-31": "5.66460", "2009-04-30": "1.76280", "2009-01-31": "-7.69100", "2008-10-31": "1.47180", "2008-07-31": "6.94390", "2008-04-30": "3.75150", "2008-01-31": "10.27940", "2007-10-31": "2.58480", "2007-07-31": "8.20920", "2007-04-30": "4.77090", "2007-01-31": "11.21680", "2006-10-31": "2.20360", "2006-07-31": "6.22670", "2006-04-30": "3.29650", "2006-01-31": "10.97560", "2005-10-31": "1.86520", "2005-07-31": "6.12020", "2005-04-30": "-1.65070", "2005-01-31": "7.93700"}, "EBIT Margin": {"2020-10-31": "10.20240", "2020-07-31": "14.42330", "2020-04-30": "-13.96410", "2020-01-31": "3.79170", "2019-10-31": "2.32520", "2019-07-31": "6.86090", "2019-04-30": "3.96070", "2019-01-31": "5.69830", "2018-10-31": "2.84640", "2018-07-31": "7.46400", "2018-04-30": "4.57300", "2018-01-31": "6.69320", "2017-10-31": "2.57180", "2017-07-31": "7.38050", "2017-04-30": "4.93450", "2017-01-31": "5.56550", "2016-10-31": "4.07420", "2016-07-31": "7.47870", "2016-04-30": "5.46340", "2016-01-31": "9.27620", "2015-10-31": "4.69250", "2015-07-31": "8.14090", "2015-04-30": "6.51070", "2015-01-31": "11.59620", "2014-10-31": "5.23560", "2014-07-31": "6.60560", "2014-04-30": "7.78980", "2014-01-31": "11.45340", "2013-10-31": "5.64410", "2013-07-31": "8.95210", "2013-04-30": "7.31930", "2013-01-31": "11.69370", "2012-10-31": "6.26440", "2012-07-31": "9.36930", "2012-04-30": "7.46940", "2012-01-31": "11.43770", "2011-10-31": "6.06610", "2011-07-31": "8.54760", "2011-04-30": "5.78550", "2011-01-31": "9.61160", "2010-10-31": "2.61430", "2010-07-31": "7.18220", "2010-04-30": "4.48600", "2010-01-31": "8.45970", "2009-10-31": "3.20830", "2009-07-31": "5.66460", "2009-04-30": "1.76280", "2009-01-31": "-7.69100", "2008-10-31": "1.47180", "2008-07-31": "6.94390", "2008-04-30": "3.75150", "2008-01-31": "10.27940", "2007-10-31": "2.58480", "2007-07-31": "8.20920", "2007-04-30": "4.77090", "2007-01-31": "11.21680", "2006-10-31": "2.20360", "2006-07-31": "6.22670", "2006-04-30": "3.29650", "2006-01-31": "10.97560", "2005-10-31": "1.86520", "2005-07-31": "6.12020", "2005-04-30": "-1.65070", "2005-01-31": "7.93710"}, "EBITDA Margin": {"2020-10-31": "", "2020-07-31": "", "2020-04-30": "", "2020-01-31": "", "2019-10-31": "", "2019-07-31": "", "2019-04-30": "", "2019-01-31": "", "2018-10-31": "", "2018-07-31": "", "2018-04-30": "", "2018-01-31": "", "2017-10-31": "", "2017-07-31": "", "2017-04-30": "", "2017-01-31": "", "2016-10-31": "", "2016-07-31": "", "2016-04-30": "", "2016-01-31": "", "2015-10-31": "", "2015-07-31": "", "2015-04-30": "", "2015-01-31": "", "2014-10-31": "", "2014-07-31": "", "2014-04-30": "", "2014-01-31": "", "2013-10-31": "", "2013-07-31": "", "2013-04-30": "", "2013-01-31": "", "2012-10-31": "", "2012-07-31": "", "2012-04-30": "", "2012-01-31": "", "2011-10-31": "", "2011-07-31": "", "2011-04-30": "", "2011-01-31": "", "2010-10-31": "", "2010-07-31": "", "2010-04-30": "", "2010-01-31": "", "2009-10-31": "", "2009-07-31": "", "2009-04-30": "", "2009-01-31": "", "2008-10-31": "", "2008-07-31": "", "2008-04-30": "", "2008-01-31": "", "2007-10-31": "", "2007-07-31": "", "2007-04-30": "", "2007-01-31": "", "2006-10-31": "", "2006-07-31": "", "2006-04-30": "", "2006-01-31": "", "2005-10-31": "", "2005-07-31": "", "2005-04-30": "", "2005-01-31": ""}, "Pre-Tax Profit Margin": {"2020-10-31": "9.82830", "2020-07-31": "14.41690", "2020-04-30": "-15.58170", "2020-01-31": "3.82550", "2019-10-31": "3.93160", "2019-07-31": "6.68530", "2019-04-30": "4.15110", "2019-01-31": "5.46830", "2018-10-31": "2.70250", "2018-07-31": "7.42430", "2018-04-30": "4.38760", "2018-01-31": "6.76700", "2017-10-31": "2.97970", "2017-07-31": "7.94860", "2017-04-30": "5.02300", "2017-01-31": "5.75910", "2016-10-31": "4.21300", "2016-07-31": "7.49450", "2016-04-30": "5.51980", "2016-01-31": "9.16110", "2015-10-31": "4.55490", "2015-07-31": "8.08640", "2015-04-30": "6.60750", "2015-01-31": "11.56490", "2014-10-31": "5.21120", "2014-07-31": "6.67970", "2014-04-30": "7.91170", "2014-01-31": "11.48950", "2013-10-31": "5.78970", "2013-07-31": "9.01860", "2013-04-30": "7.73430", "2013-01-31": "11.74390", "2012-10-31": "6.28360", "2012-07-31": "7.04340", "2012-04-30": "7.34580", "2012-01-31": "11.28800", "2011-10-31": "5.63310", "2011-07-31": "9.30550", "2011-04-30": "5.57220", "2011-01-31": "9.45160", "2010-10-31": "2.39730", "2010-07-31": "6.84390", "2010-04-30": "4.21680", "2010-01-31": "8.41920", "2009-10-31": "3.19080", "2009-07-31": "5.65660", "2009-04-30": "1.59700", "2009-01-31": "-8.18790", "2008-10-31": "0.93970", "2008-07-31": "6.53980", "2008-04-30": "3.61420", "2008-01-31": "9.44000", "2007-10-31": "2.37910", "2007-07-31": "7.85110", "2007-04-30": "4.38150", "2007-01-31": "10.99730", "2006-10-31": "1.83410", "2006-07-31": "5.83080", "2006-04-30": "2.94810", "2006-01-31": "10.60020", "2005-10-31": "1.19660", "2005-07-31": "5.92160", "2005-04-30": "-2.14030", "2005-01-31": "8.95580"}, "Net Profit Margin": {"2020-10-31": "7.34690", "2020-07-31": "10.20290", "2020-04-30": "-10.75750", "2020-01-31": "2.67640", "2019-10-31": "2.93470", "2019-07-31": "4.98110", "2019-04-30": "2.99500", "2019-01-31": "4.11520", "2018-10-31": "2.03670", "2018-07-31": "5.48320", "2018-04-30": "3.14630", "2018-01-31": "4.35240", "2017-10-31": "1.89860", "2017-07-31": "5.21050", "2017-04-30": "3.18830", "2017-01-31": "3.63160", "2016-10-31": "2.70190", "2016-07-31": "4.64550", "2016-04-30": "3.42560", "2016-01-31": "5.75840", "2015-10-31": "2.87440", "2015-07-31": "4.98300", "2015-04-30": "4.04680", "2015-01-31": "7.20070", "2014-10-31": "3.22340", "2014-07-31": "4.11320", "2014-04-30": "4.86370", "2014-01-31": "7.11900", "2013-10-31": "3.56820", "2013-07-31": "5.49570", "2013-04-30": "4.86020", "2013-01-31": "7.18720", "2012-10-31": "3.82140", "2012-07-31": "3.73430", "2012-04-30": "4.45950", "2012-01-31": "6.89250", "2011-10-31": "3.51650", "2011-07-31": "5.65150", "2011-04-30": "3.36650", "2011-01-31": "5.76000", "2010-10-31": "1.56290", "2010-07-31": "4.20170", "2010-04-30": "2.50200", "2010-01-31": "5.03960", "2009-10-31": "1.90480", "2009-07-31": "3.45460", "2009-04-30": "1.06510", "2009-01-31": "-8.74450", "2008-10-31": "0.66910", "2008-07-31": "3.67650", "2008-04-30": "2.14940", "2008-01-31": "5.66560", "2007-10-31": "1.45830", "2007-07-31": "4.72950", "2007-04-30": "2.63500", "2007-01-31": "6.59830", "2006-10-31": "1.10050", "2006-07-31": "3.49860", "2006-04-30": "1.76890", "2006-01-31": "6.36020", "2005-10-31": "0.71790", "2005-07-31": "3.55290", "2005-04-30": "-1.28420", "2005-01-31": "5.37340"}, "Asset Turnover": {"2020-10-31": "0.31880", "2020-07-31": "0.37940", "2020-04-30": "0.16760", "2020-01-31": "0.39350", "2019-10-31": "0.27230", "2019-07-31": "0.32670", "2019-04-30": "0.27790", "2019-01-31": "0.59520", "2018-10-31": "0.40520", "2018-07-31": "0.51290", "2018-04-30": "0.44210", "2018-01-31": "0.63370", "2017-10-31": "0.40630", "2017-07-31": "0.49070", "2017-04-30": "0.42130", "2017-01-31": "0.61190", "2016-10-31": "0.41310", "2016-07-31": "0.49350", "2016-04-30": "0.42810", "2016-01-31": "0.62930", "2015-10-31": "0.40770", "2015-07-31": "0.50090", "2015-04-30": "0.44800", "2015-01-31": "0.63680", "2014-10-31": "0.41760", "2014-07-31": "0.51880", "2014-04-30": "0.44010", "2014-01-31": "0.63400", "2013-10-31": "0.41840", "2013-07-31": "0.50720", "2013-04-30": "0.45400", "2013-01-31": "0.62510", "2012-10-31": "0.42740", "2012-07-31": "0.50190", "2012-04-30": "0.41950", "2012-01-31": "0.53780", "2011-10-31": "0.39660", "2011-07-31": "0.45630", "2011-04-30": "0.40150", "2011-01-31": "0.58480", "2010-10-31": "0.42280", "2010-07-31": "0.50360", "2010-04-30": "0.44360", "2010-01-31": "0.59530", "2009-10-31": "0.43530", "2009-07-31": "0.54950", "2009-04-30": "0.46340", "2009-01-31": "0.61550", "2008-10-31": "0.38990", "2008-07-31": "0.51100", "2008-04-30": "0.41640", "2008-01-31": "0.59570", "2007-10-31": "0.40510", "2007-07-31": "0.54890", "2007-04-30": "0.44200", "2007-01-31": "0.67330", "2006-10-31": "0.44890", "2006-07-31": "0.54250", "2006-04-30": "0.48740", "2006-01-31": "0.71520", "2005-10-31": "0.42730", "2005-07-31": "0.51320", "2005-04-30": "0.46670", "2005-01-31": "0.72630"}, "Inventory Turnover Ratio": {"2020-10-31": "0.67670", "2020-07-31": "0.94740", "2020-04-30": "0.53120", "2020-01-31": "0.85170", "2019-10-31": "0.53690", "2019-07-31": "0.74040", "2019-04-30": "0.63350", "2019-01-31": "0.98510", "2018-10-31": "0.60710", "2018-07-31": "0.84540", "2018-04-30": "0.73220", "2018-01-31": "1.10350", "2017-10-31": "0.64730", "2017-07-31": "0.79240", "2017-04-30": "0.66960", "2017-01-31": "1.07630", "2016-10-31": "0.60100", "2016-07-31": "0.79890", "2016-04-30": "0.66810", "2016-01-31": "1.02680", "2015-10-31": "0.57800", "2015-07-31": "0.78570", "2015-04-30": "0.67520", "2015-01-31": "1.05610", "2014-10-31": "0.60890", "2014-07-31": "0.83620", "2014-04-30": "0.67400", "2014-01-31": "1.07080", "2013-10-31": "0.62150", "2013-07-31": "0.82500", "2013-04-30": "0.70240", "2013-01-31": "1.10990", "2012-10-31": "0.65520", "2012-07-31": "0.87190", "2012-04-30": "0.73820", "2012-01-31": "1.08250", "2011-10-31": "0.66690", "2011-07-31": "0.88190", "2011-04-30": "0.74270", "2011-01-31": "1.15880", "2010-10-31": "0.66420", "2010-07-31": "0.87840", "2010-04-30": "0.73810", "2010-01-31": "1.05700", "2009-10-31": "0.65530", "2009-07-31": "0.86450", "2009-04-30": "0.72380", "2009-01-31": "1.00070", "2008-10-31": "0.58750", "2008-07-31": "0.84000", "2008-04-30": "0.67280", "2008-01-31": "0.94240", "2007-10-31": "0.58560", "2007-07-31": "0.90290", "2007-04-30": "0.70760", "2007-01-31": "1.10060", "2006-10-31": "0.65680", "2006-07-31": "0.82700", "2006-04-30": "0.71990", "2006-01-31": "1.10460", "2005-10-31": "0.63600", "2005-07-31": "0.83370", "2005-04-30": "0.78540", "2005-01-31": "1.22740"}, "Receiveable Turnover": {"2020-10-31": "29.17940", "2020-07-31": "33.08470", "2020-04-30": "8.48190", "2020-01-31": "44.26320", "2019-10-31": "22.40340", "2019-07-31": "32.98840", "2019-04-30": "33.80460", "2019-01-31": "56.50360", "2018-10-31": "27.32050", "2018-07-31": "32.23280", "2018-04-30": "26.80570", "2018-01-31": "41.27860", "2017-10-31": "12.00930", "2017-07-31": "22.06420", "2017-04-30": "20.75000", "2017-01-31": "32.04180", "2016-10-31": "11.77290", "2016-07-31": "13.41920", "2016-04-30": "14.46800", "2016-01-31": "33.52020", "2015-10-31": "15.62550", "2015-07-31": "16.36350", "2015-04-30": "22.48390", "2015-01-31": "22.83670", "2014-10-31": "15.53000", "2014-07-31": "15.55490", "2014-04-30": "19.61970", "2014-01-31": "28.61580", "2013-10-31": "12.07180", "2013-07-31": "17.51990", "2013-04-30": "27.04510", "2013-01-31": "35.84650", "2012-10-31": "21.87120", "2012-07-31": "23.34790", "2012-04-30": "27.81600", "2012-01-31": "37.96270", "2011-10-31": "11.94660", "2011-07-31": "22.82880", "2011-04-30": "22.65350", "2011-01-31": "34.49880", "2010-10-31": "11.65410", "2010-07-31": "23.37850", "2010-04-30": "23.23360", "2010-01-31": "30.47750", "2009-10-31": "16.09590", "2009-07-31": "33.51580", "2009-04-30": "27.67590", "2009-01-31": "19.03390", "2008-10-31": "7.87260", "2008-07-31": "12.91450", "2008-04-30": "12.03630", "2008-01-31": "19.54730", "2007-10-31": "12.13320", "2007-07-31": "16.21110", "2007-04-30": "11.25870", "2007-01-31": "18.53890", "2006-10-31": "8.96390", "2006-07-31": "13.82620", "2006-04-30": "15.47920", "2006-01-31": "28.92920", "2005-10-31": "9.55140", "2005-07-31": "10.48980", "2005-04-30": "9.41810", "2005-01-31": "20.84070"}, "Days Sales In Receivables": {"2020-10-31": "3.08440", "2020-07-31": "2.72030", "2020-04-30": "10.61090", "2020-01-31": "2.03330", "2019-10-31": "4.01720", "2019-07-31": "2.72820", "2019-04-30": "2.66240", "2019-01-31": "1.59280", "2018-10-31": "3.29420", "2018-07-31": "2.79220", "2018-04-30": "3.35750", "2018-01-31": "2.18030", "2017-10-31": "7.49420", "2017-07-31": "4.07900", "2017-04-30": "4.33740", "2017-01-31": "2.80880", "2016-10-31": "7.64470", "2016-07-31": "6.70680", "2016-04-30": "6.22060", "2016-01-31": "2.68500", "2015-10-31": "5.75980", "2015-07-31": "5.50000", "2015-04-30": "4.00290", "2015-01-31": "3.94100", "2014-10-31": "5.79520", "2014-07-31": "5.78600", "2014-04-30": "4.58720", "2014-01-31": "3.14510", "2013-10-31": "7.45540", "2013-07-31": "5.13700", "2013-04-30": "3.32780", "2013-01-31": "2.51070", "2012-10-31": "4.11500", "2012-07-31": "3.85470", "2012-04-30": "3.23560", "2012-01-31": "2.37070", "2011-10-31": "7.53350", "2011-07-31": "3.94240", "2011-04-30": "3.97290", "2011-01-31": "2.60880", "2010-10-31": "7.72260", "2010-07-31": "3.84970", "2010-04-30": "3.87370", "2010-01-31": "2.95300", "2009-10-31": "5.59150", "2009-07-31": "2.68530", "2009-04-30": "3.25190", "2009-01-31": "4.72840", "2008-10-31": "11.43200", "2008-07-31": "6.96890", "2008-04-30": "7.47740", "2008-01-31": "4.60420", "2007-10-31": "7.41760", "2007-07-31": "5.55180", "2007-04-30": "7.99380", "2007-01-31": "4.85470", "2006-10-31": "10.04030", "2006-07-31": "6.50940", "2006-04-30": "5.81430", "2006-01-31": "3.11100", "2005-10-31": "9.42270", "2005-07-31": "8.57980", "2005-04-30": "9.55600", "2005-01-31": "4.31850"}, "ROE - Return On Equity": {"2020-10-31": "8.35280", "2020-07-31": "14.34200", "2020-04-30": "-8.57770", "2020-01-31": "4.03210", "2019-10-31": "3.36960", "2019-07-31": "6.37560", "2019-04-30": "3.15030", "2019-01-31": "5.38580", "2018-10-31": "2.04800", "2018-07-31": "6.18240", "2018-04-30": "3.16540", "2018-01-31": "5.97230", "2017-10-31": "1.97080", "2017-07-31": "5.84950", "2017-04-30": "2.96790", "2017-01-31": "4.67420", "2016-10-31": "2.61590", "2016-07-31": "4.99660", "2016-04-30": "3.15260", "2016-01-31": "7.20950", "2015-10-31": "2.73980", "2015-07-31": "4.95440", "2015-04-30": "3.63400", "2015-01-31": "8.48890", "2014-10-31": "2.95710", "2014-07-31": "4.09380", "2014-04-30": "4.03320", "2014-01-31": "8.19280", "2013-10-31": "2.94320", "2013-07-31": "5.05650", "2013-04-30": "4.11160", "2013-01-31": "8.17410", "2012-10-31": "2.94080", "2012-07-31": "3.32880", "2012-04-30": "3.58090", "2012-01-31": "6.80300", "2011-10-31": "2.65520", "2011-07-31": "4.89010", "2011-04-30": "2.61830", "2011-01-31": "6.41610", "2010-10-31": "1.37970", "2010-07-31": "4.33370", "2010-04-30": "2.31800", "2010-01-31": "6.21840", "2009-10-31": "1.87270", "2009-07-31": "4.06180", "2009-04-30": "1.12130", "2009-01-31": "-11.81680", "2008-10-31": "0.62410", "2008-07-31": "4.09680", "2008-04-30": "2.13490", "2008-01-31": "7.73220", "2007-10-31": "1.51770", "2007-07-31": "6.18770", "2007-04-30": "3.16560", "2007-01-31": "10.91240", "2006-10-31": "1.53950", "2006-07-31": "5.36780", "2006-04-30": "2.59870", "2006-01-31": "13.02580", "2005-10-31": "1.17070", "2005-07-31": "6.28370", "2005-04-30": "-2.32270", "2005-01-31": "13.50000"}, "Return On Tangible Equity": {"2020-10-31": "9.93250", "2020-07-31": "17.39120", "2020-04-30": "-10.76340", "2020-01-31": "5.01940", "2019-10-31": "4.29990", "2019-07-31": "8.11040", "2019-04-30": "3.97550", "2019-01-31": "6.73150", "2018-10-31": "2.58240", "2018-07-31": "7.71610", "2018-04-30": "3.97190", "2018-01-31": "7.45940", "2017-10-31": "2.48910", "2017-07-31": "7.30620", "2017-04-30": "3.69180", "2017-01-31": "5.84270", "2016-10-31": "3.19260", "2016-07-31": "6.09880", "2016-04-30": "3.80580", "2016-01-31": "8.72070", "2015-10-31": "3.34170", "2015-07-31": "5.95800", "2015-04-30": "4.42250", "2015-01-31": "10.22280", "2014-10-31": "3.63890", "2014-07-31": "4.92190", "2014-04-30": "4.87070", "2014-01-31": "9.95000", "2013-10-31": "3.57330", "2013-07-31": "6.16130", "2013-04-30": "5.07380", "2013-01-31": "10.07510", "2012-10-31": "3.56780", "2012-07-31": "4.01550", "2012-04-30": "4.31280", "2012-01-31": "8.03930", "2011-10-31": "3.16430", "2011-07-31": "5.86810", "2011-04-30": "3.17740", "2011-01-31": "7.86830", "2010-10-31": "1.73070", "2010-07-31": "5.47720", "2010-04-30": "2.96930", "2010-01-31": "8.06620", "2009-10-31": "2.48600", "2009-07-31": "5.47150", "2009-04-30": "1.53830", "2009-01-31": "-16.34210", "2008-10-31": "1.05140", "2008-07-31": "6.97160", "2008-04-30": "3.79890", "2008-01-31": "13.62820", "2007-10-31": "2.63950", "2007-07-31": "10.54690", "2007-04-30": "5.93760", "2007-01-31": "14.89770", "2006-10-31": "2.22900", "2006-07-31": "7.98030", "2006-04-30": "4.03820", "2006-01-31": "20.92850", "2005-10-31": "2.09340", "2005-07-31": "11.30800", "2005-04-30": "-4.62840", "2005-01-31": "27.07100"}, "ROA - Return On Assets": {"2020-10-31": "2.34240", "2020-07-31": "3.87050", "2020-04-30": "-1.80350", "2020-01-31": "1.05330", "2019-10-31": "0.79900", "2019-07-31": "1.62730", "2019-04-30": "0.83220", "2019-01-31": "2.44930", "2018-10-31": "0.82520", "2018-07-31": "2.81250", "2018-04-30": "1.39100", "2018-01-31": "2.75820", "2017-10-31": "0.77140", "2017-07-31": "2.55690", "2017-04-30": "1.34320", "2017-01-31": "2.22230", "2016-10-31": "1.11620", "2016-07-31": "2.29250", "2016-04-30": "1.46650", "2016-01-31": "3.62400", "2015-10-31": "1.17180", "2015-07-31": "2.49620", "2015-04-30": "1.81290", "2015-01-31": "4.58580", "2014-10-31": "1.34620", "2014-07-31": "2.13380", "2014-04-30": "2.14060", "2014-01-31": "4.51370", "2013-10-31": "1.49280", "2013-07-31": "2.78730", "2013-04-30": "2.20640", "2013-01-31": "4.49300", "2012-10-31": "1.63340", "2012-07-31": "1.87440", "2012-04-30": "1.87080", "2012-01-31": "3.70690", "2011-10-31": "1.39460", "2011-07-31": "2.57900", "2011-04-30": "1.35170", "2011-01-31": "3.36820", "2010-10-31": "0.66080", "2010-07-31": "2.11600", "2010-04-30": "1.11000", "2010-01-31": "3.00000", "2009-10-31": "0.82930", "2009-07-31": "1.89840", "2009-04-30": "0.49350", "2009-01-31": "-5.38230", "2008-10-31": "0.26090", "2008-07-31": "1.87860", "2008-04-30": "0.89500", "2008-01-31": "3.37500", "2007-10-31": "0.59080", "2007-07-31": "2.59620", "2007-04-30": "1.16480", "2007-01-31": "4.44260", "2006-10-31": "0.49400", "2006-07-31": "1.89790", "2006-04-30": "0.86210", "2006-01-31": "4.54880", "2005-10-31": "0.30680", "2005-07-31": "1.82350", "2005-04-30": "-0.59940", "2005-01-31": "3.90260"}, "ROI - Return On Investment": {"2020-10-31": "6.99660", "2020-07-31": "11.85690", "2020-04-30": "-4.09880", "2020-01-31": "3.57000", "2019-10-31": "2.37150", "2019-07-31": "5.09990", "2019-04-30": "2.62010", "2019-01-31": "5.38580", "2018-10-31": "1.69680", "2018-07-31": "5.85390", "2018-04-30": "2.75830", "2018-01-31": "5.79300", "2017-10-31": "1.54510", "2017-07-31": "5.32020", "2017-04-30": "2.82800", "2017-01-31": "4.66290", "2016-10-31": "2.29040", "2016-07-31": "4.60170", "2016-04-30": "2.89170", "2016-01-31": "7.18810", "2015-10-31": "2.27960", "2015-07-31": "4.93930", "2015-04-30": "3.51900", "2015-01-31": "8.46160", "2014-10-31": "2.52270", "2014-07-31": "4.07880", "2014-04-30": "4.01840", "2014-01-31": "8.16160", "2013-10-31": "2.74450", "2013-07-31": "5.03720", "2013-04-30": "4.09310", "2013-01-31": "8.13440", "2012-10-31": "2.91660", "2012-07-31": "3.29940", "2012-04-30": "3.54880", "2012-01-31": "6.22500", "2011-10-31": "2.43820", "2011-07-31": "4.47700", "2011-04-30": "2.38570", "2011-01-31": "5.81930", "2010-10-31": "1.23250", "2010-07-31": "3.87470", "2010-04-30": "2.06090", "2010-01-31": "5.50100", "2009-10-31": "1.74760", "2009-07-31": "3.94650", "2009-04-30": "0.98620", "2009-01-31": "-9.82700", "2008-10-31": "0.45580", "2008-07-31": "3.42500", "2008-04-30": "1.60580", "2008-01-31": "6.42250", "2007-10-31": "1.08530", "2007-07-31": "4.75620", "2007-04-30": "2.11730", "2007-01-31": "8.44970", "2006-10-31": "0.98790", "2006-07-31": "3.66450", "2006-04-30": "1.70790", "2006-01-31": "9.06830", "2005-10-31": "0.56470", "2005-07-31": "3.37990", "2005-04-30": "-1.18390", "2005-01-31": "7.41550"}, "Book Value Per Share": {"2020-10-31": "25.05540", "2020-07-31": "22.93790", "2020-04-30": "19.87970", "2020-01-31": "20.72600", "2019-10-31": "", "2019-07-31": "", "2019-04-30": "", "2019-01-31": "20.29030", "2018-10-31": "", "2018-07-31": "", "2018-04-30": "", "2018-01-31": "18.84440", "2017-10-31": "", "2017-07-31": "", "2017-04-30": "", "2017-01-31": "17.48820", "2016-10-31": "", "2016-07-31": "", "2016-04-30": "", "2016-01-31": "16.01030", "2015-10-31": "", "2015-07-31": "", "2015-04-30": "", "2015-01-31": "15.51330", "2014-10-31": "", "2014-07-31": "", "2014-04-30": "", "2014-01-31": "13.98880", "2013-10-31": "", "2013-07-31": "", "2013-04-30": "", "2013-01-31": "12.90440", "2012-10-31": "", "2012-07-31": "", "2012-04-30": "", "2012-01-31": "13.45660", "2011-10-31": "12.95180", "2011-07-31": "12.54900", "2011-04-30": "11.92600", "2011-01-31": "11.48470", "2010-10-31": "10.49210", "2010-07-31": "10.25900", "2010-04-30": "9.76780", "2010-01-31": "9.43500", "2009-10-31": "8.79130", "2009-07-31": "8.51400", "2009-04-30": "8.10940", "2009-01-31": "7.95430", "2008-10-31": "8.85150", "2008-07-31": "8.73180", "2008-04-30": "8.24500", "2008-01-31": "7.99420", "2007-10-31": "7.26140", "2007-07-31": "7.01620", "2007-04-30": "6.34820", "2007-01-31": "5.84480", "2006-10-31": "4.91490", "2006-07-31": "4.70220", "2006-04-30": "4.34630", "2006-01-31": "4.12520", "2005-10-31": "3.56250", "2005-07-31": "3.51150", "2005-04-30": "3.19910", "2005-01-31": "3.21180"}, "Operating Cash Flow Per Share": {"2020-10-31": -0.369, "2020-07-31": 12.4358, "2020-04-30": "-2.56590", "2020-01-31": 6.9998, "2019-10-31": -2.1525, "2019-07-31": 2.0491, "2019-04-30": "-2.35360", "2019-01-31": 5.5756, "2018-10-31": -1.532, "2018-07-31": 3.3589, "2018-04-30": "-0.18700", "2018-01-31": 5.7505, "2017-10-31": -1.0633, "2017-07-31": 1.9223, "2017-04-30": "0.32740", "2017-01-31": 5.1262, "2016-10-31": -0.3304, "2016-07-31": 1.9904, "2016-04-30": "0.06660", "2016-01-31": 4.5738, "2015-10-31": -0.729, "2015-07-31": 1.4249, "2015-04-30": "0.29860", "2015-01-31": 4.142, "2014-10-31": -0.393, "2014-07-31": 1.1364, "2014-04-30": "0.11290", "2014-01-31": 3.6733, "2013-10-31": -0.5015, "2013-07-31": 0.6417, "2013-04-30": "-0.59870", "2013-01-31": 2.8169, "2012-10-31": 0.1239, "2012-07-31": 0.6777, "2012-04-30": "-0.13990", "2012-01-31": 2.9753, "2011-10-31": -0.7131, "2011-07-31": 1.1164, "2011-04-30": "-0.11530", "2011-01-31": 3.348, "2010-10-31": -0.6951, "2010-07-31": 0.6642, "2010-04-30": "-0.11340", "2010-01-31": 2.5948, "2009-10-31": -0.418, "2009-07-31": 0.9526, "2009-04-30": "0.27300", "2009-01-31": 2.1833, "2008-10-31": -1.3853, "2008-07-31": 1.3674, "2008-04-30": "-0.73420", "2008-01-31": 2.107, "2007-10-31": -0.8286, "2007-07-31": 1.0389, "2007-04-30": "-0.06130", "2007-01-31": 1.6371, "2006-10-31": -0.3954, "2006-07-31": 0.4684, "2006-04-30": "-0.45000", "2006-01-31": 2.2315, "2005-10-31": -0.6722, "2005-07-31": 0.337, "2005-04-30": "-0.33570", "2005-01-31": 1.0189}, "Free Cash Flow Per Share": {"2020-10-31": -0.9279, "2020-07-31": 12.0864, "2020-04-30": "-3.27760", "2020-01-31": 6.4717, "2019-10-31": -2.8244, "2019-07-31": 1.3043, "2019-04-30": "-2.85030", "2019-01-31": 4.9511, "2018-10-31": -1.9449, "2018-07-31": 2.8728, "2018-04-30": "-0.67010", "2018-01-31": 4.995, "2017-10-31": -2.5479, "2017-07-31": 0.7757, "2017-04-30": "-0.69490", "2017-01-31": 4.1143, "2016-10-31": -1.2192, "2016-07-31": 0.9155, "2016-04-30": "-0.71770", "2016-01-31": 3.7571, "2015-10-31": -1.7666, "2015-07-31": 0.6637, "2015-04-30": "-0.25410", "2015-01-31": 3.5237, "2014-10-31": -1.4192, "2014-07-31": 0.4204, "2014-04-30": "-0.40530", "2014-01-31": 2.9638, "2013-10-31": -1.3057, "2013-07-31": 0.1513, "2013-04-30": "-0.86850", "2013-01-31": 2.3287, "2012-10-31": -0.3622, "2012-07-31": 0.2384, "2012-04-30": "-0.46470", "2012-01-31": 2.5498, "2011-10-31": -1.212, "2011-07-31": 0.6961, "2011-04-30": "-0.37520", "2011-01-31": 3.0086, "2010-10-31": -1.1535, "2010-07-31": 0.3571, "2010-04-30": "-0.31530", "2010-01-31": 2.1454, "2009-10-31": -0.7139, "2009-07-31": 0.7612, "2009-04-30": "0.02050", "2009-01-31": 1.8395, "2008-10-31": -1.8234, "2008-07-31": 0.8571, "2008-04-30": "-1.13520", "2008-01-31": 1.6415, "2007-10-31": -1.1771, "2007-07-31": 0.7702, "2007-04-30": "-0.45810", "2007-01-31": 1.1507, "2006-10-31": -0.7998, "2006-07-31": 0.1361, "2006-04-30": "-0.69810", "2006-01-31": 1.7138, "2005-10-31": -0.8984, "2005-07-31": -0.0523, "2005-04-30": "-0.58880", "2005-01-31": 0.0274}}, "revenue": {"DICK'S Sporting Goods Annual Revenue (Millions of US $)": {"2020": "$8,751", "2019": "$8,437", "2018": "$8,590", "2017": "$7,922", "2016": "$7,271", "2015": "$6,814", "2014": "$6,213", "2013": "$5,836", "2012": "$5,212", "2011": "$4,871", "2010": "$4,413", "2009": "$4,130", "2008": "$3,888", "2007": "$3,114", "2006": "$2,625", "2005": "$2,109"}, "DICK'S Sporting Goods Quarterly Revenue (Millions of US $)": {"2020-10-31": "$2,412", "2020-07-31": "$2,713", "2020-04-30": "$1,333", "2020-01-31": "$2,609", "2019-10-31": "$1,962", "2019-07-31": "$2,259", "2019-04-30": "$1,921", "2019-01-31": "$2,492", "2018-10-31": "$1,857", "2018-07-31": "$2,177", "2018-04-30": "$1,910", "2018-01-31": "$2,664", "2017-10-31": "$1,944", "2017-07-31": "$2,157", "2017-04-30": "$1,825", "2017-01-31": "$2,483", "2016-10-31": "$1,810", "2016-07-31": "$1,968", "2016-04-30": "$1,660", "2016-01-31": "$2,240", "2015-10-31": "$1,643", "2015-07-31": "$1,823", "2015-04-30": "$1,565", "2015-01-31": "$2,160", "2014-10-31": "$1,527", "2014-07-31": "$1,689", "2014-04-30": "$1,439", "2014-01-31": "$1,947", "2013-10-31": "$1,401", "2013-07-31": "$1,531", "2013-04-30": "$1,334", "2013-01-31": "$1,805", "2012-10-31": "$1,312", "2012-07-31": "$1,437", "2012-04-30": "$1,282", "2012-01-31": "$1,612", "2011-10-31": "$1,180", "2011-07-31": "$1,307", "2011-04-30": "$1,114", "2011-01-31": "$1,519", "2010-10-31": "$1,079", "2010-07-31": "$1,226", "2010-04-30": "$1,048", "2010-01-31": "$1,337", "2009-10-31": "$990", "2009-07-31": "$1,127", "2009-04-30": "$960", "2009-01-31": "$1,208", "2008-10-31": "$924", "2008-07-31": "$1,086", "2008-04-30": "$912", "2008-01-31": "$1,213", "2007-10-31": "$839", "2007-07-31": "$1,013", "2007-04-30": "$824", "2007-01-31": "$1,026", "2006-10-31": "$708", "2006-07-31": "$734", "2006-04-30": "$645", "2006-01-31": "$850", "2005-10-31": "$583", "2005-07-31": "$622", "2005-04-30": "$571", "2005-01-31": "$788"}}, "gross-profit": {"DICK'S Sporting Goods Annual Gross Profit (Millions of US $)": {"2020": "$2,555", "2019": "$2,438", "2018": "$2,489", "2017": "$2,366", "2016": "$2,183", "2015": "$2,087", "2014": "$1,944", "2013": "$1,837", "2012": "$1,595", "2011": "$1,449", "2010": "$1,217", "2009": "$1,184", "2008": "$1,158", "2007": "$897", "2006": "$738", "2005": "$587"}, "DICK'S Sporting Goods Quarterly Gross Profit (Millions of US $)": {"2020-10-31": "$842", "2020-07-31": "$937", "2020-04-30": "$219", "2020-01-31": "$733", "2019-10-31": "$581", "2019-07-31": "$677", "2019-04-30": "$564", "2019-01-31": "$695", "2018-10-31": "$524", "2018-07-31": "$659", "2018-04-30": "$560", "2018-01-31": "$776", "2017-10-31": "$534", "2017-07-31": "$637", "2017-04-30": "$542", "2017-01-31": "$720", "2016-10-31": "$553", "2016-07-31": "$597", "2016-04-30": "$496", "2016-01-31": "$672", "2015-10-31": "$488", "2015-07-31": "$554", "2015-04-30": "$469", "2015-01-31": "$691", "2014-10-31": "$452", "2014-07-31": "$503", "2014-04-30": "$441", "2014-01-31": "$628", "2013-10-31": "$425", "2013-07-31": "$479", "2013-04-30": "$412", "2013-01-31": "$589", "2012-10-31": "$406", "2012-07-31": "$448", "2012-04-30": "$395", "2012-01-31": "$513", "2011-10-31": "$351", "2011-07-31": "$401", "2011-04-30": "$330", "2011-01-31": "$480", "2010-10-31": "$307", "2010-07-31": "$360", "2010-04-30": "$302", "2010-01-31": "$390", "2009-10-31": "$267", "2009-07-31": "$310", "2009-04-30": "$250", "2009-01-31": "$352", "2008-10-31": "$253", "2008-07-31": "$320", "2008-04-30": "$259", "2008-01-31": "$376", "2007-10-31": "$239", "2007-07-31": "$299", "2007-04-30": "$244", "2007-01-31": "$320", "2006-10-31": "$191", "2006-07-31": "$207", "2006-04-30": "$178", "2006-01-31": "$258", "2005-10-31": "$153", "2005-07-31": "$174", "2005-04-30": "$152", "2005-01-31": "$226"}}, "operating-income": {"DICK'S Sporting Goods Annual Operating Income (Millions of US $)": {"2020": "$376", "2019": "$445", "2018": "$478", "2017": "$450", "2016": "$535", "2015": "$554", "2014": "$537", "2013": "$524", "2012": "$432", "2011": "$309", "2010": "$226", "2009": "$30", "2008": "$269", "2007": "$198", "2006": "$133", "2005": "$111"}, "DICK'S Sporting Goods Quarterly Operating Income (Millions of US $)": {"2020-10-31": "$246", "2020-07-31": "$391", "2020-04-30": "$-186", "2020-01-31": "$99", "2019-10-31": "$46", "2019-07-31": "$155", "2019-04-30": "$76", "2019-01-31": "$142", "2018-10-31": "$53", "2018-07-31": "$163", "2018-04-30": "$87", "2018-01-31": "$178", "2017-10-31": "$50", "2017-07-31": "$159", "2017-04-30": "$90", "2017-01-31": "$138", "2016-10-31": "$74", "2016-07-31": "$147", "2016-04-30": "$91", "2016-01-31": "$208", "2015-10-31": "$77", "2015-07-31": "$148", "2015-04-30": "$102", "2015-01-31": "$250", "2014-10-31": "$80", "2014-07-31": "$112", "2014-04-30": "$112", "2014-01-31": "$223", "2013-10-31": "$79", "2013-07-31": "$137", "2013-04-30": "$98", "2013-01-31": "$211", "2012-10-31": "$82", "2012-07-31": "$135", "2012-04-30": "$96", "2012-01-31": "$184", "2011-10-31": "$72", "2011-07-31": "$112", "2011-04-30": "$64", "2011-01-31": "$146", "2010-10-31": "$28", "2010-07-31": "$88", "2010-04-30": "$47", "2010-01-31": "$113", "2009-10-31": "$32", "2009-07-31": "$64", "2009-04-30": "$17", "2009-01-31": "$-93", "2008-10-31": "$14", "2008-07-31": "$75", "2008-04-30": "$34", "2008-01-31": "$125", "2007-10-31": "$22", "2007-07-31": "$83", "2007-04-30": "$39", "2007-01-31": "$115", "2006-10-31": "$16", "2006-07-31": "$46", "2006-04-30": "$21", "2006-01-31": "$93", "2005-10-31": "$11", "2005-07-31": "$38", "2005-04-30": "$-9", "2005-01-31": "$63"}}, "ebitda": {"DICK'S Sporting Goods Annual EBITDA (Millions of US $)": {"2020": "$646", "2019": "$689", "2018": "$721", "2017": "$684", "2016": "$729", "2015": "$733", "2014": "$692", "2013": "$649", "2012": "$549", "2011": "$420", "2010": "$327", "2009": "$293", "2008": "$351", "2007": "$253", "2006": "$183", "2005": "$148"}, "DICK'S Sporting Goods Quarterly EBITDA (Millions of US $)": {"2020-10-31": "$330", "2020-07-31": "$475", "2020-04-30": "$-99", "2020-01-31": "$125", "2019-10-31": "$132", "2019-07-31": "$230", "2019-04-30": "$159", "2019-01-31": "$207", "2018-10-31": "$112", "2018-07-31": "$226", "2018-04-30": "$144", "2018-01-31": "$255", "2017-10-31": "$107", "2017-07-31": "$215", "2017-04-30": "$143", "2017-01-31": "$223", "2016-10-31": "$126", "2016-07-31": "$196", "2016-04-30": "$139", "2016-01-31": "$265", "2015-10-31": "$123", "2015-07-31": "$196", "2015-04-30": "$144", "2015-01-31": "$299", "2014-10-31": "$121", "2014-07-31": "$164", "2014-04-30": "$149", "2014-01-31": "$265", "2013-10-31": "$116", "2013-07-31": "$181", "2013-04-30": "$130", "2013-01-31": "$248", "2012-10-31": "$113", "2012-07-31": "$165", "2012-04-30": "$123", "2012-01-31": "$217", "2011-10-31": "$100", "2011-07-31": "$140", "2011-04-30": "$92", "2011-01-31": "$176", "2010-10-31": "$56", "2010-07-31": "$114", "2010-04-30": "$73", "2010-01-31": "$138", "2009-10-31": "$57", "2009-07-31": "$90", "2009-04-30": "$42", "2009-01-31": "$98", "2008-10-31": "$39", "2008-07-31": "$99", "2008-04-30": "$56", "2008-01-31": "$151", "2007-10-31": "$39", "2007-07-31": "$105", "2007-04-30": "$56", "2007-01-31": "$131", "2006-10-31": "$29", "2006-07-31": "$59", "2006-04-30": "$34", "2006-01-31": "$107", "2005-10-31": "$23", "2005-07-31": "$50", "2005-04-30": "$3", "2005-01-31": "$76"}}, "net-income": {"DICK'S Sporting Goods Annual Net Income (Millions of US $)": {"2020": "$297", "2019": "$320", "2018": "$323", "2017": "$287", "2016": "$330", "2015": "$344", "2014": "$338", "2013": "$291", "2012": "$264", "2011": "$182", "2010": "$135", "2009": "$-40", "2008": "$151", "2007": "$113", "2006": "$73", "2005": "$69"}, "DICK'S Sporting Goods Quarterly Net Income (Millions of US $)": {"2020-10-31": "$177", "2020-07-31": "$277", "2020-04-30": "$-143", "2020-01-31": "$70", "2019-10-31": "$58", "2019-07-31": "$113", "2019-04-30": "$58", "2019-01-31": "$103", "2018-10-31": "$38", "2018-07-31": "$119", "2018-04-30": "$60", "2018-01-31": "$116", "2017-10-31": "$37", "2017-07-31": "$112", "2017-04-30": "$58", "2017-01-31": "$90", "2016-10-31": "$49", "2016-07-31": "$91", "2016-04-30": "$57", "2016-01-31": "$129", "2015-10-31": "$47", "2015-07-31": "$91", "2015-04-30": "$63", "2015-01-31": "$156", "2014-10-31": "$49", "2014-07-31": "$69", "2014-04-30": "$70", "2014-01-31": "$139", "2013-10-31": "$50", "2013-07-31": "$84", "2013-04-30": "$65", "2013-01-31": "$130", "2012-10-31": "$50", "2012-07-31": "$54", "2012-04-30": "$57", "2012-01-31": "$111", "2011-10-31": "$41", "2011-07-31": "$74", "2011-04-30": "$37", "2011-01-31": "$87", "2010-10-31": "$17", "2010-07-31": "$52", "2010-04-30": "$26", "2010-01-31": "$67", "2009-10-31": "$19", "2009-07-31": "$39", "2009-04-30": "$10", "2009-01-31": "$-106", "2008-10-31": "$6", "2008-07-31": "$40", "2008-04-30": "$20", "2008-01-31": "$69", "2007-10-31": "$12", "2007-07-31": "$48", "2007-04-30": "$22", "2007-01-31": "$68", "2006-10-31": "$8", "2006-07-31": "$26", "2006-04-30": "$11", "2006-01-31": "$54", "2005-10-31": "$4", "2005-07-31": "$22", "2005-04-30": "$-7", "2005-01-31": "$42"}}, "eps-earnings-per-share-diluted": {"DICK'S Sporting Goods Annual EPS": {"2020": "$3.34", "2019": "$3.24", "2018": "$3.01", "2017": "$2.56", "2016": "$2.83", "2015": "$2.84", "2014": "$2.69", "2013": "$2.31", "2012": "$2.10", "2011": "$1.50", "2010": "$1.15", "2009": "$-0.36", "2008": "$1.29", "2007": "$1.02", "2006": "$0.68", "2005": "$0.65"}, "DICK'S Sporting Goods Quarterly EPS": {"2020-10-31": "$1.84", "2020-07-31": "$3.12", "2020-04-30": "$-1.71", "2020-01-31": "$0.81", "2019-10-31": "$0.66", "2019-07-31": "$1.26", "2019-04-30": "$0.61", "2019-01-31": "$1.06", "2018-10-31": "$0.39", "2018-07-31": "$1.20", "2018-04-30": "$0.59", "2018-01-31": "$1.11", "2017-10-31": "$0.35", "2017-07-31": "$1.03", "2017-04-30": "$0.52", "2017-01-31": "$0.80", "2016-10-31": "$0.44", "2016-07-31": "$0.82", "2016-04-30": "$0.50", "2016-01-31": "$1.12", "2015-10-31": "$0.41", "2015-07-31": "$0.77", "2015-04-30": "$0.53", "2015-01-31": "$1.29", "2014-10-31": "$0.41", "2014-07-31": "$0.57", "2014-04-30": "$0.57", "2014-01-31": "$1.10", "2013-10-31": "$0.40", "2013-07-31": "$0.67", "2013-04-30": "$0.52", "2013-01-31": "$1.03", "2012-10-31": "$0.40", "2012-07-31": "$0.43", "2012-04-30": "$0.45", "2012-01-31": "$0.88", "2011-10-31": "$0.33", "2011-07-31": "$0.59", "2011-04-30": "$0.30", "2011-01-31": "$0.71", "2010-10-31": "$0.14", "2010-07-31": "$0.43", "2010-04-30": "$0.22", "2010-01-31": "$0.57", "2009-10-31": "$0.16", "2009-07-31": "$0.33", "2009-04-30": "$0.09", "2009-01-31": "$-0.92", "2008-10-31": "$0.05", "2008-07-31": "$0.34", "2008-04-30": "$0.17", "2008-01-31": "$0.59", "2007-10-31": "$0.10", "2007-07-31": "$0.41", "2007-04-30": "$0.19", "2007-01-31": "$0.61", "2006-10-31": "$0.07", "2006-07-31": "$0.24", "2006-04-30": "$0.11", "2006-01-31": "$0.51", "2005-10-31": "$0.04", "2005-07-31": "$0.21", "2005-04-30": "$-0.08", "2005-01-31": "$0.40"}}, "shares-outstanding": {"DICK'S Sporting Goods Annual Shares Outstanding (Millions of Shares)": {"2020": "89", "2019": "99", "2018": "108", "2017": "112", "2016": "117", "2015": "121", "2014": "126", "2013": "126", "2012": "126", "2011": "122", "2010": "118", "2009": "112", "2008": "117", "2007": "111", "2006": "108", "2005": "106"}, "DICK'S Sporting Goods Quarterly Shares Outstanding (Millions of Shares)": {"2020-10-31": "97", "2020-07-31": "89", "2020-04-30": "84", "2020-01-31": "89", "2019-10-31": "87", "2019-07-31": "89", "2019-04-30": "94", "2019-01-31": "99", "2018-10-31": "98", "2018-07-31": "100", "2018-04-30": "102", "2018-01-31": "108", "2017-10-31": "106", "2017-07-31": "109", "2017-04-30": "111", "2017-01-31": "112", "2016-10-31": "112", "2016-07-31": "112", "2016-04-30": "113", "2016-01-31": "117", "2015-10-31": "117", "2015-07-31": "118", "2015-04-30": "119", "2015-01-31": "121", "2014-10-31": "120", "2014-07-31": "122", "2014-04-30": "123", "2014-01-31": "126", "2013-10-31": "126", "2013-07-31": "126", "2013-04-30": "126", "2013-01-31": "126", "2012-10-31": "126", "2012-07-31": "125", "2012-04-30": "127", "2012-01-31": "126", "2011-10-31": "126", "2011-07-31": "126", "2011-04-30": "125", "2011-01-31": "122", "2010-10-31": "121", "2010-07-31": "121", "2010-04-30": "120", "2010-01-31": "118", "2009-10-31": "119", "2009-07-31": "117", "2009-04-30": "116", "2009-01-31": "112", "2008-10-31": "117", "2008-07-31": "117", "2008-04-30": "117", "2008-01-31": "117", "2007-10-31": "118", "2007-07-31": "116", "2007-04-30": "114", "2007-01-31": "111", "2006-10-31": "111", "2006-07-31": "110", "2006-04-30": "109", "2006-01-31": "108", "2005-10-31": "108", "2005-07-31": "108", "2005-04-30": "98", "2005-01-31": "106"}}, "total-assets": {"DICK'S Sporting Goods Annual Total Assets (Millions of US $)": {"2020": "$6,629", "2019": "$4,187", "2018": "$4,204", "2017": "$4,058", "2016": "$3,559", "2015": "$3,392", "2014": "$3,071", "2013": "$2,888", "2012": "$2,996", "2011": "$2,598", "2010": "$2,245", "2009": "$1,962", "2008": "$2,036", "2007": "$1,524", "2006": "$1,188", "2005": "$1,085"}, "DICK'S Sporting Goods Quarterly Total Assets (Millions of US $)": {"2020-10-31": "$7,565", "2020-07-31": "$7,153", "2020-04-30": "$7,953", "2020-01-31": "$6,629", "2019-10-31": "$7,207", "2019-07-31": "$6,915", "2019-04-30": "$6,912", "2019-01-31": "$4,187", "2018-10-31": "$4,584", "2018-07-31": "$4,245", "2018-04-30": "$4,319", "2018-01-31": "$4,204", "2017-10-31": "$4,785", "2017-07-31": "$4,395", "2017-04-30": "$4,333", "2017-01-31": "$4,058", "2016-10-31": "$4,382", "2016-07-31": "$3,988", "2016-04-30": "$3,878", "2016-01-31": "$3,559", "2015-10-31": "$4,029", "2015-07-31": "$3,639", "2015-04-30": "$3,494", "2015-01-31": "$3,392", "2014-10-31": "$3,656", "2014-07-31": "$3,255", "2014-04-30": "$3,269", "2014-01-31": "$3,071", "2013-10-31": "$3,348", "2013-07-31": "$3,019", "2013-04-30": "$2,938", "2013-01-31": "$2,888", "2012-10-31": "$3,070", "2012-07-31": "$2,863", "2012-04-30": "$3,055", "2012-01-31": "$2,996", "2011-10-31": "$2,975", "2011-07-31": "$2,863", "2011-04-30": "$2,774", "2011-01-31": "$2,598", "2010-10-31": "$2,552", "2010-07-31": "$2,435", "2010-04-30": "$2,361", "2010-01-31": "$2,245", "2009-10-31": "$2,274", "2009-07-31": "$2,050", "2009-04-30": "$2,071", "2009-01-31": "$1,962", "2008-10-31": "$2,370", "2008-07-31": "$2,126", "2008-04-30": "$2,191", "2008-01-31": "$2,036", "2007-10-31": "$2,071", "2007-07-31": "$1,846", "2007-04-30": "$1,863", "2007-01-31": "$1,524", "2006-10-31": "$1,578", "2006-07-31": "$1,353", "2006-04-30": "$1,324", "2006-01-31": "$1,188", "2005-10-31": "$1,364", "2005-07-31": "$1,212", "2005-04-30": "$1,223", "2005-01-31": "$1,085"}}, "cash-on-hand": {"DICK'S Sporting Goods Annual Cash on Hand (Millions of US $)": {"2020": "$69", "2019": "$114", "2018": "$101", "2017": "$165", "2016": "$119", "2015": "$222", "2014": "$182", "2013": "$345", "2012": "$734", "2011": "$546", "2010": "$226", "2009": "$75", "2008": "$50", "2007": "$136", "2006": "$37", "2005": "$19"}, "DICK'S Sporting Goods Quarterly Cash on Hand (Millions of US $)": {"2020-10-31": "$1,060", "2020-07-31": "$1,061", "2020-04-30": "$1,484", "2020-01-31": "$69", "2019-10-31": "$88", "2019-07-31": "$117", "2019-04-30": "$92", "2019-01-31": "$114", "2018-10-31": "$92", "2018-07-31": "$124", "2018-04-30": "$105", "2018-01-31": "$101", "2017-10-31": "$112", "2017-07-31": "$132", "2017-04-30": "$108", "2017-01-31": "$165", "2016-10-31": "$85", "2016-07-31": "$112", "2016-04-30": "$92", "2016-01-31": "$119", "2015-10-31": "$74", "2015-07-31": "$123", "2015-04-30": "$81", "2015-01-31": "$222", "2014-10-31": "$78", "2014-07-31": "$100", "2014-04-30": "$139", "2014-01-31": "$182", "2013-10-31": "$66", "2013-07-31": "$135", "2013-04-30": "$114", "2013-01-31": "$345", "2012-10-31": "$294", "2012-07-31": "$350", "2012-04-30": "$521", "2012-01-31": "$734", "2011-10-31": "$483", "2011-07-31": "$626", "2011-04-30": "$533", "2011-01-31": "$546", "2010-10-31": "$159", "2010-07-31": "$278", "2010-04-30": "$207", "2010-01-31": "$226", "2009-10-31": "$40", "2009-07-31": "$51", "2009-04-30": "$46", "2009-01-31": "$75", "2008-10-31": "$42", "2008-07-31": "$52", "2008-04-30": "$47", "2008-01-31": "$50", "2007-10-31": "$40", "2007-07-31": "$50", "2007-04-30": "$41", "2007-01-31": "$136", "2006-10-31": "$35", "2006-07-31": "$33", "2006-04-30": "$31", "2006-01-31": "$37", "2005-10-31": "$32", "2005-07-31": "$30", "2005-04-30": "$34", "2005-01-31": "$19"}}, "long-term-debt": {"DICK'S Sporting Goods Annual Long Term Debt (Millions of US $)": {"2020": "$224", "2019": "$", "2018": "$60", "2017": "$5", "2016": "$5", "2015": "$6", "2014": "$6", "2013": "$8", "2012": "$152", "2011": "$140", "2010": "$141", "2009": "$181", "2008": "$181", "2007": "$181", "2006": "$181", "2005": "$257"}, "DICK'S Sporting Goods Quarterly Long Term Debt (Millions of US $)": {"2020-10-31": "$411", "2020-07-31": "$405", "2020-04-30": "$1,827", "2020-01-31": "$224", "2019-10-31": "$719", "2019-07-31": "$442", "2019-04-30": "$370", "2019-01-31": "", "2018-10-31": "$382", "2018-07-31": "$108", "2018-04-30": "$280", "2018-01-31": "$60", "2017-10-31": "$516", "2017-07-31": "$191", "2017-04-30": "$97", "2017-01-31": "$5", "2016-10-31": "$266", "2016-07-31": "$157", "2016-04-30": "$163", "2016-01-31": "$5", "2015-10-31": "$348", "2015-07-31": "$6", "2015-04-30": "$57", "2015-01-31": "$6", "2014-10-31": "$287", "2014-07-31": "$6", "2014-04-30": "$6", "2014-01-31": "$6", "2013-10-31": "$123", "2013-07-31": "$6", "2013-04-30": "$7", "2013-01-31": "$8", "2012-10-31": "$14", "2012-07-31": "$14", "2012-04-30": "$14", "2012-01-31": "$152", "2011-10-31": "$139", "2011-07-31": "$139", "2011-04-30": "$140", "2011-01-31": "$140", "2010-10-31": "$146", "2010-07-31": "$141", "2010-04-30": "$141", "2010-01-31": "$141", "2009-10-31": "$72", "2009-07-31": "$28", "2009-04-30": "$125", "2009-01-31": "$181", "2008-10-31": "$366", "2008-07-31": "$191", "2008-04-30": "$303", "2008-01-31": "$181", "2007-10-31": "$321", "2007-07-31": "$233", "2007-04-30": "$339", "2007-01-31": "$181", "2006-10-31": "$283", "2006-07-31": "$222", "2006-04-30": "$229", "2006-01-31": "$181", "2005-10-31": "$383", "2005-07-31": "$302", "2005-04-30": "$304", "2005-01-31": "$257"}}, "total-liabilities": {"DICK'S Sporting Goods Annual Total Liabilities (Millions of US $)": {"2020": "$4,897", "2019": "$2,283", "2018": "$2,262", "2017": "$2,129", "2016": "$1,770", "2015": "$1,559", "2014": "$1,379", "2013": "$1,300", "2012": "$1,364", "2011": "$1,234", "2010": "$1,162", "2009": "$1,068", "2008": "$1,147", "2007": "$904", "2006": "$773", "2005": "$771"}, "DICK'S Sporting Goods Quarterly Total Liabilities (Millions of US $)": {"2020-10-31": "$5,444", "2020-07-31": "$5,222", "2020-04-30": "$6,281", "2020-01-31": "$4,897", "2019-10-31": "$5,498", "2019-07-31": "$5,150", "2019-04-30": "$5,086", "2019-01-31": "$2,283", "2018-10-31": "$2,737", "2018-07-31": "$2,314", "2018-04-30": "$2,421", "2018-01-31": "$2,262", "2017-10-31": "$2,912", "2017-07-31": "$2,474", "2017-04-30": "$2,372", "2017-01-31": "$2,129", "2016-10-31": "$2,512", "2016-07-31": "$2,158", "2016-04-30": "$2,074", "2016-01-31": "$1,770", "2015-10-31": "$2,306", "2015-07-31": "$1,806", "2015-04-30": "$1,751", "2015-01-31": "$1,559", "2014-10-31": "$1,991", "2014-07-31": "$1,559", "2014-04-30": "$1,534", "2014-01-31": "$1,379", "2013-10-31": "$1,650", "2013-07-31": "$1,355", "2013-04-30": "$1,361", "2013-01-31": "$1,300", "2012-10-31": "$1,365", "2012-07-31": "$1,251", "2012-04-30": "$1,459", "2012-01-31": "$1,364", "2011-10-31": "$1,412", "2011-07-31": "$1,353", "2011-04-30": "$1,342", "2011-01-31": "$1,234", "2010-10-31": "$1,330", "2010-07-31": "$1,246", "2010-04-30": "$1,231", "2010-01-31": "$1,162", "2009-10-31": "$1,267", "2009-07-31": "$1,092", "2009-04-30": "$1,159", "2009-01-31": "$1,068", "2008-10-31": "$1,379", "2008-07-31": "$1,151", "2008-04-30": "$1,272", "2008-01-31": "$1,147", "2007-10-31": "$1,265", "2007-07-31": "$1,072", "2007-04-30": "$1,178", "2007-01-31": "$904", "2006-10-31": "$1,071", "2006-07-31": "$875", "2006-04-30": "$885", "2006-01-31": "$773", "2005-10-31": "$1,006", "2005-07-31": "$860", "2005-04-30": "$908", "2005-01-31": "$771"}}, "total-share-holder-equity": {"DICK'S Sporting Goods Annual Share Holder Equity (Millions of US $)": {"2020": "$1,732", "2019": "$1,904", "2018": "$1,942", "2017": "$1,929", "2016": "$1,789", "2015": "$1,832", "2014": "$1,692", "2013": "$1,587", "2012": "$1,633", "2011": "$1,364", "2010": "$1,083", "2009": "$894", "2008": "$889", "2007": "$621", "2006": "$415", "2005": "$314"}, "DICK'S Sporting Goods Quarterly Share Holder Equity (Millions of US $)": {"2020-10-31": "$2,122", "2020-07-31": "$1,930", "2020-04-30": "$1,672", "2020-01-31": "$1,732", "2019-10-31": "$1,709", "2019-07-31": "$1,765", "2019-04-30": "$1,826", "2019-01-31": "$1,904", "2018-10-31": "$1,847", "2018-07-31": "$1,931", "2018-04-30": "$1,898", "2018-01-31": "$1,942", "2017-10-31": "$1,873", "2017-07-31": "$1,921", "2017-04-30": "$1,961", "2017-01-31": "$1,929", "2016-10-31": "$1,870", "2016-07-31": "$1,830", "2016-04-30": "$1,804", "2016-01-31": "$1,789", "2015-10-31": "$1,723", "2015-07-31": "$1,833", "2015-04-30": "$1,743", "2015-01-31": "$1,832", "2014-10-31": "$1,664", "2014-07-31": "$1,697", "2014-04-30": "$1,735", "2014-01-31": "$1,692", "2013-10-31": "$1,698", "2013-07-31": "$1,664", "2013-04-30": "$1,577", "2013-01-31": "$1,587", "2012-10-31": "$1,705", "2012-07-31": "$1,612", "2012-04-30": "$1,596", "2012-01-31": "$1,633", "2011-10-31": "$1,562", "2011-07-31": "$1,510", "2011-04-30": "$1,432", "2011-01-31": "$1,364", "2010-10-31": "$1,222", "2010-07-31": "$1,189", "2010-04-30": "$1,131", "2010-01-31": "$1,083", "2009-10-31": "$1,007", "2009-07-31": "$958", "2009-04-30": "$912", "2009-01-31": "$894", "2008-10-31": "$991", "2008-07-31": "$975", "2008-04-30": "$918", "2008-01-31": "$889", "2007-10-31": "$806", "2007-07-31": "$775", "2007-04-30": "$686", "2007-01-31": "$621", "2006-10-31": "$506", "2006-07-31": "$478", "2006-04-30": "$439", "2006-01-31": "$415", "2005-10-31": "$357", "2005-07-31": "$352", "2005-04-30": "$316", "2005-01-31": "$314"}}, "profit-margins": {"current": "4.2%"}, "gross margin": {"2020-10-31": "30.12%", "2020-07-31": "28.66%", "2020-04-30": "27.07%", "2020-01-31": "29.20%", "2019-10-31": "29.15%", "2019-07-31": "28.84%", "2019-04-30": "28.91%", "2019-01-31": "28.90%", "2018-10-31": "29.26%", "2018-07-31": "29.09%", "2018-04-30": "28.90%", "2018-01-31": "28.98%", "2017-10-31": "28.93%", "2017-07-31": "29.63%", "2017-04-30": "29.83%", "2017-01-31": "29.87%", "2016-10-31": "30.19%", "2016-07-31": "30.00%", "2016-04-30": "30.00%", "2016-01-31": "30.02%", "2015-10-31": "30.62%", "2015-07-31": "30.61%", "2015-04-30": "30.47%", "2015-01-31": "30.62%", "2014-10-31": "30.66%", "2014-07-31": "30.84%", "2014-04-30": "31.23%", "2014-01-31": "31.29%", "2013-10-31": "31.38%", "2013-07-31": "31.53%", "2013-04-30": "31.50%", "2013-01-31": "31.49%", "2012-10-31": "31.22%", "2012-07-31": "30.97%", "2012-04-30": "30.85%", "2012-01-31": "30.60%", "2011-10-31": "30.51%", "2011-07-31": "30.25%", "2011-04-30": "29.91%", "2011-01-31": "29.74%", "2010-10-31": "28.98%", "2010-07-31": "28.67%", "2010-04-30": "28.19%", "2010-01-31": "27.57%", "2009-10-31": "27.51%", "2009-07-31": "27.61%", "2009-04-30": "28.12%", "2009-01-31": "28.67%", "2008-10-31": "29.21%", "2008-07-31": "29.48%", "2008-04-30": "29.49%", "2008-01-31": "29.78%", "2007-10-31": "29.77%", "2007-07-31": "29.52%", "2007-04-30": "29.22%", "2007-01-31": "28.78%", "2006-10-31": "28.40%", "2006-07-31": "28.31%", "2006-04-30": "28.26%", "2006-01-31": "28.07%", "2005-10-31": "27.50%"}, "operating margin": {"2020-10-31": "6.07%", "2020-07-31": "4.06%", "2020-04-30": "1.40%", "2020-01-31": "4.30%", "2019-10-31": "4.85%", "2019-07-31": "4.99%", "2019-04-30": "5.14%", "2019-01-31": "5.28%", "2018-10-31": "5.59%", "2018-07-31": "5.50%", "2018-04-30": "5.46%", "2018-01-31": "5.55%", "2017-10-31": "5.20%", "2017-07-31": "5.57%", "2017-04-30": "5.55%", "2017-01-31": "5.68%", "2016-10-31": "6.77%", "2016-07-31": "6.96%", "2016-04-30": "7.11%", "2016-01-31": "7.36%", "2015-10-31": "8.02%", "2015-07-31": "8.20%", "2015-04-30": "7.84%", "2015-01-31": "8.13%", "2014-10-31": "7.98%", "2014-07-31": "8.12%", "2014-04-30": "8.72%", "2014-01-31": "8.64%", "2013-10-31": "8.65%", "2013-07-31": "8.83%", "2013-04-30": "8.93%", "2013-01-31": "8.98%", "2012-10-31": "8.81%", "2012-07-31": "8.84%", "2012-04-30": "8.62%", "2012-01-31": "8.29%", "2011-10-31": "7.70%", "2011-07-31": "6.97%", "2011-04-30": "6.60%", "2011-01-31": "6.34%", "2010-10-31": "5.88%", "2010-07-31": "6.09%", "2010-04-30": "5.69%", "2010-01-31": "5.12%", "2009-10-31": "0.47%", "2009-07-31": "0.05%", "2009-04-30": "0.31%", "2009-01-31": "0.73%", "2008-10-31": "6.00%", "2008-07-31": "6.32%", "2008-04-30": "6.64%", "2008-01-31": "6.92%", "2007-10-31": "7.00%", "2007-07-31": "7.08%", "2007-04-30": "6.56%", "2007-01-31": "6.36%", "2006-10-31": "5.99%", "2006-07-31": "6.08%", "2006-04-30": "6.04%", "2006-01-31": "5.06%", "2005-10-31": "4.02%"}, "ebitda margin": {"2020-10-31": "9.17%", "2020-07-31": "7.35%", "2020-04-30": "4.75%", "2020-01-31": "7.38%", "2019-10-31": "8.43%", "2019-07-31": "8.30%", "2019-04-30": "8.33%", "2019-01-31": "8.17%", "2018-10-31": "8.56%", "2018-07-31": "8.42%", "2018-04-30": "8.31%", "2018-01-31": "8.38%", "2017-10-31": "8.18%", "2017-07-31": "8.54%", "2017-04-30": "8.51%", "2017-01-31": "8.64%", "2016-10-31": "9.46%", "2016-07-31": "9.63%", "2016-04-30": "9.82%", "2016-01-31": "10.01%", "2015-10-31": "10.60%", "2015-07-31": "10.74%", "2015-04-30": "10.49%", "2015-01-31": "10.76%", "2014-10-31": "10.59%", "2014-07-31": "10.72%", "2014-04-30": "11.25%", "2014-01-31": "11.14%", "2013-10-31": "11.12%", "2013-07-31": "11.23%", "2013-04-30": "11.14%", "2013-01-31": "11.12%", "2012-10-31": "10.95%", "2012-07-31": "10.98%", "2012-04-30": "10.78%", "2012-01-31": "10.53%", "2011-10-31": "9.92%", "2011-07-31": "9.24%", "2011-04-30": "8.87%", "2011-01-31": "8.60%", "2010-10-31": "8.12%", "2010-07-31": "8.30%", "2010-04-30": "7.95%", "2010-01-31": "7.41%", "2009-10-31": "6.70%", "2009-07-31": "6.38%", "2009-04-30": "6.65%", "2009-01-31": "7.07%", "2008-10-31": "8.34%", "2008-07-31": "8.52%", "2008-04-30": "8.83%", "2008-01-31": "9.03%", "2007-10-31": "8.94%", "2007-07-31": "8.99%", "2007-04-30": "8.35%", "2007-01-31": "8.13%", "2006-10-31": "7.80%", "2006-07-31": "7.93%", "2006-04-30": "7.93%", "2006-01-31": "6.97%", "2005-10-31": "5.93%"}, "pre tax profit margin": {"2020-10-31": "5.74%", "2020-07-31": "4.18%", "2020-04-30": "1.47%", "2020-01-31": "4.66%", "2019-10-31": "5.14%", "2019-07-31": "4.89%", "2019-04-30": "5.07%", "2019-01-31": "5.12%", "2018-10-31": "5.53%", "2018-07-31": "5.57%", "2018-04-30": "5.68%", "2018-01-31": "5.83%", "2017-10-31": "5.52%", "2017-07-31": "5.82%", "2017-04-30": "5.66%", "2017-01-31": "5.78%", "2016-10-31": "6.77%", "2016-07-31": "6.91%", "2016-04-30": "7.05%", "2016-01-31": "7.29%", "2015-10-31": "8.00%", "2015-07-31": "8.20%", "2015-04-30": "7.87%", "2015-01-31": "8.17%", "2014-10-31": "8.04%", "2014-07-31": "8.21%", "2014-04-30": "8.82%", "2014-01-31": "8.79%", "2013-10-31": "8.80%", "2013-07-31": "8.94%", "2013-04-30": "8.46%", "2013-01-31": "8.38%", "2012-10-31": "8.13%", "2012-07-31": "8.04%", "2012-04-30": "8.62%", "2012-01-31": "8.29%", "2011-10-31": "7.70%", "2011-07-31": "7.05%", "2011-04-30": "6.40%", "2011-01-31": "6.12%", "2010-10-31": "5.69%", "2010-07-31": "5.93%", "2010-04-30": "5.62%", "2010-01-31": "5.07%", "2009-10-31": "0.28%", "2009-07-31": "-0.26%", "2009-04-30": "-0.10%", "2009-01-31": "0.34%", "2008-10-31": "5.49%", "2008-07-31": "5.88%", "2008-04-30": "6.21%", "2008-01-31": "6.43%", "2007-10-31": "6.73%", "2007-07-31": "6.78%", "2007-04-30": "6.23%", "2007-01-31": "6.04%", "2006-10-31": "5.62%", "2006-07-31": "5.65%", "2006-04-30": "5.67%", "2006-01-31": "4.65%", "2005-10-31": "4.02%"}, "net profit margin": {"2020-10-31": "4.20%", "2020-07-31": "3.04%", "2020-04-30": "1.20%", "2020-01-31": "3.42%", "2019-10-31": "3.85%", "2019-07-31": "3.66%", "2019-04-30": "3.76%", "2019-01-31": "3.79%", "2018-10-31": "3.87%", "2018-07-31": "3.82%", "2018-04-30": "3.75%", "2018-01-31": "3.76%", "2017-10-31": "3.53%", "2017-07-31": "3.73%", "2017-04-30": "3.56%", "2017-01-31": "3.62%", "2016-10-31": "4.25%", "2016-07-31": "4.31%", "2016-04-30": "4.40%", "2016-01-31": "4.54%", "2015-10-31": "4.96%", "2015-07-31": "5.07%", "2015-04-30": "4.86%", "2015-01-31": "5.05%", "2014-10-31": "4.95%", "2014-07-31": "5.06%", "2014-04-30": "5.43%", "2014-01-31": "5.44%", "2013-10-31": "5.42%", "2013-07-31": "5.50%", "2013-04-30": "5.08%", "2013-01-31": "4.99%", "2012-10-31": "4.82%", "2012-07-31": "4.77%", "2012-04-30": "5.26%", "2012-01-31": "5.05%", "2011-10-31": "4.67%", "2011-07-31": "4.28%", "2011-04-30": "3.91%", "2011-01-31": "3.74%", "2010-10-31": "3.45%", "2010-07-31": "3.56%", "2010-04-30": "3.35%", "2010-01-31": "3.06%", "2009-10-31": "-0.89%", "2009-07-31": "-1.21%", "2009-04-30": "-1.20%", "2009-01-31": "-0.97%", "2008-10-31": "3.26%", "2008-07-31": "3.48%", "2008-04-30": "3.75%", "2008-01-31": "3.88%", "2007-10-31": "4.05%", "2007-07-31": "4.09%", "2007-04-30": "3.77%", "2007-01-31": "3.63%", "2006-10-31": "3.37%", "2006-07-31": "3.38%", "2006-04-30": "3.37%", "2006-01-31": "2.78%", "2005-10-31": "2.38%"}, "pe ratio": {"current": "14.19", "2021-02-05": "18.63", "2020-10-31": "13.87", "2020-07-31": "15.66", "2020-04-30": "28.27", "2020-01-31": "12.78", "2019-10-31": "10.37", "2019-07-31": "10.63", "2019-04-30": "10.69", "2019-01-31": "10.18", "2018-10-31": "10.01", "2018-07-31": "9.72", "2018-04-30": "9.89", "2018-01-31": "9.55", "2017-10-31": "8.20", "2017-07-31": "12.04", "2017-04-30": "17.54", "2017-01-31": "17.98", "2016-10-31": "17.21", "2016-07-31": "15.98", "2016-04-30": "14.65", "2016-01-31": "12.18", "2015-10-31": "13.05", "2015-07-31": "14.90", "2015-04-30": "16.94", "2015-01-31": "15.86", "2014-10-31": "14.89", "2014-07-31": "13.97", "2014-04-30": "16.62", "2014-01-31": "16.84", "2013-10-31": "17.55", "2013-07-31": "16.91", "2013-04-30": "17.37", "2013-01-31": "17.62", "2012-10-31": "18.91", "2012-07-31": "19.15", "2012-04-30": "18.27", "2012-01-31": "15.90", "2011-10-31": "16.21", "2011-07-31": "17.02", "2011-04-30": "20.73", "2011-01-31": "19.25", "2010-10-31": "17.08", "2010-07-31": "15.37", "2010-04-30": "18.34", "2010-01-31": "15.70", "2009-10-31": "0.00", "2009-07-31": "0.00", "2009-04-30": "0.00", "2009-01-31": "0.00", "2008-10-31": "10.13", "2008-07-31": "11.24", "2008-04-30": "17.40", "2008-01-31": "19.63", "2007-10-31": "20.46", "2007-07-31": "17.65", "2007-04-30": "20.50", "2007-01-31": "20.40", "2006-10-31": "21.88"}, "price sales": {"2021-02-05": "0.75", "2020-10-31": "0.56", "2020-07-31": "0.46", "2020-04-30": "0.31", "2020-01-31": "0.44", "2019-10-31": "0.40", "2019-07-31": "0.39", "2019-04-30": "0.40", "2019-01-31": "0.39", "2018-10-31": "0.39", "2018-07-31": "0.38", "2018-04-30": "0.37", "2018-01-31": "0.36", "2017-10-31": "0.29", "2017-07-31": "0.45", "2017-04-30": "0.63", "2017-01-31": "0.66", "2016-10-31": "0.74", "2016-07-31": "0.70", "2016-04-30": "0.65", "2016-01-31": "0.56", "2015-10-31": "0.65", "2015-07-31": "0.76", "2015-04-30": "0.83", "2015-01-31": "0.81", "2014-10-31": "0.74", "2014-07-31": "0.71", "2014-04-30": "0.91", "2014-01-31": "0.92", "2013-10-31": "0.95", "2013-07-31": "0.93", "2013-04-30": "0.88", "2013-01-31": "0.88", "2012-10-31": "0.91", "2012-07-31": "0.91", "2012-04-30": "0.96", "2012-01-31": "0.80", "2011-10-31": "0.76", "2011-07-31": "0.73", "2011-04-30": "0.81", "2011-01-31": "0.72", "2010-10-31": "0.59", "2010-07-31": "0.55", "2010-04-30": "0.61", "2010-01-31": "0.48", "2009-10-31": "0.49", "2009-07-31": "0.43", "2009-04-30": "0.42", "2009-01-31": "0.25", "2008-10-31": "0.35", "2008-07-31": "0.41", "2008-04-30": "0.67", "2008-01-31": "0.78", "2007-10-31": "0.83", "2007-07-31": "0.71", "2007-04-30": "0.76", "2007-01-31": "0.73", "2006-10-31": "0.74"}, "price book": {"current": "3.19", "2021-02-05": "3.02", "2020-10-31": "2.25", "2020-07-31": "1.97", "2020-04-30": "1.45", "2020-01-31": "2.06", "2019-10-31": "0.00", "2019-07-31": "0.00", "2019-04-30": "0.00", "2019-01-31": "1.63", "2018-10-31": "0.00", "2018-07-31": "0.00", "2018-04-30": "0.00", "2018-01-31": "1.53", "2017-10-31": "0.00", "2017-07-31": "0.00", "2017-04-30": "0.00", "2017-01-31": "2.64", "2016-10-31": "0.00", "2016-07-31": "0.00", "2016-04-30": "0.00", "2016-01-31": "2.16", "2015-10-31": "0.00", "2015-07-31": "0.00", "2015-04-30": "0.00", "2015-01-31": "2.91", "2014-10-31": "0.00", "2014-07-31": "0.00", "2014-04-30": "0.00", "2014-01-31": "3.25", "2013-10-31": "0.00", "2013-07-31": "0.00", "2013-04-30": "0.00", "2013-01-31": "3.15", "2012-10-31": "0.00", "2012-07-31": "0.00", "2012-04-30": "0.00", "2012-01-31": "2.48", "2011-10-31": "2.42", "2011-07-31": "2.36", "2011-04-30": "2.75", "2011-01-31": "2.51", "2010-10-31": "2.20", "2010-07-31": "2.05", "2010-04-30": "2.38", "2010-01-31": "1.90", "2009-10-31": "2.07", "2009-07-31": "1.87", "2009-04-30": "1.87", "2009-01-31": "1.11", "2008-10-31": "1.39", "2008-07-31": "1.61", "2008-04-30": "2.78", "2008-01-31": "3.25", "2007-10-31": "3.68", "2007-07-31": "3.21", "2007-04-30": "3.54", "2007-01-31": "3.52", "2006-10-31": "4.05", "2006-07-31": "3.10", "2006-04-30": "3.88", "2006-01-31": "3.57"}, "price fcf": {"2021-02-05": "", "2020-10-31": "$14.35", "2020-07-31": "$12.46", "2020-04-30": "$1.67", "2020-01-31": "$2.10", "2019-10-31": "$0.58", "2019-07-31": "$1.46", "2019-04-30": "$3.03", "2019-01-31": "$5.21", "2018-10-31": "$5.25", "2018-07-31": "$4.65", "2018-04-30": "$2.55", "2018-01-31": "$2.53", "2017-10-31": "$1.65", "2017-07-31": "$2.98", "2017-04-30": "$3.12", "2017-01-31": "$3.09", "2016-10-31": "$2.74", "2016-07-31": "$2.19", "2016-04-30": "$1.94", "2016-01-31": "$2.40", "2015-10-31": "$2.17", "2015-07-31": "$2.51", "2015-04-30": "$2.27", "2015-01-31": "$2.12", "2014-10-31": "$1.56", "2014-07-31": "$1.67", "2014-04-30": "$1.40", "2014-01-31": "$0.94", "2013-10-31": "$0.31", "2013-07-31": "$1.25", "2013-04-30": "$1.34", "2013-01-31": "$1.74", "2012-10-31": "$1.96", "2012-07-31": "$1.11", "2012-04-30": "$1.57", "2012-01-31": "$1.66", "2011-10-31": "$2.12", "2011-07-31": "$2.18", "2011-04-30": "$1.84", "2011-01-31": "$1.90", "2010-10-31": "$1.03", "2010-07-31": "$1.47", "2010-04-30": "$1.88", "2010-01-31": "$2.21", "2009-10-31": "$1.91", "2009-07-31": "$0.80", "2009-04-30": "$0.89", "2009-01-31": "$-0.26", "2008-10-31": "$-0.46", "2008-07-31": "$0.19", "2008-04-30": "$0.10", "2008-01-31": "$0.78", "2007-10-31": "$0.29", "2007-07-31": "$0.66", "2007-04-30": "$0.03", "2007-01-31": "$-0.21", "2006-10-31": "$-1.19"}, "net worth": {"value": "$6.78B"}, "current ratio": {"current": "1.40", "2020-10-31": "1.40", "2020-07-31": "1.36", "2020-04-30": "2.04", "2020-01-31": "1.16", "2019-10-31": "1.38", "2019-07-31": "1.28", "2019-04-30": "1.32", "2019-01-31": "1.41", "2018-10-31": "1.61", "2018-07-31": "1.53", "2018-04-30": "1.65", "2018-01-31": "1.41", "2017-10-31": "1.61", "2017-07-31": "1.51", "2017-04-30": "1.49", "2017-01-31": "1.43", "2016-10-31": "1.57", "2016-07-31": "1.59", "2016-04-30": "1.61", "2016-01-31": "1.52", "2015-10-31": "1.61", "2015-07-31": "1.52", "2015-04-30": "1.53", "2015-01-31": "1.61", "2014-10-31": "1.65", "2014-07-31": "1.55", "2014-04-30": "1.59", "2014-01-31": "1.62", "2013-10-31": "1.63", "2013-07-31": "1.61", "2013-04-30": "1.52", "2013-01-31": "1.60", "2012-10-31": "1.69", "2012-07-31": "1.73", "2012-04-30": "1.60", "2012-01-31": "1.99", "2011-10-31": "1.87", "2011-07-31": "1.87", "2011-04-30": "1.82", "2011-01-31": "1.84", "2010-10-31": "1.58", "2010-07-31": "1.58", "2010-04-30": "1.55", "2010-01-31": "1.54", "2009-10-31": "1.51", "2009-07-31": "1.45", "2009-04-30": "1.52", "2009-01-31": "1.71", "2008-10-31": "1.71", "2008-07-31": "1.51", "2008-04-30": "1.59", "2008-01-31": "1.40", "2007-10-31": "1.56", "2007-07-31": "1.47", "2007-04-30": "1.52", "2007-01-31": "1.54", "2006-10-31": "1.47", "2006-07-31": "1.43", "2006-04-30": "1.40", "2006-01-31": "1.30", "2005-10-31": "1.55", "2005-07-31": "1.49", "2005-04-30": "1.36", "2005-01-31": "1.32"}, "quick ratio": {"2020-10-31": "0.48", "2020-07-31": "0.53", "2020-04-30": "0.92", "2020-01-31": "0.10", "2019-10-31": "0.15", "2019-07-31": "0.17", "2019-04-30": "0.16", "2019-01-31": "0.20", "2018-10-31": "0.19", "2018-07-31": "0.24", "2018-04-30": "0.24", "2018-01-31": "0.21", "2017-10-31": "0.25", "2017-07-31": "0.24", "2017-04-30": "0.22", "2017-01-31": "0.26", "2016-10-31": "0.23", "2016-07-31": "0.28", "2016-04-30": "0.26", "2016-01-31": "0.24", "2015-10-31": "0.20", "2015-07-31": "0.26", "2015-04-30": "0.21", "2015-01-31": "0.37", "2014-10-31": "0.25", "2014-07-31": "0.30", "2014-04-30": "0.30", "2014-01-31": "0.39", "2013-10-31": "0.29", "2013-07-31": "0.37", "2013-04-30": "0.28", "2013-01-31": "0.50", "2012-10-31": "0.39", "2012-07-31": "0.54", "2012-04-30": "0.57", "2012-01-31": "0.91", "2011-10-31": "0.65", "2011-07-31": "0.80", "2011-04-30": "0.70", "2011-01-31": "0.79", "2010-10-31": "0.35", "2010-07-31": "0.46", "2010-04-30": "0.38", "2010-01-31": "0.41", "2009-10-31": "0.20", "2009-07-31": "0.20", "2009-04-30": "0.20", "2009-01-31": "0.32", "2008-10-31": "0.28", "2008-07-31": "0.28", "2008-04-30": "0.27", "2008-01-31": "0.24", "2007-10-31": "0.21", "2007-07-31": "0.24", "2007-04-30": "0.24", "2007-01-31": "0.40", "2006-10-31": "0.21", "2006-07-31": "0.21", "2006-04-30": "0.18", "2006-01-31": "0.17", "2005-10-31": "0.23", "2005-07-31": "0.25", "2005-04-30": "0.24", "2005-01-31": "0.18"}, "debt equity ratio": {"current": "0.19", "2020-10-31": "2.57", "2020-07-31": "2.71", "2020-04-30": "3.76", "2020-01-31": "2.83", "2019-10-31": "3.22", "2019-07-31": "2.92", "2019-04-30": "2.79", "2019-01-31": "1.20", "2018-10-31": "1.48", "2018-07-31": "1.20", "2018-04-30": "1.28", "2018-01-31": "1.17", "2017-10-31": "1.56", "2017-07-31": "1.29", "2017-04-30": "1.21", "2017-01-31": "1.10", "2016-10-31": "1.34", "2016-07-31": "1.18", "2016-04-30": "1.15", "2016-01-31": "0.99", "2015-10-31": "1.34", "2015-07-31": "0.99", "2015-04-30": "1.01", "2015-01-31": "0.85", "2014-10-31": "1.20", "2014-07-31": "0.92", "2014-04-30": "0.88", "2014-01-31": "0.82", "2013-10-31": "0.97", "2013-07-31": "0.81", "2013-04-30": "0.86", "2013-01-31": "0.82", "2012-10-31": "0.80", "2012-07-31": "0.78", "2012-04-30": "0.91", "2012-01-31": "0.84", "2011-10-31": "0.90", "2011-07-31": "0.90", "2011-04-30": "0.94", "2011-01-31": "0.91", "2010-10-31": "1.09", "2010-07-31": "1.05", "2010-04-30": "1.09", "2010-01-31": "1.07", "2009-10-31": "1.26", "2009-07-31": "1.14", "2009-04-30": "1.27", "2009-01-31": "1.20", "2008-10-31": "1.39", "2008-07-31": "1.18", "2008-04-30": "1.39", "2008-01-31": "1.29", "2007-10-31": "1.57", "2007-07-31": "1.38", "2007-04-30": "1.72", "2007-01-31": "1.46", "2006-10-31": "2.12", "2006-07-31": "1.83", "2006-04-30": "2.01", "2006-01-31": "1.86", "2005-10-31": "2.82", "2005-07-31": "2.45", "2005-04-30": "2.88", "2005-01-31": "2.46"}, "return on equity": {"2020-10-31": "20.44%", "2020-07-31": "14.88%", "2020-04-30": "5.70%", "2020-01-31": "17.01%", "2019-10-31": "18.43%", "2019-07-31": "17.00%", "2019-04-30": "16.94%", "2019-01-31": "16.89%", "2018-10-31": "17.48%", "2018-07-31": "17.37%", "2018-04-30": "17.03%", "2018-01-31": "16.79%", "2017-10-31": "15.46%", "2017-07-31": "16.09%", "2017-04-30": "15.18%", "2017-01-31": "15.44%", "2016-10-31": "17.88%", "2016-07-31": "18.14%", "2016-04-30": "18.13%", "2016-01-31": "18.62%", "2015-10-31": "20.03%", "2015-07-31": "20.31%", "2015-04-30": "19.43%", "2015-01-31": "19.86%", "2014-10-31": "19.27%", "2014-07-31": "19.23%", "2014-04-30": "20.21%", "2014-01-31": "20.39%", "2013-10-31": "20.17%", "2013-07-31": "20.14%", "2013-04-30": "18.45%", "2013-01-31": "17.91%", "2012-10-31": "16.62%", "2012-07-31": "16.43%", "2012-04-30": "17.97%", "2012-01-31": "17.14%", "2011-10-31": "16.29%", "2011-07-31": "15.56%", "2011-04-30": "14.83%", "2011-01-31": "14.84%", "2010-10-31": "14.01%", "2010-07-31": "14.88%", "2010-04-30": "14.45%", "2010-01-31": "13.64%", "2009-10-31": "-4.03%", "2009-07-31": "-5.43%", "2009-04-30": "-5.30%", "2009-01-31": "-4.24%", "2008-10-31": "14.31%", "2008-07-31": "15.72%", "2008-04-30": "17.59%", "2008-01-31": "19.14%", "2007-10-31": "20.78%", "2007-07-31": "22.57%", "2007-04-30": "21.65%", "2007-01-31": "22.11%", "2006-10-31": "21.55%", "2006-07-31": "22.50%", "2006-04-30": "23.29%", "2006-01-31": "20.28%", "2005-10-31": "18.22%"}, "return on assets": {"2020-10-31": "5.20%", "2020-07-31": "3.62%", "2020-04-30": "1.37%", "2020-01-31": "4.32%", "2019-10-31": "5.27%", "2019-07-31": "5.52%", "2019-04-30": "6.38%", "2019-01-31": "7.38%", "2018-10-31": "7.68%", "2018-07-31": "7.57%", "2018-04-30": "7.34%", "2018-01-31": "7.29%", "2017-10-31": "6.76%", "2017-07-31": "7.20%", "2017-04-30": "6.87%", "2017-01-31": "7.04%", "2016-10-31": "8.25%", "2016-07-31": "8.39%", "2016-04-30": "8.58%", "2016-01-31": "8.97%", "2015-10-31": "9.81%", "2015-07-31": "10.13%", "2015-04-30": "9.77%", "2015-01-31": "10.14%", "2014-10-31": "9.87%", "2014-07-31": "10.14%", "2014-04-30": "10.80%", "2014-01-31": "10.92%", "2013-10-31": "10.79%", "2013-07-31": "11.04%", "2013-04-30": "10.17%", "2013-01-31": "9.80%", "2012-10-31": "9.08%", "2012-07-31": "8.85%", "2012-04-30": "9.52%", "2012-01-31": "9.06%", "2011-10-31": "8.53%", "2011-07-31": "7.97%", "2011-04-30": "7.45%", "2011-01-31": "7.32%", "2010-10-31": "6.75%", "2010-07-31": "7.04%", "2010-04-30": "6.76%", "2010-01-31": "6.25%", "2009-10-31": "-1.82%", "2009-07-31": "-2.41%", "2009-04-30": "-2.34%", "2009-01-31": "-1.85%", "2008-10-31": "6.19%", "2008-07-31": "6.70%", "2008-04-30": "7.32%", "2008-01-31": "7.73%", "2007-10-31": "8.21%", "2007-07-31": "8.57%", "2007-04-30": "7.85%", "2007-01-31": "7.82%", "2006-10-31": "7.28%", "2006-07-31": "7.27%", "2006-04-30": "7.15%", "2006-01-31": "5.86%", "2005-10-31": "5.00%"}, "return on investments": {"2020-10-31": "21.31%", "2020-07-31": "13.70%", "2020-04-30": "4.52%", "2020-01-31": "17.12%", "2019-10-31": "24.54%", "2019-07-31": "25.69%", "2019-04-30": "26.85%", "2019-01-31": "27.61%", "2018-10-31": "22.77%", "2018-07-31": "22.21%", "2018-04-30": "21.84%", "2018-01-31": "22.29%", "2017-10-31": "20.58%", "2017-07-31": "22.38%", "2017-04-30": "22.13%", "2017-01-31": "22.43%", "2016-10-31": "26.38%", "2016-07-31": "26.75%", "2016-04-30": "27.32%", "2016-01-31": "28.51%", "2015-10-31": "30.58%", "2015-07-31": "31.23%", "2015-04-30": "29.84%", "2015-01-31": "30.63%", "2014-10-31": "29.71%", "2014-07-31": "30.21%", "2014-04-30": "31.79%", "2014-01-31": "31.70%", "2013-10-31": "31.48%", "2013-07-31": "32.15%", "2013-04-30": "32.25%", "2013-01-31": "32.00%", "2012-10-31": "29.50%", "2012-07-31": "28.98%", "2012-04-30": "27.51%", "2012-01-31": "25.76%", "2011-10-31": "24.53%", "2011-07-31": "22.98%", "2011-04-30": "22.59%", "2011-01-31": "22.58%", "2010-10-31": "21.26%", "2010-07-31": "22.83%", "2010-04-30": "22.45%", "2010-01-31": "20.90%", "2009-10-31": "1.92%", "2009-07-31": "0.18%", "2009-04-30": "1.12%", "2009-01-31": "2.49%", "2008-10-31": "20.61%", "2008-07-31": "22.34%", "2008-04-30": "23.86%", "2008-01-31": "25.44%", "2007-10-31": "26.16%", "2007-07-31": "27.93%", "2007-04-30": "26.06%", "2007-01-31": "26.76%", "2006-10-31": "25.55%", "2006-07-31": "25.27%", "2006-04-30": "24.51%", "2006-01-31": "20.38%", "2005-10-31": "15.94%"}, "return on tangible equity": {"2020-10-31": "24.99%", "2020-07-31": "18.54%", "2020-04-30": "7.19%", "2020-01-31": "21.49%", "2019-10-31": "23.31%", "2019-07-31": "21.43%", "2019-04-30": "21.26%", "2019-01-31": "21.16%", "2018-10-31": "21.91%", "2018-07-31": "21.78%", "2018-04-30": "21.35%", "2018-01-31": "21.00%", "2017-10-31": "19.35%", "2017-07-31": "19.97%", "2017-04-30": "18.73%", "2017-01-31": "18.92%", "2016-10-31": "21.72%", "2016-07-31": "22.02%", "2016-04-30": "21.93%", "2016-01-31": "22.57%", "2015-10-31": "24.24%", "2015-07-31": "24.63%", "2015-04-30": "23.58%", "2015-01-31": "24.05%", "2014-10-31": "23.39%", "2014-07-31": "23.26%", "2014-04-30": "24.52%", "2014-01-31": "24.87%", "2013-10-31": "24.69%", "2013-07-31": "24.66%", "2013-04-30": "22.54%", "2013-01-31": "21.74%", "2012-10-31": "19.97%", "2012-07-31": "19.65%", "2012-04-30": "21.46%", "2012-01-31": "20.50%", "2011-10-31": "19.67%", "2011-07-31": "19.01%", "2011-04-30": "18.35%", "2011-01-31": "18.62%", "2010-10-31": "17.84%", "2010-07-31": "19.20%", "2010-04-30": "18.95%", "2010-01-31": "18.19%", "2009-10-31": "-5.47%", "2009-07-31": "-7.82%", "2009-04-30": "-8.09%", "2009-01-31": "-6.89%", "2008-10-31": "24.76%", "2008-07-31": "27.43%", "2008-04-30": "30.77%", "2008-01-31": "33.82%", "2007-10-31": "34.54%", "2007-07-31": "35.96%", "2007-04-30": "33.24%", "2007-01-31": "32.06%", "2006-10-31": "32.65%", "2006-07-31": "35.75%", "2006-04-30": "38.89%", "2006-01-31": "36.00%", "2005-10-31": "34.41%"}, "dividend yield history": {"last payout": "$1.25", "last yield": "1.65%"}}