{"ticker": "DIS", "price": {"title": "Disney Historical Annual Stock Price Data", "value": 190.91, "historical": {"2021": {"Average Stock Price": "176.6989", "Year Open": "177.6800", "Year High": "190.9100", "Year Low": "163.0300", "Year Close": "190.9100", "Annual % Change": "5.37%"}, "2020": {"Average Stock Price": "126.4019", "Year Open": "148.2000", "Year High": "181.1800", "Year Low": "85.7600", "Year Close": "181.1800", "Annual % Change": "25.27%"}, "2019": {"Average Stock Price": "130.7728", "Year Open": "108.9700", "Year High": "151.6400", "Year Low": "106.3300", "Year Close": "144.6300", "Annual % Change": "31.90%"}, "2018": {"Average Stock Price": "108.3752", "Year Open": "111.8000", "Year High": "118.9000", "Year Low": "98.5400", "Year Close": "109.6500", "Annual % Change": "1.99%"}, "2017": {"Average Stock Price": "106.3582", "Year Open": "106.0800", "Year High": "115.8400", "Year Low": "96.9300", "Year Close": "107.5100", "Annual % Change": "3.16%"}, "2016": {"Average Stock Price": "97.4618", "Year Open": "102.9800", "Year High": "106.6000", "Year Low": "88.8500", "Year Close": "104.2200", "Annual % Change": "-0.82%"}, "2015": {"Average Stock Price": "107.8355", "Year Open": "93.7500", "Year High": "121.6900", "Year Low": "90.9600", "Year Close": "105.0800", "Annual % Change": "11.56%"}, "2014": {"Average Stock Price": "84.4812", "Year Open": "76.2700", "Year High": "95.5000", "Year Low": "69.9900", "Year Close": "94.1900", "Annual % Change": "23.29%"}, "2013": {"Average Stock Price": "62.8879", "Year Open": "51.1000", "Year High": "76.4000", "Year Low": "50.5800", "Year Close": "76.4000", "Annual % Change": "53.44%"}, "2012": {"Average Stock Price": "46.4359", "Year Open": "38.3100", "Year High": "52.9700", "Year Low": "38.3100", "Year Close": "49.7900", "Annual % Change": "32.77%"}, "2011": {"Average Stock Price": "37.9914", "Year Open": "37.8200", "Year High": "44.0700", "Year Low": "29.0000", "Year Close": "37.5000", "Annual % Change": "-0.03%"}, "2010": {"Average Stock Price": "34.1449", "Year Open": "32.0700", "Year High": "37.9500", "Year Low": "29.3200", "Year Close": "37.5100", "Annual % Change": "16.31%"}, "2009": {"Average Stock Price": "24.5009", "Year Open": "23.9200", "Year High": "32.4300", "Year Low": "15.5900", "Year Close": "32.2500", "Annual % Change": "42.13%"}, "2008": {"Average Stock Price": "29.6764", "Year Open": "31.8400", "Year High": "34.9900", "Year Low": "18.7300", "Year Close": "22.6900", "Annual % Change": "-29.71%"}, "2007": {"Average Stock Price": "34.2773", "Year Open": "34.2000", "Year High": "36.5500", "Year Low": "31.2400", "Year Close": "32.2800", "Annual % Change": "-5.81%"}, "2006": {"Average Stock Price": "29.5654", "Year Open": "24.4000", "Year High": "34.8500", "Year Low": "23.9900", "Year Close": "34.2700", "Annual % Change": "42.97%"}, "2005": {"Average Stock Price": "26.3047", "Year Open": "27.8500", "Year High": "29.8800", "Year Low": "22.9600", "Year Close": "23.9700", "Annual % Change": "-13.78%"}, "2004": {"Average Stock Price": "24.7151", "Year Open": "23.6700", "Year High": "28.0000", "Year Low": "20.8900", "Year Close": "27.8000", "Annual % Change": "19.16%"}, "2003": {"Average Stock Price": "19.9203", "Year Open": "17.2600", "Year High": "23.4800", "Year Low": "15.0200", "Year Close": "23.3300", "Annual % Change": "43.04%"}, "2002": {"Average Stock Price": "19.7296", "Year Open": "21.4500", "Year High": "25.0000", "Year Low": "13.7700", "Year Close": "16.3100", "Annual % Change": "-21.28%"}, "2001": {"Average Stock Price": "26.4359", "Year Open": "27.9400", "Year High": "34.5000", "Year Low": "16.9800", "Year Close": "20.7200", "Annual % Change": "-28.40%"}, "2000": {"Average Stock Price": "37.1802", "Year Open": "29.8800", "Year High": "43.6300", "Year Low": "26.4400", "Year Close": "28.9400", "Annual % Change": "-1.06%"}, "1999": {"Average Stock Price": "29.8044", "Year Open": "29.5600", "Year High": "38.0000", "Year Low": "23.5000", "Year Close": "29.2500", "Annual % Change": "-2.50%"}, "1998": {"Average Stock Price": "33.5568", "Year Open": "33.2100", "Year High": "42.3667", "Year Low": "23.5000", "Year Close": "30.0000", "Annual % Change": "-9.09%"}, "1997": {"Average Stock Price": "26.7664", "Year Open": "22.4600", "Year High": "33.0000", "Year Low": "22.4600", "Year Close": "33.0000", "Annual % Change": "41.94%"}, "1996": {"Average Stock Price": "21.0561", "Year Open": "20.2933", "Year High": "25.3333", "Year Low": "17.7900", "Year Close": "23.2500", "Annual % Change": "18.46%"}, "1995": {"Average Stock Price": "18.5993", "Year Open": "15.5000", "Year High": "20.9600", "Year Low": "15.1667", "Year Close": "19.6267", "Annual % Change": "28.00%"}, "1994": {"Average Stock Price": "14.3910", "Year Open": "14.3767", "Year High": "16.0000", "Year Low": "12.6267", "Year Close": "15.3333", "Annual % Change": "7.90%"}, "1993": {"Average Stock Price": "13.8892", "Year Open": "14.2500", "Year High": "15.8767", "Year Low": "12.1267", "Year Close": "14.2100", "Annual % Change": "-0.86%"}, "1992": {"Average Stock Price": "12.3567", "Year Open": "9.6567", "Year High": "14.7500", "Year Low": "9.6567", "Year Close": "14.3333", "Annual % Change": "50.22%"}, "1991": {"Average Stock Price": "9.5884", "Year Open": "8.4167", "Year High": "10.6142", "Year Low": "7.8333", "Year Close": "9.5417", "Annual % Change": "12.81%"}, "1990": {"Average Stock Price": "9.0592", "Year Open": "9.6250", "Year High": "11.2083", "Year Low": "7.2817", "Year Close": "8.4583", "Annual % Change": "-9.38%"}, "1989": {"Average Stock Price": "8.3305", "Year Open": "5.4792", "Year High": "11.2192", "Year Low": "5.4792", "Year Close": "9.3333", "Annual % Change": "70.34%"}, "1988": {"Average Stock Price": "5.1247", "Year Open": "5.1875", "Year High": "5.6667", "Year Low": "4.5208", "Year Close": "5.4792", "Annual % Change": "10.97%"}, "1987": {"Average Stock Price": "5.3237", "Year Open": "3.7392", "Year High": "6.8333", "Year Low": "3.7392", "Year Close": "4.9375", "Annual % Change": "37.41%"}, "1986": {"Average Stock Price": "3.4855", "Year Open": "2.3465", "Year High": "4.5625", "Year Low": "2.3465", "Year Close": "3.5933", "Annual % Change": "52.80%"}, "1985": {"Average Stock Price": "1.7762", "Year Open": "1.2527", "Year High": "2.3646", "Year Low": "1.2369", "Year Close": "2.3517", "Annual % Change": "88.54%"}, "1984": {"Average Stock Price": "1.1891", "Year Open": "1.0965", "Year High": "1.4271", "Year Low": "0.9506", "Year Close": "1.2473", "Annual % Change": "13.49%"}, "1983": {"Average Stock Price": "1.3701", "Year Open": "1.2969", "Year High": "1.7577", "Year Low": "0.9844", "Year Close": "1.0990", "Annual % Change": "-16.60%"}, "1982": {"Average Stock Price": "1.1754", "Year Open": "1.1146", "Year High": "1.4792", "Year Low": "0.9896", "Year Close": "1.3177", "Annual % Change": "21.06%"}, "1981": {"Average Stock Price": "1.1488", "Year Open": "1.0833", "Year High": "1.3854", "Year Low": "0.9219", "Year Close": "1.0885", "Annual % Change": "1.95%"}, "1980": {"Average Stock Price": "0.9863", "Year Open": "0.9063", "Year High": "1.1094", "Year Low": "0.8567", "Year Close": "1.0677", "Annual % Change": "14.19%"}, "1979": {"Average Stock Price": "0.8030", "Year Open": "0.8385", "Year High": "0.9400", "Year Low": "0.6902", "Year Close": "0.9350", "Annual % Change": "11.84%"}, "1978": {"Average Stock Price": "0.8091", "Year Open": "0.8281", "Year High": "0.9688", "Year Low": "0.6590", "Year Close": "0.8360", "Annual % Change": "0.32%"}, "1977": {"Average Stock Price": "0.7818", "Year Open": "0.9647", "Year High": "0.9647", "Year Low": "0.6619", "Year Close": "0.8333", "Annual % Change": "-14.08%"}, "1976": {"Average Stock Price": "1.0755", "Year Open": "1.0673", "Year High": "1.2828", "Year Low": "0.8594", "Year Close": "0.9698", "Annual % Change": "-5.27%"}, "1975": {"Average Stock Price": "0.9222", "Year Open": "0.4540", "Year High": "1.1238", "Year Low": "0.4540", "Year Close": "1.0238", "Annual % Change": "133.42%"}, "1974": {"Average Stock Price": "0.7491", "Year Open": "0.9366", "Year High": "1.1059", "Year Low": "0.3592", "Year Close": "0.4386", "Annual % Change": "-54.77%"}, "1973": {"Average Stock Price": "1.7110", "Year Open": "2.5041", "Year High": "2.5041", "Year Low": "0.8518", "Year Close": "0.9698", "Annual % Change": "-60.09%"}, "1972": {"Average Stock Price": "1.8272", "Year Open": "1.3932", "Year High": "2.4297", "Year Low": "1.3649", "Year Close": "2.4297", "Annual % Change": "72.18%"}, "1971": {"Average Stock Price": "1.1384", "Year Open": "0.7094", "Year High": "1.8242", "Year Low": "0.7094", "Year Close": "1.4111", "Annual % Change": "94.53%"}, "1970": {"Average Stock Price": "0.6502", "Year Open": "0.6825", "Year High": "0.8031", "Year Low": "0.4734", "Year Close": "0.7254", "Annual % Change": "5.50%"}, "1969": {"Average Stock Price": "0.4571", "Year Open": "0.4259", "Year High": "0.6876", "Year Low": "0.3643", "Year Close": "0.6876", "Annual % Change": "57.63%"}, "1968": {"Average Stock Price": "0.3304", "Year Open": "0.2797", "Year High": "0.4753", "Year Low": "0.2149", "Year Close": "0.4362", "Annual % Change": "53.86%"}, "1967": {"Average Stock Price": "0.4529", "Year Open": "0.3944", "Year High": "0.5747", "Year Low": "0.2732", "Year Close": "0.2835", "Annual % Change": "-30.29%"}, "1966": {"Average Stock Price": "0.2815", "Year Open": "0.3066", "Year High": "0.4291", "Year Low": "0.2104", "Year Close": "0.4067", "Annual % Change": "33.78%"}, "1965": {"Average Stock Price": "0.2699", "Year Open": "0.2373", "Year High": "0.3066", "Year Low": "0.2348", "Year Close": "0.3040", "Annual % Change": "30.19%"}, "1964": {"Average Stock Price": "0.2238", "Year Open": "0.2040", "Year High": "0.2579", "Year Low": "0.1976", "Year Close": "0.2335", "Annual % Change": "15.19%"}, "1963": {"Average Stock Price": "0.1950", "Year Open": "0.1475", "Year High": "0.2329", "Year Low": "0.1475", "Year Close": "0.2027", "Annual % Change": "40.47%"}}}, "market cap": {"value": "$341.46B"}, "income statement": {"Revenue": {"2020-09-30": "65388.00000", "2019-09-30": "69607.00000", "2018-09-30": "59434.00000", "2017-09-30": "55137.00000", "2016-09-30": "55632.00000", "2015-09-30": "52465.00000", "2014-09-30": "48813.00000", "2013-09-30": "45041.00000", "2012-09-30": "42278.00000", "2011-09-30": "40893.00000", "2010-09-30": "38063.00000", "2009-09-30": "36149.00000", "2008-09-30": "37843.00000", "2007-09-30": "35510.00000", "2006-09-30": "33747.00000", "2005-09-30": "31374.00000"}, "Cost Of Goods Sold": {"2020-09-30": "43880.00000", "2019-09-30": "42061.00000", "2018-09-30": "32726.00000", "2017-09-30": "30306.00000", "2016-09-30": "29993.00000", "2015-09-30": "28364.00000", "2014-09-30": "26420.00000", "2013-09-30": "25034.00000", "2012-09-30": "23468.00000", "2011-09-30": "33112.00000", "2010-09-30": "31337.00000", "2009-09-30": "30452.00000", "2008-09-30": "30400.00000", "2007-09-30": "28655.00000", "2006-09-30": "28392.00000", "2005-09-30": "27443.00000"}, "Gross Profit": {"2020-09-30": "21508.00000", "2019-09-30": "27546.00000", "2018-09-30": "26708.00000", "2017-09-30": "24831.00000", "2016-09-30": "25639.00000", "2015-09-30": "24101.00000", "2014-09-30": "22393.00000", "2013-09-30": "20007.00000", "2012-09-30": "18810.00000", "2011-09-30": "7781.00000", "2010-09-30": "6726.00000", "2009-09-30": "5697.00000", "2008-09-30": "7443.00000", "2007-09-30": "6855.00000", "2006-09-30": "5355.00000", "2005-09-30": "3931.00000"}, "Research And Development Expenses": {"2020-09-30": "", "2019-09-30": "", "2018-09-30": "", "2017-09-30": "", "2016-09-30": "", "2015-09-30": "", "2014-09-30": "", "2013-09-30": "", "2012-09-30": "", "2011-09-30": "", "2010-09-30": "", "2009-09-30": "", "2008-09-30": "", "2007-09-30": "", "2006-09-30": "", "2005-09-30": ""}, "SG&A Expenses": {"2020-09-30": "12369.00000", "2019-09-30": "11549.00000", "2018-09-30": "8860.00000", "2017-09-30": "8176.00000", "2016-09-30": "8754.00000", "2015-09-30": "8523.00000", "2014-09-30": "8565.00000", "2013-09-30": "8365.00000", "2012-09-30": "7960.00000", "2011-09-30": "", "2010-09-30": "", "2009-09-30": "", "2008-09-30": "", "2007-09-30": "", "2006-09-30": "", "2005-09-30": ""}, "Other Operating Income Or Expenses": {"2020-09-30": "", "2019-09-30": "", "2018-09-30": "", "2017-09-30": "", "2016-09-30": "", "2015-09-30": "", "2014-09-30": "", "2013-09-30": "", "2012-09-30": "", "2011-09-30": "", "2010-09-30": "", "2009-09-30": "", "2008-09-30": "", "2007-09-30": "", "2006-09-30": "", "2005-09-30": ""}, "Operating Expenses": {"2020-09-30": "67329.00000", "2019-09-30": "58960.00000", "2018-09-30": "44630.00000", "2017-09-30": "41362.00000", "2016-09-30": "41430.00000", "2015-09-30": "39294.00000", "2014-09-30": "37413.00000", "2013-09-30": "35805.00000", "2012-09-30": "33515.00000", "2011-09-30": "33167.00000", "2010-09-30": "31607.00000", "2009-09-30": "30944.00000", "2008-09-30": "30439.00000", "2007-09-30": "28681.00000", "2006-09-30": "28392.00000", "2005-09-30": "27475.00000"}, "Operating Income": {"2020-09-30": "-1941.00000", "2019-09-30": "10647.00000", "2018-09-30": "14804.00000", "2017-09-30": "13775.00000", "2016-09-30": "14202.00000", "2015-09-30": "13171.00000", "2014-09-30": "11400.00000", "2013-09-30": "9236.00000", "2012-09-30": "8763.00000", "2011-09-30": "7726.00000", "2010-09-30": "6456.00000", "2009-09-30": "5205.00000", "2008-09-30": "7404.00000", "2007-09-30": "6829.00000", "2006-09-30": "5355.00000", "2005-09-30": "3899.00000"}, "Total Non-Operating Income/Expense": {"2020-09-30": "198.00000", "2019-09-30": "3276.00000", "2018-09-30": "-75.00000", "2017-09-30": "13.00000", "2016-09-30": "666.00000", "2015-09-30": "697.00000", "2014-09-30": "846.00000", "2013-09-30": "384.00000", "2012-09-30": "497.00000", "2011-09-30": "317.00000", "2010-09-30": "171.00000", "2009-09-30": "453.00000", "2008-09-30": "-2.00000", "2007-09-30": "896.00000", "2006-09-30": "-31.00000", "2005-09-30": "-88.00000"}, "Pre-Tax Income": {"2020-09-30": "-1743.00000", "2019-09-30": "13923.00000", "2018-09-30": "14729.00000", "2017-09-30": "13788.00000", "2016-09-30": "14868.00000", "2015-09-30": "13868.00000", "2014-09-30": "12246.00000", "2013-09-30": "9620.00000", "2012-09-30": "9260.00000", "2011-09-30": "8043.00000", "2010-09-30": "6627.00000", "2009-09-30": "5658.00000", "2008-09-30": "7402.00000", "2007-09-30": "7725.00000", "2006-09-30": "5324.00000", "2005-09-30": "3811.00000"}, "Income Taxes": {"2020-09-30": "699.00000", "2019-09-30": "3026.00000", "2018-09-30": "1663.00000", "2017-09-30": "4422.00000", "2016-09-30": "5078.00000", "2015-09-30": "5016.00000", "2014-09-30": "4242.00000", "2013-09-30": "2984.00000", "2012-09-30": "3087.00000", "2011-09-30": "2785.00000", "2010-09-30": "2314.00000", "2009-09-30": "2049.00000", "2008-09-30": "2673.00000", "2007-09-30": "2874.00000", "2006-09-30": "1837.00000", "2005-09-30": "1174.00000"}, "Income After Taxes": {"2020-09-30": "-2442.00000", "2019-09-30": "10897.00000", "2018-09-30": "13066.00000", "2017-09-30": "9366.00000", "2016-09-30": "9790.00000", "2015-09-30": "8852.00000", "2014-09-30": "8004.00000", "2013-09-30": "6636.00000", "2012-09-30": "6173.00000", "2011-09-30": "5258.00000", "2010-09-30": "4313.00000", "2009-09-30": "3609.00000", "2008-09-30": "4729.00000", "2007-09-30": "4851.00000", "2006-09-30": "3487.00000", "2005-09-30": "2637.00000"}, "Other Income": {"2020-09-30": "", "2019-09-30": "", "2018-09-30": "", "2017-09-30": "", "2016-09-30": "", "2015-09-30": "", "2014-09-30": "", "2013-09-30": "", "2012-09-30": "", "2011-09-30": "", "2010-09-30": "", "2009-09-30": "", "2008-09-30": "", "2007-09-30": "", "2006-09-30": "", "2005-09-30": ""}, "Income From Continuous Operations": {"2020-09-30": "-2442.00000", "2019-09-30": "10897.00000", "2018-09-30": "13066.00000", "2017-09-30": "9366.00000", "2016-09-30": "9790.00000", "2015-09-30": "8852.00000", "2014-09-30": "8004.00000", "2013-09-30": "6636.00000", "2012-09-30": "6173.00000", "2011-09-30": "5258.00000", "2010-09-30": "4313.00000", "2009-09-30": "3609.00000", "2008-09-30": "4729.00000", "2007-09-30": "4674.00000", "2006-09-30": "3304.00000", "2005-09-30": "2460.00000"}, "Income From Discontinued Operations": {"2020-09-30": "-32.00000", "2019-09-30": "687.00000", "2018-09-30": "", "2017-09-30": "", "2016-09-30": "", "2015-09-30": "", "2014-09-30": "", "2013-09-30": "", "2012-09-30": "", "2011-09-30": "", "2010-09-30": "", "2009-09-30": "", "2008-09-30": "", "2007-09-30": "13.00000", "2006-09-30": "70.00000", "2005-09-30": "109.00000"}, "Net Income": {"2020-09-30": "-2864.00000", "2019-09-30": "11054.00000", "2018-09-30": "12598.00000", "2017-09-30": "8980.00000", "2016-09-30": "9391.00000", "2015-09-30": "8382.00000", "2014-09-30": "7501.00000", "2013-09-30": "6136.00000", "2012-09-30": "5682.00000", "2011-09-30": "4807.00000", "2010-09-30": "3963.00000", "2009-09-30": "3307.00000", "2008-09-30": "4427.00000", "2007-09-30": "4687.00000", "2006-09-30": "3374.00000", "2005-09-30": "2533.00000"}, "EBITDA": {"2020-09-30": "8357.00000", "2019-09-30": "14814.00000", "2018-09-30": "17815.00000", "2017-09-30": "16557.00000", "2016-09-30": "16729.00000", "2015-09-30": "15525.00000", "2014-09-30": "13688.00000", "2013-09-30": "11428.00000", "2012-09-30": "10750.00000", "2011-09-30": "9567.00000", "2010-09-30": "8169.00000", "2009-09-30": "6836.00000", "2008-09-30": "8986.00000", "2007-09-30": "8320.00000", "2006-09-30": "6801.00000", "2005-09-30": "5240.00000"}, "EBIT": {"2020-09-30": "-1941.00000", "2019-09-30": "10647.00000", "2018-09-30": "14804.00000", "2017-09-30": "13775.00000", "2016-09-30": "14202.00000", "2015-09-30": "13171.00000", "2014-09-30": "11400.00000", "2013-09-30": "9236.00000", "2012-09-30": "8763.00000", "2011-09-30": "7726.00000", "2010-09-30": "6456.00000", "2009-09-30": "5205.00000", "2008-09-30": "7404.00000", "2007-09-30": "6829.00000", "2006-09-30": "5355.00000", "2005-09-30": "3899.00000"}, "Basic Shares Outstanding": {"2020-09-30": "1808.00000", "2019-09-30": "1656.00000", "2018-09-30": "1499.00000", "2017-09-30": "1568.00000", "2016-09-30": "1629.00000", "2015-09-30": "1694.00000", "2014-09-30": "1740.00000", "2013-09-30": "1792.00000", "2012-09-30": "1794.00000", "2011-09-30": "1878.00000", "2010-09-30": "1915.00000", "2009-09-30": "1856.00000", "2008-09-30": "1890.00000", "2007-09-30": "2004.00000", "2006-09-30": "2005.00000", "2005-09-30": "2028.00000"}, "Shares Outstanding": {"2020-09-30": "1808.00000", "2019-09-30": "1666.00000", "2018-09-30": "1507.00000", "2017-09-30": "1578.00000", "2016-09-30": "1639.00000", "2015-09-30": "1709.00000", "2014-09-30": "1759.00000", "2013-09-30": "1813.00000", "2012-09-30": "1818.00000", "2011-09-30": "1909.00000", "2010-09-30": "1948.00000", "2009-09-30": "1875.00000", "2008-09-30": "1948.00000", "2007-09-30": "2092.00000", "2006-09-30": "2076.00000", "2005-09-30": "2089.00000"}, "Basic EPS": {"2020-09-30": "-1.58000", "2019-09-30": "6.68000", "2018-09-30": "8.40000", "2017-09-30": "5.73000", "2016-09-30": "5.76000", "2015-09-30": "4.95000", "2014-09-30": "4.31000", "2013-09-30": "3.42000", "2012-09-30": "3.17000", "2011-09-30": "2.56000", "2010-09-30": "2.07000", "2009-09-30": "1.78000", "2008-09-30": "2.34000", "2007-09-30": "2.34000", "2006-09-30": "1.68000", "2005-09-30": "1.25000"}, "EPS - Earnings Per Share": {"2020-09-30": "-1.58000", "2019-09-30": "6.64000", "2018-09-30": "8.36000", "2017-09-30": "5.69000", "2016-09-30": "5.73000", "2015-09-30": "4.90000", "2014-09-30": "4.26000", "2013-09-30": "3.38000", "2012-09-30": "3.13000", "2011-09-30": "2.52000", "2010-09-30": "2.03000", "2009-09-30": "1.76000", "2008-09-30": "2.28000", "2007-09-30": "2.25000", "2006-09-30": "1.64000", "2005-09-30": "1.22000"}}, "income statement, quarterly": {"Revenue": {"2020-09-30": "14742.00000", "2020-06-30": "11779.00000", "2020-03-31": "18009.00000", "2019-12-31": "20858.00000", "2019-09-30": "19120.00000", "2019-06-30": "20262.00000", "2019-03-31": "14922.00000", "2018-12-31": "15303.00000", "2018-09-30": "14306.00000", "2018-06-30": "15229.00000", "2018-03-31": "14548.00000", "2017-12-31": "15351.00000", "2017-09-30": "12779.00000", "2017-06-30": "14238.00000", "2017-03-31": "13336.00000", "2016-12-31": "14784.00000", "2016-09-30": "13142.00000", "2016-06-30": "14277.00000", "2016-03-31": "12969.00000", "2015-12-31": "15244.00000", "2015-09-30": "13512.00000", "2015-06-30": "13101.00000", "2015-03-31": "12461.00000", "2014-12-31": "13391.00000", "2014-09-30": "12389.00000", "2014-06-30": "12466.00000", "2014-03-31": "11649.00000", "2013-12-31": "12309.00000", "2013-09-30": "11568.00000", "2013-06-30": "11578.00000", "2013-03-31": "10554.00000", "2012-12-31": "11341.00000", "2012-09-30": "10782.00000", "2012-06-30": "11088.00000", "2012-03-31": "9629.00000", "2011-12-31": "10779.00000", "2011-09-30": "10425.00000", "2011-06-30": "10675.00000", "2011-03-31": "9077.00000", "2010-12-31": "10716.00000", "2010-09-30": "9742.00000", "2010-06-30": "10002.00000", "2010-03-31": "8580.00000", "2009-12-31": "9739.00000", "2009-09-30": "9867.00000", "2009-06-30": "8596.00000", "2009-03-31": "8087.00000", "2008-12-31": "9599.00000", "2008-09-30": "9445.00000", "2008-06-30": "9236.00000", "2008-03-31": "8710.00000", "2007-12-31": "10452.00000", "2007-09-30": "8930.00000", "2007-06-30": "9045.00000", "2007-03-31": "7954.00000", "2006-12-31": "9581.00000", "2006-09-30": "8392.00000", "2006-06-30": "8474.00000", "2006-03-31": "8027.00000", "2005-12-31": "8854.00000", "2005-09-30": "7164.00000", "2005-06-30": "7715.00000", "2005-03-31": "7829.00000"}, "Cost Of Goods Sold": {"2020-09-30": "11050.00000", "2020-06-30": "7896.00000", "2020-03-31": "11918.00000", "2019-12-31": "13016.00000", "2019-09-30": "11847.00000", "2019-06-30": "12837.00000", "2019-03-31": "8376.00000", "2018-12-31": "9001.00000", "2018-09-30": "8108.00000", "2018-06-30": "8348.00000", "2018-03-31": "7541.00000", "2017-12-31": "8729.00000", "2017-09-30": "7214.00000", "2017-06-30": "7717.00000", "2017-03-31": "6969.00000", "2016-12-31": "8406.00000", "2016-09-30": "7305.00000", "2016-06-30": "7201.00000", "2016-03-31": "6864.00000", "2015-12-31": "8623.00000", "2015-09-30": "7355.00000", "2015-06-30": "6663.00000", "2015-03-31": "6690.00000", "2014-12-31": "7656.00000", "2014-09-30": "9993.00000", "2014-06-30": "6364.00000", "2014-03-31": "5972.00000", "2013-12-31": "7065.00000", "2013-09-30": "9409.00000", "2013-06-30": "8574.00000", "2013-03-31": "8359.00000", "2012-12-31": "9249.00000", "2012-09-30": "8758.00000", "2012-06-30": "8128.00000", "2012-03-31": "7942.00000", "2011-12-31": "8587.00000", "2011-09-30": "8558.00000", "2011-06-30": "8229.00000", "2011-03-31": "7549.00000", "2010-12-31": "8776.00000", "2010-09-30": "8221.00000", "2010-06-30": "7723.00000", "2010-03-31": "7068.00000", "2009-12-31": "8325.00000", "2009-09-30": "8272.00000", "2009-06-30": "6998.00000", "2009-03-31": "6800.00000", "2008-12-31": "8382.00000", "2008-09-30": "7954.00000", "2008-06-30": "7215.00000", "2008-03-31": "6812.00000", "2007-12-31": "8419.00000", "2007-09-30": "7285.00000", "2007-06-30": "7022.00000", "2007-03-31": "6441.00000", "2006-12-31": "7907.00000", "2006-09-30": "7124.00000", "2006-06-30": "6734.00000", "2006-03-31": "6841.00000", "2005-12-31": "7693.00000", "2005-09-30": "6740.00000", "2005-06-30": "6433.00000", "2005-03-31": "6720.00000"}, "Gross Profit": {"2020-09-30": "3692.00000", "2020-06-30": "3883.00000", "2020-03-31": "6091.00000", "2019-12-31": "7842.00000", "2019-09-30": "7273.00000", "2019-06-30": "7425.00000", "2019-03-31": "6546.00000", "2018-12-31": "6302.00000", "2018-09-30": "6198.00000", "2018-06-30": "6881.00000", "2018-03-31": "7007.00000", "2017-12-31": "6622.00000", "2017-09-30": "5565.00000", "2017-06-30": "6521.00000", "2017-03-31": "6367.00000", "2016-12-31": "6378.00000", "2016-09-30": "5837.00000", "2016-06-30": "7076.00000", "2016-03-31": "6105.00000", "2015-12-31": "6621.00000", "2015-09-30": "6157.00000", "2015-06-30": "6438.00000", "2015-03-31": "5771.00000", "2014-12-31": "5735.00000", "2014-09-30": "2396.00000", "2014-06-30": "6102.00000", "2014-03-31": "5677.00000", "2013-12-31": "5244.00000", "2013-09-30": "2159.00000", "2013-06-30": "3004.00000", "2013-03-31": "2195.00000", "2012-12-31": "2092.00000", "2012-09-30": "2024.00000", "2012-06-30": "2960.00000", "2012-03-31": "1687.00000", "2011-12-31": "2192.00000", "2011-09-30": "1867.00000", "2011-06-30": "2446.00000", "2011-03-31": "1528.00000", "2010-12-31": "1940.00000", "2010-09-30": "1521.00000", "2010-06-30": "2279.00000", "2010-03-31": "1512.00000", "2009-12-31": "1414.00000", "2009-09-30": "1595.00000", "2009-06-30": "1598.00000", "2009-03-31": "1287.00000", "2008-12-31": "1217.00000", "2008-09-30": "1491.00000", "2008-06-30": "2021.00000", "2008-03-31": "1898.00000", "2007-12-31": "2033.00000", "2007-09-30": "1645.00000", "2007-06-30": "2023.00000", "2007-03-31": "1513.00000", "2006-12-31": "1674.00000", "2006-09-30": "1268.00000", "2006-06-30": "1740.00000", "2006-03-31": "1186.00000", "2005-12-31": "1161.00000", "2005-09-30": "424.00000", "2005-06-30": "1282.00000", "2005-03-31": "1109.00000"}, "Research And Development Expenses": {"2020-09-30": "", "2020-06-30": "", "2020-03-31": "", "2019-12-31": "", "2019-09-30": "", "2019-06-30": "", "2019-03-31": "", "2018-12-31": "", "2018-09-30": "", "2018-06-30": "", "2018-03-31": "", "2017-12-31": "", "2017-09-30": "", "2017-06-30": "", "2017-03-31": "", "2016-12-31": "", "2016-09-30": "", "2016-06-30": "", "2016-03-31": "", "2015-12-31": "", "2015-09-30": "", "2015-06-30": "", "2015-03-31": "", "2014-12-31": "", "2014-09-30": "", "2014-06-30": "", "2014-03-31": "", "2013-12-31": "", "2013-09-30": "", "2013-06-30": "", "2013-03-31": "", "2012-12-31": "", "2012-09-30": "", "2012-06-30": "", "2012-03-31": "", "2011-12-31": "", "2011-09-30": "", "2011-06-30": "", "2011-03-31": "", "2010-12-31": "", "2010-09-30": "", "2010-06-30": "", "2010-03-31": "", "2009-12-31": "", "2009-09-30": "", "2009-06-30": "", "2009-03-31": "", "2008-12-31": "", "2008-09-30": "", "2008-06-30": "", "2008-03-31": "", "2007-12-31": "", "2007-09-30": "", "2007-06-30": "", "2007-03-31": "", "2006-12-31": "", "2006-09-30": "", "2006-06-30": "", "2006-03-31": "", "2005-12-31": "", "2005-09-30": "", "2005-06-30": "", "2005-03-31": ""}, "SG&A Expenses": {"2020-09-30": "2823.00000", "2020-06-30": "2455.00000", "2020-03-31": "3388.00000", "2019-12-31": "3703.00000", "2019-09-30": "3699.00000", "2019-06-30": "3368.00000", "2019-03-31": "2330.00000", "2018-12-31": "2152.00000", "2018-09-30": "2321.00000", "2018-06-30": "2213.00000", "2018-03-31": "2239.00000", "2017-12-31": "2087.00000", "2017-09-30": "2228.00000", "2017-06-30": "2022.00000", "2017-03-31": "1941.00000", "2016-12-31": "1985.00000", "2016-09-30": "2287.00000", "2016-06-30": "2305.00000", "2016-03-31": "2137.00000", "2015-12-31": "2025.00000", "2015-09-30": "2406.00000", "2015-06-30": "2101.00000", "2015-03-31": "2081.00000", "2014-12-31": "1935.00000", "2014-09-30": "2384.00000", "2014-06-30": "2047.00000", "2014-03-31": "2116.00000", "2013-12-31": "2018.00000", "2013-09-30": "", "2013-06-30": "", "2013-03-31": "", "2012-12-31": "", "2012-09-30": "", "2012-06-30": "", "2012-03-31": "", "2011-12-31": "", "2011-09-30": "", "2011-06-30": "", "2011-03-31": "", "2010-12-31": "", "2010-09-30": "", "2010-06-30": "", "2010-03-31": "", "2009-12-31": "", "2009-09-30": "", "2009-06-30": "", "2009-03-31": "", "2008-12-31": "", "2008-09-30": "", "2008-06-30": "", "2008-03-31": "", "2007-12-31": "", "2007-09-30": "", "2007-06-30": "", "2007-03-31": "", "2006-12-31": "", "2006-09-30": "", "2006-06-30": "", "2006-03-31": "", "2005-12-31": "", "2005-09-30": "", "2005-06-30": "", "2005-03-31": ""}, "Other Operating Income Or Expenses": {"2020-09-30": "", "2020-06-30": "", "2020-03-31": "", "2019-12-31": "", "2019-09-30": "", "2019-06-30": "", "2019-03-31": "", "2018-12-31": "", "2018-09-30": "", "2018-06-30": "", "2018-03-31": "", "2017-12-31": "", "2017-09-30": "", "2017-06-30": "", "2017-03-31": "", "2016-12-31": "", "2016-09-30": "", "2016-06-30": "", "2016-03-31": "", "2015-12-31": "", "2015-09-30": "", "2015-06-30": "", "2015-03-31": "", "2014-12-31": "", "2014-09-30": "", "2014-06-30": "", "2014-03-31": "", "2013-12-31": "", "2013-09-30": "", "2013-06-30": "", "2013-03-31": "", "2012-12-31": "", "2012-09-30": "", "2012-06-30": "", "2012-03-31": "", "2011-12-31": "", "2011-09-30": "", "2011-06-30": "", "2011-03-31": "", "2010-12-31": "", "2010-09-30": "", "2010-06-30": "", "2010-03-31": "", "2009-12-31": "", "2009-09-30": "", "2009-06-30": "", "2009-03-31": "", "2008-12-31": "", "2008-09-30": "", "2008-06-30": "", "2008-03-31": "", "2007-12-31": "", "2007-09-30": "", "2007-06-30": "", "2007-03-31": "", "2006-12-31": "", "2006-09-30": "", "2006-06-30": "", "2006-03-31": "", "2005-12-31": "", "2005-09-30": "", "2005-06-30": "", "2005-03-31": ""}, "Operating Expenses": {"2020-09-30": "15603.00000", "2020-06-30": "16775.00000", "2020-03-31": "16784.00000", "2019-12-31": "18167.00000", "2019-09-30": "17161.00000", "2019-06-30": "17718.00000", "2019-03-31": "12196.00000", "2018-12-31": "11885.00000", "2018-09-30": "11228.00000", "2018-06-30": "11305.00000", "2018-03-31": "10524.00000", "2017-12-31": "11573.00000", "2017-09-30": "10248.00000", "2017-06-30": "10450.00000", "2017-03-31": "9586.00000", "2016-12-31": "11078.00000", "2016-09-30": "10312.00000", "2016-06-30": "10176.00000", "2016-03-31": "9606.00000", "2015-12-31": "11336.00000", "2015-09-30": "10417.00000", "2015-06-30": "9339.00000", "2015-03-31": "9355.00000", "2014-12-31": "10183.00000", "2014-09-30": "10066.00000", "2014-06-30": "8968.00000", "2014-03-31": "8716.00000", "2013-12-31": "9663.00000", "2013-09-30": "9502.00000", "2013-06-30": "8634.00000", "2013-03-31": "8420.00000", "2012-12-31": "9249.00000", "2012-09-30": "8807.00000", "2012-06-30": "8135.00000", "2012-03-31": "7980.00000", "2011-12-31": "8593.00000", "2011-09-30": "8567.00000", "2011-06-30": "8263.00000", "2011-03-31": "7549.00000", "2010-12-31": "8788.00000", "2010-09-30": "8279.00000", "2010-06-30": "7759.00000", "2010-03-31": "7139.00000", "2009-12-31": "8430.00000", "2009-09-30": "8438.00000", "2009-06-30": "7019.00000", "2009-03-31": "7105.00000", "2008-12-31": "8382.00000", "2008-09-30": "7993.00000", "2008-06-30": "7215.00000", "2008-03-31": "6812.00000", "2007-12-31": "8419.00000", "2007-09-30": "7311.00000", "2007-06-30": "7022.00000", "2007-03-31": "6441.00000", "2006-12-31": "7907.00000", "2006-09-30": "7142.00000", "2006-06-30": "6716.00000", "2006-03-31": "6841.00000", "2005-12-31": "7693.00000", "2005-09-30": "6746.00000", "2005-06-30": "6435.00000", "2005-03-31": "6727.00000"}, "Operating Income": {"2020-09-30": "-861.00000", "2020-06-30": "-4996.00000", "2020-03-31": "1225.00000", "2019-12-31": "2691.00000", "2019-09-30": "1959.00000", "2019-06-30": "2544.00000", "2019-03-31": "2726.00000", "2018-12-31": "3418.00000", "2018-09-30": "3078.00000", "2018-06-30": "3924.00000", "2018-03-31": "4024.00000", "2017-12-31": "3778.00000", "2017-09-30": "2531.00000", "2017-06-30": "3788.00000", "2017-03-31": "3750.00000", "2016-12-31": "3706.00000", "2016-09-30": "2830.00000", "2016-06-30": "4101.00000", "2016-03-31": "3363.00000", "2015-12-31": "3908.00000", "2015-09-30": "3095.00000", "2015-06-30": "3762.00000", "2015-03-31": "3106.00000", "2014-12-31": "3208.00000", "2014-09-30": "2323.00000", "2014-06-30": "3498.00000", "2014-03-31": "2933.00000", "2013-12-31": "2646.00000", "2013-09-30": "2066.00000", "2013-06-30": "2944.00000", "2013-03-31": "2134.00000", "2012-12-31": "2092.00000", "2012-09-30": "1975.00000", "2012-06-30": "2953.00000", "2012-03-31": "1649.00000", "2011-12-31": "2186.00000", "2011-09-30": "1858.00000", "2011-06-30": "2412.00000", "2011-03-31": "1528.00000", "2010-12-31": "1928.00000", "2010-09-30": "1463.00000", "2010-06-30": "2243.00000", "2010-03-31": "1441.00000", "2009-12-31": "1309.00000", "2009-09-30": "1429.00000", "2009-06-30": "1577.00000", "2009-03-31": "982.00000", "2008-12-31": "1217.00000", "2008-09-30": "1452.00000", "2008-06-30": "2021.00000", "2008-03-31": "1898.00000", "2007-12-31": "2033.00000", "2007-09-30": "1619.00000", "2007-06-30": "2023.00000", "2007-03-31": "1513.00000", "2006-12-31": "1674.00000", "2006-09-30": "1250.00000", "2006-06-30": "1758.00000", "2006-03-31": "1186.00000", "2005-12-31": "1161.00000", "2005-09-30": "418.00000", "2005-06-30": "1280.00000", "2005-03-31": "1102.00000"}, "Total Non-Operating Income/Expense": {"2020-09-30": "266.00000", "2020-06-30": "156.00000", "2020-03-31": "-165.00000", "2019-12-31": "-59.00000", "2019-09-30": "-713.00000", "2019-06-30": "-535.00000", "2019-03-31": "4511.00000", "2018-12-31": "13.00000", "2018-09-30": "124.00000", "2018-06-30": "-70.00000", "2018-03-31": "-96.00000", "2017-12-31": "-33.00000", "2017-09-30": "163.00000", "2017-06-30": "-170.00000", "2017-03-31": "1.00000", "2016-12-31": "19.00000", "2016-09-30": "51.00000", "2016-06-30": "82.00000", "2016-03-31": "83.00000", "2015-12-31": "450.00000", "2015-09-30": "129.00000", "2015-06-30": "200.00000", "2015-03-31": "214.00000", "2014-12-31": "154.00000", "2014-09-30": "138.00000", "2014-06-30": "172.00000", "2014-03-31": "242.00000", "2013-12-31": "294.00000", "2013-09-30": "158.00000", "2013-06-30": "149.00000", "2013-03-31": "141.00000", "2012-12-31": "-64.00000", "2012-09-30": "139.00000", "2012-06-30": "76.00000", "2012-03-31": "227.00000", "2011-12-31": "55.00000", "2011-09-30": "45.00000", "2011-06-30": "96.00000", "2011-03-31": "40.00000", "2010-12-31": "136.00000", "2010-09-30": "-29.00000", "2010-06-30": "93.00000", "2010-03-31": "94.00000", "2009-12-31": "13.00000", "2009-09-30": "232.00000", "2009-06-30": "80.00000", "2009-03-31": "19.00000", "2008-12-31": "122.00000", "2008-09-30": "-65.00000", "2008-06-30": "66.00000", "2008-03-31": "-3.00000", "2007-12-31": "", "2007-09-30": "-115.00000", "2007-06-30": "4.00000", "2007-03-31": "-9.00000", "2006-12-31": "1016.00000", "2006-09-30": "-15.00000", "2006-06-30": "3.00000", "2006-03-31": "-37.00000", "2005-12-31": "18.00000", "2005-09-30": "-113.00000", "2005-06-30": "17.00000", "2005-03-31": "23.00000"}, "Pre-Tax Income": {"2020-09-30": "-595.00000", "2020-06-30": "-4840.00000", "2020-03-31": "1060.00000", "2019-12-31": "2632.00000", "2019-09-30": "1246.00000", "2019-06-30": "2009.00000", "2019-03-31": "7237.00000", "2018-12-31": "3431.00000", "2018-09-30": "3202.00000", "2018-06-30": "3854.00000", "2018-03-31": "3928.00000", "2017-12-31": "3745.00000", "2017-09-30": "2694.00000", "2017-06-30": "3618.00000", "2017-03-31": "3751.00000", "2016-12-31": "3725.00000", "2016-09-30": "2881.00000", "2016-06-30": "4183.00000", "2016-03-31": "3446.00000", "2015-12-31": "4358.00000", "2015-09-30": "3224.00000", "2015-06-30": "3962.00000", "2015-03-31": "3320.00000", "2014-12-31": "3362.00000", "2014-09-30": "2461.00000", "2014-06-30": "3670.00000", "2014-03-31": "3175.00000", "2013-12-31": "2940.00000", "2013-09-30": "2224.00000", "2013-06-30": "3093.00000", "2013-03-31": "2275.00000", "2012-12-31": "2028.00000", "2012-09-30": "2114.00000", "2012-06-30": "3029.00000", "2012-03-31": "1876.00000", "2011-12-31": "2241.00000", "2011-09-30": "1903.00000", "2011-06-30": "2508.00000", "2011-03-31": "1568.00000", "2010-12-31": "2064.00000", "2010-09-30": "1434.00000", "2010-06-30": "2336.00000", "2010-03-31": "1535.00000", "2009-12-31": "1322.00000", "2009-09-30": "1661.00000", "2009-06-30": "1657.00000", "2009-03-31": "1001.00000", "2008-12-31": "1339.00000", "2008-09-30": "1387.00000", "2008-06-30": "2087.00000", "2008-03-31": "1895.00000", "2007-12-31": "2033.00000", "2007-09-30": "1504.00000", "2007-06-30": "2027.00000", "2007-03-31": "1504.00000", "2006-12-31": "2690.00000", "2006-09-30": "1235.00000", "2006-06-30": "1761.00000", "2006-03-31": "1149.00000", "2005-12-31": "1179.00000", "2005-09-30": "305.00000", "2005-06-30": "1297.00000", "2005-03-31": "1125.00000"}, "Income Taxes": {"2020-09-30": "46.00000", "2020-06-30": "-331.00000", "2020-03-31": "525.00000", "2019-12-31": "459.00000", "2019-09-30": "341.00000", "2019-06-30": "393.00000", "2019-03-31": "1647.00000", "2018-12-31": "645.00000", "2018-09-30": "783.00000", "2018-06-30": "795.00000", "2018-03-31": "813.00000", "2017-12-31": "-728.00000", "2017-09-30": "829.00000", "2017-06-30": "1144.00000", "2017-03-31": "1212.00000", "2016-12-31": "1237.00000", "2016-09-30": "989.00000", "2016-06-30": "1471.00000", "2016-03-31": "1170.00000", "2015-12-31": "1448.00000", "2015-09-30": "1483.00000", "2015-06-30": "1323.00000", "2015-03-31": "1092.00000", "2014-12-31": "1118.00000", "2014-09-30": "836.00000", "2014-06-30": "1251.00000", "2014-03-31": "1119.00000", "2013-12-31": "1036.00000", "2013-09-30": "681.00000", "2013-06-30": "1059.00000", "2013-03-31": "654.00000", "2012-12-31": "590.00000", "2012-09-30": "724.00000", "2012-06-30": "993.00000", "2012-03-31": "650.00000", "2011-12-31": "720.00000", "2011-09-30": "652.00000", "2011-06-30": "845.00000", "2011-03-31": "558.00000", "2010-12-31": "730.00000", "2010-09-30": "468.00000", "2010-06-30": "831.00000", "2010-03-31": "537.00000", "2009-12-31": "478.00000", "2009-09-30": "587.00000", "2009-06-30": "626.00000", "2009-03-31": "348.00000", "2008-12-31": "488.00000", "2008-09-30": "490.00000", "2008-06-30": "712.00000", "2008-03-31": "712.00000", "2007-12-31": "759.00000", "2007-09-30": "521.00000", "2007-06-30": "762.00000", "2007-03-31": "582.00000", "2006-12-31": "1009.00000", "2006-09-30": "411.00000", "2006-06-30": "593.00000", "2006-03-31": "404.00000", "2005-12-31": "429.00000", "2005-09-30": "-51.00000", "2005-06-30": "439.00000", "2005-03-31": "414.00000"}, "Income After Taxes": {"2020-09-30": "-641.00000", "2020-06-30": "-4509.00000", "2020-03-31": "535.00000", "2019-12-31": "2173.00000", "2019-09-30": "905.00000", "2019-06-30": "1616.00000", "2019-03-31": "5590.00000", "2018-12-31": "2786.00000", "2018-09-30": "2419.00000", "2018-06-30": "3059.00000", "2018-03-31": "3115.00000", "2017-12-31": "4473.00000", "2017-09-30": "1865.00000", "2017-06-30": "2474.00000", "2017-03-31": "2539.00000", "2016-12-31": "2488.00000", "2016-09-30": "1892.00000", "2016-06-30": "2712.00000", "2016-03-31": "2276.00000", "2015-12-31": "2910.00000", "2015-09-30": "1741.00000", "2015-06-30": "2639.00000", "2015-03-31": "2228.00000", "2014-12-31": "2244.00000", "2014-09-30": "1625.00000", "2014-06-30": "2419.00000", "2014-03-31": "2056.00000", "2013-12-31": "1904.00000", "2013-09-30": "1543.00000", "2013-06-30": "2034.00000", "2013-03-31": "1621.00000", "2012-12-31": "1438.00000", "2012-09-30": "1390.00000", "2012-06-30": "2036.00000", "2012-03-31": "1226.00000", "2011-12-31": "1521.00000", "2011-09-30": "1251.00000", "2011-06-30": "1663.00000", "2011-03-31": "1010.00000", "2010-12-31": "1334.00000", "2010-09-30": "966.00000", "2010-06-30": "1505.00000", "2010-03-31": "998.00000", "2009-12-31": "844.00000", "2009-09-30": "1074.00000", "2009-06-30": "1031.00000", "2009-03-31": "653.00000", "2008-12-31": "851.00000", "2008-09-30": "897.00000", "2008-06-30": "1375.00000", "2008-03-31": "1183.00000", "2007-12-31": "1274.00000", "2007-09-30": "983.00000", "2007-06-30": "1265.00000", "2007-03-31": "922.00000", "2006-12-31": "1681.00000", "2006-09-30": "824.00000", "2006-06-30": "1168.00000", "2006-03-31": "745.00000", "2005-12-31": "750.00000", "2005-09-30": "356.00000", "2005-06-30": "858.00000", "2005-03-31": "711.00000"}, "Other Income": {"2020-09-30": "", "2020-06-30": "", "2020-03-31": "", "2019-12-31": "", "2019-09-30": "", "2019-06-30": "", "2019-03-31": "", "2018-12-31": "", "2018-09-30": "", "2018-06-30": "", "2018-03-31": "", "2017-12-31": "", "2017-09-30": "", "2017-06-30": "", "2017-03-31": "", "2016-12-31": "", "2016-09-30": "", "2016-06-30": "", "2016-03-31": "", "2015-12-31": "", "2015-09-30": "", "2015-06-30": "", "2015-03-31": "", "2014-12-31": "", "2014-09-30": "", "2014-06-30": "", "2014-03-31": "", "2013-12-31": "", "2013-09-30": "", "2013-06-30": "", "2013-03-31": "", "2012-12-31": "", "2012-09-30": "", "2012-06-30": "", "2012-03-31": "", "2011-12-31": "", "2011-09-30": "", "2011-06-30": "", "2011-03-31": "", "2010-12-31": "", "2010-09-30": "", "2010-06-30": "", "2010-03-31": "", "2009-12-31": "", "2009-09-30": "", "2009-06-30": "", "2009-03-31": "", "2008-12-31": "", "2008-09-30": "", "2008-06-30": "", "2008-03-31": "", "2007-12-31": "", "2007-09-30": "", "2007-06-30": "", "2007-03-31": "", "2006-12-31": "", "2006-09-30": "", "2006-06-30": "", "2006-03-31": "", "2005-12-31": "", "2005-09-30": "", "2005-06-30": "", "2005-03-31": ""}, "Income From Continuous Operations": {"2020-09-30": "-641.00000", "2020-06-30": "-4509.00000", "2020-03-31": "535.00000", "2019-12-31": "2173.00000", "2019-09-30": "905.00000", "2019-06-30": "1616.00000", "2019-03-31": "5590.00000", "2018-12-31": "2786.00000", "2018-09-30": "2419.00000", "2018-06-30": "3059.00000", "2018-03-31": "3115.00000", "2017-12-31": "4473.00000", "2017-09-30": "1865.00000", "2017-06-30": "2474.00000", "2017-03-31": "2539.00000", "2016-12-31": "2488.00000", "2016-09-30": "1892.00000", "2016-06-30": "2712.00000", "2016-03-31": "2276.00000", "2015-12-31": "2910.00000", "2015-09-30": "1741.00000", "2015-06-30": "2639.00000", "2015-03-31": "2228.00000", "2014-12-31": "2244.00000", "2014-09-30": "1625.00000", "2014-06-30": "2419.00000", "2014-03-31": "2056.00000", "2013-12-31": "1904.00000", "2013-09-30": "1543.00000", "2013-06-30": "2034.00000", "2013-03-31": "1621.00000", "2012-12-31": "1438.00000", "2012-09-30": "1390.00000", "2012-06-30": "2036.00000", "2012-03-31": "1226.00000", "2011-12-31": "1521.00000", "2011-09-30": "1251.00000", "2011-06-30": "1663.00000", "2011-03-31": "1010.00000", "2010-12-31": "1334.00000", "2010-09-30": "966.00000", "2010-06-30": "1505.00000", "2010-03-31": "998.00000", "2009-12-31": "844.00000", "2009-09-30": "1074.00000", "2009-06-30": "1031.00000", "2009-03-31": "653.00000", "2008-12-31": "851.00000", "2008-09-30": "1062.00000", "2008-06-30": "1284.00000", "2008-03-31": "1133.00000", "2007-12-31": "1250.00000", "2007-09-30": "883.00000", "2007-06-30": "1196.00000", "2007-03-31": "919.00000", "2006-12-31": "1676.00000", "2006-09-30": "742.00000", "2006-06-30": "1095.00000", "2006-03-31": "733.00000", "2005-12-31": "734.00000", "2005-09-30": "306.00000", "2005-06-30": "811.00000", "2005-03-31": "657.00000"}, "Income From Discontinued Operations": {"2020-09-30": "12.00000", "2020-06-30": "-3.00000", "2020-03-31": "-15.00000", "2019-12-31": "-26.00000", "2019-09-30": "300.00000", "2019-06-30": "366.00000", "2019-03-31": "21.00000", "2018-12-31": "", "2018-09-30": "", "2018-06-30": "", "2018-03-31": "", "2017-12-31": "", "2017-09-30": "", "2017-06-30": "", "2017-03-31": "", "2016-12-31": "", "2016-09-30": "", "2016-06-30": "", "2016-03-31": "", "2015-12-31": "", "2015-09-30": "", "2015-06-30": "", "2015-03-31": "", "2014-12-31": "", "2014-09-30": "", "2014-06-30": "", "2014-03-31": "", "2013-12-31": "", "2013-09-30": "", "2013-06-30": "", "2013-03-31": "", "2012-12-31": "", "2012-09-30": "", "2012-06-30": "", "2012-03-31": "", "2011-12-31": "", "2011-09-30": "", "2011-06-30": "", "2011-03-31": "", "2010-12-31": "", "2010-09-30": "", "2010-06-30": "", "2010-03-31": "", "2009-12-31": "", "2009-09-30": "", "2009-06-30": "", "2009-03-31": "", "2008-12-31": "", "2008-09-30": "", "2008-06-30": "", "2008-03-31": "", "2007-12-31": "", "2007-09-30": "-6.00000", "2007-06-30": "-18.00000", "2007-03-31": "12.00000", "2006-12-31": "25.00000", "2006-09-30": "40.00000", "2006-06-30": "30.00000", "2006-03-31": "", "2005-12-31": "", "2005-09-30": "", "2005-06-30": "", "2005-03-31": ""}, "Net Income": {"2020-09-30": "-710.00000", "2020-06-30": "-4721.00000", "2020-03-31": "460.00000", "2019-12-31": "2107.00000", "2019-09-30": "1054.00000", "2019-06-30": "1760.00000", "2019-03-31": "5452.00000", "2018-12-31": "2788.00000", "2018-09-30": "2322.00000", "2018-06-30": "2916.00000", "2018-03-31": "2937.00000", "2017-12-31": "4423.00000", "2017-09-30": "1747.00000", "2017-06-30": "2366.00000", "2017-03-31": "2388.00000", "2016-12-31": "2479.00000", "2016-09-30": "1771.00000", "2016-06-30": "2597.00000", "2016-03-31": "2143.00000", "2015-12-31": "2880.00000", "2015-09-30": "1609.00000", "2015-06-30": "2483.00000", "2015-03-31": "2108.00000", "2014-12-31": "2182.00000", "2014-09-30": "1499.00000", "2014-06-30": "2245.00000", "2014-03-31": "1917.00000", "2013-12-31": "1840.00000", "2013-09-30": "1394.00000", "2013-06-30": "1847.00000", "2013-03-31": "1513.00000", "2012-12-31": "1382.00000", "2012-09-30": "1244.00000", "2012-06-30": "1831.00000", "2012-03-31": "1143.00000", "2011-12-31": "1464.00000", "2011-09-30": "1087.00000", "2011-06-30": "1476.00000", "2011-03-31": "942.00000", "2010-12-31": "1302.00000", "2010-09-30": "835.00000", "2010-06-30": "1331.00000", "2010-03-31": "953.00000", "2009-12-31": "844.00000", "2009-09-30": "895.00000", "2009-06-30": "954.00000", "2009-03-31": "613.00000", "2008-12-31": "845.00000", "2008-09-30": "760.00000", "2008-06-30": "1284.00000", "2008-03-31": "1133.00000", "2007-12-31": "1250.00000", "2007-09-30": "877.00000", "2007-06-30": "1178.00000", "2007-03-31": "931.00000", "2006-12-31": "1701.00000", "2006-09-30": "782.00000", "2006-06-30": "1125.00000", "2006-03-31": "733.00000", "2005-12-31": "734.00000", "2005-09-30": "379.00000", "2005-06-30": "811.00000", "2005-03-31": "657.00000"}, "EBITDA": {"2020-09-30": "5427.00000", "2020-06-30": "-3617.00000", "2020-03-31": "2558.00000", "2019-12-31": "3989.00000", "2019-09-30": "3260.00000", "2019-06-30": "3850.00000", "2019-03-31": "3554.00000", "2018-12-31": "4150.00000", "2018-09-30": "3872.00000", "2018-06-30": "4668.00000", "2018-03-31": "4755.00000", "2017-12-31": "4520.00000", "2017-09-30": "3239.00000", "2017-06-30": "4499.00000", "2017-03-31": "4426.00000", "2016-12-31": "4393.00000", "2016-09-30": "3519.00000", "2016-06-30": "4727.00000", "2016-03-31": "3968.00000", "2015-12-31": "4515.00000", "2015-09-30": "3698.00000", "2015-06-30": "4337.00000", "2015-03-31": "3690.00000", "2014-12-31": "3800.00000", "2014-09-30": "2913.00000", "2014-06-30": "4055.00000", "2014-03-31": "3513.00000", "2013-12-31": "3207.00000", "2013-09-30": "2625.00000", "2013-06-30": "3513.00000", "2013-03-31": "2684.00000", "2012-12-31": "2606.00000", "2012-09-30": "2467.00000", "2012-06-30": "3475.00000", "2012-03-31": "2137.00000", "2011-12-31": "2671.00000", "2011-09-30": "2320.00000", "2011-06-30": "2888.00000", "2011-03-31": "1984.00000", "2010-12-31": "2375.00000", "2010-09-30": "1897.00000", "2010-06-30": "2675.00000", "2010-03-31": "1865.00000", "2009-12-31": "1732.00000", "2009-09-30": "1854.00000", "2009-06-30": "1981.00000", "2009-03-31": "1388.00000", "2008-12-31": "1613.00000", "2008-09-30": "1856.00000", "2008-06-30": "2423.00000", "2008-03-31": "2289.00000", "2007-12-31": "2418.00000", "2007-09-30": "2001.00000", "2007-06-30": "2398.00000", "2007-03-31": "1873.00000", "2006-12-31": "2048.00000", "2006-09-30": "1614.00000", "2006-06-30": "2114.00000", "2006-03-31": "1543.00000", "2005-12-31": "1530.00000", "2005-09-30": "753.00000", "2005-06-30": "1630.00000", "2005-03-31": "1432.00000"}, "EBIT": {"2020-09-30": "-861.00000", "2020-06-30": "-4996.00000", "2020-03-31": "1225.00000", "2019-12-31": "2691.00000", "2019-09-30": "1959.00000", "2019-06-30": "2544.00000", "2019-03-31": "2726.00000", "2018-12-31": "3418.00000", "2018-09-30": "3078.00000", "2018-06-30": "3924.00000", "2018-03-31": "4024.00000", "2017-12-31": "3778.00000", "2017-09-30": "2531.00000", "2017-06-30": "3788.00000", "2017-03-31": "3750.00000", "2016-12-31": "3706.00000", "2016-09-30": "2830.00000", "2016-06-30": "4101.00000", "2016-03-31": "3363.00000", "2015-12-31": "3908.00000", "2015-09-30": "3095.00000", "2015-06-30": "3762.00000", "2015-03-31": "3106.00000", "2014-12-31": "3208.00000", "2014-09-30": "2323.00000", "2014-06-30": "3498.00000", "2014-03-31": "2933.00000", "2013-12-31": "2646.00000", "2013-09-30": "2066.00000", "2013-06-30": "2944.00000", "2013-03-31": "2134.00000", "2012-12-31": "2092.00000", "2012-09-30": "1975.00000", "2012-06-30": "2953.00000", "2012-03-31": "1649.00000", "2011-12-31": "2186.00000", "2011-09-30": "1858.00000", "2011-06-30": "2412.00000", "2011-03-31": "1528.00000", "2010-12-31": "1928.00000", "2010-09-30": "1463.00000", "2010-06-30": "2243.00000", "2010-03-31": "1441.00000", "2009-12-31": "1309.00000", "2009-09-30": "1429.00000", "2009-06-30": "1577.00000", "2009-03-31": "982.00000", "2008-12-31": "1217.00000", "2008-09-30": "1452.00000", "2008-06-30": "2021.00000", "2008-03-31": "1898.00000", "2007-12-31": "2033.00000", "2007-09-30": "1619.00000", "2007-06-30": "2023.00000", "2007-03-31": "1513.00000", "2006-12-31": "1674.00000", "2006-09-30": "1250.00000", "2006-06-30": "1758.00000", "2006-03-31": "1186.00000", "2005-12-31": "1161.00000", "2005-09-30": "418.00000", "2005-06-30": "1280.00000", "2005-03-31": "1102.00000"}, "Basic Shares Outstanding": {"2020-09-30": "1808.00000", "2020-06-30": "1809.00000", "2020-03-31": "1808.00000", "2019-12-31": "1805.00000", "2019-09-30": "1656.00000", "2019-06-30": "1802.00000", "2019-03-31": "1530.00000", "2018-12-31": "1490.00000", "2018-09-30": "1499.00000", "2018-06-30": "1491.00000", "2018-03-31": "1503.00000", "2017-12-31": "1512.00000", "2017-09-30": "1568.00000", "2017-06-30": "1562.00000", "2017-03-31": "1580.00000", "2016-12-31": "1592.00000", "2016-09-30": "1629.00000", "2016-06-30": "1621.00000", "2016-03-31": "1633.00000", "2015-12-31": "1654.00000", "2015-09-30": "1694.00000", "2015-06-30": "1696.00000", "2015-03-31": "1699.00000", "2014-12-31": "1700.00000", "2014-09-30": "1716.00000", "2014-06-30": "1732.00000", "2014-03-31": "1750.00000", "2013-12-31": "1762.00000", "2013-09-30": "1786.00000", "2013-06-30": "1802.00000", "2013-03-31": "1804.00000", "2012-12-31": "1777.00000", "2012-09-30": "1793.00000", "2012-06-30": "1791.00000", "2012-03-31": "1793.00000", "2011-12-31": "1798.00000", "2011-09-30": "1878.00000", "2011-06-30": "1883.00000", "2011-03-31": "1899.00000", "2010-12-31": "1891.00000", "2010-09-30": "1915.00000", "2010-06-30": "1945.00000", "2010-03-31": "1940.00000", "2009-12-31": "1867.00000", "2009-09-30": "1856.00000", "2009-06-30": "1857.00000", "2009-03-31": "1855.00000", "2008-12-31": "1852.00000", "2008-09-30": "1890.00000", "2008-06-30": "1900.00000", "2008-03-31": "1883.00000", "2007-12-31": "1904.00000", "2007-09-30": "2004.00000", "2007-06-30": "1982.00000", "2007-03-31": "2039.00000", "2006-12-31": "2059.00000", "2006-09-30": "2005.00000", "2006-06-30": "2071.00000", "2006-03-31": "1924.00000", "2005-12-31": "1940.00000", "2005-09-30": "2028.00000", "2005-06-30": "2031.00000", "2005-03-31": "2044.00000"}, "Shares Outstanding": {"2020-09-30": "1808.00000", "2020-06-30": "1809.00000", "2020-03-31": "1816.00000", "2019-12-31": "1817.00000", "2019-09-30": "1666.00000", "2019-06-30": "1814.00000", "2019-03-31": "1537.00000", "2018-12-31": "1498.00000", "2018-09-30": "1507.00000", "2018-06-30": "1498.00000", "2018-03-31": "1510.00000", "2017-12-31": "1521.00000", "2017-09-30": "1578.00000", "2017-06-30": "1572.00000", "2017-03-31": "1591.00000", "2016-12-31": "1603.00000", "2016-09-30": "1639.00000", "2016-06-30": "1631.00000", "2016-03-31": "1643.00000", "2015-12-31": "1668.00000", "2015-09-30": "1709.00000", "2015-06-30": "1711.00000", "2015-03-31": "1715.00000", "2014-12-31": "1717.00000", "2014-09-30": "1734.00000", "2014-06-30": "1748.00000", "2014-03-31": "1770.00000", "2013-12-31": "1784.00000", "2013-09-30": "1805.00000", "2013-06-30": "1821.00000", "2013-03-31": "1825.00000", "2012-12-31": "1800.00000", "2012-09-30": "1817.00000", "2012-06-30": "1812.00000", "2012-03-31": "1818.00000", "2011-12-31": "1824.00000", "2011-09-30": "1909.00000", "2011-06-30": "1912.00000", "2011-03-31": "1934.00000", "2010-12-31": "1927.00000", "2010-09-30": "1948.00000", "2010-06-30": "1978.00000", "2010-03-31": "1973.00000", "2009-12-31": "1903.00000", "2009-09-30": "1875.00000", "2009-06-30": "1874.00000", "2009-03-31": "1868.00000", "2008-12-31": "1872.00000", "2008-09-30": "1948.00000", "2008-06-30": "1940.00000", "2008-03-31": "1960.00000", "2007-12-31": "1989.00000", "2007-09-30": "2092.00000", "2007-06-30": "2070.00000", "2007-03-31": "2129.00000", "2006-12-31": "2148.00000", "2006-09-30": "2076.00000", "2006-06-30": "2147.00000", "2006-03-31": "1990.00000", "2005-12-31": "1999.00000", "2005-09-30": "2089.00000", "2005-06-30": "2096.00000", "2005-03-31": "2114.00000"}, "Basic EPS": {"2020-09-30": "-0.39000", "2020-06-30": "-2.61000", "2020-03-31": "0.25000", "2019-12-31": "1.17000", "2019-09-30": "0.27000", "2019-06-30": "0.98000", "2019-03-31": "3.56000", "2018-12-31": "1.87000", "2018-09-30": "1.56000", "2018-06-30": "1.96000", "2018-03-31": "1.95000", "2017-12-31": "2.93000", "2017-09-30": "1.15000", "2017-06-30": "1.51000", "2017-03-31": "1.51000", "2016-12-31": "1.56000", "2016-09-30": "1.11000", "2016-06-30": "1.60000", "2016-03-31": "1.31000", "2015-12-31": "1.74000", "2015-09-30": "0.97000", "2015-06-30": "1.46000", "2015-03-31": "1.24000", "2014-12-31": "1.28000", "2014-09-30": "0.87000", "2014-06-30": "1.30000", "2014-03-31": "1.10000", "2013-12-31": "1.04000", "2013-09-30": "0.78000", "2013-06-30": "1.02000", "2013-03-31": "0.84000", "2012-12-31": "0.78000", "2012-09-30": "0.69000", "2012-06-30": "1.02000", "2012-03-31": "0.64000", "2011-12-31": "0.81000", "2011-09-30": "0.59000", "2011-06-30": "0.78000", "2011-03-31": "0.50000", "2010-12-31": "0.69000", "2010-09-30": "0.45000", "2010-06-30": "0.68000", "2010-03-31": "0.49000", "2009-12-31": "0.45000", "2009-09-30": "0.48000", "2009-06-30": "0.51000", "2009-03-31": "0.33000", "2008-12-31": "0.46000", "2008-09-30": "0.40000", "2008-06-30": "0.68000", "2008-03-31": "0.60000", "2007-12-31": "0.66000", "2007-09-30": "0.46000", "2007-06-30": "0.59000", "2007-03-31": "0.46000", "2006-12-31": "0.83000", "2006-09-30": "0.38000", "2006-06-30": "0.54000", "2006-03-31": "0.38000", "2005-12-31": "0.38000", "2005-09-30": "0.19000", "2005-06-30": "0.40000", "2005-03-31": "0.32000"}, "EPS - Earnings Per Share": {"2020-09-30": "-0.38000", "2020-06-30": "-2.61000", "2020-03-31": "0.25000", "2019-12-31": "1.16000", "2019-09-30": "0.26000", "2019-06-30": "0.97000", "2019-03-31": "3.55000", "2018-12-31": "1.86000", "2018-09-30": "1.55000", "2018-06-30": "1.95000", "2018-03-31": "1.95000", "2017-12-31": "2.91000", "2017-09-30": "1.13000", "2017-06-30": "1.51000", "2017-03-31": "1.50000", "2016-12-31": "1.55000", "2016-09-30": "1.11000", "2016-06-30": "1.59000", "2016-03-31": "1.30000", "2015-12-31": "1.73000", "2015-09-30": "0.95000", "2015-06-30": "1.45000", "2015-03-31": "1.23000", "2014-12-31": "1.27000", "2014-09-30": "0.86000", "2014-06-30": "1.28000", "2014-03-31": "1.08000", "2013-12-31": "1.03000", "2013-09-30": "0.77000", "2013-06-30": "1.01000", "2013-03-31": "0.83000", "2012-12-31": "0.77000", "2012-09-30": "0.68000", "2012-06-30": "1.01000", "2012-03-31": "0.63000", "2011-12-31": "0.80000", "2011-09-30": "0.58000", "2011-06-30": "0.77000", "2011-03-31": "0.49000", "2010-12-31": "0.68000", "2010-09-30": "0.44000", "2010-06-30": "0.67000", "2010-03-31": "0.48000", "2009-12-31": "0.44000", "2009-09-30": "0.47000", "2009-06-30": "0.51000", "2009-03-31": "0.33000", "2008-12-31": "0.45000", "2008-09-30": "0.41000", "2008-06-30": "0.66000", "2008-03-31": "0.58000", "2007-12-31": "0.63000", "2007-09-30": "0.45000", "2007-06-30": "0.57000", "2007-03-31": "0.44000", "2006-12-31": "0.79000", "2006-09-30": "0.37000", "2006-06-30": "0.53000", "2006-03-31": "0.37000", "2005-12-31": "0.37000", "2005-09-30": "0.19000", "2005-06-30": "0.39000", "2005-03-31": "0.31000"}}, "balance sheet": {"Cash On Hand": {"2020-09-30": "17914.00000", "2019-09-30": "5418.00000", "2018-09-30": "4150.00000", "2017-09-30": "4017.00000", "2016-09-30": "4610.00000", "2015-09-30": "4269.00000", "2014-09-30": "3421.00000", "2013-09-30": "3931.00000", "2012-09-30": "3387.00000", "2011-09-30": "3185.00000", "2010-09-30": "2722.00000", "2009-09-30": "3417.00000", "2008-09-30": "3001.00000", "2007-09-30": "3670.00000", "2006-09-30": "2411.00000", "2005-09-30": "1723.00000"}, "Receivables": {"2020-09-30": "12708.00000", "2019-09-30": "15481.00000", "2018-09-30": "9334.00000", "2017-09-30": "8633.00000", "2016-09-30": "9065.00000", "2015-09-30": "8019.00000", "2014-09-30": "7822.00000", "2013-09-30": "6967.00000", "2012-09-30": "6540.00000", "2011-09-30": "6182.00000", "2010-09-30": "5784.00000", "2009-09-30": "4854.00000", "2008-09-30": "5373.00000", "2007-09-30": "5032.00000", "2006-09-30": "4707.00000", "2005-09-30": "4585.00000"}, "Inventory": {"2020-09-30": "1583.00000", "2019-09-30": "1649.00000", "2018-09-30": "1392.00000", "2017-09-30": "1373.00000", "2016-09-30": "1390.00000", "2015-09-30": "1571.00000", "2014-09-30": "1574.00000", "2013-09-30": "1487.00000", "2012-09-30": "1537.00000", "2011-09-30": "1595.00000", "2010-09-30": "1442.00000", "2009-09-30": "1271.00000", "2008-09-30": "1124.00000", "2007-09-30": "641.00000", "2006-09-30": "694.00000", "2005-09-30": "626.00000"}, "Pre-Paid Expenses": {"2020-09-30": "", "2019-09-30": "", "2018-09-30": "", "2017-09-30": "", "2016-09-30": "", "2015-09-30": "", "2014-09-30": "", "2013-09-30": "", "2012-09-30": "", "2011-09-30": "", "2010-09-30": "", "2009-09-30": "", "2008-09-30": "", "2007-09-30": "", "2006-09-30": "", "2005-09-30": ""}, "Other Current Assets": {"2020-09-30": "875.00000", "2019-09-30": "979.00000", "2018-09-30": "635.00000", "2017-09-30": "588.00000", "2016-09-30": "693.00000", "2015-09-30": "962.00000", "2014-09-30": "794.00000", "2013-09-30": "605.00000", "2012-09-30": "804.00000", "2011-09-30": "634.00000", "2010-09-30": "581.00000", "2009-09-30": "576.00000", "2008-09-30": "603.00000", "2007-09-30": "550.00000", "2006-09-30": "743.00000", "2005-09-30": "652.00000"}, "Total Current Assets": {"2020-09-30": "35251.00000", "2019-09-30": "28124.00000", "2018-09-30": "16825.00000", "2017-09-30": "15889.00000", "2016-09-30": "16966.00000", "2015-09-30": "16758.00000", "2014-09-30": "15169.00000", "2013-09-30": "14109.00000", "2012-09-30": "13709.00000", "2011-09-30": "13757.00000", "2010-09-30": "12225.00000", "2009-09-30": "11889.00000", "2008-09-30": "11666.00000", "2007-09-30": "11314.00000", "2006-09-30": "9562.00000", "2005-09-30": "8845.00000"}, "Property, Plant, And Equipment": {"2020-09-30": "26594.00000", "2019-09-30": "26174.00000", "2018-09-30": "24474.00000", "2017-09-30": "25006.00000", "2016-09-30": "23421.00000", "2015-09-30": "17901.00000", "2014-09-30": "18541.00000", "2013-09-30": "18733.00000", "2012-09-30": "17895.00000", "2011-09-30": "15943.00000", "2010-09-30": "14502.00000", "2009-09-30": "15080.00000", "2008-09-30": "15183.00000", "2007-09-30": "15115.00000", "2006-09-30": "15062.00000", "2005-09-30": "14965.00000"}, "Long-Term Investments": {"2020-09-30": "3903.00000", "2019-09-30": "3224.00000", "2018-09-30": "2899.00000", "2017-09-30": "3202.00000", "2016-09-30": "4280.00000", "2015-09-30": "2643.00000", "2014-09-30": "2696.00000", "2013-09-30": "2849.00000", "2012-09-30": "2723.00000", "2011-09-30": "2435.00000", "2010-09-30": "2513.00000", "2009-09-30": "2554.00000", "2008-09-30": "2249.00000", "2007-09-30": "995.00000", "2006-09-30": "1315.00000", "2005-09-30": "1226.00000"}, "Goodwill And Intangible Assets": {"2020-09-30": "96862.00000", "2019-09-30": "103508.00000", "2018-09-30": "38081.00000", "2017-09-30": "38421.00000", "2016-09-30": "34759.00000", "2015-09-30": "34998.00000", "2014-09-30": "35315.00000", "2013-09-30": "34694.00000", "2012-09-30": "30125.00000", "2011-09-30": "29266.00000", "2010-09-30": "29181.00000", "2009-09-30": "23930.00000", "2008-09-30": "23893.00000", "2007-09-30": "24579.00000", "2006-09-30": "25412.00000", "2005-09-30": "19705.00000"}, "Other Long-Term Assets": {"2020-09-30": "8433.00000", "2019-09-30": "4715.00000", "2018-09-30": "3365.00000", "2017-09-30": "2390.00000", "2016-09-30": "2340.00000", "2015-09-30": "2421.00000", "2014-09-30": "2304.00000", "2013-09-30": "2426.00000", "2012-09-30": "2288.00000", "2011-09-30": "2614.00000", "2010-09-30": "2708.00000", "2009-09-30": "2022.00000", "2008-09-30": "1763.00000", "2007-09-30": "1484.00000", "2006-09-30": "1307.00000", "2005-09-30": "987.00000"}, "Total Long-Term Assets": {"2020-09-30": "166298.00000", "2019-09-30": "165860.00000", "2018-09-30": "81773.00000", "2017-09-30": "79900.00000", "2016-09-30": "75067.00000", "2015-09-30": "71424.00000", "2014-09-30": "68972.00000", "2013-09-30": "67132.00000", "2012-09-30": "61189.00000", "2011-09-30": "58367.00000", "2010-09-30": "56981.00000", "2009-09-30": "51228.00000", "2008-09-30": "50831.00000", "2007-09-30": "49614.00000", "2006-09-30": "50436.00000", "2005-09-30": "44313.00000"}, "Total Assets": {"2020-09-30": "201549.00000", "2019-09-30": "193984.00000", "2018-09-30": "98598.00000", "2017-09-30": "95789.00000", "2016-09-30": "92033.00000", "2015-09-30": "88182.00000", "2014-09-30": "84141.00000", "2013-09-30": "81241.00000", "2012-09-30": "74898.00000", "2011-09-30": "72124.00000", "2010-09-30": "69206.00000", "2009-09-30": "63117.00000", "2008-09-30": "62497.00000", "2007-09-30": "60928.00000", "2006-09-30": "59998.00000", "2005-09-30": "53158.00000"}, "Total Current Liabilities": {"2020-09-30": "26628.00000", "2019-09-30": "31341.00000", "2018-09-30": "17860.00000", "2017-09-30": "19595.00000", "2016-09-30": "16842.00000", "2015-09-30": "16334.00000", "2014-09-30": "13292.00000", "2013-09-30": "11704.00000", "2012-09-30": "12813.00000", "2011-09-30": "12088.00000", "2010-09-30": "11000.00000", "2009-09-30": "8934.00000", "2008-09-30": "11591.00000", "2007-09-30": "11391.00000", "2006-09-30": "10210.00000", "2005-09-30": "9168.00000"}, "Long Term Debt": {"2020-09-30": "52917.00000", "2019-09-30": "38129.00000", "2018-09-30": "17084.00000", "2017-09-30": "19119.00000", "2016-09-30": "16483.00000", "2015-09-30": "12773.00000", "2014-09-30": "12631.00000", "2013-09-30": "12776.00000", "2012-09-30": "10697.00000", "2011-09-30": "10922.00000", "2010-09-30": "10130.00000", "2009-09-30": "11495.00000", "2008-09-30": "11110.00000", "2007-09-30": "11892.00000", "2006-09-30": "10843.00000", "2005-09-30": "10157.00000"}, "Other Non-Current Liabilities": {"2020-09-30": "17204.00000", "2019-09-30": "13760.00000", "2018-09-30": "6590.00000", "2017-09-30": "6443.00000", "2016-09-30": "7706.00000", "2015-09-30": "6369.00000", "2014-09-30": "5942.00000", "2013-09-30": "4561.00000", "2012-09-30": "7179.00000", "2011-09-30": "6795.00000", "2010-09-30": "6104.00000", "2009-09-30": "5444.00000", "2008-09-30": "3779.00000", "2007-09-30": "3024.00000", "2006-09-30": "3131.00000", "2005-09-30": "3945.00000"}, "Total Long Term Liabilities": {"2020-09-30": "86658.00000", "2019-09-30": "68754.00000", "2018-09-30": "27906.00000", "2017-09-30": "31190.00000", "2016-09-30": "27868.00000", "2015-09-30": "23193.00000", "2014-09-30": "22671.00000", "2013-09-30": "21387.00000", "2012-09-30": "20127.00000", "2011-09-30": "20583.00000", "2010-09-30": "18864.00000", "2009-09-30": "18758.00000", "2008-09-30": "18583.00000", "2007-09-30": "18784.00000", "2006-09-30": "17968.00000", "2005-09-30": "17780.00000"}, "Total Liabilities": {"2020-09-30": "113286.00000", "2019-09-30": "100095.00000", "2018-09-30": "45766.00000", "2017-09-30": "50785.00000", "2016-09-30": "44710.00000", "2015-09-30": "39527.00000", "2014-09-30": "35963.00000", "2013-09-30": "33091.00000", "2012-09-30": "32940.00000", "2011-09-30": "32671.00000", "2010-09-30": "29864.00000", "2009-09-30": "27692.00000", "2008-09-30": "30174.00000", "2007-09-30": "30175.00000", "2006-09-30": "28178.00000", "2005-09-30": "26948.00000"}, "Common Stock Net": {"2020-09-30": "54497.00000", "2019-09-30": "53907.00000", "2018-09-30": "36779.00000", "2017-09-30": "36248.00000", "2016-09-30": "35859.00000", "2015-09-30": "35122.00000", "2014-09-30": "34301.00000", "2013-09-30": "33440.00000", "2012-09-30": "31731.00000", "2011-09-30": "30296.00000", "2010-09-30": "28736.00000", "2009-09-30": "27038.00000", "2008-09-30": "26546.00000", "2007-09-30": "24207.00000", "2006-09-30": "22377.00000", "2005-09-30": "13288.00000"}, "Retained Earnings (Accumulated Deficit)": {"2020-09-30": "38315.00000", "2019-09-30": "42494.00000", "2018-09-30": "82679.00000", "2017-09-30": "72606.00000", "2016-09-30": "66088.00000", "2015-09-30": "59028.00000", "2014-09-30": "53734.00000", "2013-09-30": "47758.00000", "2012-09-30": "42965.00000", "2011-09-30": "38375.00000", "2010-09-30": "34327.00000", "2009-09-30": "31033.00000", "2008-09-30": "28413.00000", "2007-09-30": "24805.00000", "2006-09-30": "20630.00000", "2005-09-30": "17775.00000"}, "Comprehensive Income": {"2020-09-30": "-8322.00000", "2019-09-30": "-6617.00000", "2018-09-30": "-3097.00000", "2017-09-30": "-3528.00000", "2016-09-30": "-3979.00000", "2015-09-30": "-2421.00000", "2014-09-30": "-1968.00000", "2013-09-30": "-1187.00000", "2012-09-30": "-3266.00000", "2011-09-30": "-2630.00000", "2010-09-30": "-1881.00000", "2009-09-30": "-1644.00000", "2008-09-30": "-81.00000", "2007-09-30": "-157.00000", "2006-09-30": "-8.00000", "2005-09-30": "-572.00000"}, "Other Share Holders Equity": {"2020-09-30": "", "2019-09-30": "", "2018-09-30": "", "2017-09-30": "", "2016-09-30": "", "2015-09-30": "", "2014-09-30": "", "2013-09-30": "", "2012-09-30": "", "2011-09-30": "", "2010-09-30": "", "2009-09-30": "", "2008-09-30": "", "2007-09-30": "", "2006-09-30": "", "2005-09-30": ""}, "Share Holder Equity": {"2020-09-30": "88263.00000", "2019-09-30": "93889.00000", "2018-09-30": "52832.00000", "2017-09-30": "45004.00000", "2016-09-30": "47323.00000", "2015-09-30": "48655.00000", "2014-09-30": "48178.00000", "2013-09-30": "48150.00000", "2012-09-30": "41958.00000", "2011-09-30": "39453.00000", "2010-09-30": "39342.00000", "2009-09-30": "35425.00000", "2008-09-30": "32323.00000", "2007-09-30": "30753.00000", "2006-09-30": "31820.00000", "2005-09-30": "26210.00000"}, "Total Liabilities And Share Holders Equity": {"2020-09-30": "201549.00000", "2019-09-30": "193984.00000", "2018-09-30": "98598.00000", "2017-09-30": "95789.00000", "2016-09-30": "92033.00000", "2015-09-30": "88182.00000", "2014-09-30": "84141.00000", "2013-09-30": "81241.00000", "2012-09-30": "74898.00000", "2011-09-30": "72124.00000", "2010-09-30": "69206.00000", "2009-09-30": "63117.00000", "2008-09-30": "62497.00000", "2007-09-30": "60928.00000", "2006-09-30": "59998.00000", "2005-09-30": "53158.00000"}}, "balance sheet, quarterly": {"Cash On Hand": {"2020-09-30": "17914.00000", "2020-06-30": "23115.00000", "2020-03-31": "14339.00000", "2019-12-31": "6833.00000", "2019-09-30": "5418.00000", "2019-06-30": "6728.00000", "2019-03-31": "10108.00000", "2018-12-31": "4455.00000", "2018-09-30": "4150.00000", "2018-06-30": "4326.00000", "2018-03-31": "4179.00000", "2017-12-31": "4677.00000", "2017-09-30": "4017.00000", "2017-06-30": "4336.00000", "2017-03-31": "3800.00000", "2016-12-31": "3736.00000", "2016-09-30": "4610.00000", "2016-06-30": "5227.00000", "2016-03-31": "5015.00000", "2015-12-31": "4301.00000", "2015-09-30": "4269.00000", "2015-06-30": "4475.00000", "2015-03-31": "3745.00000", "2014-12-31": "5077.00000", "2014-09-30": "3421.00000", "2014-06-30": "4090.00000", "2014-03-31": "4078.00000", "2013-12-31": "4397.00000", "2013-09-30": "3931.00000", "2013-06-30": "3932.00000", "2013-03-31": "3952.00000", "2012-12-31": "3207.00000", "2012-09-30": "3387.00000", "2012-06-30": "4374.00000", "2012-03-31": "3731.00000", "2011-12-31": "3766.00000", "2011-09-30": "3185.00000", "2011-06-30": "3519.00000", "2011-03-31": "3094.00000", "2010-12-31": "3039.00000", "2010-09-30": "2722.00000", "2010-06-30": "2951.00000", "2010-03-31": "3075.00000", "2009-12-31": "3204.00000", "2009-09-30": "3417.00000", "2009-06-30": "3128.00000", "2009-03-31": "3369.00000", "2008-12-31": "3795.00000", "2008-09-30": "3001.00000", "2008-06-30": "2589.00000", "2008-03-31": "3860.00000", "2007-12-31": "3414.00000", "2007-09-30": "3670.00000", "2007-06-30": "3464.00000", "2007-03-31": "2182.00000", "2006-12-31": "2437.00000", "2006-09-30": "2411.00000", "2006-06-30": "1953.00000", "2006-03-31": "2031.00000", "2005-12-31": "1819.00000", "2005-09-30": "1723.00000", "2005-06-30": "2034.00000", "2005-03-31": "1941.00000"}, "Receivables": {"2020-09-30": "12708.00000", "2020-06-30": "12622.00000", "2020-03-31": "14532.00000", "2019-12-31": "17100.00000", "2019-09-30": "15481.00000", "2019-06-30": "15673.00000", "2019-03-31": "14593.00000", "2018-12-31": "10123.00000", "2018-09-30": "9334.00000", "2018-06-30": "10071.00000", "2018-03-31": "9678.00000", "2017-12-31": "9886.00000", "2017-09-30": "8633.00000", "2017-06-30": "9636.00000", "2017-03-31": "9293.00000", "2016-12-31": "9878.00000", "2016-09-30": "9065.00000", "2016-06-30": "8958.00000", "2016-03-31": "8874.00000", "2015-12-31": "10298.00000", "2015-09-30": "8019.00000", "2015-06-30": "8012.00000", "2015-03-31": "8161.00000", "2014-12-31": "8591.00000", "2014-09-30": "7822.00000", "2014-06-30": "7543.00000", "2014-03-31": "7588.00000", "2013-12-31": "8013.00000", "2013-09-30": "6967.00000", "2013-06-30": "6568.00000", "2013-03-31": "7154.00000", "2012-12-31": "7315.00000", "2012-09-30": "6540.00000", "2012-06-30": "5951.00000", "2012-03-31": "6283.00000", "2011-12-31": "6787.00000", "2011-09-30": "6182.00000", "2011-06-30": "6212.00000", "2011-03-31": "6075.00000", "2010-12-31": "7028.00000", "2010-09-30": "5784.00000", "2010-06-30": "5744.00000", "2010-03-31": "5478.00000", "2009-12-31": "5972.00000", "2009-09-30": "4854.00000", "2009-06-30": "4944.00000", "2009-03-31": "4939.00000", "2008-12-31": "6106.00000", "2008-09-30": "5373.00000", "2008-06-30": "5669.00000", "2008-03-31": "5595.00000", "2007-12-31": "6994.00000", "2007-09-30": "5032.00000", "2007-06-30": "5139.00000", "2007-03-31": "4949.00000", "2006-12-31": "6313.00000", "2006-09-30": "4707.00000", "2006-06-30": "4743.00000", "2006-03-31": "4727.00000", "2005-12-31": "5265.00000", "2005-09-30": "4585.00000", "2005-06-30": "4870.00000", "2005-03-31": "5354.00000"}, "Inventory": {"2020-09-30": "1583.00000", "2020-06-30": "1559.00000", "2020-03-31": "1531.00000", "2019-12-31": "1571.00000", "2019-09-30": "1649.00000", "2019-06-30": "1516.00000", "2019-03-31": "1445.00000", "2018-12-31": "1357.00000", "2018-09-30": "1392.00000", "2018-06-30": "1322.00000", "2018-03-31": "1301.00000", "2017-12-31": "1307.00000", "2017-09-30": "1373.00000", "2017-06-30": "1300.00000", "2017-03-31": "1304.00000", "2016-12-31": "1299.00000", "2016-09-30": "1390.00000", "2016-06-30": "1354.00000", "2016-03-31": "1352.00000", "2015-12-31": "1434.00000", "2015-09-30": "1571.00000", "2015-06-30": "1513.00000", "2015-03-31": "1432.00000", "2014-12-31": "1476.00000", "2014-09-30": "1574.00000", "2014-06-30": "1425.00000", "2014-03-31": "1343.00000", "2013-12-31": "1380.00000", "2013-09-30": "1487.00000", "2013-06-30": "1465.00000", "2013-03-31": "1403.00000", "2012-12-31": "1440.00000", "2012-09-30": "1537.00000", "2012-06-30": "1485.00000", "2012-03-31": "1503.00000", "2011-12-31": "1523.00000", "2011-09-30": "1595.00000", "2011-06-30": "1542.00000", "2011-03-31": "1453.00000", "2010-12-31": "1416.00000", "2010-09-30": "1442.00000", "2010-06-30": "1322.00000", "2010-03-31": "1225.00000", "2009-12-31": "1196.00000", "2009-09-30": "1271.00000", "2009-06-30": "1229.00000", "2009-03-31": "1233.00000", "2008-12-31": "1174.00000", "2008-09-30": "1124.00000", "2008-06-30": "992.00000", "2008-03-31": "841.00000", "2007-12-31": "731.00000", "2007-09-30": "641.00000", "2007-06-30": "608.00000", "2007-03-31": "622.00000", "2006-12-31": "670.00000", "2006-09-30": "694.00000", "2006-06-30": "641.00000", "2006-03-31": "643.00000", "2005-12-31": "611.00000", "2005-09-30": "626.00000", "2005-06-30": "611.00000", "2005-03-31": "665.00000"}, "Pre-Paid Expenses": {"2020-09-30": "", "2020-06-30": "", "2020-03-31": "", "2019-12-31": "", "2019-09-30": "", "2019-06-30": "", "2019-03-31": "", "2018-12-31": "", "2018-09-30": "", "2018-06-30": "", "2018-03-31": "", "2017-12-31": "", "2017-09-30": "", "2017-06-30": "", "2017-03-31": "", "2016-12-31": "", "2016-09-30": "", "2016-06-30": "", "2016-03-31": "", "2015-12-31": "", "2015-09-30": "", "2015-06-30": "", "2015-03-31": "", "2014-12-31": "", "2014-09-30": "", "2014-06-30": "", "2014-03-31": "", "2013-12-31": "", "2013-09-30": "", "2013-06-30": "", "2013-03-31": "", "2012-12-31": "", "2012-09-30": "", "2012-06-30": "", "2012-03-31": "", "2011-12-31": "", "2011-09-30": "", "2011-06-30": "", "2011-03-31": "", "2010-12-31": "", "2010-09-30": "", "2010-06-30": "", "2010-03-31": "", "2009-12-31": "", "2009-09-30": "", "2009-06-30": "", "2009-03-31": "", "2008-12-31": "", "2008-09-30": "", "2008-06-30": "", "2008-03-31": "", "2007-12-31": "", "2007-09-30": "", "2007-06-30": "", "2007-03-31": "", "2006-12-31": "", "2006-09-30": "", "2006-06-30": "", "2006-03-31": "", "2005-12-31": "", "2005-09-30": "", "2005-06-30": "", "2005-03-31": ""}, "Other Current Assets": {"2020-09-30": "875.00000", "2020-06-30": "899.00000", "2020-03-31": "1003.00000", "2019-12-31": "938.00000", "2019-09-30": "979.00000", "2019-06-30": "2927.00000", "2019-03-31": "2723.00000", "2018-12-31": "778.00000", "2018-09-30": "635.00000", "2018-06-30": "769.00000", "2018-03-31": "536.00000", "2017-12-31": "558.00000", "2017-09-30": "588.00000", "2017-06-30": "665.00000", "2017-03-31": "740.00000", "2016-12-31": "931.00000", "2016-09-30": "693.00000", "2016-06-30": "847.00000", "2016-03-31": "781.00000", "2015-12-31": "924.00000", "2015-09-30": "962.00000", "2015-06-30": "887.00000", "2015-03-31": "998.00000", "2014-12-31": "932.00000", "2014-09-30": "794.00000", "2014-06-30": "572.00000", "2014-03-31": "622.00000", "2013-12-31": "643.00000", "2013-09-30": "605.00000", "2013-06-30": "826.00000", "2013-03-31": "831.00000", "2012-12-31": "734.00000", "2012-09-30": "804.00000", "2012-06-30": "741.00000", "2012-03-31": "588.00000", "2011-12-31": "615.00000", "2011-09-30": "634.00000", "2011-06-30": "626.00000", "2011-03-31": "669.00000", "2010-12-31": "626.00000", "2010-09-30": "581.00000", "2010-06-30": "691.00000", "2010-03-31": "596.00000", "2009-12-31": "566.00000", "2009-09-30": "576.00000", "2009-06-30": "608.00000", "2009-03-31": "669.00000", "2008-12-31": "665.00000", "2008-09-30": "603.00000", "2008-06-30": "623.00000", "2008-03-31": "592.00000", "2007-12-31": "578.00000", "2007-09-30": "550.00000", "2007-06-30": "507.00000", "2007-03-31": "544.00000", "2006-12-31": "588.00000", "2006-09-30": "743.00000", "2006-06-30": "625.00000", "2006-03-31": "965.00000", "2005-12-31": "664.00000", "2005-09-30": "652.00000", "2005-06-30": "684.00000", "2005-03-31": "719.00000"}, "Total Current Assets": {"2020-09-30": "35251.00000", "2020-06-30": "41330.00000", "2020-03-31": "33274.00000", "2019-12-31": "27776.00000", "2019-09-30": "28124.00000", "2019-06-30": "31370.00000", "2019-03-31": "34277.00000", "2018-12-31": "17537.00000", "2018-09-30": "16825.00000", "2018-06-30": "17729.00000", "2018-03-31": "16808.00000", "2017-12-31": "17274.00000", "2017-09-30": "15889.00000", "2017-06-30": "17151.00000", "2017-03-31": "16270.00000", "2016-12-31": "16665.00000", "2016-09-30": "16966.00000", "2016-06-30": "17617.00000", "2016-03-31": "16999.00000", "2015-12-31": "17768.00000", "2015-09-30": "16758.00000", "2015-06-30": "16512.00000", "2015-03-31": "15646.00000", "2014-12-31": "17240.00000", "2014-09-30": "15169.00000", "2014-06-30": "15205.00000", "2014-03-31": "15046.00000", "2013-12-31": "15763.00000", "2013-09-30": "14109.00000", "2013-06-30": "14205.00000", "2013-03-31": "15003.00000", "2012-12-31": "14322.00000", "2012-09-30": "13709.00000", "2012-06-30": "14754.00000", "2012-03-31": "14537.00000", "2011-12-31": "15060.00000", "2011-09-30": "13757.00000", "2011-06-30": "13643.00000", "2011-03-31": "13220.00000", "2010-12-31": "13994.00000", "2010-09-30": "12225.00000", "2010-06-30": "12601.00000", "2010-03-31": "12487.00000", "2009-12-31": "12945.00000", "2009-09-30": "11889.00000", "2009-06-30": "11499.00000", "2009-03-31": "11977.00000", "2008-12-31": "13472.00000", "2008-09-30": "11666.00000", "2008-06-30": "11243.00000", "2008-03-31": "12396.00000", "2007-12-31": "13268.00000", "2007-09-30": "11314.00000", "2007-06-30": "10818.00000", "2007-03-31": "9514.00000", "2006-12-31": "11115.00000", "2006-09-30": "9562.00000", "2006-06-30": "9165.00000", "2006-03-31": "9663.00000", "2005-12-31": "9810.00000", "2005-09-30": "8845.00000", "2005-06-30": "9508.00000", "2005-03-31": "10182.00000"}, "Property, Plant, And Equipment": {"2020-09-30": "26594.00000", "2020-06-30": "26491.00000", "2020-03-31": "27216.00000", "2019-12-31": "26853.00000", "2019-09-30": "26174.00000", "2019-06-30": "25369.00000", "2019-03-31": "24859.00000", "2018-12-31": "24316.00000", "2018-09-30": "24474.00000", "2018-06-30": "24673.00000", "2018-03-31": "24882.00000", "2017-12-31": "24970.00000", "2017-09-30": "25006.00000", "2017-06-30": "24599.00000", "2017-03-31": "23139.00000", "2016-12-31": "22916.00000", "2016-09-30": "23421.00000", "2016-06-30": "23251.00000", "2016-03-31": "17720.00000", "2015-12-31": "17758.00000", "2015-09-30": "17901.00000", "2015-06-30": "17737.00000", "2015-03-31": "17822.00000", "2014-12-31": "18279.00000", "2014-09-30": "18541.00000", "2014-06-30": "18319.00000", "2014-03-31": "18465.00000", "2013-12-31": "18624.00000", "2013-09-30": "18733.00000", "2013-06-30": "17979.00000", "2013-03-31": "18039.00000", "2012-12-31": "18165.00000", "2012-09-30": "17895.00000", "2012-06-30": "17370.00000", "2012-03-31": "16749.00000", "2011-12-31": "15701.00000", "2011-09-30": "15943.00000", "2011-06-30": "15631.00000", "2011-03-31": "15676.00000", "2010-12-31": "14365.00000", "2010-09-30": "14502.00000", "2010-06-30": "14228.00000", "2010-03-31": "14512.00000", "2009-12-31": "14844.00000", "2009-09-30": "15080.00000", "2009-06-30": "14833.00000", "2009-03-31": "14795.00000", "2008-12-31": "14973.00000", "2008-09-30": "15183.00000", "2008-06-30": "15381.00000", "2008-03-31": "15213.00000", "2007-12-31": "15108.00000", "2007-09-30": "15115.00000", "2007-06-30": "14982.00000", "2007-03-31": "14837.00000", "2006-12-31": "15102.00000", "2006-09-30": "15062.00000", "2006-06-30": "14879.00000", "2006-03-31": "14789.00000", "2005-12-31": "14720.00000", "2005-09-30": "14965.00000", "2005-06-30": "13427.00000", "2005-03-31": "13328.00000"}, "Long-Term Investments": {"2020-09-30": "3903.00000", "2020-06-30": "3611.00000", "2020-03-31": "3180.00000", "2019-12-31": "3312.00000", "2019-09-30": "3224.00000", "2019-06-30": "3872.00000", "2019-03-31": "4080.00000", "2018-12-31": "2970.00000", "2018-09-30": "2899.00000", "2018-06-30": "3155.00000", "2018-03-31": "3148.00000", "2017-12-31": "3206.00000", "2017-09-30": "3202.00000", "2017-06-30": "4141.00000", "2017-03-31": "4155.00000", "2016-12-31": "4220.00000", "2016-09-30": "4280.00000", "2016-06-30": "3228.00000", "2016-03-31": "3247.00000", "2015-12-31": "3268.00000", "2015-09-30": "2643.00000", "2015-06-30": "2694.00000", "2015-03-31": "2575.00000", "2014-12-31": "2642.00000", "2014-09-30": "2696.00000", "2014-06-30": "2858.00000", "2014-03-31": "2750.00000", "2013-12-31": "2784.00000", "2013-09-30": "2849.00000", "2013-06-30": "2683.00000", "2013-03-31": "2566.00000", "2012-12-31": "2622.00000", "2012-09-30": "2723.00000", "2012-06-30": "2397.00000", "2012-03-31": "2484.00000", "2011-12-31": "2685.00000", "2011-09-30": "2435.00000", "2011-06-30": "2505.00000", "2011-03-31": "2499.00000", "2010-12-31": "2491.00000", "2010-09-30": "2513.00000", "2010-06-30": "2587.00000", "2010-03-31": "2607.00000", "2009-12-31": "2578.00000", "2009-09-30": "2554.00000", "2009-06-30": "1668.00000", "2009-03-31": "1564.00000", "2008-12-31": "1674.00000", "2008-09-30": "2249.00000", "2008-06-30": "1418.00000", "2008-03-31": "1154.00000", "2007-12-31": "1030.00000", "2007-09-30": "995.00000", "2007-06-30": "934.00000", "2007-03-31": "903.00000", "2006-12-31": "876.00000", "2006-09-30": "1315.00000", "2006-06-30": "1253.00000", "2006-03-31": "1235.00000", "2005-12-31": "1212.00000", "2005-09-30": "1226.00000", "2005-06-30": "1345.00000", "2005-03-31": "1356.00000"}, "Goodwill And Intangible Assets": {"2020-09-30": "96862.00000", "2020-06-30": "96822.00000", "2020-03-31": "102357.00000", "2019-12-31": "102983.00000", "2019-09-30": "103508.00000", "2019-06-30": "102915.00000", "2019-03-31": "102042.00000", "2018-12-31": "38036.00000", "2018-09-30": "38081.00000", "2018-06-30": "38198.00000", "2018-03-31": "38312.00000", "2017-12-31": "38360.00000", "2017-09-30": "38421.00000", "2017-06-30": "34632.00000", "2017-03-31": "34676.00000", "2016-12-31": "34685.00000", "2016-09-30": "34759.00000", "2016-06-30": "34797.00000", "2016-03-31": "34869.00000", "2015-12-31": "34922.00000", "2015-09-30": "34998.00000", "2015-06-30": "35085.00000", "2015-03-31": "35157.00000", "2014-12-31": "35218.00000", "2014-09-30": "35315.00000", "2014-06-30": "35192.00000", "2014-03-31": "34612.00000", "2013-12-31": "34637.00000", "2013-09-30": "34694.00000", "2013-06-30": "34772.00000", "2013-03-31": "34921.00000", "2012-12-31": "34965.00000", "2012-09-30": "30125.00000", "2012-06-30": "30113.00000", "2012-03-31": "30255.00000", "2011-12-31": "29233.00000", "2011-09-30": "29266.00000", "2011-06-30": "29230.00000", "2011-03-31": "29266.00000", "2010-12-31": "29314.00000", "2010-09-30": "29181.00000", "2010-06-30": "28774.00000", "2010-03-31": "28782.00000", "2009-12-31": "29165.00000", "2009-09-30": "23930.00000", "2009-06-30": "24671.00000", "2009-03-31": "24652.00000", "2008-12-31": "24796.00000", "2008-09-30": "23893.00000", "2008-06-30": "24595.00000", "2008-03-31": "24567.00000", "2007-12-31": "24550.00000", "2007-09-30": "24579.00000", "2007-06-30": "24453.00000", "2007-03-31": "25617.00000", "2006-12-31": "25445.00000", "2006-09-30": "25412.00000", "2006-06-30": "25470.00000", "2006-03-31": "19697.00000", "2005-12-31": "19685.00000", "2005-09-30": "19705.00000", "2005-06-30": "19768.00000", "2005-03-31": "19773.00000"}, "Other Long-Term Assets": {"2020-09-30": "8433.00000", "2020-06-30": "8435.00000", "2020-03-31": "8575.00000", "2019-12-31": "8443.00000", "2019-09-30": "4715.00000", "2019-06-30": "17374.00000", "2019-03-31": "18573.00000", "2018-12-31": "3424.00000", "2018-09-30": "3365.00000", "2018-06-30": "2653.00000", "2018-03-31": "2401.00000", "2017-12-31": "2373.00000", "2017-09-30": "2390.00000", "2017-06-30": "2297.00000", "2017-03-31": "2333.00000", "2016-12-31": "2380.00000", "2016-09-30": "2340.00000", "2016-06-30": "2316.00000", "2016-03-31": "2244.00000", "2015-12-31": "2346.00000", "2015-09-30": "2421.00000", "2015-06-30": "2865.00000", "2015-03-31": "2783.00000", "2014-12-31": "2603.00000", "2014-09-30": "2304.00000", "2014-06-30": "2430.00000", "2014-03-31": "2424.00000", "2013-12-31": "2423.00000", "2013-09-30": "2426.00000", "2013-06-30": "2244.00000", "2013-03-31": "2323.00000", "2012-12-31": "2251.00000", "2012-09-30": "2288.00000", "2012-06-30": "2687.00000", "2012-03-31": "2520.00000", "2011-12-31": "2620.00000", "2011-09-30": "2614.00000", "2011-06-30": "2208.00000", "2011-03-31": "2096.00000", "2010-12-31": "2029.00000", "2010-09-30": "2708.00000", "2010-06-30": "2364.00000", "2010-03-31": "2360.00000", "2009-12-31": "1946.00000", "2009-09-30": "2022.00000", "2009-06-30": "2153.00000", "2009-03-31": "1998.00000", "2008-12-31": "2072.00000", "2008-09-30": "1763.00000", "2008-06-30": "1593.00000", "2008-03-31": "1739.00000", "2007-12-31": "1626.00000", "2007-09-30": "1484.00000", "2007-06-30": "1430.00000", "2007-03-31": "1354.00000", "2006-12-31": "1277.00000", "2006-09-30": "1307.00000", "2006-06-30": "964.00000", "2006-03-31": "999.00000", "2005-12-31": "1005.00000", "2005-09-30": "987.00000", "2005-06-30": "840.00000", "2005-03-31": "863.00000"}, "Total Long-Term Assets": {"2020-09-30": "166298.00000", "2020-06-30": "166319.00000", "2020-03-31": "173020.00000", "2019-12-31": "173172.00000", "2019-09-30": "165860.00000", "2019-06-30": "178105.00000", "2019-03-31": "180065.00000", "2018-12-31": "82404.00000", "2018-09-30": "81773.00000", "2018-06-30": "81063.00000", "2018-03-31": "81135.00000", "2017-12-31": "80460.00000", "2017-09-30": "79900.00000", "2017-06-30": "75601.00000", "2017-03-31": "75537.00000", "2016-12-31": "74911.00000", "2016-09-30": "75067.00000", "2016-06-30": "73297.00000", "2016-03-31": "73265.00000", "2015-12-31": "72353.00000", "2015-09-30": "71424.00000", "2015-06-30": "70855.00000", "2015-03-31": "70069.00000", "2014-12-31": "69795.00000", "2014-09-30": "68972.00000", "2014-06-30": "68518.00000", "2014-03-31": "67534.00000", "2013-12-31": "67403.00000", "2013-09-30": "67132.00000", "2013-06-30": "66360.00000", "2013-03-31": "66355.00000", "2012-12-31": "66320.00000", "2012-09-30": "61189.00000", "2012-06-30": "60537.00000", "2012-03-31": "60696.00000", "2011-12-31": "58817.00000", "2011-09-30": "58367.00000", "2011-06-30": "57462.00000", "2011-03-31": "57368.00000", "2010-12-31": "56956.00000", "2010-09-30": "56981.00000", "2010-06-30": "55704.00000", "2010-03-31": "56273.00000", "2009-12-31": "56369.00000", "2009-09-30": "51228.00000", "2009-06-30": "51085.00000", "2009-03-31": "51055.00000", "2008-12-31": "51429.00000", "2008-09-30": "50831.00000", "2008-06-30": "50339.00000", "2008-03-31": "49895.00000", "2007-12-31": "49504.00000", "2007-09-30": "49614.00000", "2007-06-30": "48849.00000", "2007-03-31": "50091.00000", "2006-12-31": "49878.00000", "2006-09-30": "50436.00000", "2006-06-30": "50192.00000", "2006-03-31": "43961.00000", "2005-12-31": "43857.00000", "2005-09-30": "44313.00000", "2005-06-30": "44384.00000", "2005-03-31": "44865.00000"}, "Total Assets": {"2020-09-30": "201549.00000", "2020-06-30": "207649.00000", "2020-03-31": "206294.00000", "2019-12-31": "200948.00000", "2019-09-30": "193984.00000", "2019-06-30": "209475.00000", "2019-03-31": "214342.00000", "2018-12-31": "99941.00000", "2018-09-30": "98598.00000", "2018-06-30": "98792.00000", "2018-03-31": "97943.00000", "2017-12-31": "97734.00000", "2017-09-30": "95789.00000", "2017-06-30": "92752.00000", "2017-03-31": "91807.00000", "2016-12-31": "91576.00000", "2016-09-30": "92033.00000", "2016-06-30": "90914.00000", "2016-03-31": "90264.00000", "2015-12-31": "90121.00000", "2015-09-30": "88182.00000", "2015-06-30": "87367.00000", "2015-03-31": "85715.00000", "2014-12-31": "87035.00000", "2014-09-30": "84141.00000", "2014-06-30": "83723.00000", "2014-03-31": "82580.00000", "2013-12-31": "83166.00000", "2013-09-30": "81241.00000", "2013-06-30": "80565.00000", "2013-03-31": "81358.00000", "2012-12-31": "80642.00000", "2012-09-30": "74898.00000", "2012-06-30": "75291.00000", "2012-03-31": "75233.00000", "2011-12-31": "73877.00000", "2011-09-30": "72124.00000", "2011-06-30": "71105.00000", "2011-03-31": "70588.00000", "2010-12-31": "70950.00000", "2010-09-30": "69206.00000", "2010-06-30": "68305.00000", "2010-03-31": "68760.00000", "2009-12-31": "69314.00000", "2009-09-30": "63117.00000", "2009-06-30": "62584.00000", "2009-03-31": "63032.00000", "2008-12-31": "64901.00000", "2008-09-30": "62497.00000", "2008-06-30": "61582.00000", "2008-03-31": "62291.00000", "2007-12-31": "62772.00000", "2007-09-30": "60928.00000", "2007-06-30": "59667.00000", "2007-03-31": "59605.00000", "2006-12-31": "60993.00000", "2006-09-30": "59998.00000", "2006-06-30": "59357.00000", "2006-03-31": "53624.00000", "2005-12-31": "53667.00000", "2005-09-30": "53158.00000", "2005-06-30": "53892.00000", "2005-03-31": "55047.00000"}, "Total Current Liabilities": {"2020-09-30": "26628.00000", "2020-06-30": "30917.00000", "2020-03-31": "35473.00000", "2019-12-31": "34797.00000", "2019-09-30": "31341.00000", "2019-06-30": "44593.00000", "2019-03-31": "44376.00000", "2018-12-31": "17619.00000", "2018-09-30": "17860.00000", "2018-06-30": "20214.00000", "2018-03-31": "19728.00000", "2017-12-31": "19875.00000", "2017-09-30": "19595.00000", "2017-06-30": "17094.00000", "2017-03-31": "17365.00000", "2016-12-31": "19317.00000", "2016-09-30": "16842.00000", "2016-06-30": "18072.00000", "2016-03-31": "17073.00000", "2015-12-31": "18796.00000", "2015-09-30": "16334.00000", "2015-06-30": "14826.00000", "2015-03-31": "13410.00000", "2014-12-31": "16804.00000", "2014-09-30": "13292.00000", "2014-06-30": "13351.00000", "2014-03-31": "15162.00000", "2013-12-31": "15696.00000", "2013-09-30": "11704.00000", "2013-06-30": "11341.00000", "2013-03-31": "13453.00000", "2012-12-31": "14498.00000", "2012-09-30": "12813.00000", "2012-06-30": "11117.00000", "2012-03-31": "12724.00000", "2011-12-31": "13524.00000", "2011-09-30": "12088.00000", "2011-06-30": "12766.00000", "2011-03-31": "12803.00000", "2010-12-31": "12747.00000", "2010-09-30": "11000.00000", "2010-06-30": "9489.00000", "2010-03-31": "10052.00000", "2009-12-31": "11667.00000", "2009-09-30": "8934.00000", "2009-06-30": "8606.00000", "2009-03-31": "10186.00000", "2008-12-31": "12604.00000", "2008-09-30": "11591.00000", "2008-06-30": "10039.00000", "2008-03-31": "11256.00000", "2007-12-31": "12383.00000", "2007-09-30": "11391.00000", "2007-06-30": "9545.00000", "2007-03-31": "10277.00000", "2006-12-31": "10587.00000", "2006-09-30": "10210.00000", "2006-06-30": "9351.00000", "2006-03-31": "9467.00000", "2005-12-31": "10236.00000", "2005-09-30": "9168.00000", "2005-06-30": "8036.00000", "2005-03-31": "8596.00000"}, "Long Term Debt": {"2020-09-30": "52917.00000", "2020-06-30": "54197.00000", "2020-03-31": "42770.00000", "2019-12-31": "38057.00000", "2019-09-30": "38129.00000", "2019-06-30": "36311.00000", "2019-03-31": "37803.00000", "2018-12-31": "17176.00000", "2018-09-30": "17084.00000", "2018-06-30": "17681.00000", "2018-03-31": "18766.00000", "2017-12-31": "20082.00000", "2017-09-30": "19119.00000", "2017-06-30": "18849.00000", "2017-03-31": "16788.00000", "2016-12-31": "14792.00000", "2016-09-30": "16483.00000", "2016-06-30": "15129.00000", "2016-03-31": "15367.00000", "2015-12-31": "12965.00000", "2015-09-30": "12773.00000", "2015-06-30": "12154.00000", "2015-03-31": "12186.00000", "2014-12-31": "12167.00000", "2014-09-30": "12631.00000", "2014-06-30": "12920.00000", "2014-03-31": "10909.00000", "2013-12-31": "11714.00000", "2013-09-30": "12776.00000", "2013-06-30": "12784.00000", "2013-03-31": "13381.00000", "2012-12-31": "12633.00000", "2012-09-30": "10697.00000", "2012-06-30": "12454.00000", "2012-03-31": "12582.00000", "2011-12-31": "11226.00000", "2011-09-30": "10922.00000", "2011-06-30": "9176.00000", "2011-03-31": "8688.00000", "2010-12-31": "9933.00000", "2010-09-30": "10130.00000", "2010-06-30": "10804.00000", "2010-03-31": "11000.00000", "2009-12-31": "11189.00000", "2009-09-30": "11495.00000", "2009-06-30": "12552.00000", "2009-03-31": "12541.00000", "2008-12-31": "12232.00000", "2008-09-30": "11110.00000", "2008-06-30": "11522.00000", "2008-03-31": "12929.00000", "2007-12-31": "12785.00000", "2007-09-30": "11892.00000", "2007-06-30": "11728.00000", "2007-03-31": "10290.00000", "2006-12-31": "10629.00000", "2006-09-30": "10843.00000", "2006-06-30": "9974.00000", "2006-03-31": "10519.00000", "2005-12-31": "10449.00000", "2005-09-30": "10157.00000", "2005-06-30": "10925.00000", "2005-03-31": "11664.00000"}, "Other Non-Current Liabilities": {"2020-09-30": "17204.00000", "2020-06-30": "15855.00000", "2020-03-31": "16113.00000", "2019-12-31": "15928.00000", "2019-09-30": "13760.00000", "2019-06-30": "12914.00000", "2019-03-31": "15513.00000", "2018-12-31": "6452.00000", "2018-09-30": "6590.00000", "2018-06-30": "6467.00000", "2018-03-31": "6699.00000", "2017-12-31": "6726.00000", "2017-09-30": "6443.00000", "2017-06-30": "6581.00000", "2017-03-31": "6381.00000", "2016-12-31": "6402.00000", "2016-09-30": "7706.00000", "2016-06-30": "5491.00000", "2016-03-31": "5770.00000", "2015-12-31": "6288.00000", "2015-09-30": "6369.00000", "2015-06-30": "5767.00000", "2015-03-31": "5994.00000", "2014-12-31": "5857.00000", "2014-09-30": "5942.00000", "2014-06-30": "4480.00000", "2014-03-31": "4641.00000", "2013-12-31": "4473.00000", "2013-09-30": "4561.00000", "2013-06-30": "7048.00000", "2013-03-31": "7290.00000", "2012-12-31": "7287.00000", "2012-09-30": "7179.00000", "2012-06-30": "6497.00000", "2012-03-31": "6809.00000", "2011-12-31": "6825.00000", "2011-09-30": "6795.00000", "2011-06-30": "5336.00000", "2011-03-31": "5944.00000", "2010-12-31": "5954.00000", "2010-09-30": "6104.00000", "2010-06-30": "5165.00000", "2010-03-31": "5654.00000", "2009-12-31": "5542.00000", "2009-09-30": "5444.00000", "2009-06-30": "3392.00000", "2009-03-31": "3646.00000", "2008-12-31": "3770.00000", "2008-09-30": "3779.00000", "2008-06-30": "3748.00000", "2008-03-31": "3851.00000", "2007-12-31": "3672.00000", "2007-09-30": "3024.00000", "2007-06-30": "3184.00000", "2007-03-31": "3521.00000", "2006-12-31": "3315.00000", "2006-09-30": "3131.00000", "2006-06-30": "3789.00000", "2006-03-31": "4115.00000", "2005-12-31": "3913.00000", "2005-09-30": "3945.00000", "2005-06-30": "3611.00000", "2005-03-31": "3707.00000"}, "Total Long Term Liabilities": {"2020-09-30": "86658.00000", "2020-06-30": "86269.00000", "2020-03-31": "75944.00000", "2019-12-31": "71378.00000", "2019-09-30": "68754.00000", "2019-06-30": "68526.00000", "2019-03-31": "65627.00000", "2018-12-31": "27929.00000", "2018-09-30": "27906.00000", "2018-06-30": "28507.00000", "2018-03-31": "29564.00000", "2017-12-31": "30776.00000", "2017-09-30": "31190.00000", "2017-06-30": "29607.00000", "2017-03-31": "27175.00000", "2016-12-31": "25082.00000", "2016-09-30": "27868.00000", "2016-06-30": "24696.00000", "2016-03-31": "25181.00000", "2015-12-31": "23127.00000", "2015-09-30": "23193.00000", "2015-06-30": "22034.00000", "2015-03-31": "22568.00000", "2014-12-31": "22438.00000", "2014-09-30": "22671.00000", "2014-06-30": "21760.00000", "2014-03-31": "19778.00000", "2013-12-31": "20174.00000", "2013-09-30": "21387.00000", "2013-06-30": "23317.00000", "2013-03-31": "23761.00000", "2012-12-31": "22774.00000", "2012-09-30": "20127.00000", "2012-06-30": "22101.00000", "2012-03-31": "22597.00000", "2011-12-31": "20930.00000", "2011-09-30": "20583.00000", "2011-06-30": "17417.00000", "2011-03-31": "17473.00000", "2010-12-31": "18464.00000", "2010-09-30": "18864.00000", "2010-06-30": "19215.00000", "2010-03-31": "19739.00000", "2009-12-31": "19689.00000", "2009-09-30": "18758.00000", "2009-06-30": "19682.00000", "2009-03-31": "19574.00000", "2008-12-31": "19642.00000", "2008-09-30": "18583.00000", "2008-06-30": "18764.00000", "2008-03-31": "20247.00000", "2007-12-31": "20009.00000", "2007-09-30": "18784.00000", "2007-06-30": "18565.00000", "2007-03-31": "17585.00000", "2006-12-31": "17898.00000", "2006-09-30": "17968.00000", "2006-06-30": "17472.00000", "2006-03-31": "18207.00000", "2005-12-31": "18080.00000", "2005-09-30": "17780.00000", "2005-06-30": "18802.00000", "2005-03-31": "19488.00000"}, "Total Liabilities": {"2020-09-30": "113286.00000", "2020-06-30": "117186.00000", "2020-03-31": "111417.00000", "2019-12-31": "106175.00000", "2019-09-30": "100095.00000", "2019-06-30": "113119.00000", "2019-03-31": "110003.00000", "2018-12-31": "45548.00000", "2018-09-30": "45766.00000", "2018-06-30": "48721.00000", "2018-03-31": "49292.00000", "2017-12-31": "50651.00000", "2017-09-30": "50785.00000", "2017-06-30": "46701.00000", "2017-03-31": "44540.00000", "2016-12-31": "44399.00000", "2016-09-30": "44710.00000", "2016-06-30": "42768.00000", "2016-03-31": "42254.00000", "2015-12-31": "41923.00000", "2015-09-30": "39527.00000", "2015-06-30": "36860.00000", "2015-03-31": "35978.00000", "2014-12-31": "39242.00000", "2014-09-30": "35963.00000", "2014-06-30": "35111.00000", "2014-03-31": "34940.00000", "2013-12-31": "35870.00000", "2013-09-30": "33091.00000", "2013-06-30": "34658.00000", "2013-03-31": "37214.00000", "2012-12-31": "37272.00000", "2012-09-30": "32940.00000", "2012-06-30": "33218.00000", "2012-03-31": "35321.00000", "2011-12-31": "34454.00000", "2011-09-30": "32671.00000", "2011-06-30": "30183.00000", "2011-03-31": "30276.00000", "2010-12-31": "31211.00000", "2010-09-30": "29864.00000", "2010-06-30": "28704.00000", "2010-03-31": "29791.00000", "2009-12-31": "31356.00000", "2009-09-30": "27692.00000", "2009-06-30": "28288.00000", "2009-03-31": "29760.00000", "2008-12-31": "32246.00000", "2008-09-30": "30174.00000", "2008-06-30": "28803.00000", "2008-03-31": "31503.00000", "2007-12-31": "32392.00000", "2007-09-30": "30175.00000", "2007-06-30": "28110.00000", "2007-03-31": "27862.00000", "2006-12-31": "28485.00000", "2006-09-30": "28178.00000", "2006-06-30": "26823.00000", "2006-03-31": "27674.00000", "2005-12-31": "28316.00000", "2005-09-30": "26948.00000", "2005-06-30": "26838.00000", "2005-03-31": "28084.00000"}, "Common Stock Net": {"2020-09-30": "54497.00000", "2020-06-30": "54386.00000", "2020-03-31": "54230.00000", "2019-12-31": "53995.00000", "2019-09-30": "53907.00000", "2019-06-30": "53718.00000", "2019-03-31": "53419.00000", "2018-12-31": "36799.00000", "2018-09-30": "36779.00000", "2018-06-30": "36574.00000", "2018-03-31": "36411.00000", "2017-12-31": "36254.00000", "2017-09-30": "36248.00000", "2017-06-30": "36119.00000", "2017-03-31": "36100.00000", "2016-12-31": "35906.00000", "2016-09-30": "35859.00000", "2016-06-30": "35683.00000", "2016-03-31": "35448.00000", "2015-12-31": "35249.00000", "2015-09-30": "35122.00000", "2015-06-30": "34930.00000", "2015-03-31": "34720.00000", "2014-12-31": "34488.00000", "2014-09-30": "34301.00000", "2014-06-30": "34123.00000", "2014-03-31": "33942.00000", "2013-12-31": "33679.00000", "2013-09-30": "33440.00000", "2013-06-30": "33245.00000", "2013-03-31": "32929.00000", "2012-12-31": "32662.00000", "2012-09-30": "31731.00000", "2012-06-30": "31427.00000", "2012-03-31": "30948.00000", "2011-12-31": "30525.00000", "2011-09-30": "30296.00000", "2011-06-30": "30159.00000", "2011-03-31": "29938.00000", "2010-12-31": "29271.00000", "2010-09-30": "28736.00000", "2010-06-30": "28542.00000", "2010-03-31": "28100.00000", "2009-12-31": "27571.00000", "2009-09-30": "27038.00000", "2009-06-30": "26840.00000", "2009-03-31": "26693.00000", "2008-12-31": "26662.00000", "2008-09-30": "26546.00000", "2008-06-30": "26274.00000", "2008-03-31": "24602.00000", "2007-12-31": "24419.00000", "2007-09-30": "24207.00000", "2007-06-30": "23990.00000", "2007-03-31": "23537.00000", "2006-12-31": "22943.00000", "2006-09-30": "22377.00000", "2006-06-30": "21629.00000", "2006-03-31": "13782.00000", "2005-12-31": "13401.00000", "2005-09-30": "13288.00000", "2005-06-30": "12926.00000", "2005-03-31": "12822.00000"}, "Retained Earnings (Accumulated Deficit)": {"2020-09-30": "38315.00000", "2020-06-30": "39004.00000", "2020-03-31": "43721.00000", "2019-12-31": "43202.00000", "2019-09-30": "42494.00000", "2019-06-30": "41382.00000", "2019-03-31": "41212.00000", "2018-12-31": "84887.00000", "2018-09-30": "82679.00000", "2018-06-30": "80364.00000", "2018-03-31": "78704.00000", "2017-12-31": "75763.00000", "2017-09-30": "72606.00000", "2017-06-30": "70863.00000", "2017-03-31": "69708.00000", "2016-12-31": "67327.00000", "2016-09-30": "66088.00000", "2016-06-30": "64321.00000", "2016-03-31": "62870.00000", "2015-12-31": "60734.00000", "2015-09-30": "59028.00000", "2015-06-30": "57425.00000", "2015-03-31": "56058.00000", "2014-12-31": "53969.00000", "2014-09-30": "53734.00000", "2014-06-30": "52235.00000", "2014-03-31": "49989.00000", "2013-12-31": "48089.00000", "2013-09-30": "47758.00000", "2013-06-30": "46364.00000", "2013-03-31": "44517.00000", "2012-12-31": "43022.00000", "2012-09-30": "42965.00000", "2012-06-30": "41720.00000", "2012-03-31": "39907.00000", "2011-12-31": "38762.00000", "2011-09-30": "38375.00000", "2011-06-30": "37288.00000", "2011-03-31": "35814.00000", "2010-12-31": "34873.00000", "2010-09-30": "34327.00000", "2010-06-30": "33493.00000", "2010-03-31": "32173.00000", "2009-12-31": "31225.00000", "2009-09-30": "31033.00000", "2009-06-30": "30137.00000", "2009-03-31": "29191.00000", "2008-12-31": "28575.00000", "2008-09-30": "28413.00000", "2008-06-30": "27660.00000", "2008-03-31": "26381.00000", "2007-12-31": "25248.00000", "2007-09-30": "24805.00000", "2007-06-30": "23926.00000", "2007-03-31": "22625.00000", "2006-12-31": "21694.00000", "2006-09-30": "20630.00000", "2006-06-30": "19848.00000", "2006-03-31": "18723.00000", "2005-12-31": "17990.00000", "2005-09-30": "17775.00000", "2005-06-30": "17514.00000", "2005-03-31": "16663.00000"}, "Comprehensive Income": {"2020-09-30": "-8322.00000", "2020-06-30": "-6617.00000", "2020-03-31": "-6637.00000", "2019-12-31": "-6533.00000", "2019-09-30": "-6617.00000", "2019-06-30": "-3721.00000", "2019-03-31": "-3786.00000", "2018-12-31": "-3782.00000", "2018-09-30": "-3097.00000", "2018-06-30": "-3262.00000", "2018-03-31": "-3345.00000", "2017-12-31": "-3404.00000", "2017-09-30": "-3528.00000", "2017-06-30": "-3864.00000", "2017-03-31": "-3880.00000", "2016-12-31": "-3855.00000", "2016-09-30": "-3979.00000", "2016-06-30": "-2699.00000", "2016-03-31": "-2599.00000", "2015-12-31": "-2469.00000", "2015-09-30": "-2421.00000", "2015-06-30": "-1904.00000", "2015-03-31": "-1843.00000", "2014-12-31": "-1880.00000", "2014-09-30": "-1968.00000", "2014-06-30": "-1169.00000", "2014-03-31": "-1206.00000", "2013-12-31": "-1144.00000", "2013-09-30": "-1187.00000", "2013-06-30": "-2884.00000", "2013-03-31": "-2968.00000", "2012-12-31": "-3128.00000", "2012-09-30": "-3266.00000", "2012-06-30": "-2443.00000", "2012-03-31": "-2481.00000", "2011-12-31": "-2574.00000", "2011-09-30": "-2630.00000", "2011-06-30": "-1809.00000", "2011-03-31": "-1837.00000", "2010-12-31": "-1887.00000", "2010-09-30": "-1881.00000", "2010-06-30": "-1593.00000", "2010-03-31": "-1559.00000", "2009-12-31": "-1597.00000", "2009-09-30": "-1644.00000", "2009-06-30": "-22.00000", "2009-03-31": "47.00000", "2008-12-31": "77.00000", "2008-09-30": "-81.00000", "2008-06-30": "-59.00000", "2008-03-31": "-122.00000", "2007-12-31": "-139.00000", "2007-09-30": "-157.00000", "2007-06-30": "18.00000", "2007-03-31": "16.00000", "2006-12-31": "7.00000", "2006-09-30": "-8.00000", "2006-06-30": "-606.00000", "2006-03-31": "-577.00000", "2005-12-31": "-579.00000", "2005-09-30": "-572.00000", "2005-06-30": "-163.00000", "2005-03-31": "-216.00000"}, "Other Share Holders Equity": {"2020-09-30": "", "2020-06-30": "", "2020-03-31": "", "2019-12-31": "", "2019-09-30": "", "2019-06-30": "", "2019-03-31": "", "2018-12-31": "", "2018-09-30": "", "2018-06-30": "", "2018-03-31": "", "2017-12-31": "", "2017-09-30": "", "2017-06-30": "", "2017-03-31": "", "2016-12-31": "", "2016-09-30": "", "2016-06-30": "", "2016-03-31": "", "2015-12-31": "", "2015-09-30": "", "2015-06-30": "", "2015-03-31": "", "2014-12-31": "", "2014-09-30": "", "2014-06-30": "", "2014-03-31": "", "2013-12-31": "", "2013-09-30": "", "2013-06-30": "", "2013-03-31": "", "2012-12-31": "", "2012-09-30": "", "2012-06-30": "", "2012-03-31": "", "2011-12-31": "", "2011-09-30": "", "2011-06-30": "", "2011-03-31": "", "2010-12-31": "", "2010-09-30": "", "2010-06-30": "", "2010-03-31": "", "2009-12-31": "", "2009-09-30": "", "2009-06-30": "", "2009-03-31": "", "2008-12-31": "", "2008-09-30": "", "2008-06-30": "", "2008-03-31": "", "2007-12-31": "", "2007-09-30": "", "2007-06-30": "", "2007-03-31": "", "2006-12-31": "", "2006-09-30": "", "2006-06-30": "", "2006-03-31": "", "2005-12-31": "", "2005-09-30": "", "2005-06-30": "", "2005-03-31": ""}, "Share Holder Equity": {"2020-09-30": "88263.00000", "2020-06-30": "90463.00000", "2020-03-31": "94877.00000", "2019-12-31": "94773.00000", "2019-09-30": "93889.00000", "2019-06-30": "96356.00000", "2019-03-31": "104339.00000", "2018-12-31": "54393.00000", "2018-09-30": "52832.00000", "2018-06-30": "50071.00000", "2018-03-31": "48651.00000", "2017-12-31": "47083.00000", "2017-09-30": "45004.00000", "2017-06-30": "46051.00000", "2017-03-31": "47267.00000", "2016-12-31": "47177.00000", "2016-09-30": "47323.00000", "2016-06-30": "48146.00000", "2016-03-31": "48010.00000", "2015-12-31": "48198.00000", "2015-09-30": "48655.00000", "2015-06-30": "50507.00000", "2015-03-31": "49737.00000", "2014-12-31": "47793.00000", "2014-09-30": "48178.00000", "2014-06-30": "48612.00000", "2014-03-31": "47640.00000", "2013-12-31": "47296.00000", "2013-09-30": "48150.00000", "2013-06-30": "45907.00000", "2013-03-31": "44144.00000", "2012-12-31": "43370.00000", "2012-09-30": "41958.00000", "2012-06-30": "42073.00000", "2012-03-31": "39912.00000", "2011-12-31": "39423.00000", "2011-09-30": "39453.00000", "2011-06-30": "40922.00000", "2011-03-31": "40312.00000", "2010-12-31": "39739.00000", "2010-09-30": "39342.00000", "2010-06-30": "39601.00000", "2010-03-31": "38969.00000", "2009-12-31": "37958.00000", "2009-09-30": "35425.00000", "2009-06-30": "34296.00000", "2009-03-31": "33272.00000", "2008-12-31": "32655.00000", "2008-09-30": "32323.00000", "2008-06-30": "32779.00000", "2008-03-31": "30788.00000", "2007-12-31": "30380.00000", "2007-09-30": "30753.00000", "2007-06-30": "31557.00000", "2007-03-31": "31743.00000", "2006-12-31": "32508.00000", "2006-09-30": "31820.00000", "2006-06-30": "32534.00000", "2006-03-31": "25950.00000", "2005-12-31": "25351.00000", "2005-09-30": "26210.00000", "2005-06-30": "27054.00000", "2005-03-31": "26963.00000"}, "Total Liabilities And Share Holders Equity": {"2020-09-30": "201549.00000", "2020-06-30": "207649.00000", "2020-03-31": "206294.00000", "2019-12-31": "200948.00000", "2019-09-30": "193984.00000", "2019-06-30": "209475.00000", "2019-03-31": "214342.00000", "2018-12-31": "99941.00000", "2018-09-30": "98598.00000", "2018-06-30": "98792.00000", "2018-03-31": "97943.00000", "2017-12-31": "97734.00000", "2017-09-30": "95789.00000", "2017-06-30": "92752.00000", "2017-03-31": "91807.00000", "2016-12-31": "91576.00000", "2016-09-30": "92033.00000", "2016-06-30": "90914.00000", "2016-03-31": "90264.00000", "2015-12-31": "90121.00000", "2015-09-30": "88182.00000", "2015-06-30": "87367.00000", "2015-03-31": "85715.00000", "2014-12-31": "87035.00000", "2014-09-30": "84141.00000", "2014-06-30": "83723.00000", "2014-03-31": "82580.00000", "2013-12-31": "83166.00000", "2013-09-30": "81241.00000", "2013-06-30": "80565.00000", "2013-03-31": "81358.00000", "2012-12-31": "80642.00000", "2012-09-30": "74898.00000", "2012-06-30": "75291.00000", "2012-03-31": "75233.00000", "2011-12-31": "73877.00000", "2011-09-30": "72124.00000", "2011-06-30": "71105.00000", "2011-03-31": "70588.00000", "2010-12-31": "70950.00000", "2010-09-30": "69206.00000", "2010-06-30": "68305.00000", "2010-03-31": "68760.00000", "2009-12-31": "69314.00000", "2009-09-30": "63117.00000", "2009-06-30": "62584.00000", "2009-03-31": "63032.00000", "2008-12-31": "64901.00000", "2008-09-30": "62497.00000", "2008-06-30": "61582.00000", "2008-03-31": "62291.00000", "2007-12-31": "62772.00000", "2007-09-30": "60928.00000", "2007-06-30": "59667.00000", "2007-03-31": "59605.00000", "2006-12-31": "60993.00000", "2006-09-30": "59998.00000", "2006-06-30": "59357.00000", "2006-03-31": "53624.00000", "2005-12-31": "53667.00000", "2005-09-30": "53158.00000", "2005-06-30": "53892.00000", "2005-03-31": "55047.00000"}}, "cash flow statement": {"Net Income/Loss": {"2020-09-30": "-2442.00000", "2019-09-30": "10897.00000", "2018-09-30": "13066.00000", "2017-09-30": "9366.00000", "2016-09-30": "9790.00000", "2015-09-30": "8852.00000", "2014-09-30": "8004.00000", "2013-09-30": "6636.00000", "2012-09-30": "6173.00000", "2011-09-30": "5258.00000", "2010-09-30": "4313.00000", "2009-09-30": "3609.00000", "2008-09-30": "4729.00000", "2007-09-30": "4687.00000", "2006-09-30": "3374.00000", "2005-09-30": "2533.00000"}, "Total Depreciation And Amortization - Cash Flow": {"2020-09-30": "10298.00000", "2019-09-30": "4167.00000", "2018-09-30": "3011.00000", "2017-09-30": "2782.00000", "2016-09-30": "2527.00000", "2015-09-30": "2354.00000", "2014-09-30": "2288.00000", "2013-09-30": "2192.00000", "2012-09-30": "1987.00000", "2011-09-30": "1841.00000", "2010-09-30": "1713.00000", "2009-09-30": "1631.00000", "2008-09-30": "1582.00000", "2007-09-30": "1491.00000", "2006-09-30": "1446.00000", "2005-09-30": "1341.00000"}, "Other Non-Cash Items": {"2020-09-30": "-633.00000", "2019-09-30": "-3048.00000", "2018-09-30": "-863.00000", "2017-09-30": "877.00000", "2016-09-30": "1454.00000", "2015-09-30": "155.00000", "2014-09-30": "490.00000", "2013-09-30": "175.00000", "2012-09-30": "718.00000", "2011-09-30": "498.00000", "2010-09-30": "571.00000", "2009-09-30": "549.00000", "2008-09-30": "194.00000", "2007-09-30": "-645.00000", "2006-09-30": "262.00000", "2005-09-30": "203.00000"}, "Total Non-Cash Items": {"2020-09-30": "9665.00000", "2019-09-30": "1119.00000", "2018-09-30": "2148.00000", "2017-09-30": "3659.00000", "2016-09-30": "3981.00000", "2015-09-30": "2509.00000", "2014-09-30": "2778.00000", "2013-09-30": "2367.00000", "2012-09-30": "2705.00000", "2011-09-30": "2339.00000", "2010-09-30": "2284.00000", "2009-09-30": "2180.00000", "2008-09-30": "1776.00000", "2007-09-30": "846.00000", "2006-09-30": "1708.00000", "2005-09-30": "1544.00000"}, "Change In Accounts Receivable": {"2020-09-30": "1943.00000", "2019-09-30": "55.00000", "2018-09-30": "-720.00000", "2017-09-30": "107.00000", "2016-09-30": "-393.00000", "2015-09-30": "-211.00000", "2014-09-30": "-480.00000", "2013-09-30": "-374.00000", "2012-09-30": "-108.00000", "2011-09-30": "-518.00000", "2010-09-30": "-686.00000", "2009-09-30": "468.00000", "2008-09-30": "-594.00000", "2007-09-30": "-355.00000", "2006-09-30": "-85.00000", "2005-09-30": "-156.00000"}, "Change In Inventories": {"2020-09-30": "14.00000", "2019-09-30": "-223.00000", "2018-09-30": "-17.00000", "2017-09-30": "-5.00000", "2016-09-30": "186.00000", "2015-09-30": "1.00000", "2014-09-30": "-81.00000", "2013-09-30": "51.00000", "2012-09-30": "18.00000", "2011-09-30": "-199.00000", "2010-09-30": "-127.00000", "2009-09-30": "-117.00000", "2008-09-30": "-329.00000", "2007-09-30": "52.00000", "2006-09-30": "-63.00000", "2005-09-30": "22.00000"}, "Change In Accounts Payable": {"2020-09-30": "", "2019-09-30": "", "2018-09-30": "", "2017-09-30": "", "2016-09-30": "", "2015-09-30": "", "2014-09-30": "", "2013-09-30": "", "2012-09-30": "", "2011-09-30": "", "2010-09-30": "", "2009-09-30": "", "2008-09-30": "", "2007-09-30": "", "2006-09-30": "", "2005-09-30": ""}, "Change In Assets/Liabilities": {"2020-09-30": "240.00000", "2019-09-30": "390.00000", "2018-09-30": "-1450.00000", "2017-09-30": "-1127.00000", "2016-09-30": "-544.00000", "2015-09-30": "-699.00000", "2014-09-30": "-1115.00000", "2013-09-30": "-79.00000", "2012-09-30": "-203.00000", "2011-09-30": "143.00000", "2010-09-30": "280.00000", "2009-09-30": "-608.00000", "2008-09-30": "-365.00000", "2007-09-30": "124.00000", "2006-09-30": "805.00000", "2005-09-30": "478.00000"}, "Total Change In Assets/Liabilities": {"2020-09-30": "-248.00000", "2019-09-30": "-6186.00000", "2018-09-30": "-1360.00000", "2017-09-30": "-1185.00000", "2016-09-30": "-1309.00000", "2015-09-30": "-604.00000", "2014-09-30": "-1236.00000", "2013-09-30": "54.00000", "2012-09-30": "-1143.00000", "2011-09-30": "-807.00000", "2010-09-30": "-28.00000", "2009-09-30": "-499.00000", "2008-09-30": "-768.00000", "2007-09-30": "-44.00000", "2006-09-30": "941.00000", "2005-09-30": "212.00000"}, "Cash Flow From Operating Activities": {"2020-09-30": "7616.00000", "2019-09-30": "5984.00000", "2018-09-30": "14295.00000", "2017-09-30": "12343.00000", "2016-09-30": "13136.00000", "2015-09-30": "11385.00000", "2014-09-30": "9780.00000", "2013-09-30": "9452.00000", "2012-09-30": "7966.00000", "2011-09-30": "6994.00000", "2010-09-30": "6578.00000", "2009-09-30": "5319.00000", "2008-09-30": "5701.00000", "2007-09-30": "5398.00000", "2006-09-30": "5960.00000", "2005-09-30": "4139.00000"}, "Net Change In Property, Plant, And Equipment": {"2020-09-30": "-4022.00000", "2019-09-30": "-4876.00000", "2018-09-30": "-4465.00000", "2017-09-30": "-3623.00000", "2016-09-30": "-4773.00000", "2015-09-30": "-4265.00000", "2014-09-30": "-3311.00000", "2013-09-30": "-2796.00000", "2012-09-30": "-3784.00000", "2011-09-30": "-3559.00000", "2010-09-30": "-2110.00000", "2009-09-30": "-1753.00000", "2008-09-30": "-1578.00000", "2007-09-30": "-1566.00000", "2006-09-30": "-1292.00000", "2005-09-30": "-1813.00000"}, "Net Change In Intangible Assets": {"2020-09-30": "", "2019-09-30": "", "2018-09-30": "", "2017-09-30": "", "2016-09-30": "", "2015-09-30": "", "2014-09-30": "", "2013-09-30": "", "2012-09-30": "", "2011-09-30": "", "2010-09-30": "", "2009-09-30": "", "2008-09-30": "", "2007-09-30": "", "2006-09-30": "", "2005-09-30": ""}, "Net Acquisitions/Divestitures": {"2020-09-30": "", "2019-09-30": "-9901.00000", "2018-09-30": "-1581.00000", "2017-09-30": "-417.00000", "2016-09-30": "-850.00000", "2015-09-30": "", "2014-09-30": "-402.00000", "2013-09-30": "-2443.00000", "2012-09-30": "-1088.00000", "2011-09-30": "380.00000", "2010-09-30": "-2323.00000", "2009-09-30": "9.00000", "2008-09-30": "-646.00000", "2007-09-30": "-608.00000", "2006-09-30": "-55.00000", "2005-09-30": "-9.00000"}, "Net Change In Short-term Investments": {"2020-09-30": "", "2019-09-30": "", "2018-09-30": "", "2017-09-30": "", "2016-09-30": "", "2015-09-30": "", "2014-09-30": "", "2013-09-30": "", "2012-09-30": "", "2011-09-30": "", "2010-09-30": "", "2009-09-30": "", "2008-09-30": "", "2007-09-30": "", "2006-09-30": "", "2005-09-30": ""}, "Net Change In Long-Term Investments": {"2020-09-30": "", "2019-09-30": "", "2018-09-30": "", "2017-09-30": "", "2016-09-30": "", "2015-09-30": "", "2014-09-30": "395.00000", "2013-09-30": "479.00000", "2012-09-30": "110.00000", "2011-09-30": "", "2010-09-30": "", "2009-09-30": "", "2008-09-30": "70.00000", "2007-09-30": "1535.00000", "2006-09-30": "1154.00000", "2005-09-30": "53.00000"}, "Net Change In Investments - Total": {"2020-09-30": "", "2019-09-30": "", "2018-09-30": "", "2017-09-30": "", "2016-09-30": "", "2015-09-30": "", "2014-09-30": "395.00000", "2013-09-30": "479.00000", "2012-09-30": "110.00000", "2011-09-30": "", "2010-09-30": "", "2009-09-30": "", "2008-09-30": "70.00000", "2007-09-30": "1535.00000", "2006-09-30": "1154.00000", "2005-09-30": "53.00000"}, "Investing Activities - Other": {"2020-09-30": "172.00000", "2019-09-30": "-319.00000", "2018-09-30": "710.00000", "2017-09-30": "-71.00000", "2016-09-30": "-135.00000", "2015-09-30": "20.00000", "2014-09-30": "-27.00000", "2013-09-30": "84.00000", "2012-09-30": "3.00000", "2011-09-30": "-107.00000", "2010-09-30": "-90.00000", "2009-09-30": "-11.00000", "2008-09-30": "-8.00000", "2007-09-30": "21.00000", "2006-09-30": "-27.00000", "2005-09-30": "87.00000"}, "Cash Flow From Investing Activities": {"2020-09-30": "-3850.00000", "2019-09-30": "-15096.00000", "2018-09-30": "-5336.00000", "2017-09-30": "-4111.00000", "2016-09-30": "-5758.00000", "2015-09-30": "-4245.00000", "2014-09-30": "-3345.00000", "2013-09-30": "-4676.00000", "2012-09-30": "-4759.00000", "2011-09-30": "-3286.00000", "2010-09-30": "-4523.00000", "2009-09-30": "-1755.00000", "2008-09-30": "-2162.00000", "2007-09-30": "-618.00000", "2006-09-30": "-220.00000", "2005-09-30": "-1682.00000"}, "Net Long-Term Debt": {"2020-09-30": "14587.00000", "2019-09-30": "-641.00000", "2018-09-30": "-815.00000", "2017-09-30": "2456.00000", "2016-09-30": "3860.00000", "2015-09-30": "329.00000", "2014-09-30": "583.00000", "2013-09-30": "2429.00000", "2012-09-30": "-43.00000", "2011-09-30": "1254.00000", "2010-09-30": "-1371.00000", "2009-09-30": "133.00000", "2008-09-30": "1229.00000", "2007-09-30": "849.00000", "2006-09-30": "856.00000", "2005-09-30": "-1353.00000"}, "Net Current Debt": {"2020-09-30": "-3354.00000", "2019-09-30": "4318.00000", "2018-09-30": "-1768.00000", "2017-09-30": "1247.00000", "2016-09-30": "-920.00000", "2015-09-30": "2376.00000", "2014-09-30": "50.00000", "2013-09-30": "-2050.00000", "2012-09-30": "467.00000", "2011-09-30": "393.00000", "2010-09-30": "1190.00000", "2009-09-30": "-1985.00000", "2008-09-30": "-701.00000", "2007-09-30": "1847.00000", "2006-09-30": "85.00000", "2005-09-30": "654.00000"}, "Debt Issuance/Retirement Net - Total": {"2020-09-30": "11233.00000", "2019-09-30": "3677.00000", "2018-09-30": "-2583.00000", "2017-09-30": "3703.00000", "2016-09-30": "2940.00000", "2015-09-30": "2705.00000", "2014-09-30": "633.00000", "2013-09-30": "379.00000", "2012-09-30": "424.00000", "2011-09-30": "1647.00000", "2010-09-30": "-181.00000", "2009-09-30": "-1852.00000", "2008-09-30": "528.00000", "2007-09-30": "2696.00000", "2006-09-30": "941.00000", "2005-09-30": "-699.00000"}, "Net Common Equity Issued/Repurchased": {"2020-09-30": "305.00000", "2019-09-30": "318.00000", "2018-09-30": "-3367.00000", "2017-09-30": "-9092.00000", "2016-09-30": "-7240.00000", "2015-09-30": "-5766.00000", "2014-09-30": "-6123.00000", "2013-09-30": "-3500.00000", "2012-09-30": "-2007.00000", "2011-09-30": "-3865.00000", "2010-09-30": "-1536.00000", "2009-09-30": "-19.00000", "2008-09-30": "-4072.00000", "2007-09-30": "-5678.00000", "2006-09-30": "-5639.00000", "2005-09-30": "-1857.00000"}, "Net Total Equity Issued/Repurchased": {"2020-09-30": "305.00000", "2019-09-30": "318.00000", "2018-09-30": "-3367.00000", "2017-09-30": "-9092.00000", "2016-09-30": "-7240.00000", "2015-09-30": "-5766.00000", "2014-09-30": "-6123.00000", "2013-09-30": "-3500.00000", "2012-09-30": "-2007.00000", "2011-09-30": "-3865.00000", "2010-09-30": "-1536.00000", "2009-09-30": "-19.00000", "2008-09-30": "-4072.00000", "2007-09-30": "-5678.00000", "2006-09-30": "-5639.00000", "2005-09-30": "-1857.00000"}, "Total Common And Preferred Stock Dividends Paid": {"2020-09-30": "-1587.00000", "2019-09-30": "-2895.00000", "2018-09-30": "-2515.00000", "2017-09-30": "-2445.00000", "2016-09-30": "-2313.00000", "2015-09-30": "-3063.00000", "2014-09-30": "-1508.00000", "2013-09-30": "-1324.00000", "2012-09-30": "-1076.00000", "2011-09-30": "-756.00000", "2010-09-30": "-653.00000", "2009-09-30": "-648.00000", "2008-09-30": "-664.00000", "2007-09-30": "-637.00000", "2006-09-30": "-519.00000", "2005-09-30": "-490.00000"}, "Financial Activities - Other": {"2020-09-30": "-1471.00000", "2019-09-30": "-1564.00000", "2018-09-30": "-378.00000", "2017-09-30": "-1125.00000", "2016-09-30": "-607.00000", "2015-09-30": "323.00000", "2014-09-30": "288.00000", "2013-09-30": "231.00000", "2012-09-30": "-326.00000", "2011-09-30": "-259.00000", "2010-09-30": "-293.00000", "2009-09-30": "-592.00000", "2008-09-30": "", "2007-09-30": "", "2006-09-30": "51.00000", "2005-09-30": "147.00000"}, "Cash Flow From Financial Activities": {"2020-09-30": "8480.00000", "2019-09-30": "-464.00000", "2018-09-30": "-8843.00000", "2017-09-30": "-8959.00000", "2016-09-30": "-7220.00000", "2015-09-30": "-5801.00000", "2014-09-30": "-6710.00000", "2013-09-30": "-4214.00000", "2012-09-30": "-2985.00000", "2011-09-30": "-3233.00000", "2010-09-30": "-2663.00000", "2009-09-30": "-3111.00000", "2008-09-30": "-4208.00000", "2007-09-30": "-3619.00000", "2006-09-30": "-5166.00000", "2005-09-30": "-2899.00000"}, "Net Cash Flow": {"2020-09-30": "12499.00000", "2019-09-30": "1300.00000", "2018-09-30": "91.00000", "2017-09-30": "-696.00000", "2016-09-30": "35.00000", "2015-09-30": "1037.00000", "2014-09-30": "-510.00000", "2013-09-30": "544.00000", "2012-09-30": "202.00000", "2011-09-30": "463.00000", "2010-09-30": "-695.00000", "2009-09-30": "416.00000", "2008-09-30": "-669.00000", "2007-09-30": "1259.00000", "2006-09-30": "688.00000", "2005-09-30": "-319.00000"}, "Stock-Based Compensation": {"2020-09-30": "525.00000", "2019-09-30": "711.00000", "2018-09-30": "393.00000", "2017-09-30": "364.00000", "2016-09-30": "393.00000", "2015-09-30": "410.00000", "2014-09-30": "408.00000", "2013-09-30": "402.00000", "2012-09-30": "408.00000", "2011-09-30": "423.00000", "2010-09-30": "391.00000", "2009-09-30": "361.00000", "2008-09-30": "402.00000", "2007-09-30": "419.00000", "2006-09-30": "373.00000", "2005-09-30": "370.00000"}, "Common Stock Dividends Paid": {"2020-09-30": "-1587.00000", "2019-09-30": "-2895.00000", "2018-09-30": "-2515.00000", "2017-09-30": "-2445.00000", "2016-09-30": "-2313.00000", "2015-09-30": "-3063.00000", "2014-09-30": "-1508.00000", "2013-09-30": "-1324.00000", "2012-09-30": "-1076.00000", "2011-09-30": "-756.00000", "2010-09-30": "-653.00000", "2009-09-30": "-648.00000", "2008-09-30": "-664.00000", "2007-09-30": "-637.00000", "2006-09-30": "-519.00000", "2005-09-30": "-490.00000"}}, "cash flow statement, quarterly": {"Net Income/Loss": {"2020-09-30": -629, "2020-06-30": -4521, "2020-03-31": 535, "2019-12-31": "2173.00000", "2019-09-30": 906, "2019-06-30": 1615, "2019-03-31": 5590, "2018-12-31": "2786.00000", "2018-09-30": 2419, "2018-06-30": 3059, "2018-03-31": 3115, "2017-12-31": "4473.00000", "2017-09-30": 1865, "2017-06-30": 2474, "2017-03-31": 2539, "2016-12-31": "2488.00000", "2016-09-30": 1892, "2016-06-30": 2712, "2016-03-31": 2276, "2015-12-31": "2910.00000", "2015-09-30": 1741, "2015-06-30": 2639, "2015-03-31": 2228, "2014-12-31": "2244.00000", "2014-09-30": 1625, "2014-06-30": 2419, "2014-03-31": 2056, "2013-12-31": "1904.00000", "2013-09-30": 1543, "2013-06-30": 2034, "2013-03-31": 1621, "2012-12-31": "1438.00000", "2012-09-30": 1390, "2012-06-30": 2036, "2012-03-31": 1226, "2011-12-31": "1521.00000", "2011-09-30": 1251, "2011-06-30": 1663, "2011-03-31": 1010, "2010-12-31": "1334.00000", "2010-09-30": 966, "2010-06-30": 1505, "2010-03-31": 998, "2009-12-31": "844.00000", "2009-09-30": 1074, "2009-06-30": 1031, "2009-03-31": 653, "2008-12-31": "851.00000", "2008-09-30": 1062, "2008-06-30": 1284, "2008-03-31": 1133, "2007-12-31": "1250.00000", "2007-09-30": 877, "2007-06-30": 1178, "2007-03-31": 931, "2006-12-31": "1701.00000", "2006-09-30": 782, "2006-06-30": 1125, "2006-03-31": 733, "2005-12-31": "734.00000", "2005-09-30": 379, "2005-06-30": 811, "2005-03-31": 1343}, "Total Depreciation And Amortization - Cash Flow": {"2020-09-30": 6288, "2020-06-30": 1379, "2020-03-31": 1333, "2019-12-31": "1298.00000", "2019-09-30": 1301, "2019-06-30": 1306, "2019-03-31": 828, "2018-12-31": "732.00000", "2018-09-30": 794, "2018-06-30": 744, "2018-03-31": 731, "2017-12-31": "742.00000", "2017-09-30": 708, "2017-06-30": 711, "2017-03-31": 676, "2016-12-31": "687.00000", "2016-09-30": 689, "2016-06-30": 626, "2016-03-31": 605, "2015-12-31": "607.00000", "2015-09-30": 603, "2015-06-30": 575, "2015-03-31": 584, "2014-12-31": "592.00000", "2014-09-30": 590, "2014-06-30": 557, "2014-03-31": 580, "2013-12-31": "561.00000", "2013-09-30": 559, "2013-06-30": 569, "2013-03-31": 550, "2012-12-31": "514.00000", "2012-09-30": 492, "2012-06-30": 522, "2012-03-31": 488, "2011-12-31": "485.00000", "2011-09-30": 462, "2011-06-30": 476, "2011-03-31": 456, "2010-12-31": "447.00000", "2010-09-30": 434, "2010-06-30": 432, "2010-03-31": 424, "2009-12-31": "423.00000", "2009-09-30": 425, "2009-06-30": 404, "2009-03-31": 406, "2008-12-31": "396.00000", "2008-09-30": 404, "2008-06-30": 402, "2008-03-31": 391, "2007-12-31": "385.00000", "2007-09-30": 382, "2007-06-30": 375, "2007-03-31": 360, "2006-12-31": "374.00000", "2006-09-30": 364, "2006-06-30": 356, "2006-03-31": 357, "2005-12-31": "369.00000", "2005-09-30": 335, "2005-06-30": 350, "2005-03-31": 656}, "Other Non-Cash Items": {"2020-09-30": -5094, "2020-06-30": 3968, "2020-03-31": -151, "2019-12-31": "644.00000", "2019-09-30": -1418, "2019-06-30": 1038, "2019-03-31": -2900, "2018-12-31": "232.00000", "2018-09-30": -224, "2018-06-30": 450, "2018-03-31": 416, "2017-12-31": "-1505.00000", "2017-09-30": 48, "2017-06-30": 320, "2017-03-31": 403, "2016-12-31": "106.00000", "2016-09-30": 446, "2016-06-30": 212, "2016-03-31": 407, "2015-12-31": "389.00000", "2015-09-30": 179, "2015-06-30": -314, "2015-03-31": -89, "2014-12-31": "379.00000", "2014-09-30": 303, "2014-06-30": 178, "2014-03-31": 161, "2013-12-31": "-152.00000", "2013-09-30": -47, "2013-06-30": 434, "2013-03-31": 61, "2012-12-31": "-273.00000", "2012-09-30": 389, "2012-06-30": 37, "2012-03-31": 190, "2011-12-31": "102.00000", "2011-09-30": 56, "2011-06-30": 84, "2011-03-31": 369, "2010-12-31": "-11.00000", "2010-09-30": -260, "2010-06-30": 344, "2010-03-31": 343, "2009-12-31": "144.00000", "2009-09-30": -88, "2009-06-30": 408, "2009-03-31": 313, "2008-12-31": "-84.00000", "2008-09-30": -124, "2008-06-30": -7, "2008-03-31": 233, "2007-12-31": "92.00000", "2007-09-30": 157, "2007-06-30": 117, "2007-03-31": 146, "2006-12-31": "-1065.00000", "2006-09-30": 143, "2006-06-30": 70, "2006-03-31": 78, "2005-12-31": "-29.00000", "2005-09-30": -153, "2005-06-30": 114, "2005-03-31": 242}, "Total Non-Cash Items": {"2020-09-30": 1194, "2020-06-30": 5347, "2020-03-31": 1182, "2019-12-31": "1942.00000", "2019-09-30": -117, "2019-06-30": 2344, "2019-03-31": -2072, "2018-12-31": "964.00000", "2018-09-30": 570, "2018-06-30": 1194, "2018-03-31": 1147, "2017-12-31": "-763.00000", "2017-09-30": 756, "2017-06-30": 1031, "2017-03-31": 1079, "2016-12-31": "793.00000", "2016-09-30": 1135, "2016-06-30": 838, "2016-03-31": 1012, "2015-12-31": "996.00000", "2015-09-30": 782, "2015-06-30": 261, "2015-03-31": 495, "2014-12-31": "971.00000", "2014-09-30": 893, "2014-06-30": 735, "2014-03-31": 741, "2013-12-31": "409.00000", "2013-09-30": 512, "2013-06-30": 1003, "2013-03-31": 611, "2012-12-31": "241.00000", "2012-09-30": 881, "2012-06-30": 559, "2012-03-31": 678, "2011-12-31": "587.00000", "2011-09-30": 518, "2011-06-30": 560, "2011-03-31": 825, "2010-12-31": "436.00000", "2010-09-30": 174, "2010-06-30": 776, "2010-03-31": 767, "2009-12-31": "567.00000", "2009-09-30": 337, "2009-06-30": 812, "2009-03-31": 719, "2008-12-31": "312.00000", "2008-09-30": 280, "2008-06-30": 395, "2008-03-31": 624, "2007-12-31": "477.00000", "2007-09-30": 539, "2007-06-30": 492, "2007-03-31": 506, "2006-12-31": "-691.00000", "2006-09-30": 507, "2006-06-30": 426, "2006-03-31": 435, "2005-12-31": "340.00000", "2005-09-30": 182, "2005-06-30": 464, "2005-03-31": 898}, "Change In Accounts Receivable": {"2020-09-30": -157, "2020-06-30": 1272, "2020-03-31": 2252, "2019-12-31": "-1424.00000", "2019-09-30": 1483, "2019-06-30": -1042, "2019-03-31": 692, "2018-12-31": "-1078.00000", "2018-09-30": 458, "2018-06-30": -174, "2018-03-31": 374, "2017-12-31": "-1378.00000", "2017-09-30": 893, "2017-06-30": -502, "2017-03-31": 876, "2016-12-31": "-1160.00000", "2016-09-30": 428, "2016-06-30": -279, "2016-03-31": 1816, "2015-12-31": "-2358.00000", "2015-09-30": 18, "2015-06-30": -21, "2015-03-31": 819, "2014-12-31": "-1027.00000", "2014-09-30": 63, "2014-06-30": -74, "2014-03-31": 706, "2013-12-31": "-1175.00000", "2013-09-30": -371, "2013-06-30": 73, "2013-03-31": 858, "2012-12-31": "-934.00000", "2012-09-30": -344, "2012-06-30": 48, "2012-03-31": 831, "2011-12-31": "-643.00000", "2011-09-30": 14, "2011-06-30": -511, "2011-03-31": 1292, "2010-12-31": "-1313.00000", "2010-09-30": 25, "2010-06-30": -363, "2010-03-31": 752, "2009-12-31": "-1100.00000", "2009-09-30": -38, "2009-06-30": 52, "2009-03-31": 1233, "2008-12-31": "-779.00000", "2008-09-30": 106, "2008-06-30": -219, "2008-03-31": 1509, "2007-12-31": "-1990.00000", "2007-09-30": 153, "2007-06-30": -271, "2007-03-31": 1316, "2006-12-31": "-1553.00000", "2006-09-30": 54, "2006-06-30": -15, "2006-03-31": 557, "2005-12-31": "-681.00000", "2005-09-30": 105, "2005-06-30": 406, "2005-03-31": -667}, "Change In Inventories": {"2020-09-30": -72, "2020-06-30": 16, "2020-03-31": -11, "2019-12-31": "81.00000", "2019-09-30": -127, "2019-06-30": -77, "2019-03-31": -51, "2018-12-31": "32.00000", "2018-09-30": -70, "2018-06-30": -11, "2018-03-31": -1, "2017-12-31": "65.00000", "2017-09-30": -98, "2017-06-30": 3, "2017-03-31": -12, "2016-12-31": "102.00000", "2016-09-30": -28, "2016-06-30": -4, "2016-03-31": 84, "2015-12-31": "134.00000", "2015-09-30": -47, "2015-06-30": -81, "2015-03-31": 37, "2014-12-31": "92.00000", "2014-09-30": -142, "2014-06-30": -73, "2014-03-31": 37, "2013-12-31": "97.00000", "2013-09-30": -27, "2013-06-30": -59, "2013-03-31": 42, "2012-12-31": "95.00000", "2012-09-30": -58, "2012-06-30": 6, "2012-03-31": 18, "2011-12-31": "52.00000", "2011-09-30": -94, "2011-06-30": -75, "2011-03-31": -43, "2010-12-31": "13.00000", "2010-09-30": -126, "2010-06-30": -67, "2010-03-31": -21, "2009-12-31": "87.00000", "2009-09-30": -46, "2009-06-30": 3, "2009-03-31": -56, "2008-12-31": "-18.00000", "2008-09-30": -105, "2008-06-30": -96, "2008-03-31": -94, "2007-12-31": "-34.00000", "2007-09-30": -33, "2007-06-30": 13, "2007-03-31": 48, "2006-12-31": "24.00000", "2006-09-30": -55, "2006-06-30": 7, "2006-03-31": -37, "2005-12-31": "22.00000", "2005-09-30": -19, "2005-06-30": 53, "2005-03-31": -12}, "Change In Accounts Payable": {"2020-09-30": 0, "2020-06-30": 0, "2020-03-31": 0, "2019-12-31": "", "2019-09-30": 0, "2019-06-30": 0, "2019-03-31": 0, "2018-12-31": "", "2018-09-30": 0, "2018-06-30": 0, "2018-03-31": 0, "2017-12-31": "", "2017-09-30": 0, "2017-06-30": 0, "2017-03-31": 0, "2016-12-31": "", "2016-09-30": 0, "2016-06-30": 0, "2016-03-31": 0, "2015-12-31": "", "2015-09-30": 0, "2015-06-30": 0, "2015-03-31": 0, "2014-12-31": "", "2014-09-30": 0, "2014-06-30": 0, "2014-03-31": 0, "2013-12-31": "", "2013-09-30": 0, "2013-06-30": 0, "2013-03-31": 0, "2012-12-31": "", "2012-09-30": 0, "2012-06-30": 0, "2012-03-31": 0, "2011-12-31": "", "2011-09-30": 0, "2011-06-30": 0, "2011-03-31": 0, "2010-12-31": "", "2010-09-30": 0, "2010-06-30": 0, "2010-03-31": 0, "2009-12-31": "", "2009-09-30": 0, "2009-06-30": 0, "2009-03-31": 0, "2008-12-31": "", "2008-09-30": 0, "2008-06-30": 0, "2008-03-31": 0, "2007-12-31": "", "2007-09-30": 0, "2007-06-30": 0, "2007-03-31": 0, "2006-12-31": "", "2006-09-30": 0, "2006-06-30": 0, "2006-03-31": 0, "2005-12-31": "", "2005-09-30": 0, "2005-06-30": 0, "2005-03-31": 0}, "Change In Assets/Liabilities": {"2020-09-30": 1715, "2020-06-30": -376, "2020-03-31": -989, "2019-12-31": "-110.00000", "2019-09-30": -119, "2019-06-30": 744, "2019-03-31": -728, "2018-12-31": "493.00000", "2018-09-30": -377, "2018-06-30": -335, "2018-03-31": -743, "2017-12-31": "5.00000", "2017-09-30": -454, "2017-06-30": -323, "2017-03-31": -1101, "2016-12-31": "751.00000", "2016-09-30": -233, "2016-06-30": -374, "2016-03-31": -733, "2015-12-31": "796.00000", "2015-09-30": 198, "2015-06-30": -754, "2015-03-31": -213, "2014-12-31": "70.00000", "2014-09-30": -49, "2014-06-30": -372, "2014-03-31": -375, "2013-12-31": "-319.00000", "2013-09-30": 281, "2013-06-30": 212, "2013-03-31": -427, "2012-12-31": "-145.00000", "2012-09-30": 59, "2012-06-30": 167, "2012-03-31": -196, "2011-12-31": "-233.00000", "2011-09-30": -132, "2011-06-30": 431, "2011-03-31": -308, "2010-12-31": "152.00000", "2010-09-30": 137, "2010-06-30": 566, "2010-03-31": -561, "2009-12-31": "138.00000", "2009-09-30": 54, "2009-06-30": -93, "2009-03-31": -340, "2008-12-31": "-229.00000", "2008-09-30": -275, "2008-06-30": -140, "2008-03-31": -149, "2007-12-31": "199.00000", "2007-09-30": -163, "2007-06-30": 119, "2007-03-31": -195, "2006-12-31": "363.00000", "2006-09-30": 315, "2006-06-30": 347, "2006-03-31": 153, "2005-12-31": "-10.00000", "2005-09-30": 256, "2005-06-30": 359, "2005-03-31": -137}, "Total Change In Assets/Liabilities": {"2020-09-30": 932, "2020-06-30": 21, "2020-03-31": 1349, "2019-12-31": "-2550.00000", "2019-09-30": 858, "2019-06-30": -5647, "2019-03-31": 315, "2018-12-31": "-1712.00000", "2018-09-30": 720, "2018-06-30": -716, "2018-03-31": 248, "2017-12-31": "-1612.00000", "2017-09-30": 819, "2017-06-30": 483, "2017-03-31": -464, "2016-12-31": "-2023.00000", "2016-09-30": 425, "2016-06-30": -205, "2016-03-31": 132, "2015-12-31": "-1661.00000", "2015-09-30": 867, "2015-06-30": -131, "2015-03-31": 191, "2014-12-31": "-1531.00000", "2014-09-30": 386, "2014-06-30": -280, "2014-03-31": -214, "2013-12-31": "-1128.00000", "2013-09-30": 534, "2013-06-30": 246, "2013-03-31": -105, "2012-12-31": "-621.00000", "2012-09-30": -767, "2012-06-30": 106, "2012-03-31": 40, "2011-12-31": "-522.00000", "2011-09-30": 145, "2011-06-30": -467, "2011-03-31": 279, "2010-12-31": "-764.00000", "2010-09-30": 1070, "2010-06-30": -489, "2010-03-31": -183, "2009-12-31": "-426.00000", "2009-09-30": 226, "2009-06-30": -329, "2009-03-31": 536, "2008-12-31": "-932.00000", "2008-09-30": 25, "2008-06-30": -460, "2008-03-31": 728, "2007-12-31": "-1061.00000", "2007-09-30": 115, "2007-06-30": -317, "2007-03-31": 723, "2006-12-31": "-565.00000", "2006-09-30": 1026, "2006-06-30": 27, "2006-03-31": 422, "2005-12-31": "-534.00000", "2005-09-30": 618, "2005-06-30": 482, "2005-03-31": -888}, "Cash Flow From Operating Activities": {"2020-09-30": 1667, "2020-06-30": 1162, "2020-03-31": 3157, "2019-12-31": "1630.00000", "2019-09-30": 1718, "2019-06-30": -1748, "2019-03-31": 3915, "2018-12-31": "2099.00000", "2018-09-30": 3853, "2018-06-30": 3679, "2018-03-31": 4526, "2017-12-31": "2237.00000", "2017-09-30": 3570, "2017-06-30": 4100, "2017-03-31": 3228, "2016-12-31": "1445.00000", "2016-09-30": 3521, "2016-06-30": 3630, "2016-03-31": 3529, "2015-12-31": "2456.00000", "2015-09-30": 3804, "2015-06-30": 2808, "2015-03-31": 2918, "2014-12-31": "1855.00000", "2014-09-30": 3105, "2014-06-30": 2936, "2014-03-31": 2527, "2013-12-31": "1212.00000", "2013-09-30": 2735, "2013-06-30": 3413, "2013-03-31": 2160, "2012-12-31": "1144.00000", "2012-09-30": 1535, "2012-06-30": 2885, "2012-03-31": 1812, "2011-12-31": "1734.00000", "2011-09-30": 2104, "2011-06-30": 1822, "2011-03-31": 1949, "2010-12-31": "1119.00000", "2010-09-30": 2206, "2010-06-30": 1883, "2010-03-31": 1574, "2009-12-31": "915.00000", "2009-09-30": 1738, "2009-06-30": 1514, "2009-03-31": 1805, "2008-12-31": "262.00000", "2008-09-30": 1500, "2008-06-30": 936, "2008-03-31": 2603, "2007-12-31": "662.00000", "2007-09-30": 1573, "2007-06-30": 1127, "2007-03-31": 2206, "2006-12-31": "492.00000", "2006-09-30": 2385, "2006-06-30": 1394, "2006-03-31": 1602, "2005-12-31": "579.00000", "2005-09-30": 1211, "2005-06-30": 1800, "2005-03-31": 1128}, "Net Change In Property, Plant, And Equipment": {"2020-09-30": -729, "2020-06-30": -708, "2020-03-31": -1247, "2019-12-31": "-1338.00000", "2019-09-30": -1309, "2019-06-30": -1177, "2019-03-31": -1195, "2018-12-31": "-1195.00000", "2018-09-30": -1201, "2018-06-30": -1220, "2018-03-31": -1063, "2017-12-31": "-981.00000", "2017-09-30": -895, "2017-06-30": -805, "2017-03-31": -883, "2016-12-31": "-1040.00000", "2016-09-30": -1082, "2016-06-30": -1135, "2016-03-31": -1150, "2015-12-31": "-1406.00000", "2015-09-30": -1204, "2015-06-30": -1156, "2015-03-31": -907, "2014-12-31": "-998.00000", "2014-09-30": -1063, "2014-06-30": -889, "2014-03-31": -701, "2013-12-31": "-658.00000", "2013-09-30": -987, "2013-06-30": -690, "2013-03-31": -574, "2012-12-31": "-545.00000", "2012-09-30": -933, "2012-06-30": -740, "2012-03-31": -1477, "2011-12-31": "-634.00000", "2011-09-30": -998, "2011-06-30": -716, "2011-03-31": -632, "2010-12-31": "-1213.00000", "2010-09-30": -797, "2010-06-30": -506, "2010-03-31": -500, "2009-12-31": "-307.00000", "2009-09-30": -626, "2009-06-30": -378, "2009-03-31": -458, "2008-12-31": "-291.00000", "2008-09-30": -629, "2008-06-30": -353, "2008-03-31": -347, "2007-12-31": "-249.00000", "2007-09-30": -580, "2007-06-30": -440, "2007-03-31": -1831, "2006-12-31": "1285.00000", "2006-09-30": -531, "2006-06-30": -308, "2006-03-31": -250, "2005-12-31": "-203.00000", "2005-09-30": -626, "2005-06-30": -414, "2005-03-31": -773}, "Net Change In Intangible Assets": {"2020-09-30": 0, "2020-06-30": 0, "2020-03-31": 0, "2019-12-31": "", "2019-09-30": 0, "2019-06-30": 0, "2019-03-31": 0, "2018-12-31": "", "2018-09-30": 0, "2018-06-30": 0, "2018-03-31": 0, "2017-12-31": "", "2017-09-30": 0, "2017-06-30": 0, "2017-03-31": 0, "2016-12-31": "", "2016-09-30": 0, "2016-06-30": 0, "2016-03-31": 0, "2015-12-31": "", "2015-09-30": 0, "2015-06-30": 0, "2015-03-31": 0, "2014-12-31": "", "2014-09-30": 0, "2014-06-30": 0, "2014-03-31": 0, "2013-12-31": "", "2013-09-30": 0, "2013-06-30": 0, "2013-03-31": 0, "2012-12-31": "", "2012-09-30": 0, "2012-06-30": 0, "2012-03-31": 0, "2011-12-31": "", "2011-09-30": 0, "2011-06-30": 0, "2011-03-31": 0, "2010-12-31": "", "2010-09-30": 0, "2010-06-30": 0, "2010-03-31": 0, "2009-12-31": "", "2009-09-30": 0, "2009-06-30": 0, "2009-03-31": 0, "2008-12-31": "", "2008-09-30": 0, "2008-06-30": 0, "2008-03-31": 0, "2007-12-31": "", "2007-09-30": 0, "2007-06-30": 0, "2007-03-31": 0, "2006-12-31": "", "2006-09-30": 0, "2006-06-30": 0, "2006-03-31": 0, "2005-12-31": "", "2005-09-30": 0, "2005-06-30": 0, "2005-03-31": 0}, "Net Acquisitions/Divestitures": {"2020-09-30": 0, "2020-06-30": 0, "2020-03-31": 0, "2019-12-31": "", "2019-09-30": 0, "2019-06-30": 0, "2019-03-31": -9901, "2018-12-31": "", "2018-09-30": 0, "2018-06-30": 0, "2018-03-31": -1581, "2017-12-31": "", "2017-09-30": 140, "2017-06-30": 0, "2017-03-31": -557, "2016-12-31": "", "2016-09-30": -450, "2016-06-30": 0, "2016-03-31": 0, "2015-12-31": "-400.00000", "2015-09-30": 0, "2015-06-30": 0, "2015-03-31": 0, "2014-12-31": "", "2014-09-30": 0, "2014-06-30": -402, "2014-03-31": 0, "2013-12-31": "", "2013-09-30": -133, "2013-06-30": 0, "2013-03-31": -45, "2012-12-31": "-2265.00000", "2012-09-30": -366, "2012-06-30": -11, "2012-03-31": -350, "2011-12-31": "-361.00000", "2011-09-30": -12, "2011-06-30": -3, "2011-03-31": 2, "2010-12-31": "393.00000", "2010-09-30": -213, "2010-06-30": 151, "2010-03-31": -44, "2009-12-31": "-2217.00000", "2009-09-30": 178, "2009-06-30": -23, "2009-03-31": -1, "2008-12-31": "-145.00000", "2008-09-30": -158, "2008-06-30": -325, "2008-03-31": -146, "2007-12-31": "-17.00000", "2007-09-30": -377, "2007-06-30": -64, "2007-03-31": -167, "2006-12-31": "", "2006-09-30": -21, "2006-06-30": -23, "2006-03-31": -11, "2005-12-31": "", "2005-09-30": -9, "2005-06-30": 0, "2005-03-31": 0}, "Net Change In Short-term Investments": {"2020-09-30": 0, "2020-06-30": 0, "2020-03-31": 0, "2019-12-31": "", "2019-09-30": 0, "2019-06-30": 0, "2019-03-31": 0, "2018-12-31": "", "2018-09-30": 0, "2018-06-30": 0, "2018-03-31": 0, "2017-12-31": "", "2017-09-30": 0, "2017-06-30": 0, "2017-03-31": 0, "2016-12-31": "", "2016-09-30": 0, "2016-06-30": 0, "2016-03-31": 0, "2015-12-31": "", "2015-09-30": 0, "2015-06-30": 0, "2015-03-31": 0, "2014-12-31": "", "2014-09-30": 0, "2014-06-30": 0, "2014-03-31": 0, "2013-12-31": "", "2013-09-30": 0, "2013-06-30": 0, "2013-03-31": 0, "2012-12-31": "", "2012-09-30": 0, "2012-06-30": 0, "2012-03-31": 0, "2011-12-31": "", "2011-09-30": 0, "2011-06-30": 0, "2011-03-31": 0, "2010-12-31": "", "2010-09-30": 0, "2010-06-30": 0, "2010-03-31": 0, "2009-12-31": "", "2009-09-30": 0, "2009-06-30": 0, "2009-03-31": 0, "2008-12-31": "", "2008-09-30": 0, "2008-06-30": 0, "2008-03-31": 0, "2007-12-31": "", "2007-09-30": 0, "2007-06-30": 0, "2007-03-31": 0, "2006-12-31": "", "2006-09-30": 0, "2006-06-30": 0, "2006-03-31": 0, "2005-12-31": "", "2005-09-30": 0, "2005-06-30": 0, "2005-03-31": 0}, "Net Change In Long-Term Investments": {"2020-09-30": 0, "2020-06-30": 0, "2020-03-31": 0, "2019-12-31": "", "2019-09-30": 0, "2019-06-30": 0, "2019-03-31": 0, "2018-12-31": "", "2018-09-30": 0, "2018-06-30": 0, "2018-03-31": 0, "2017-12-31": "", "2017-09-30": 0, "2017-06-30": 0, "2017-03-31": 0, "2016-12-31": "", "2016-09-30": 0, "2016-06-30": 0, "2016-03-31": 0, "2015-12-31": "", "2015-09-30": -143, "2015-06-30": 62, "2015-03-31": 81, "2014-12-31": "", "2014-09-30": 13, "2014-06-30": 16, "2014-03-31": 230, "2013-12-31": "136.00000", "2013-09-30": 112, "2013-06-30": 17, "2013-03-31": 10, "2012-12-31": "340.00000", "2012-09-30": 110, "2012-06-30": 0, "2012-03-31": 0, "2011-12-31": "", "2011-09-30": 0, "2011-06-30": 0, "2011-03-31": 0, "2010-12-31": "", "2010-09-30": 0, "2010-06-30": -115, "2010-03-31": 115, "2009-12-31": "", "2009-09-30": -185, "2009-06-30": 0, "2009-03-31": 0, "2008-12-31": "185.00000", "2008-09-30": 56, "2008-06-30": 14, "2008-03-31": 0, "2007-12-31": "", "2007-09-30": 5, "2007-06-30": 0, "2007-03-31": 1530, "2006-12-31": "", "2006-09-30": 0, "2006-06-30": 1073, "2006-03-31": 0, "2005-12-31": "81.00000", "2005-09-30": 9, "2005-06-30": 44, "2005-03-31": 0}, "Net Change In Investments - Total": {"2020-09-30": 0, "2020-06-30": 0, "2020-03-31": 0, "2019-12-31": "", "2019-09-30": 0, "2019-06-30": 0, "2019-03-31": 0, "2018-12-31": "", "2018-09-30": 0, "2018-06-30": 0, "2018-03-31": 0, "2017-12-31": "", "2017-09-30": 0, "2017-06-30": 0, "2017-03-31": 0, "2016-12-31": "", "2016-09-30": 0, "2016-06-30": 0, "2016-03-31": 0, "2015-12-31": "", "2015-09-30": -143, "2015-06-30": 62, "2015-03-31": 81, "2014-12-31": "", "2014-09-30": 13, "2014-06-30": 16, "2014-03-31": 230, "2013-12-31": "136.00000", "2013-09-30": 112, "2013-06-30": 17, "2013-03-31": 10, "2012-12-31": "340.00000", "2012-09-30": 110, "2012-06-30": 0, "2012-03-31": 0, "2011-12-31": "", "2011-09-30": 0, "2011-06-30": 0, "2011-03-31": 0, "2010-12-31": "", "2010-09-30": 0, "2010-06-30": -115, "2010-03-31": 115, "2009-12-31": "", "2009-09-30": -185, "2009-06-30": 0, "2009-03-31": 0, "2008-12-31": "185.00000", "2008-09-30": 56, "2008-06-30": 14, "2008-03-31": 0, "2007-12-31": "", "2007-09-30": 5, "2007-06-30": 0, "2007-03-31": 1530, "2006-12-31": "", "2006-09-30": 0, "2006-06-30": 1073, "2006-03-31": 0, "2005-12-31": "81.00000", "2005-09-30": 9, "2005-06-30": 44, "2005-03-31": 0}, "Investing Activities - Other": {"2020-09-30": 199, "2020-06-30": -6, "2020-03-31": -9, "2019-12-31": "-12.00000", "2019-09-30": -2, "2019-06-30": 75, "2019-03-31": -251, "2018-12-31": "-141.00000", "2018-09-30": 1008, "2018-06-30": -118, "2018-03-31": -118, "2017-12-31": "-62.00000", "2017-09-30": -66, "2017-06-30": -95, "2017-03-31": 85, "2016-12-31": "5.00000", "2016-09-30": 0, "2016-06-30": -53, "2016-03-31": -90, "2015-12-31": "8.00000", "2015-09-30": 157, "2015-06-30": -134, "2015-03-31": -10, "2014-12-31": "7.00000", "2014-09-30": -3, "2014-06-30": -6, "2014-03-31": -13, "2013-12-31": "-5.00000", "2013-09-30": -6, "2013-06-30": 1, "2013-03-31": 84, "2012-12-31": "5.00000", "2012-09-30": -100, "2012-06-30": 62, "2012-03-31": 24, "2011-12-31": "17.00000", "2011-09-30": -109, "2011-06-30": 108, "2011-03-31": -45, "2010-12-31": "-61.00000", "2010-09-30": -50, "2010-06-30": -15, "2010-03-31": -9, "2009-12-31": "-16.00000", "2009-09-30": -12, "2009-06-30": 4, "2009-03-31": -6, "2008-12-31": "3.00000", "2008-09-30": -50, "2008-06-30": 90, "2008-03-31": 10, "2007-12-31": "-58.00000", "2007-09-30": -71, "2007-06-30": -41, "2007-03-31": 182, "2006-12-31": "-49.00000", "2006-09-30": -27, "2006-06-30": 0, "2006-03-31": -13, "2005-12-31": "13.00000", "2005-09-30": 13, "2005-06-30": -10, "2005-03-31": 84}, "Cash Flow From Investing Activities": {"2020-09-30": -530, "2020-06-30": -714, "2020-03-31": -1256, "2019-12-31": "-1350.00000", "2019-09-30": -1311, "2019-06-30": -1102, "2019-03-31": -11347, "2018-12-31": "-1336.00000", "2018-09-30": -193, "2018-06-30": -1338, "2018-03-31": -2762, "2017-12-31": "-1043.00000", "2017-09-30": -821, "2017-06-30": -900, "2017-03-31": -1355, "2016-12-31": "-1035.00000", "2016-09-30": -1532, "2016-06-30": -1188, "2016-03-31": -1240, "2015-12-31": "-1798.00000", "2015-09-30": -1190, "2015-06-30": -1228, "2015-03-31": -836, "2014-12-31": "-991.00000", "2014-09-30": -1053, "2014-06-30": -1281, "2014-03-31": -484, "2013-12-31": "-527.00000", "2013-09-30": -1014, "2013-06-30": -672, "2013-03-31": -525, "2012-12-31": "-2465.00000", "2012-09-30": -1289, "2012-06-30": -689, "2012-03-31": -1803, "2011-12-31": "-978.00000", "2011-09-30": -1119, "2011-06-30": -611, "2011-03-31": -675, "2010-12-31": "-881.00000", "2010-09-30": -1060, "2010-06-30": -485, "2010-03-31": -438, "2009-12-31": "-2540.00000", "2009-09-30": -645, "2009-06-30": -397, "2009-03-31": -465, "2008-12-31": "-248.00000", "2008-09-30": -781, "2008-06-30": -574, "2008-03-31": -483, "2007-12-31": "-324.00000", "2007-09-30": -1023, "2007-06-30": -545, "2007-03-31": -286, "2006-12-31": "1236.00000", "2006-09-30": -579, "2006-06-30": 742, "2006-03-31": -274, "2005-12-31": "-109.00000", "2005-09-30": -613, "2005-06-30": -380, "2005-03-31": -689}, "Net Long-Term Debt": {"2020-09-30": -1146, "2020-06-30": 10710, "2020-03-31": 5018, "2019-12-31": "5.00000", "2019-09-30": -12950, "2019-06-30": -1438, "2019-03-31": 13747, "2018-12-31": "", "2018-09-30": -515, "2018-06-30": 2, "2018-03-31": 3, "2017-12-31": "-305.00000", "2017-09-30": 139, "2017-06-30": 1497, "2017-03-31": 972, "2016-12-31": "-152.00000", "2016-09-30": 486, "2016-06-30": 234, "2016-03-31": 3322, "2015-12-31": "-182.00000", "2015-09-30": 2154, "2015-06-30": 11, "2015-03-31": -807, "2014-12-31": "-1029.00000", "2014-09-30": -48, "2014-06-30": 1577, "2014-03-31": 34, "2013-12-31": "-980.00000", "2013-09-30": -654, "2013-06-30": -7, "2013-03-31": 829, "2012-12-31": "2261.00000", "2012-09-30": -1622, "2012-06-30": -35, "2012-03-31": 73, "2011-12-31": "1541.00000", "2011-09-30": 1062, "2011-06-30": 265, "2011-03-31": -31, "2010-12-31": "-42.00000", "2010-09-30": -792, "2010-06-30": -336, "2010-03-31": -164, "2009-12-31": "-79.00000", "2009-09-30": -819, "2009-06-30": -61, "2009-03-31": 496, "2008-12-31": "517.00000", "2008-09-30": 517, "2008-06-30": -19, "2008-03-31": -6, "2007-12-31": "737.00000", "2007-09-30": 1133, "2007-06-30": 790, "2007-03-31": -42, "2006-12-31": "-1032.00000", "2006-09-30": 2132, "2006-06-30": -13, "2006-03-31": -1048, "2005-12-31": "-215.00000", "2005-09-30": 125, "2005-06-30": 24, "2005-03-31": -1502}, "Net Current Debt": {"2020-09-30": -4727, "2020-06-30": -1765, "2020-03-31": 1966, "2019-12-31": "1172.00000", "2019-09-30": 1345, "2019-06-30": 2597, "2019-03-31": 678, "2018-12-31": "-302.00000", "2018-09-30": -2221, "2018-06-30": -919, "2018-03-31": 232, "2017-12-31": "1140.00000", "2017-09-30": 1359, "2017-06-30": -1026, "2017-03-31": 182, "2016-12-31": "732.00000", "2016-09-30": -704, "2016-06-30": -925, "2016-03-31": -1198, "2015-12-31": "1907.00000", "2015-09-30": 24, "2015-06-30": 398, "2015-03-31": -793, "2014-12-31": "2747.00000", "2014-09-30": -1203, "2014-06-30": -1063, "2014-03-31": 167, "2013-12-31": "2149.00000", "2013-09-30": -50, "2013-06-30": -1755, "2013-03-31": -1239, "2012-12-31": "994.00000", "2012-09-30": 1025, "2012-06-30": -848, "2012-03-31": 1266, "2011-12-31": "-976.00000", "2011-09-30": -227, "2011-06-30": 150, "2011-03-31": -26, "2010-12-31": "496.00000", "2010-09-30": 396, "2010-06-30": -180, "2010-03-31": -323, "2009-12-31": "1297.00000", "2009-09-30": 0, "2009-06-30": -1066, "2009-03-31": -1606, "2008-12-31": "687.00000", "2008-09-30": 746, "2008-06-30": -831, "2008-03-31": -214, "2007-12-31": "-402.00000", "2007-09-30": 167, "2007-06-30": 1546, "2007-03-31": 307, "2006-12-31": "-173.00000", "2006-09-30": -1296, "2006-06-30": -219, "2006-03-31": 633, "2005-12-31": "967.00000", "2005-09-30": -165, "2005-06-30": -540, "2005-03-31": 1359}, "Debt Issuance/Retirement Net - Total": {"2020-09-30": -5873, "2020-06-30": 8945, "2020-03-31": 6984, "2019-12-31": "1177.00000", "2019-09-30": -11605, "2019-06-30": 1159, "2019-03-31": 14425, "2018-12-31": "-302.00000", "2018-09-30": -2736, "2018-06-30": -917, "2018-03-31": 235, "2017-12-31": "835.00000", "2017-09-30": 1498, "2017-06-30": 471, "2017-03-31": 1154, "2016-12-31": "580.00000", "2016-09-30": -218, "2016-06-30": -691, "2016-03-31": 2124, "2015-12-31": "1725.00000", "2015-09-30": 2178, "2015-06-30": 409, "2015-03-31": -1600, "2014-12-31": "1718.00000", "2014-09-30": -1251, "2014-06-30": 514, "2014-03-31": 201, "2013-12-31": "1169.00000", "2013-09-30": -704, "2013-06-30": -1762, "2013-03-31": -410, "2012-12-31": "3255.00000", "2012-09-30": -597, "2012-06-30": -883, "2012-03-31": 1339, "2011-12-31": "565.00000", "2011-09-30": 835, "2011-06-30": 415, "2011-03-31": -57, "2010-12-31": "454.00000", "2010-09-30": -396, "2010-06-30": -516, "2010-03-31": -487, "2009-12-31": "1218.00000", "2009-09-30": -819, "2009-06-30": -1127, "2009-03-31": -1110, "2008-12-31": "1204.00000", "2008-09-30": 1263, "2008-06-30": -850, "2008-03-31": -220, "2007-12-31": "335.00000", "2007-09-30": 1300, "2007-06-30": 2336, "2007-03-31": 265, "2006-12-31": "-1205.00000", "2006-09-30": 836, "2006-06-30": -232, "2006-03-31": -415, "2005-12-31": "752.00000", "2005-09-30": -40, "2005-06-30": -516, "2005-03-31": -143}, "Net Common Equity Issued/Repurchased": {"2020-09-30": 67, "2020-06-30": 31, "2020-03-31": 81, "2019-12-31": "126.00000", "2019-09-30": 40, "2019-06-30": 195, "2019-03-31": 46, "2018-12-31": "37.00000", "2018-09-30": 81, "2018-06-30": -931, "2018-03-31": -1254, "2017-12-31": "-1263.00000", "2017-09-30": -3404, "2017-06-30": -2374, "2017-03-31": -1914, "2016-12-31": "-1400.00000", "2016-09-30": -1548, "2016-06-30": -1461, "2016-03-31": -1931, "2015-12-31": "-2300.00000", "2015-09-30": -3235, "2015-06-30": -978, "2015-03-31": -315, "2014-12-31": "-1238.00000", "2014-09-30": -1384, "2014-06-30": -1780, "2014-03-31": -1335, "2013-12-31": "-1624.00000", "2013-09-30": -1324, "2013-06-30": -636, "2013-03-31": -620, "2012-12-31": "-920.00000", "2012-09-30": -809, "2012-06-30": -53, "2012-03-31": -459, "2011-12-31": "-686.00000", "2011-09-30": -1937, "2011-06-30": -1344, "2011-03-31": -191, "2010-12-31": "-393.00000", "2010-09-30": -819, "2010-06-30": -898, "2010-03-31": -27, "2009-12-31": "208.00000", "2009-09-30": 644, "2009-06-30": -231, "2009-03-31": -328, "2008-12-31": "-104.00000", "2008-09-30": -1570, "2008-06-30": -783, "2008-03-31": -790, "2007-12-31": "-929.00000", "2007-09-30": -1638, "2007-06-30": -1638, "2007-03-31": -1870, "2006-12-31": "-532.00000", "2006-09-30": -2212, "2006-06-30": -2067, "2006-03-31": -219, "2005-12-31": "-1141.00000", "2005-09-30": -1035, "2005-06-30": -855, "2005-03-31": 33}, "Net Total Equity Issued/Repurchased": {"2020-09-30": 67, "2020-06-30": 31, "2020-03-31": 81, "2019-12-31": "126.00000", "2019-09-30": 40, "2019-06-30": 195, "2019-03-31": 46, "2018-12-31": "37.00000", "2018-09-30": 81, "2018-06-30": -931, "2018-03-31": -1254, "2017-12-31": "-1263.00000", "2017-09-30": -3404, "2017-06-30": -2374, "2017-03-31": -1914, "2016-12-31": "-1400.00000", "2016-09-30": -1548, "2016-06-30": -1461, "2016-03-31": -1931, "2015-12-31": "-2300.00000", "2015-09-30": -3235, "2015-06-30": -978, "2015-03-31": -315, "2014-12-31": "-1238.00000", "2014-09-30": -1384, "2014-06-30": -1780, "2014-03-31": -1335, "2013-12-31": "-1624.00000", "2013-09-30": -1324, "2013-06-30": -636, "2013-03-31": -620, "2012-12-31": "-920.00000", "2012-09-30": -809, "2012-06-30": -53, "2012-03-31": -459, "2011-12-31": "-686.00000", "2011-09-30": -1937, "2011-06-30": -1344, "2011-03-31": -191, "2010-12-31": "-393.00000", "2010-09-30": -819, "2010-06-30": -898, "2010-03-31": -27, "2009-12-31": "208.00000", "2009-09-30": 644, "2009-06-30": -231, "2009-03-31": -328, "2008-12-31": "-104.00000", "2008-09-30": -1570, "2008-06-30": -783, "2008-03-31": -790, "2007-12-31": "-929.00000", "2007-09-30": -1638, "2007-06-30": -1638, "2007-03-31": -1870, "2006-12-31": "-532.00000", "2006-09-30": -2212, "2006-06-30": -2067, "2006-03-31": -219, "2005-12-31": "-1141.00000", "2005-09-30": -1035, "2005-06-30": -855, "2005-03-31": 33}, "Total Common And Preferred Stock Dividends Paid": {"2020-09-30": 0, "2020-06-30": 0, "2020-03-31": -1587, "2019-12-31": "", "2019-09-30": -1585, "2019-06-30": 0, "2019-03-31": -1310, "2018-12-31": "", "2018-09-30": -1249, "2018-06-30": 0, "2018-03-31": -1266, "2017-12-31": "", "2017-09-30": -1208, "2017-06-30": 0, "2017-03-31": -1237, "2016-12-31": "", "2016-09-30": -1145, "2016-06-30": 0, "2016-03-31": -1168, "2015-12-31": "", "2015-09-30": -1115, "2015-06-30": 0, "2015-03-31": -1948, "2014-12-31": "", "2014-09-30": 0, "2014-06-30": 0, "2014-03-31": -1508, "2013-12-31": "", "2013-09-30": 0, "2013-06-30": 0, "2013-03-31": -24, "2012-12-31": "-1300.00000", "2012-09-30": 0, "2012-06-30": 0, "2012-03-31": -1076, "2011-12-31": "", "2011-09-30": 0, "2011-06-30": 0, "2011-03-31": -756, "2010-12-31": "", "2010-09-30": 0, "2010-06-30": 0, "2010-03-31": -653, "2009-12-31": "", "2009-09-30": 0, "2009-06-30": 0, "2009-03-31": -648, "2008-12-31": "", "2008-09-30": 0, "2008-06-30": 0, "2008-03-31": -664, "2007-12-31": "", "2007-09-30": 0, "2007-06-30": 0, "2007-03-31": -637, "2006-12-31": "", "2006-09-30": 0, "2006-06-30": 0, "2006-03-31": -519, "2005-12-31": "", "2005-09-30": 0, "2005-06-30": 0, "2005-03-31": -490}, "Financial Activities - Other": {"2020-09-30": -633, "2020-06-30": -673, "2020-03-31": 21, "2019-12-31": "-186.00000", "2019-09-30": 153, "2019-06-30": -1517, "2019-03-31": -54, "2018-12-31": "-146.00000", "2018-09-30": 42, "2018-06-30": -251, "2018-03-31": -13, "2017-12-31": "-156.00000", "2017-09-30": -53, "2017-06-30": -840, "2017-03-31": -65, "2016-12-31": "-167.00000", "2016-09-30": 11, "2016-06-30": 36, "2016-03-31": -667, "2015-12-31": "13.00000", "2015-09-30": -388, "2015-06-30": -327, "2015-03-31": 621, "2014-12-31": "417.00000", "2014-09-30": 15, "2014-06-30": -386, "2014-03-31": 441, "2013-12-31": "218.00000", "2013-09-30": 250, "2013-06-30": -348, "2013-03-31": 228, "2012-12-31": "101.00000", "2012-09-30": 101, "2012-06-30": -518, "2012-03-31": 100, "2011-12-31": "-9.00000", "2011-09-30": -99, "2011-06-30": 104, "2011-03-31": -302, "2010-12-31": "38.00000", "2010-09-30": -293, "2010-06-30": 0, "2010-03-31": 0, "2009-12-31": "", "2009-09-30": -592, "2009-06-30": 0, "2009-03-31": 320, "2008-12-31": "-320.00000", "2008-09-30": 0, "2008-06-30": 0, "2008-03-31": 0, "2007-12-31": "", "2007-09-30": 0, "2007-06-30": 0, "2007-03-31": 0, "2006-12-31": "", "2006-09-30": 3, "2006-06-30": -4, "2006-03-31": 37, "2005-12-31": "15.00000", "2005-09-30": 43, "2005-06-30": 44, "2005-03-31": 60}, "Cash Flow From Financial Activities": {"2020-09-30": -6439, "2020-06-30": 8303, "2020-03-31": 5499, "2019-12-31": "1117.00000", "2019-09-30": -12997, "2019-06-30": -163, "2019-03-31": 13107, "2018-12-31": "-411.00000", "2018-09-30": -3862, "2018-06-30": -2099, "2018-03-31": -2298, "2017-12-31": "-584.00000", "2017-09-30": -3167, "2017-06-30": -2743, "2017-03-31": -2062, "2016-12-31": "-987.00000", "2016-09-30": -2900, "2016-06-30": -2116, "2016-03-31": -1642, "2015-12-31": "-562.00000", "2015-09-30": -2560, "2015-06-30": -896, "2015-03-31": -3242, "2014-12-31": "897.00000", "2014-09-30": -2620, "2014-06-30": -1652, "2014-03-31": -2201, "2013-12-31": "-237.00000", "2013-09-30": -1778, "2013-06-30": -2746, "2013-03-31": -826, "2012-12-31": "1136.00000", "2012-09-30": -1305, "2012-06-30": -1454, "2012-03-31": -96, "2011-12-31": "-130.00000", "2011-09-30": -1201, "2011-06-30": -825, "2011-03-31": -1306, "2010-12-31": "99.00000", "2010-09-30": -1508, "2010-06-30": -1414, "2010-03-31": -1167, "2009-12-31": "1426.00000", "2009-09-30": -767, "2009-06-30": -1358, "2009-03-31": -1766, "2008-12-31": "780.00000", "2008-09-30": -307, "2008-06-30": -1633, "2008-03-31": -1674, "2007-12-31": "-594.00000", "2007-09-30": -338, "2007-06-30": 698, "2007-03-31": -2242, "2006-12-31": "-1737.00000", "2006-09-30": -1373, "2006-06-30": -2303, "2006-03-31": -1116, "2005-12-31": "-374.00000", "2005-09-30": -1032, "2005-06-30": -1327, "2005-03-31": -540}, "Net Cash Flow": {"2020-09-30": -5200, "2020-06-30": 8776, "2020-03-31": 7504, "2019-12-31": "1419.00000", "2019-09-30": -1902, "2019-06-30": -2865, "2019-03-31": 5759, "2018-12-31": "308.00000", "2018-09-30": -176, "2018-06-30": 136, "2018-03-31": -500, "2017-12-31": "631.00000", "2017-09-30": -364, "2017-06-30": 503, "2017-03-31": -146, "2016-12-31": "-689.00000", "2016-09-30": -923, "2016-06-30": 212, "2016-03-31": 714, "2015-12-31": "32.00000", "2015-09-30": -17, "2015-06-30": 730, "2015-03-31": -1332, "2014-12-31": "1656.00000", "2014-09-30": -669, "2014-06-30": 12, "2014-03-31": -319, "2013-12-31": "466.00000", "2013-09-30": -1, "2013-06-30": -20, "2013-03-31": 745, "2012-12-31": "-180.00000", "2012-09-30": -987, "2012-06-30": 643, "2012-03-31": -35, "2011-12-31": "581.00000", "2011-09-30": -334, "2011-06-30": 425, "2011-03-31": 55, "2010-12-31": "317.00000", "2010-09-30": -229, "2010-06-30": -124, "2010-03-31": -129, "2009-12-31": "-213.00000", "2009-09-30": 289, "2009-06-30": -241, "2009-03-31": -426, "2008-12-31": "794.00000", "2008-09-30": 412, "2008-06-30": -1271, "2008-03-31": 446, "2007-12-31": "-256.00000", "2007-09-30": 206, "2007-06-30": 1282, "2007-03-31": -255, "2006-12-31": "26.00000", "2006-09-30": 458, "2006-06-30": -78, "2006-03-31": 212, "2005-12-31": "96.00000", "2005-09-30": -311, "2005-06-30": 93, "2005-03-31": -101}, "Stock-Based Compensation": {"2020-09-30": 137, "2020-06-30": 142, "2020-03-31": 131, "2019-12-31": "115.00000", "2019-09-30": 120, "2019-06-30": 135, "2019-03-31": 364, "2018-12-31": "92.00000", "2018-09-30": 86, "2018-06-30": 113, "2018-03-31": 100, "2017-12-31": "94.00000", "2017-09-30": 86, "2017-06-30": 89, "2017-03-31": 92, "2016-12-31": "97.00000", "2016-09-30": 88, "2016-06-30": 100, "2016-03-31": 99, "2015-12-31": "106.00000", "2015-09-30": 101, "2015-06-30": 96, "2015-03-31": 109, "2014-12-31": "104.00000", "2014-09-30": 100, "2014-06-30": 100, "2014-03-31": 112, "2013-12-31": "96.00000", "2013-09-30": 97, "2013-06-30": 97, "2013-03-31": 108, "2012-12-31": "100.00000", "2012-09-30": 97, "2012-06-30": 103, "2012-03-31": 108, "2011-12-31": "100.00000", "2011-09-30": 113, "2011-06-30": 98, "2011-03-31": 113, "2010-12-31": "99.00000", "2010-09-30": 0, "2010-06-30": 119, "2010-03-31": 137, "2009-12-31": "135.00000", "2009-09-30": 25, "2009-06-30": 111, "2009-03-31": 111, "2008-12-31": "114.00000", "2008-09-30": 112, "2008-06-30": 89, "2008-03-31": 98, "2007-12-31": "103.00000", "2007-09-30": 100, "2007-06-30": 86, "2007-03-31": 95, "2006-12-31": "138.00000", "2006-09-30": 96, "2006-06-30": 90, "2006-03-31": 96, "2005-12-31": "91.00000", "2005-09-30": 91, "2005-06-30": 99, "2005-03-31": 180}, "Common Stock Dividends Paid": {"2020-09-30": 0, "2020-06-30": 0, "2020-03-31": -1587, "2019-12-31": "", "2019-09-30": -1585, "2019-06-30": 0, "2019-03-31": -1310, "2018-12-31": "", "2018-09-30": -1249, "2018-06-30": 0, "2018-03-31": -1266, "2017-12-31": "", "2017-09-30": -1208, "2017-06-30": 0, "2017-03-31": -1237, "2016-12-31": "", "2016-09-30": -1145, "2016-06-30": 0, "2016-03-31": -1168, "2015-12-31": "", "2015-09-30": -1115, "2015-06-30": 0, "2015-03-31": -1948, "2014-12-31": "", "2014-09-30": 0, "2014-06-30": 0, "2014-03-31": -1508, "2013-12-31": "", "2013-09-30": 0, "2013-06-30": 0, "2013-03-31": -24, "2012-12-31": "-1300.00000", "2012-09-30": 0, "2012-06-30": 0, "2012-03-31": -1076, "2011-12-31": "0.00000", "2011-09-30": 0, "2011-06-30": 0, "2011-03-31": -756, "2010-12-31": "", "2010-09-30": 0, "2010-06-30": 0, "2010-03-31": -653, "2009-12-31": "", "2009-09-30": 0, "2009-06-30": 0, "2009-03-31": -648, "2008-12-31": "", "2008-09-30": 0, "2008-06-30": 0, "2008-03-31": -664, "2007-12-31": "", "2007-09-30": 0, "2007-06-30": 0, "2007-03-31": -637, "2006-12-31": "", "2006-09-30": 0, "2006-06-30": 0, "2006-03-31": -519, "2005-12-31": "", "2005-09-30": 0, "2005-06-30": 0, "2005-03-31": -490}}, "financial ratios": {"Current Ratio": {"2020-09-30": "1.32380", "2019-09-30": "0.89740", "2018-09-30": "0.94200", "2017-09-30": "0.81090", "2016-09-30": "1.00740", "2015-09-30": "1.02600", "2014-09-30": "1.14120", "2013-09-30": "1.20550", "2012-09-30": "1.06990", "2011-09-30": "1.13810", "2010-09-30": "1.11140", "2009-09-30": "1.33080", "2008-09-30": "1.00650", "2007-09-30": "0.99320", "2006-09-30": "0.93650", "2005-09-30": "0.96480"}, "Long-term Debt / Capital": {"2020-09-30": "0.37480", "2019-09-30": "0.28880", "2018-09-30": "0.24440", "2017-09-30": "0.29820", "2016-09-30": "0.25830", "2015-09-30": "0.20790", "2014-09-30": "0.20770", "2013-09-30": "0.20970", "2012-09-30": "0.20320", "2011-09-30": "0.21680", "2010-09-30": "0.20480", "2009-09-30": "0.24500", "2008-09-30": "0.25580", "2007-09-30": "0.27890", "2006-09-30": "0.25420", "2005-09-30": "0.27930"}, "Debt/Equity Ratio": {"2020-09-30": "0.66420", "2019-09-30": "0.50040", "2018-09-30": "0.39510", "2017-09-30": "0.56200", "2016-09-30": "0.42620", "2015-09-30": "0.35630", "2014-09-30": "0.30710", "2013-09-30": "0.29670", "2012-09-30": "0.34110", "2011-09-30": "0.35430", "2010-09-30": "0.31720", "2009-09-30": "0.35850", "2008-09-30": "0.45290", "2007-09-30": "0.49340", "2006-09-30": "0.42500", "2005-09-30": "0.47570"}, "Gross Margin": {"2020-09-30": "32.89290", "2019-09-30": "39.57360", "2018-09-30": "44.93720", "2017-09-30": "45.03510", "2016-09-30": "46.08680", "2015-09-30": "45.93730", "2014-09-30": "45.87510", "2013-09-30": "44.41950", "2012-09-30": "44.49120", "2011-09-30": "19.02770", "2010-09-30": "17.67070", "2009-09-30": "15.75980", "2008-09-30": "19.66810", "2007-09-30": "19.30440", "2006-09-30": "15.86810", "2005-09-30": "12.52950"}, "Operating Margin": {"2020-09-30": "-2.96840", "2019-09-30": "15.29590", "2018-09-30": "24.90830", "2017-09-30": "24.98320", "2016-09-30": "25.52850", "2015-09-30": "25.10440", "2014-09-30": "23.35440", "2013-09-30": "20.50580", "2012-09-30": "20.72710", "2011-09-30": "18.89320", "2010-09-30": "16.96140", "2009-09-30": "14.39870", "2008-09-30": "19.56500", "2007-09-30": "19.23120", "2006-09-30": "15.86810", "2005-09-30": "12.42750"}, "EBIT Margin": {"2020-09-30": "-2.96840", "2019-09-30": "15.29590", "2018-09-30": "24.90830", "2017-09-30": "24.98320", "2016-09-30": "25.52850", "2015-09-30": "25.10440", "2014-09-30": "23.35440", "2013-09-30": "20.50580", "2012-09-30": "20.72710", "2011-09-30": "18.89320", "2010-09-30": "16.96140", "2009-09-30": "14.39870", "2008-09-30": "19.56500", "2007-09-30": "19.23120", "2006-09-30": "15.86810", "2005-09-30": "12.42750"}, "EBITDA Margin": {"2020-09-30": "12.78060", "2019-09-30": "21.28230", "2018-09-30": "29.97440", "2017-09-30": "30.02880", "2016-09-30": "30.07080", "2015-09-30": "29.59120", "2014-09-30": "28.04170", "2013-09-30": "25.37240", "2012-09-30": "25.42690", "2011-09-30": "23.39520", "2010-09-30": "21.46180", "2009-09-30": "18.91060", "2008-09-30": "23.74550", "2007-09-30": "23.43000", "2006-09-30": "20.15290", "2005-09-30": "16.70170"}, "Pre-Tax Profit Margin": {"2020-09-30": "-2.66560", "2019-09-30": "20.00230", "2018-09-30": "24.78210", "2017-09-30": "25.00680", "2016-09-30": "26.72560", "2015-09-30": "26.43290", "2014-09-30": "25.08760", "2013-09-30": "21.35830", "2012-09-30": "21.90270", "2011-09-30": "19.66840", "2010-09-30": "17.41060", "2009-09-30": "15.65190", "2008-09-30": "19.55980", "2007-09-30": "21.75440", "2006-09-30": "15.77620", "2005-09-30": "12.14700"}, "Net Profit Margin": {"2020-09-30": "-4.38000", "2019-09-30": "15.88060", "2018-09-30": "21.19660", "2017-09-30": "16.28670", "2016-09-30": "16.88060", "2015-09-30": "15.97640", "2014-09-30": "15.36680", "2013-09-30": "13.62310", "2012-09-30": "13.43960", "2011-09-30": "11.75510", "2010-09-30": "10.41170", "2009-09-30": "9.14820", "2008-09-30": "11.69830", "2007-09-30": "13.19910", "2006-09-30": "9.99790", "2005-09-30": "8.07360"}, "Asset Turnover": {"2020-09-30": "0.32440", "2019-09-30": "0.35880", "2018-09-30": "0.60280", "2017-09-30": "0.57560", "2016-09-30": "0.60450", "2015-09-30": "0.59500", "2014-09-30": "0.58010", "2013-09-30": "0.55440", "2012-09-30": "0.56450", "2011-09-30": "0.56700", "2010-09-30": "0.55000", "2009-09-30": "0.57270", "2008-09-30": "0.60550", "2007-09-30": "0.58280", "2006-09-30": "0.56250", "2005-09-30": "0.59020"}, "Inventory Turnover Ratio": {"2020-09-30": "27.71950", "2019-09-30": "25.50700", "2018-09-30": "23.51010", "2017-09-30": "22.07280", "2016-09-30": "21.57770", "2015-09-30": "18.05470", "2014-09-30": "16.78530", "2013-09-30": "16.83520", "2012-09-30": "15.26870", "2011-09-30": "20.75990", "2010-09-30": "21.73160", "2009-09-30": "23.95910", "2008-09-30": "27.04630", "2007-09-30": "44.70360", "2006-09-30": "40.91070", "2005-09-30": "43.83870"}, "Receiveable Turnover": {"2020-09-30": "5.14540", "2019-09-30": "4.49630", "2018-09-30": "6.36750", "2017-09-30": "6.38680", "2016-09-30": "6.13700", "2015-09-30": "6.54260", "2014-09-30": "6.24050", "2013-09-30": "6.46490", "2012-09-30": "6.46450", "2011-09-30": "6.61490", "2010-09-30": "6.58070", "2009-09-30": "7.44730", "2008-09-30": "7.04320", "2007-09-30": "7.05680", "2006-09-30": "7.16950", "2005-09-30": "6.84270"}, "Days Sales In Receivables": {"2020-09-30": "70.93690", "2019-09-30": "81.17810", "2018-09-30": "57.32260", "2017-09-30": "57.14940", "2016-09-30": "59.47520", "2015-09-30": "55.78830", "2014-09-30": "58.48910", "2013-09-30": "56.45870", "2012-09-30": "56.46200", "2011-09-30": "55.17890", "2010-09-30": "55.46490", "2009-09-30": "49.01130", "2008-09-30": "51.82320", "2007-09-30": "51.72290", "2006-09-30": "50.90990", "2005-09-30": "53.34110"}, "ROE - Return On Equity": {"2020-09-30": "-2.76670", "2019-09-30": "11.60630", "2018-09-30": "24.73120", "2017-09-30": "20.81150", "2016-09-30": "20.68760", "2015-09-30": "18.19340", "2014-09-30": "16.61340", "2013-09-30": "13.78190", "2012-09-30": "14.71230", "2011-09-30": "13.32730", "2010-09-30": "10.96280", "2009-09-30": "10.18770", "2008-09-30": "14.63050", "2007-09-30": "15.19850", "2006-09-30": "10.38340", "2005-09-30": "9.38570"}, "Return On Tangible Equity": {"2020-09-30": "28.39870", "2019-09-30": "-113.28620", "2018-09-30": "88.57700", "2017-09-30": "142.27560", "2016-09-30": "77.92100", "2015-09-30": "64.81660", "2014-09-30": "62.22500", "2013-09-30": "49.31630", "2012-09-30": "52.16770", "2011-09-30": "51.61480", "2010-09-30": "42.44660", "2009-09-30": "31.39630", "2008-09-30": "56.09730", "2007-09-30": "75.70460", "2006-09-30": "51.56060", "2005-09-30": "37.81710"}, "ROA - Return On Assets": {"2020-09-30": "-1.21160", "2019-09-30": "5.61750", "2018-09-30": "13.25180", "2017-09-30": "9.77770", "2016-09-30": "10.63750", "2015-09-30": "10.03830", "2014-09-30": "9.51260", "2013-09-30": "8.16830", "2012-09-30": "8.24190", "2011-09-30": "7.29020", "2010-09-30": "6.23210", "2009-09-30": "5.71800", "2008-09-30": "7.56680", "2007-09-30": "7.67140", "2006-09-30": "5.50690", "2005-09-30": "4.62770"}, "ROI - Return On Investment": {"2020-09-30": "-1.72970", "2019-09-30": "8.25420", "2018-09-30": "18.68810", "2017-09-30": "14.60630", "2016-09-30": "15.34340", "2015-09-30": "14.41040", "2014-09-30": "13.16250", "2013-09-30": "10.89190", "2012-09-30": "11.72350", "2011-09-30": "10.43770", "2010-09-30": "8.71810", "2009-09-30": "7.69180", "2008-09-30": "10.88800", "2007-09-30": "10.96030", "2006-09-30": "7.74440", "2005-09-30": "6.76440"}, "Book Value Per Share": {"2020-09-30": "49.55810", "2019-09-30": "52.71700", "2018-09-30": "35.22130", "2017-09-30": "30.00270", "2016-09-30": "29.57690", "2015-09-30": "30.40940", "2014-09-30": "28.34000", "2013-09-30": "26.75000", "2012-09-30": "23.31000", "2011-09-30": "21.91830", "2010-09-30": "20.74020", "2009-09-30": "19.48250", "2008-09-30": "17.73160", "2007-09-30": "15.67270", "2006-09-30": "15.41670", "2005-09-30": "13.05800"}, "Operating Cash Flow Per Share": {"2020-09-30": 0.6206, "2019-09-30": -5.8939, "2018-09-30": 1.6638, "2017-09-30": -0.1927, "2016-09-30": 1.3528, "2015-09-30": 1.1018, "2014-09-30": 0.3465, "2013-09-30": 0.8318, "2012-09-30": 0.718, "2011-09-30": 0.2869, "2010-09-30": 0.54, "2009-09-30": -0.0898, "2008-09-30": 0.3463, "2007-09-30": -0.2906, "2006-09-30": 0.8896, "2005-09-30": 1.9813}, "Free Cash Flow Per Share": {"2020-09-30": 1.3227, "2019-09-30": -5.8578, "2018-09-30": 0.9969, "2017-09-30": 0.4235, "2016-09-30": 0.9363, "2015-09-30": 0.4885, "2014-09-30": 0.0064, "2013-09-30": 1.371, "2012-09-30": 0.5009, "2011-09-30": -0.4942, "2010-09-30": 0.3917, "2009-09-30": -0.2146, "2008-09-30": 0.2848, "2007-09-30": -0.4169, "2006-09-30": 1.1351, "2005-09-30": 1.1135}}, "financial ratios, quarterly": {"Current Ratio": {"2020-09-30": "1.32380", "2020-06-30": "1.33680", "2020-03-31": "0.93800", "2019-12-31": "0.79820", "2019-09-30": "0.89740", "2019-06-30": "0.70350", "2019-03-31": "0.77240", "2018-12-31": "0.99530", "2018-09-30": "0.94200", "2018-06-30": "0.87710", "2018-03-31": "0.85200", "2017-12-31": "0.86910", "2017-09-30": "0.81090", "2017-06-30": "1.00330", "2017-03-31": "0.93690", "2016-12-31": "0.86270", "2016-09-30": "1.00740", "2016-06-30": "0.97480", "2016-03-31": "0.99570", "2015-12-31": "0.94530", "2015-09-30": "1.02600", "2015-06-30": "1.11370", "2015-03-31": "1.16670", "2014-12-31": "1.02590", "2014-09-30": "1.14120", "2014-06-30": "1.13890", "2014-03-31": "0.99230", "2013-12-31": "1.00430", "2013-09-30": "1.20550", "2013-06-30": "1.25250", "2013-03-31": "1.11520", "2012-12-31": "0.98790", "2012-09-30": "1.06990", "2012-06-30": "1.32720", "2012-03-31": "1.14250", "2011-12-31": "1.11360", "2011-09-30": "1.13810", "2011-06-30": "1.06870", "2011-03-31": "1.03260", "2010-12-31": "1.09780", "2010-09-30": "1.11140", "2010-06-30": "1.32800", "2010-03-31": "1.24220", "2009-12-31": "1.10950", "2009-09-30": "1.33080", "2009-06-30": "1.33620", "2009-03-31": "1.17580", "2008-12-31": "1.06890", "2008-09-30": "1.00650", "2008-06-30": "1.11990", "2008-03-31": "1.10130", "2007-12-31": "1.07150", "2007-09-30": "0.99320", "2007-06-30": "1.13340", "2007-03-31": "0.92580", "2006-12-31": "1.04990", "2006-09-30": "0.93650", "2006-06-30": "0.98010", "2006-03-31": "1.02070", "2005-12-31": "0.95840", "2005-09-30": "0.96480", "2005-06-30": "1.18320", "2005-03-31": "1.18450"}, "Long-term Debt / Capital": {"2020-09-30": "0.37480", "2020-06-30": "0.37470", "2020-03-31": "0.31070", "2019-12-31": "0.28650", "2019-09-30": "0.28880", "2019-06-30": "0.27370", "2019-03-31": "0.26600", "2018-12-31": "0.24000", "2018-09-30": "0.24440", "2018-06-30": "0.26100", "2018-03-31": "0.27840", "2017-12-31": "0.29900", "2017-09-30": "0.29820", "2017-06-30": "0.29040", "2017-03-31": "0.26210", "2016-12-31": "0.23870", "2016-09-30": "0.25830", "2016-06-30": "0.23910", "2016-03-31": "0.24250", "2015-12-31": "0.21200", "2015-09-30": "0.20790", "2015-06-30": "0.19400", "2015-03-31": "0.19680", "2014-12-31": "0.20290", "2014-09-30": "0.20770", "2014-06-30": "0.21000", "2014-03-31": "0.18630", "2013-12-31": "0.19850", "2013-09-30": "0.20970", "2013-06-30": "0.21780", "2013-03-31": "0.23260", "2012-12-31": "0.22560", "2012-09-30": "0.20320", "2012-06-30": "0.22840", "2012-03-31": "0.23970", "2011-12-31": "0.22160", "2011-09-30": "0.21680", "2011-06-30": "0.18320", "2011-03-31": "0.17730", "2010-12-31": "0.20000", "2010-09-30": "0.20480", "2010-06-30": "0.21430", "2010-03-31": "0.22010", "2009-12-31": "0.22770", "2009-09-30": "0.24500", "2009-06-30": "0.26790", "2009-03-31": "0.27370", "2008-12-31": "0.27250", "2008-09-30": "0.25580", "2008-06-30": "0.26010", "2008-03-31": "0.29570", "2007-12-31": "0.29620", "2007-09-30": "0.27890", "2007-06-30": "0.27090", "2007-03-31": "0.24480", "2006-12-31": "0.24640", "2006-09-30": "0.25420", "2006-06-30": "0.23460", "2006-03-31": "0.28840", "2005-12-31": "0.29190", "2005-09-30": "0.27930", "2005-06-30": "0.28770", "2005-03-31": "0.30200"}, "Debt/Equity Ratio": {"2020-09-30": "0.66420", "2020-06-30": "0.71210", "2020-03-31": "0.58440", "2019-12-31": "0.50730", "2019-09-30": "0.50040", "2019-06-30": "0.60440", "2019-03-31": "0.54590", "2018-12-31": "0.37990", "2018-09-30": "0.39510", "2018-06-30": "0.47280", "2018-03-31": "0.50740", "2017-12-31": "0.55410", "2017-09-30": "0.56200", "2017-06-30": "0.48180", "2017-03-31": "0.45810", "2016-12-31": "0.43430", "2016-09-30": "0.42620", "2016-06-30": "0.42460", "2016-03-31": "0.44000", "2015-12-31": "0.39240", "2015-09-30": "0.35630", "2015-06-30": "0.30240", "2015-03-31": "0.30070", "2014-12-31": "0.34610", "2014-09-30": "0.30710", "2014-06-30": "0.33190", "2014-03-31": "0.32750", "2013-12-31": "0.32560", "2013-09-30": "0.29670", "2013-06-30": "0.32680", "2013-03-31": "0.38370", "2012-12-31": "0.40230", "2012-09-30": "0.34110", "2012-06-30": "0.35710", "2012-03-31": "0.40160", "2011-12-31": "0.36490", "2011-09-30": "0.35430", "2011-06-30": "0.32350", "2011-03-31": "0.31680", "2010-12-31": "0.32100", "2010-09-30": "0.31720", "2010-06-30": "0.31890", "2010-03-31": "0.33980", "2009-12-31": "0.36440", "2009-09-30": "0.35850", "2009-06-30": "0.39930", "2009-03-31": "0.44270", "2008-12-31": "0.49010", "2008-09-30": "0.45290", "2008-06-30": "0.41400", "2008-03-31": "0.51290", "2007-12-31": "0.51780", "2007-09-30": "0.49340", "2007-06-30": "0.43330", "2007-03-31": "0.39970", "2006-12-31": "0.38110", "2006-09-30": "0.42500", "2006-06-30": "0.38930", "2006-03-31": "0.49410", "2005-12-31": "0.52080", "2005-09-30": "0.47570", "2005-06-30": "0.46330", "2005-03-31": "0.48910"}, "Gross Margin": {"2020-09-30": "25.04410", "2020-06-30": "32.96550", "2020-03-31": "33.82200", "2019-12-31": "37.59710", "2019-09-30": "38.03870", "2019-06-30": "36.64500", "2019-03-31": "43.86810", "2018-12-31": "41.18150", "2018-09-30": "43.32450", "2018-06-30": "45.18350", "2018-03-31": "48.16470", "2017-12-31": "43.13730", "2017-09-30": "43.54800", "2017-06-30": "45.80000", "2017-03-31": "47.74300", "2016-12-31": "43.14120", "2016-09-30": "44.41490", "2016-06-30": "49.56220", "2016-03-31": "47.07380", "2015-12-31": "43.43350", "2015-09-30": "45.56690", "2015-06-30": "49.14130", "2015-03-31": "46.31250", "2014-12-31": "42.82730", "2014-09-30": "19.33970", "2014-06-30": "48.94910", "2014-03-31": "48.73380", "2013-12-31": "42.60300", "2013-09-30": "18.66360", "2013-06-30": "25.94580", "2013-03-31": "20.79780", "2012-12-31": "18.44640", "2012-09-30": "18.77200", "2012-06-30": "26.69550", "2012-03-31": "17.52000", "2011-12-31": "20.33580", "2011-09-30": "17.90890", "2011-06-30": "22.91340", "2011-03-31": "16.83380", "2010-12-31": "18.10380", "2010-09-30": "15.61280", "2010-06-30": "22.78540", "2010-03-31": "17.62240", "2009-12-31": "14.51890", "2009-09-30": "16.16500", "2009-06-30": "18.59000", "2009-03-31": "15.91440", "2008-12-31": "12.67840", "2008-09-30": "15.78610", "2008-06-30": "21.88180", "2008-03-31": "21.79110", "2007-12-31": "19.45080", "2007-09-30": "18.42110", "2007-06-30": "22.36600", "2007-03-31": "19.02190", "2006-12-31": "17.47210", "2006-09-30": "15.10960", "2006-06-30": "20.53340", "2006-03-31": "14.77510", "2005-12-31": "13.11270", "2005-09-30": "5.91850", "2005-06-30": "16.61700", "2005-03-31": "14.16530"}, "Operating Margin": {"2020-09-30": "-5.84050", "2020-06-30": "-42.41450", "2020-03-31": "6.80220", "2019-12-31": "12.90150", "2019-09-30": "10.24580", "2019-06-30": "12.55550", "2019-03-31": "18.26830", "2018-12-31": "22.33550", "2018-09-30": "21.51550", "2018-06-30": "25.76660", "2018-03-31": "27.66020", "2017-12-31": "24.61080", "2017-09-30": "19.80590", "2017-06-30": "26.60490", "2017-03-31": "28.11940", "2016-12-31": "25.06760", "2016-09-30": "21.53400", "2016-06-30": "28.72450", "2016-03-31": "25.93110", "2015-12-31": "25.63630", "2015-09-30": "22.90560", "2015-06-30": "28.71540", "2015-03-31": "24.92580", "2014-12-31": "23.95640", "2014-09-30": "18.75050", "2014-06-30": "28.06030", "2014-03-31": "25.17810", "2013-12-31": "21.49650", "2013-09-30": "17.85960", "2013-06-30": "25.42750", "2013-03-31": "20.21980", "2012-12-31": "18.44640", "2012-09-30": "18.31760", "2012-06-30": "26.63240", "2012-03-31": "17.12540", "2011-12-31": "20.28020", "2011-09-30": "17.82250", "2011-06-30": "22.59490", "2011-03-31": "16.83380", "2010-12-31": "17.99180", "2010-09-30": "15.01750", "2010-06-30": "22.42550", "2010-03-31": "16.79490", "2009-12-31": "13.44080", "2009-09-30": "14.48260", "2009-06-30": "18.34570", "2009-03-31": "12.14300", "2008-12-31": "12.67840", "2008-09-30": "15.37320", "2008-06-30": "21.88180", "2008-03-31": "21.79110", "2007-12-31": "19.45080", "2007-09-30": "18.12990", "2007-06-30": "22.36600", "2007-03-31": "19.02190", "2006-12-31": "17.47210", "2006-09-30": "14.89510", "2006-06-30": "20.74580", "2006-03-31": "14.77510", "2005-12-31": "13.11270", "2005-09-30": "5.83470", "2005-06-30": "16.59110", "2005-03-31": "14.07590"}, "EBIT Margin": {"2020-09-30": "-5.84050", "2020-06-30": "-42.41450", "2020-03-31": "6.80220", "2019-12-31": "12.90150", "2019-09-30": "10.24580", "2019-06-30": "12.55550", "2019-03-31": "18.26830", "2018-12-31": "22.33550", "2018-09-30": "21.51550", "2018-06-30": "25.76660", "2018-03-31": "27.66020", "2017-12-31": "24.61080", "2017-09-30": "19.80590", "2017-06-30": "26.60490", "2017-03-31": "28.11940", "2016-12-31": "25.06760", "2016-09-30": "21.53400", "2016-06-30": "28.72450", "2016-03-31": "25.93110", "2015-12-31": "25.63630", "2015-09-30": "22.90560", "2015-06-30": "28.71540", "2015-03-31": "24.92580", "2014-12-31": "23.95640", "2014-09-30": "18.75050", "2014-06-30": "28.06030", "2014-03-31": "25.17810", "2013-12-31": "21.49650", "2013-09-30": "17.85960", "2013-06-30": "25.42750", "2013-03-31": "20.21980", "2012-12-31": "18.44640", "2012-09-30": "18.31760", "2012-06-30": "26.63240", "2012-03-31": "17.12540", "2011-12-31": "20.28020", "2011-09-30": "17.82250", "2011-06-30": "22.59490", "2011-03-31": "16.83380", "2010-12-31": "17.99180", "2010-09-30": "15.01750", "2010-06-30": "22.42550", "2010-03-31": "16.79490", "2009-12-31": "13.44080", "2009-09-30": "14.48260", "2009-06-30": "18.34570", "2009-03-31": "12.14300", "2008-12-31": "12.67840", "2008-09-30": "15.37320", "2008-06-30": "21.88180", "2008-03-31": "21.79110", "2007-12-31": "19.45080", "2007-09-30": "18.12990", "2007-06-30": "22.36600", "2007-03-31": "19.02190", "2006-12-31": "17.47210", "2006-09-30": "14.89510", "2006-06-30": "20.74580", "2006-03-31": "14.77510", "2005-12-31": "13.11270", "2005-09-30": "5.83470", "2005-06-30": "16.59110", "2005-03-31": "14.07590"}, "EBITDA Margin": {"2020-09-30": "", "2020-06-30": "", "2020-03-31": "", "2019-12-31": "", "2019-09-30": "", "2019-06-30": "", "2019-03-31": "", "2018-12-31": "", "2018-09-30": "", "2018-06-30": "", "2018-03-31": "", "2017-12-31": "", "2017-09-30": "", "2017-06-30": "", "2017-03-31": "", "2016-12-31": "", "2016-09-30": "", "2016-06-30": "", "2016-03-31": "", "2015-12-31": "", "2015-09-30": "", "2015-06-30": "", "2015-03-31": "", "2014-12-31": "", "2014-09-30": "", "2014-06-30": "", "2014-03-31": "", "2013-12-31": "", "2013-09-30": "", "2013-06-30": "", "2013-03-31": "", "2012-12-31": "", "2012-09-30": "", "2012-06-30": "", "2012-03-31": "", "2011-12-31": "", "2011-09-30": "", "2011-06-30": "", "2011-03-31": "", "2010-12-31": "", "2010-09-30": "", "2010-06-30": "", "2010-03-31": "", "2009-12-31": "", "2009-09-30": "", "2009-06-30": "", "2009-03-31": "", "2008-12-31": "", "2008-09-30": "", "2008-06-30": "", "2008-03-31": "", "2007-12-31": "", "2007-09-30": "", "2007-06-30": "", "2007-03-31": "", "2006-12-31": "", "2006-09-30": "", "2006-06-30": "", "2006-03-31": "", "2005-12-31": "", "2005-09-30": "", "2005-06-30": "", "2005-03-31": ""}, "Pre-Tax Profit Margin": {"2020-09-30": "-4.03610", "2020-06-30": "-41.09010", "2020-03-31": "5.88590", "2019-12-31": "12.61870", "2019-09-30": "6.51670", "2019-06-30": "9.91510", "2019-03-31": "48.49890", "2018-12-31": "22.42040", "2018-09-30": "22.38220", "2018-06-30": "25.30700", "2018-03-31": "27.00030", "2017-12-31": "24.39580", "2017-09-30": "21.08150", "2017-06-30": "25.41090", "2017-03-31": "28.12690", "2016-12-31": "25.19620", "2016-09-30": "21.92210", "2016-06-30": "29.29890", "2016-03-31": "26.57110", "2015-12-31": "28.58830", "2015-09-30": "23.86030", "2015-06-30": "30.24200", "2015-03-31": "26.64310", "2014-12-31": "25.10640", "2014-09-30": "19.86440", "2014-06-30": "29.44010", "2014-03-31": "27.25560", "2013-12-31": "23.88500", "2013-09-30": "19.22550", "2013-06-30": "26.71450", "2013-03-31": "21.55580", "2012-12-31": "17.88200", "2012-09-30": "19.60680", "2012-06-30": "27.31780", "2012-03-31": "19.48280", "2011-12-31": "20.79040", "2011-09-30": "18.25420", "2011-06-30": "23.49410", "2011-03-31": "17.27440", "2010-12-31": "19.26090", "2010-09-30": "14.71980", "2010-06-30": "23.35530", "2010-03-31": "17.89040", "2009-12-31": "13.57430", "2009-09-30": "16.83390", "2009-06-30": "19.27640", "2009-03-31": "12.37790", "2008-12-31": "13.94940", "2008-09-30": "14.68500", "2008-06-30": "22.59640", "2008-03-31": "21.75660", "2007-12-31": "19.45080", "2007-09-30": "16.84210", "2007-06-30": "22.41020", "2007-03-31": "18.90870", "2006-12-31": "28.07640", "2006-09-30": "14.71640", "2006-06-30": "20.78120", "2006-03-31": "14.31420", "2005-12-31": "13.31600", "2005-09-30": "4.25740", "2005-06-30": "16.81140", "2005-03-31": "14.36970"}, "Net Profit Margin": {"2020-09-30": "-4.81620", "2020-06-30": "-40.07980", "2020-03-31": "2.55430", "2019-12-31": "10.10160", "2019-09-30": "5.51260", "2019-06-30": "8.68620", "2019-03-31": "36.53670", "2018-12-31": "18.21870", "2018-09-30": "16.23100", "2018-06-30": "19.14770", "2018-03-31": "20.18830", "2017-12-31": "28.81250", "2017-09-30": "13.67090", "2017-06-30": "16.61750", "2017-03-31": "17.90640", "2016-12-31": "16.76810", "2016-09-30": "13.47590", "2016-06-30": "18.19010", "2016-03-31": "16.52400", "2015-12-31": "18.89270", "2015-09-30": "11.90790", "2015-06-30": "18.95280", "2015-03-31": "16.91680", "2014-12-31": "16.29450", "2014-09-30": "12.09940", "2014-06-30": "18.00900", "2014-03-31": "16.45640", "2013-12-31": "14.94840", "2013-09-30": "12.05050", "2013-06-30": "15.95270", "2013-03-31": "14.33580", "2012-12-31": "12.18590", "2012-09-30": "11.53780", "2012-06-30": "16.51340", "2012-03-31": "11.87040", "2011-12-31": "13.58200", "2011-09-30": "10.42690", "2011-06-30": "13.82670", "2011-03-31": "10.37790", "2010-12-31": "12.15010", "2010-09-30": "8.57110", "2010-06-30": "13.30730", "2010-03-31": "11.10720", "2009-12-31": "8.66620", "2009-09-30": "9.07060", "2009-06-30": "11.09820", "2009-03-31": "7.58010", "2008-12-31": "8.80300", "2008-09-30": "8.04660", "2008-06-30": "13.90210", "2008-03-31": "13.00800", "2007-12-31": "11.95940", "2007-09-30": "9.82080", "2007-06-30": "13.02380", "2007-03-31": "11.70480", "2006-12-31": "17.75390", "2006-09-30": "9.31840", "2006-06-30": "13.27590", "2006-03-31": "9.13170", "2005-12-31": "8.29000", "2005-09-30": "5.29030", "2005-06-30": "10.51200", "2005-03-31": "8.39190"}, "Asset Turnover": {"2020-09-30": "0.07310", "2020-06-30": "0.05670", "2020-03-31": "0.08730", "2019-12-31": "0.10380", "2019-09-30": "0.09860", "2019-06-30": "0.09670", "2019-03-31": "0.06960", "2018-12-31": "0.15310", "2018-09-30": "0.14510", "2018-06-30": "0.15420", "2018-03-31": "0.14850", "2017-12-31": "0.15710", "2017-09-30": "0.13340", "2017-06-30": "0.15350", "2017-03-31": "0.14530", "2016-12-31": "0.16140", "2016-09-30": "0.14280", "2016-06-30": "0.15700", "2016-03-31": "0.14370", "2015-12-31": "0.16920", "2015-09-30": "0.15320", "2015-06-30": "0.15000", "2015-03-31": "0.14540", "2014-12-31": "0.15390", "2014-09-30": "0.14720", "2014-06-30": "0.14890", "2014-03-31": "0.14110", "2013-12-31": "0.14800", "2013-09-30": "0.14240", "2013-06-30": "0.14370", "2013-03-31": "0.12970", "2012-12-31": "0.14060", "2012-09-30": "0.14400", "2012-06-30": "0.14730", "2012-03-31": "0.12800", "2011-12-31": "0.14590", "2011-09-30": "0.14450", "2011-06-30": "0.15010", "2011-03-31": "0.12860", "2010-12-31": "0.15100", "2010-09-30": "0.14080", "2010-06-30": "0.14640", "2010-03-31": "0.12480", "2009-12-31": "0.14050", "2009-09-30": "0.15630", "2009-06-30": "0.13740", "2009-03-31": "0.12830", "2008-12-31": "0.14790", "2008-09-30": "0.15110", "2008-06-30": "0.15000", "2008-03-31": "0.13980", "2007-12-31": "0.16650", "2007-09-30": "0.14660", "2007-06-30": "0.15160", "2007-03-31": "0.13340", "2006-12-31": "0.15710", "2006-09-30": "0.13990", "2006-06-30": "0.14280", "2006-03-31": "0.14970", "2005-12-31": "0.16500", "2005-09-30": "0.13480", "2005-06-30": "0.14320", "2005-03-31": "0.14220"}, "Inventory Turnover Ratio": {"2020-09-30": "6.98040", "2020-06-30": "5.06480", "2020-03-31": "7.78450", "2019-12-31": "8.28520", "2019-09-30": "7.18440", "2019-06-30": "8.46770", "2019-03-31": "5.79650", "2018-12-31": "6.63300", "2018-09-30": "5.82470", "2018-06-30": "6.31470", "2018-03-31": "5.79630", "2017-12-31": "6.67870", "2017-09-30": "5.25420", "2017-06-30": "5.93620", "2017-03-31": "5.34430", "2016-12-31": "6.47110", "2016-09-30": "5.25540", "2016-06-30": "5.31830", "2016-03-31": "5.07690", "2015-12-31": "6.01330", "2015-09-30": "4.68170", "2015-06-30": "4.40380", "2015-03-31": "4.67180", "2014-12-31": "5.18700", "2014-09-30": "6.34880", "2014-06-30": "4.46600", "2014-03-31": "4.44680", "2013-12-31": "5.11960", "2013-09-30": "6.32750", "2013-06-30": "5.85260", "2013-03-31": "5.95790", "2012-12-31": "6.42290", "2012-09-30": "5.69810", "2012-06-30": "5.47340", "2012-03-31": "5.28410", "2011-12-31": "5.63820", "2011-09-30": "5.36550", "2011-06-30": "5.33660", "2011-03-31": "5.19550", "2010-12-31": "6.19770", "2010-09-30": "5.70110", "2010-06-30": "5.84190", "2010-03-31": "5.76980", "2009-12-31": "6.96070", "2009-09-30": "6.50830", "2009-06-30": "5.69410", "2009-03-31": "5.51500", "2008-12-31": "7.13970", "2008-09-30": "7.07650", "2008-06-30": "7.27320", "2008-03-31": "8.09990", "2007-12-31": "11.51710", "2007-09-30": "11.36510", "2007-06-30": "11.54930", "2007-03-31": "10.35530", "2006-12-31": "11.80150", "2006-09-30": "10.26510", "2006-06-30": "10.50550", "2006-03-31": "10.63920", "2005-12-31": "12.59080", "2005-09-30": "10.76680", "2005-06-30": "10.52860", "2005-03-31": "10.10530"}, "Receiveable Turnover": {"2020-09-30": "1.16010", "2020-06-30": "0.93320", "2020-03-31": "1.23930", "2019-12-31": "1.21980", "2019-09-30": "1.23510", "2019-06-30": "1.29280", "2019-03-31": "1.02250", "2018-12-31": "1.51170", "2018-09-30": "1.53270", "2018-06-30": "1.51220", "2018-03-31": "1.50320", "2017-12-31": "1.55280", "2017-09-30": "1.48030", "2017-06-30": "1.47760", "2017-03-31": "1.43510", "2016-12-31": "1.49670", "2016-09-30": "1.44980", "2016-06-30": "1.59380", "2016-03-31": "1.46150", "2015-12-31": "1.48030", "2015-09-30": "1.68500", "2015-06-30": "1.63520", "2015-03-31": "1.52690", "2014-12-31": "1.55870", "2014-09-30": "1.58390", "2014-06-30": "1.65270", "2014-03-31": "1.53520", "2013-12-31": "1.53610", "2013-09-30": "1.66040", "2013-06-30": "1.76280", "2013-03-31": "1.47530", "2012-12-31": "1.55040", "2012-09-30": "1.64860", "2012-06-30": "1.86320", "2012-03-31": "1.53250", "2011-12-31": "1.58820", "2011-09-30": "1.68630", "2011-06-30": "1.71840", "2011-03-31": "1.49420", "2010-12-31": "1.52480", "2010-09-30": "1.68430", "2010-06-30": "1.74130", "2010-03-31": "1.56630", "2009-12-31": "1.63080", "2009-09-30": "2.03280", "2009-06-30": "1.73870", "2009-03-31": "1.63740", "2008-12-31": "1.57210", "2008-09-30": "1.75790", "2008-06-30": "1.62920", "2008-03-31": "1.55670", "2007-12-31": "1.49440", "2007-09-30": "1.77460", "2007-06-30": "1.76010", "2007-03-31": "1.60720", "2006-12-31": "1.51770", "2006-09-30": "1.78290", "2006-06-30": "1.78660", "2006-03-31": "1.69810", "2005-12-31": "1.68170", "2005-09-30": "1.56250", "2005-06-30": "1.58420", "2005-03-31": "1.46230"}, "Days Sales In Receivables": {"2020-09-30": "77.58240", "2020-06-30": "96.44110", "2020-03-31": "72.62370", "2019-12-31": "73.78460", "2019-09-30": "72.87080", "2019-06-30": "69.61650", "2019-03-31": "88.01570", "2018-12-31": "59.53540", "2018-09-30": "58.72080", "2018-06-30": "59.51740", "2018-03-31": "59.87220", "2017-12-31": "57.95970", "2017-09-30": "60.80050", "2017-06-30": "60.91020", "2017-03-31": "62.71520", "2016-12-31": "60.13390", "2016-09-30": "62.07960", "2016-06-30": "56.46980", "2016-03-31": "61.58220", "2015-12-31": "60.79900", "2015-09-30": "53.41250", "2015-06-30": "55.04010", "2015-03-31": "58.94310", "2014-12-31": "57.73950", "2014-09-30": "56.82300", "2014-06-30": "54.45770", "2014-03-31": "58.62480", "2013-12-31": "58.58880", "2013-09-30": "54.20380", "2013-06-30": "51.05550", "2013-03-31": "61.00630", "2012-12-31": "58.05040", "2012-09-30": "54.59100", "2012-06-30": "48.30360", "2012-03-31": "58.72570", "2011-12-31": "56.66850", "2011-09-30": "53.36980", "2011-06-30": "52.37280", "2011-03-31": "60.23470", "2010-12-31": "59.02580", "2010-09-30": "53.43460", "2010-06-30": "51.68570", "2010-03-31": "57.46150", "2009-12-31": "55.18840", "2009-09-30": "44.27490", "2009-06-30": "51.76360", "2009-03-31": "54.96600", "2008-12-31": "57.24970", "2008-09-30": "51.19850", "2008-06-30": "55.24140", "2008-03-31": "57.81290", "2007-12-31": "60.22390", "2007-09-30": "50.71440", "2007-06-30": "51.13430", "2007-03-31": "55.99820", "2006-12-31": "59.30180", "2006-09-30": "50.48020", "2006-06-30": "50.37410", "2006-03-31": "52.99990", "2005-12-31": "53.51820", "2005-09-30": "57.60050", "2005-06-30": "56.81140", "2005-03-31": "61.54810"}, "ROE - Return On Equity": {"2020-09-30": "-0.72620", "2020-06-30": "-4.98440", "2020-03-31": "0.56390", "2019-12-31": "2.29280", "2019-09-30": "0.96390", "2019-06-30": "1.67710", "2019-03-31": "5.35750", "2018-12-31": "5.12200", "2018-09-30": "4.57870", "2018-06-30": "6.10930", "2018-03-31": "6.40270", "2017-12-31": "9.50020", "2017-09-30": "4.14410", "2017-06-30": "5.37230", "2017-03-31": "5.37160", "2016-12-31": "5.27380", "2016-09-30": "3.99810", "2016-06-30": "5.63290", "2016-03-31": "4.74070", "2015-12-31": "6.03760", "2015-09-30": "3.57830", "2015-06-30": "5.22500", "2015-03-31": "4.47960", "2014-12-31": "4.69520", "2014-09-30": "3.37290", "2014-06-30": "4.97610", "2014-03-31": "4.31570", "2013-12-31": "4.02570", "2013-09-30": "3.20460", "2013-06-30": "4.43070", "2013-03-31": "3.67210", "2012-12-31": "3.31570", "2012-09-30": "3.31280", "2012-06-30": "4.83920", "2012-03-31": "3.07180", "2011-12-31": "3.85820", "2011-09-30": "3.17090", "2011-06-30": "4.06380", "2011-03-31": "2.50550", "2010-12-31": "3.35690", "2010-09-30": "2.45540", "2010-06-30": "3.80040", "2010-03-31": "2.56100", "2009-12-31": "2.22350", "2009-09-30": "3.03180", "2009-06-30": "3.00620", "2009-03-31": "1.96260", "2008-12-31": "2.60600", "2008-09-30": "3.28560", "2008-06-30": "3.91710", "2008-03-31": "3.68000", "2007-12-31": "4.11450", "2007-09-30": "2.87130", "2007-06-30": "3.79000", "2007-03-31": "2.89510", "2006-12-31": "5.15570", "2006-09-30": "2.33190", "2006-06-30": "3.36570", "2006-03-31": "2.82470", "2005-12-31": "2.89530", "2005-09-30": "1.16750", "2005-06-30": "2.99770", "2005-03-31": "2.43670"}, "Return On Tangible Equity": {"2020-09-30": "7.45440", "2020-06-30": "70.90740", "2020-03-31": "-7.15240", "2019-12-31": "-26.46770", "2019-09-30": "-9.40850", "2019-06-30": "-24.63790", "2019-03-31": "243.36090", "2018-12-31": "17.03250", "2018-09-30": "16.39890", "2018-06-30": "25.76430", "2018-03-31": "30.12860", "2017-12-31": "51.27820", "2017-09-30": "28.33060", "2017-06-30": "21.66570", "2017-03-31": "20.16520", "2016-12-31": "19.91680", "2016-09-30": "15.05890", "2016-06-30": "20.31610", "2016-03-31": "17.31980", "2015-12-31": "21.91930", "2015-09-30": "12.74800", "2015-06-30": "17.11190", "2015-03-31": "15.28120", "2014-12-31": "17.84490", "2014-09-30": "12.63310", "2014-06-30": "18.02530", "2014-03-31": "15.78140", "2013-12-31": "15.04070", "2013-09-30": "11.46700", "2013-06-30": "18.26670", "2013-03-31": "17.57560", "2012-12-31": "17.10890", "2012-09-30": "11.74680", "2012-06-30": "17.02340", "2012-03-31": "12.69550", "2011-12-31": "14.92640", "2011-09-30": "12.28040", "2011-06-30": "14.22340", "2011-03-31": "9.14360", "2010-12-31": "12.79620", "2010-09-30": "9.50690", "2010-06-30": "13.90040", "2010-03-31": "9.79680", "2009-12-31": "9.59850", "2009-09-30": "9.34320", "2009-06-30": "10.71170", "2009-03-31": "7.57540", "2008-12-31": "10.82840", "2008-09-30": "12.59790", "2008-06-30": "15.68920", "2008-03-31": "18.21250", "2007-12-31": "21.44080", "2007-09-30": "14.30190", "2007-06-30": "16.83560", "2007-03-31": "15.00160", "2006-12-31": "23.72930", "2006-09-30": "11.57930", "2006-06-30": "15.50110", "2006-03-31": "11.72240", "2005-12-31": "12.95450", "2005-09-30": "4.70410", "2005-06-30": "11.13090", "2005-03-31": "9.13770"}, "ROA - Return On Assets": {"2020-09-30": "-0.31800", "2020-06-30": "-2.17150", "2020-03-31": "0.25930", "2019-12-31": "1.08140", "2019-09-30": "0.46650", "2019-06-30": "0.77150", "2019-03-31": "2.60800", "2018-12-31": "2.78760", "2018-09-30": "2.45340", "2018-06-30": "3.09640", "2018-03-31": "3.18040", "2017-12-31": "4.57670", "2017-09-30": "1.94700", "2017-06-30": "2.66730", "2017-03-31": "2.76560", "2016-12-31": "2.71690", "2016-09-30": "2.05580", "2016-06-30": "2.98300", "2016-03-31": "2.52150", "2015-12-31": "3.22900", "2015-09-30": "1.97430", "2015-06-30": "3.02060", "2015-03-31": "2.59930", "2014-12-31": "2.57830", "2014-09-30": "1.93130", "2014-06-30": "2.88930", "2014-03-31": "2.48970", "2013-12-31": "2.28940", "2013-09-30": "1.89930", "2013-06-30": "2.52470", "2013-03-31": "1.99240", "2012-12-31": "1.78320", "2012-09-30": "1.85590", "2012-06-30": "2.70420", "2012-03-31": "1.62960", "2011-12-31": "2.05880", "2011-09-30": "1.73450", "2011-06-30": "2.33880", "2011-03-31": "1.43080", "2010-12-31": "1.88020", "2010-09-30": "1.39580", "2010-06-30": "2.20340", "2010-03-31": "1.45140", "2009-12-31": "1.21760", "2009-09-30": "1.70160", "2009-06-30": "1.64740", "2009-03-31": "1.03600", "2008-12-31": "1.31120", "2008-09-30": "1.69930", "2008-06-30": "2.08500", "2008-03-31": "1.81890", "2007-12-31": "1.99130", "2007-09-30": "1.44930", "2007-06-30": "2.00450", "2007-03-31": "1.54180", "2006-12-31": "2.74790", "2006-09-30": "1.23670", "2006-06-30": "1.84480", "2006-03-31": "1.36690", "2005-12-31": "1.36770", "2005-09-30": "0.57560", "2005-06-30": "1.50490", "2005-03-31": "1.19350"}, "ROI - Return On Investment": {"2020-09-30": "-0.45400", "2020-06-30": "-3.11700", "2020-03-31": "0.38870", "2019-12-31": "1.63590", "2019-09-30": "0.68550", "2019-06-30": "1.21810", "2019-03-31": "3.93270", "2018-12-31": "3.89270", "2018-09-30": "3.45990", "2018-06-30": "4.51500", "2018-03-31": "4.62050", "2017-12-31": "6.65970", "2017-09-30": "2.90850", "2017-06-30": "3.81200", "2017-03-31": "3.96380", "2016-12-31": "4.01490", "2016-09-30": "2.96520", "2016-06-30": "4.28610", "2016-03-31": "3.59120", "2015-12-31": "4.75780", "2015-09-30": "2.83420", "2015-06-30": "4.21160", "2015-03-31": "3.59800", "2014-12-31": "3.74250", "2014-09-30": "2.67230", "2014-06-30": "3.93130", "2014-03-31": "3.51160", "2013-12-31": "3.22660", "2013-09-30": "2.53260", "2013-06-30": "3.46560", "2013-03-31": "2.81790", "2012-12-31": "2.56770", "2012-09-30": "2.63980", "2012-06-30": "3.73390", "2012-03-31": "2.33550", "2011-12-31": "3.00300", "2011-09-30": "2.48340", "2011-06-30": "3.31950", "2011-03-31": "2.06120", "2010-12-31": "2.68560", "2010-09-30": "1.95260", "2010-06-30": "2.98580", "2010-03-31": "1.99720", "2009-12-31": "1.71730", "2009-09-30": "2.28900", "2009-06-30": "2.20070", "2009-03-31": "1.42540", "2008-12-31": "1.89590", "2008-09-30": "2.44510", "2008-06-30": "2.89840", "2008-03-31": "2.59170", "2007-12-31": "2.89590", "2007-09-30": "2.07060", "2007-06-30": "2.76310", "2007-03-31": "2.18640", "2006-12-31": "3.88530", "2006-09-30": "1.73920", "2006-06-30": "2.57600", "2006-03-31": "2.00990", "2005-12-31": "2.05030", "2005-09-30": "0.84140", "2005-06-30": "2.13540", "2005-03-31": "1.70090"}, "Book Value Per Share": {"2020-09-30": "49.55810", "2020-06-30": "50.79340", "2020-03-31": "53.27180", "2019-12-31": "53.21340", "2019-09-30": "52.71700", "2019-06-30": "54.10220", "2019-03-31": "58.58450", "2018-12-31": "36.26200", "2018-09-30": "35.22130", "2018-06-30": "33.38070", "2018-03-31": "32.43400", "2017-12-31": "31.38870", "2017-09-30": "30.00270", "2017-06-30": "28.78190", "2017-03-31": "29.54190", "2016-12-31": "29.48560", "2016-09-30": "29.57690", "2016-06-30": "28.32120", "2016-03-31": "28.24120", "2015-12-31": "28.35180", "2015-09-30": "30.40940", "2015-06-30": "31.56690", "2015-03-31": "29.25710", "2014-12-31": "28.11350", "2014-09-30": "28.34000", "2014-06-30": "28.59530", "2014-03-31": "28.02350", "2013-12-31": "27.82120", "2013-09-30": "26.75000", "2013-06-30": "25.50390", "2013-03-31": "24.52440", "2012-12-31": "24.09440", "2012-09-30": "23.31000", "2012-06-30": "23.25890", "2012-03-31": "21.95980", "2011-12-31": "21.43840", "2011-09-30": "21.91830", "2011-06-30": "22.48220", "2011-03-31": "21.72920", "2010-12-31": "21.19750", "2010-09-30": "20.74020", "2010-06-30": "20.49420", "2010-03-31": "19.78930", "2009-12-31": "20.23460", "2009-09-30": "19.48250", "2009-06-30": "18.84710", "2009-03-31": "18.28430", "2008-12-31": "17.94530", "2008-09-30": "17.73160", "2008-06-30": "17.53170", "2008-03-31": "16.19400", "2007-12-31": "15.73280", "2007-09-30": "15.67270", "2007-06-30": "16.49520", "2007-03-31": "16.12470", "2006-12-31": "15.97290", "2006-09-30": "15.41670", "2006-06-30": "15.06060", "2006-03-31": "13.37560", "2005-12-31": "12.94340", "2005-09-30": "13.05800", "2005-06-30": "13.19970", "2005-03-31": "12.94490"}, "Operating Cash Flow Per Share": {"2020-09-30": 0.9238, "2020-06-30": 0.6526, "2020-03-31": 1.7389, "2019-12-31": "0.89710", "2019-09-30": 1.2401, "2019-06-30": -1.5611, "2019-03-31": 2.5116, "2018-12-31": "1.40120", "2018-09-30": 2.5151, "2018-06-30": 2.4918, "2018-03-31": 3.0081, "2017-12-31": "1.47070", "2017-09-30": 2.2411, "2017-06-30": 2.6437, "2017-03-31": 2.0357, "2016-12-31": "0.90140", "2016-09-30": 2.1194, "2016-06-30": 2.2525, "2016-03-31": 2.1703, "2015-12-31": "1.47240", "2015-09-30": 2.2311, "2015-06-30": 1.6476, "2015-03-31": 1.7027, "2014-12-31": "1.08040", "2014-09-30": 1.8214, "2014-06-30": 1.7063, "2014-03-31": 1.433, "2013-12-31": "0.67940", "2013-09-30": 1.548, "2013-06-30": 1.8782, "2013-03-31": 1.1748, "2012-12-31": "0.63560", "2012-09-30": 0.8351, "2012-06-30": 1.5986, "2012-03-31": 0.9998, "2011-12-31": "0.95070", "2011-09-30": 1.1062, "2011-06-30": 0.9712, "2011-03-31": 1.0056, "2010-12-31": "0.58070", "2010-09-30": 1.1665, "2010-06-30": 0.9488, "2010-03-31": 0.7807, "2009-12-31": "0.48080", "2009-09-30": 0.9259, "2009-06-30": 0.8044, "2009-03-31": 0.9665, "2008-12-31": "0.14000", "2008-09-30": 0.7611, "2008-06-30": 0.4997, "2008-03-31": 1.333, "2007-12-31": "0.33280", "2007-09-30": 0.7325, "2007-06-30": 0.5805, "2007-03-31": 1.0382, "2006-12-31": "0.22910", "2006-09-30": 1.2058, "2006-06-30": 0.5691, "2006-03-31": 0.8064, "2005-12-31": "0.28960", "2005-09-30": 0.5844, "2005-06-30": 0.8633, "2005-03-31": 0.5336}, "Free Cash Flow Per Share": {"2020-09-30": 0.5196, "2020-06-30": 0.2556, "2020-03-31": 1.0519, "2019-12-31": "0.16070", "2019-09-30": 0.2798, "2019-06-30": -1.9725, "2019-03-31": 1.7543, "2018-12-31": "0.60350", "2018-09-30": 1.7312, "2018-06-30": 1.6665, "2018-03-31": 2.2994, "2017-12-31": "0.82580", "2017-09-30": 1.6806, "2017-06-30": 2.1169, "2017-03-31": 1.4758, "2016-12-31": "0.25270", "2016-09-30": 1.4704, "2016-06-30": 1.5451, "2016-03-31": 1.4575, "2015-12-31": "0.62950", "2015-09-30": 1.5245, "2015-06-30": 0.9694, "2015-03-31": 1.1732, "2014-12-31": "0.49910", "2014-09-30": 1.1981, "2014-06-30": 1.188, "2014-03-31": 1.0341, "2013-12-31": "0.31050", "2013-09-30": 0.9923, "2013-06-30": 1.4979, "2013-03-31": 0.8645, "2012-12-31": "0.33280", "2012-09-30": 0.3259, "2012-06-30": 1.1864, "2012-03-31": 0.1862, "2011-12-31": "0.60310", "2011-09-30": 0.5813, "2011-06-30": 0.5857, "2011-03-31": 0.6812, "2010-12-31": "-0.04880", "2010-09-30": 0.7471, "2010-06-30": 0.694, "2010-03-31": 0.533, "2009-12-31": "0.31950", "2009-09-30": 0.5924, "2009-06-30": 0.6039, "2009-03-31": 0.7211, "2008-12-31": "-0.01550", "2008-09-30": 0.4402, "2008-06-30": 0.3146, "2008-03-31": 1.1541, "2007-12-31": "0.20760", "2007-09-30": 0.4602, "2007-06-30": 0.3607, "2007-03-31": 0.1835, "2006-12-31": "0.82730", "2006-09-30": 0.9379, "2006-06-30": 0.4424, "2006-03-31": 0.6802, "2005-12-31": "0.18810", "2005-09-30": 0.2829, "2005-06-30": 0.6627, "2005-03-31": 0.1679}}, "revenue": {"Disney Annual Revenue (Millions of US $)": {"2020": "$65,388", "2019": "$69,607", "2018": "$59,434", "2017": "$55,137", "2016": "$55,632", "2015": "$52,465", "2014": "$48,813", "2013": "$45,041", "2012": "$42,278", "2011": "$40,893", "2010": "$38,063", "2009": "$36,149", "2008": "$37,843", "2007": "$35,510", "2006": "$33,747", "2005": "$31,374"}, "Disney Quarterly Revenue (Millions of US $)": {"2020-09-30": "$14,742", "2020-06-30": "$11,779", "2020-03-31": "$18,009", "2019-12-31": "$20,858", "2019-09-30": "$19,120", "2019-06-30": "$20,262", "2019-03-31": "$14,922", "2018-12-31": "$15,303", "2018-09-30": "$14,306", "2018-06-30": "$15,229", "2018-03-31": "$14,548", "2017-12-31": "$15,351", "2017-09-30": "$12,779", "2017-06-30": "$14,238", "2017-03-31": "$13,336", "2016-12-31": "$14,784", "2016-09-30": "$13,142", "2016-06-30": "$14,277", "2016-03-31": "$12,969", "2015-12-31": "$15,244", "2015-09-30": "$13,512", "2015-06-30": "$13,101", "2015-03-31": "$12,461", "2014-12-31": "$13,391", "2014-09-30": "$12,389", "2014-06-30": "$12,466", "2014-03-31": "$11,649", "2013-12-31": "$12,309", "2013-09-30": "$11,568", "2013-06-30": "$11,578", "2013-03-31": "$10,554", "2012-12-31": "$11,341", "2012-09-30": "$10,782", "2012-06-30": "$11,088", "2012-03-31": "$9,629", "2011-12-31": "$10,779", "2011-09-30": "$10,425", "2011-06-30": "$10,675", "2011-03-31": "$9,077", "2010-12-31": "$10,716", "2010-09-30": "$9,742", "2010-06-30": "$10,002", "2010-03-31": "$8,580", "2009-12-31": "$9,739", "2009-09-30": "$9,867", "2009-06-30": "$8,596", "2009-03-31": "$8,087", "2008-12-31": "$9,599", "2008-09-30": "$9,445", "2008-06-30": "$9,236", "2008-03-31": "$8,710", "2007-12-31": "$10,452", "2007-09-30": "$8,930", "2007-06-30": "$9,045", "2007-03-31": "$7,954", "2006-12-31": "$9,581", "2006-09-30": "$8,392", "2006-06-30": "$8,474", "2006-03-31": "$8,027", "2005-12-31": "$8,854", "2005-09-30": "$7,164", "2005-06-30": "$7,715", "2005-03-31": "$7,829"}}, "gross-profit": {"Disney Annual Gross Profit (Millions of US $)": {"2020": "$21,508", "2019": "$27,546", "2018": "$26,708", "2017": "$24,831", "2016": "$25,639", "2015": "$24,101", "2014": "$22,393", "2013": "$20,007", "2012": "$18,810", "2011": "$7,781", "2010": "$6,726", "2009": "$5,697", "2008": "$7,443", "2007": "$6,855", "2006": "$5,355", "2005": "$3,931"}, "Disney Quarterly Gross Profit (Millions of US $)": {"2020-09-30": "$3,692", "2020-06-30": "$3,883", "2020-03-31": "$6,091", "2019-12-31": "$7,842", "2019-09-30": "$7,273", "2019-06-30": "$7,425", "2019-03-31": "$6,546", "2018-12-31": "$6,302", "2018-09-30": "$6,198", "2018-06-30": "$6,881", "2018-03-31": "$7,007", "2017-12-31": "$6,622", "2017-09-30": "$5,565", "2017-06-30": "$6,521", "2017-03-31": "$6,367", "2016-12-31": "$6,378", "2016-09-30": "$5,837", "2016-06-30": "$7,076", "2016-03-31": "$6,105", "2015-12-31": "$6,621", "2015-09-30": "$6,157", "2015-06-30": "$6,438", "2015-03-31": "$5,771", "2014-12-31": "$5,735", "2014-09-30": "$2,396", "2014-06-30": "$6,102", "2014-03-31": "$5,677", "2013-12-31": "$5,244", "2013-09-30": "$2,159", "2013-06-30": "$3,004", "2013-03-31": "$2,195", "2012-12-31": "$2,092", "2012-09-30": "$2,024", "2012-06-30": "$2,960", "2012-03-31": "$1,687", "2011-12-31": "$2,192", "2011-09-30": "$1,867", "2011-06-30": "$2,446", "2011-03-31": "$1,528", "2010-12-31": "$1,940", "2010-09-30": "$1,521", "2010-06-30": "$2,279", "2010-03-31": "$1,512", "2009-12-31": "$1,414", "2009-09-30": "$1,595", "2009-06-30": "$1,598", "2009-03-31": "$1,287", "2008-12-31": "$1,217", "2008-09-30": "$1,491", "2008-06-30": "$2,021", "2008-03-31": "$1,898", "2007-12-31": "$2,033", "2007-09-30": "$1,645", "2007-06-30": "$2,023", "2007-03-31": "$1,513", "2006-12-31": "$1,674", "2006-09-30": "$1,268", "2006-06-30": "$1,740", "2006-03-31": "$1,186", "2005-12-31": "$1,161", "2005-09-30": "$424", "2005-06-30": "$1,282", "2005-03-31": "$1,109"}}, "operating-income": {"Disney Annual Operating Income (Millions of US $)": {"2020": "$-1,941", "2019": "$10,647", "2018": "$14,804", "2017": "$13,775", "2016": "$14,202", "2015": "$13,171", "2014": "$11,400", "2013": "$9,236", "2012": "$8,763", "2011": "$7,726", "2010": "$6,456", "2009": "$5,205", "2008": "$7,404", "2007": "$6,829", "2006": "$5,355", "2005": "$3,899"}, "Disney Quarterly Operating Income (Millions of US $)": {"2020-09-30": "$-861", "2020-06-30": "$-4,996", "2020-03-31": "$1,225", "2019-12-31": "$2,691", "2019-09-30": "$1,959", "2019-06-30": "$2,544", "2019-03-31": "$2,726", "2018-12-31": "$3,418", "2018-09-30": "$3,078", "2018-06-30": "$3,924", "2018-03-31": "$4,024", "2017-12-31": "$3,778", "2017-09-30": "$2,531", "2017-06-30": "$3,788", "2017-03-31": "$3,750", "2016-12-31": "$3,706", "2016-09-30": "$2,830", "2016-06-30": "$4,101", "2016-03-31": "$3,363", "2015-12-31": "$3,908", "2015-09-30": "$3,095", "2015-06-30": "$3,762", "2015-03-31": "$3,106", "2014-12-31": "$3,208", "2014-09-30": "$2,323", "2014-06-30": "$3,498", "2014-03-31": "$2,933", "2013-12-31": "$2,646", "2013-09-30": "$2,066", "2013-06-30": "$2,944", "2013-03-31": "$2,134", "2012-12-31": "$2,092", "2012-09-30": "$1,975", "2012-06-30": "$2,953", "2012-03-31": "$1,649", "2011-12-31": "$2,186", "2011-09-30": "$1,858", "2011-06-30": "$2,412", "2011-03-31": "$1,528", "2010-12-31": "$1,928", "2010-09-30": "$1,463", "2010-06-30": "$2,243", "2010-03-31": "$1,441", "2009-12-31": "$1,309", "2009-09-30": "$1,429", "2009-06-30": "$1,577", "2009-03-31": "$982", "2008-12-31": "$1,217", "2008-09-30": "$1,452", "2008-06-30": "$2,021", "2008-03-31": "$1,898", "2007-12-31": "$2,033", "2007-09-30": "$1,619", "2007-06-30": "$2,023", "2007-03-31": "$1,513", "2006-12-31": "$1,674", "2006-09-30": "$1,250", "2006-06-30": "$1,758", "2006-03-31": "$1,186", "2005-12-31": "$1,161", "2005-09-30": "$418", "2005-06-30": "$1,280", "2005-03-31": "$1,102"}}, "ebitda": {"Disney Annual EBITDA (Millions of US $)": {"2020": "$8,357", "2019": "$14,814", "2018": "$17,815", "2017": "$16,557", "2016": "$16,729", "2015": "$15,525", "2014": "$13,688", "2013": "$11,428", "2012": "$10,750", "2011": "$9,567", "2010": "$8,169", "2009": "$6,836", "2008": "$8,986", "2007": "$8,320", "2006": "$6,801", "2005": "$5,240"}, "Disney Quarterly EBITDA (Millions of US $)": {"2020-09-30": "$5,427", "2020-06-30": "$-3,617", "2020-03-31": "$2,558", "2019-12-31": "$3,989", "2019-09-30": "$3,260", "2019-06-30": "$3,850", "2019-03-31": "$3,554", "2018-12-31": "$4,150", "2018-09-30": "$3,872", "2018-06-30": "$4,668", "2018-03-31": "$4,755", "2017-12-31": "$4,520", "2017-09-30": "$3,239", "2017-06-30": "$4,499", "2017-03-31": "$4,426", "2016-12-31": "$4,393", "2016-09-30": "$3,519", "2016-06-30": "$4,727", "2016-03-31": "$3,968", "2015-12-31": "$4,515", "2015-09-30": "$3,698", "2015-06-30": "$4,337", "2015-03-31": "$3,690", "2014-12-31": "$3,800", "2014-09-30": "$2,913", "2014-06-30": "$4,055", "2014-03-31": "$3,513", "2013-12-31": "$3,207", "2013-09-30": "$2,625", "2013-06-30": "$3,513", "2013-03-31": "$2,684", "2012-12-31": "$2,606", "2012-09-30": "$2,467", "2012-06-30": "$3,475", "2012-03-31": "$2,137", "2011-12-31": "$2,671", "2011-09-30": "$2,320", "2011-06-30": "$2,888", "2011-03-31": "$1,984", "2010-12-31": "$2,375", "2010-09-30": "$1,897", "2010-06-30": "$2,675", "2010-03-31": "$1,865", "2009-12-31": "$1,732", "2009-09-30": "$1,854", "2009-06-30": "$1,981", "2009-03-31": "$1,388", "2008-12-31": "$1,613", "2008-09-30": "$1,856", "2008-06-30": "$2,423", "2008-03-31": "$2,289", "2007-12-31": "$2,418", "2007-09-30": "$2,001", "2007-06-30": "$2,398", "2007-03-31": "$1,873", "2006-12-31": "$2,048", "2006-09-30": "$1,614", "2006-06-30": "$2,114", "2006-03-31": "$1,543", "2005-12-31": "$1,530", "2005-09-30": "$753", "2005-06-30": "$1,630", "2005-03-31": "$1,432"}}, "net-income": {"Disney Annual Net Income (Millions of US $)": {"2020": "$-2,864", "2019": "$11,054", "2018": "$12,598", "2017": "$8,980", "2016": "$9,391", "2015": "$8,382", "2014": "$7,501", "2013": "$6,136", "2012": "$5,682", "2011": "$4,807", "2010": "$3,963", "2009": "$3,307", "2008": "$4,427", "2007": "$4,687", "2006": "$3,374", "2005": "$2,533"}, "Disney Quarterly Net Income (Millions of US $)": {"2020-09-30": "$-710", "2020-06-30": "$-4,721", "2020-03-31": "$460", "2019-12-31": "$2,107", "2019-09-30": "$1,054", "2019-06-30": "$1,760", "2019-03-31": "$5,452", "2018-12-31": "$2,788", "2018-09-30": "$2,322", "2018-06-30": "$2,916", "2018-03-31": "$2,937", "2017-12-31": "$4,423", "2017-09-30": "$1,747", "2017-06-30": "$2,366", "2017-03-31": "$2,388", "2016-12-31": "$2,479", "2016-09-30": "$1,771", "2016-06-30": "$2,597", "2016-03-31": "$2,143", "2015-12-31": "$2,880", "2015-09-30": "$1,609", "2015-06-30": "$2,483", "2015-03-31": "$2,108", "2014-12-31": "$2,182", "2014-09-30": "$1,499", "2014-06-30": "$2,245", "2014-03-31": "$1,917", "2013-12-31": "$1,840", "2013-09-30": "$1,394", "2013-06-30": "$1,847", "2013-03-31": "$1,513", "2012-12-31": "$1,382", "2012-09-30": "$1,244", "2012-06-30": "$1,831", "2012-03-31": "$1,143", "2011-12-31": "$1,464", "2011-09-30": "$1,087", "2011-06-30": "$1,476", "2011-03-31": "$942", "2010-12-31": "$1,302", "2010-09-30": "$835", "2010-06-30": "$1,331", "2010-03-31": "$953", "2009-12-31": "$844", "2009-09-30": "$895", "2009-06-30": "$954", "2009-03-31": "$613", "2008-12-31": "$845", "2008-09-30": "$760", "2008-06-30": "$1,284", "2008-03-31": "$1,133", "2007-12-31": "$1,250", "2007-09-30": "$877", "2007-06-30": "$1,178", "2007-03-31": "$931", "2006-12-31": "$1,701", "2006-09-30": "$782", "2006-06-30": "$1,125", "2006-03-31": "$733", "2005-12-31": "$734", "2005-09-30": "$379", "2005-06-30": "$811", "2005-03-31": "$657"}}, "eps-earnings-per-share-diluted": {"Disney Annual EPS": {"2020": "$-1.58", "2019": "$6.64", "2018": "$8.36", "2017": "$5.69", "2016": "$5.73", "2015": "$4.90", "2014": "$4.26", "2013": "$3.38", "2012": "$3.13", "2011": "$2.52", "2010": "$2.03", "2009": "$1.76", "2008": "$2.28", "2007": "$2.25", "2006": "$1.64", "2005": "$1.22"}, "Disney Quarterly EPS": {"2020-09-30": "$-0.38", "2020-06-30": "$-2.61", "2020-03-31": "$0.25", "2019-12-31": "$1.16", "2019-09-30": "$0.26", "2019-06-30": "$0.97", "2019-03-31": "$3.55", "2018-12-31": "$1.86", "2018-09-30": "$1.55", "2018-06-30": "$1.95", "2018-03-31": "$1.95", "2017-12-31": "$2.91", "2017-09-30": "$1.13", "2017-06-30": "$1.51", "2017-03-31": "$1.50", "2016-12-31": "$1.55", "2016-09-30": "$1.11", "2016-06-30": "$1.59", "2016-03-31": "$1.30", "2015-12-31": "$1.73", "2015-09-30": "$0.95", "2015-06-30": "$1.45", "2015-03-31": "$1.23", "2014-12-31": "$1.27", "2014-09-30": "$0.86", "2014-06-30": "$1.28", "2014-03-31": "$1.08", "2013-12-31": "$1.03", "2013-09-30": "$0.77", "2013-06-30": "$1.01", "2013-03-31": "$0.83", "2012-12-31": "$0.77", "2012-09-30": "$0.68", "2012-06-30": "$1.01", "2012-03-31": "$0.63", "2011-12-31": "$0.80", "2011-09-30": "$0.58", "2011-06-30": "$0.77", "2011-03-31": "$0.49", "2010-12-31": "$0.68", "2010-09-30": "$0.44", "2010-06-30": "$0.67", "2010-03-31": "$0.48", "2009-12-31": "$0.44", "2009-09-30": "$0.47", "2009-06-30": "$0.51", "2009-03-31": "$0.33", "2008-12-31": "$0.45", "2008-09-30": "$0.41", "2008-06-30": "$0.66", "2008-03-31": "$0.58", "2007-12-31": "$0.63", "2007-09-30": "$0.45", "2007-06-30": "$0.57", "2007-03-31": "$0.44", "2006-12-31": "$0.79", "2006-09-30": "$0.37", "2006-06-30": "$0.53", "2006-03-31": "$0.37", "2005-12-31": "$0.37", "2005-09-30": "$0.19", "2005-06-30": "$0.39", "2005-03-31": "$0.31"}}, "shares-outstanding": {"Disney Annual Shares Outstanding (Millions of Shares)": {"2020": "1,808", "2019": "1,666", "2018": "1,507", "2017": "1,578", "2016": "1,639", "2015": "1,709", "2014": "1,759", "2013": "1,813", "2012": "1,818", "2011": "1,909", "2010": "1,948", "2009": "1,875", "2008": "1,948", "2007": "2,092", "2006": "2,076", "2005": "2,089"}, "Disney Quarterly Shares Outstanding (Millions of Shares)": {"2020-09-30": "1,808", "2020-06-30": "1,809", "2020-03-31": "1,816", "2019-12-31": "1,817", "2019-09-30": "1,666", "2019-06-30": "1,814", "2019-03-31": "1,537", "2018-12-31": "1,498", "2018-09-30": "1,507", "2018-06-30": "1,498", "2018-03-31": "1,510", "2017-12-31": "1,521", "2017-09-30": "1,578", "2017-06-30": "1,572", "2017-03-31": "1,591", "2016-12-31": "1,603", "2016-09-30": "1,639", "2016-06-30": "1,631", "2016-03-31": "1,643", "2015-12-31": "1,668", "2015-09-30": "1,709", "2015-06-30": "1,711", "2015-03-31": "1,715", "2014-12-31": "1,717", "2014-09-30": "1,734", "2014-06-30": "1,748", "2014-03-31": "1,770", "2013-12-31": "1,784", "2013-09-30": "1,805", "2013-06-30": "1,821", "2013-03-31": "1,825", "2012-12-31": "1,800", "2012-09-30": "1,817", "2012-06-30": "1,812", "2012-03-31": "1,818", "2011-12-31": "1,824", "2011-09-30": "1,909", "2011-06-30": "1,912", "2011-03-31": "1,934", "2010-12-31": "1,927", "2010-09-30": "1,948", "2010-06-30": "1,978", "2010-03-31": "1,973", "2009-12-31": "1,903", "2009-09-30": "1,875", "2009-06-30": "1,874", "2009-03-31": "1,868", "2008-12-31": "1,872", "2008-09-30": "1,948", "2008-06-30": "1,940", "2008-03-31": "1,960", "2007-12-31": "1,989", "2007-09-30": "2,092", "2007-06-30": "2,070", "2007-03-31": "2,129", "2006-12-31": "2,148", "2006-09-30": "2,076", "2006-06-30": "2,147", "2006-03-31": "1,990", "2005-12-31": "1,999", "2005-09-30": "2,089", "2005-06-30": "2,096", "2005-03-31": "2,114"}}, "total-assets": {"Disney Annual Total Assets (Millions of US $)": {"2020": "$201,549", "2019": "$193,984", "2018": "$98,598", "2017": "$95,789", "2016": "$92,033", "2015": "$88,182", "2014": "$84,141", "2013": "$81,241", "2012": "$74,898", "2011": "$72,124", "2010": "$69,206", "2009": "$63,117", "2008": "$62,497", "2007": "$60,928", "2006": "$59,998", "2005": "$53,158"}, "Disney Quarterly Total Assets (Millions of US $)": {"2020-09-30": "$201,549", "2020-06-30": "$207,649", "2020-03-31": "$206,294", "2019-12-31": "$200,948", "2019-09-30": "$193,984", "2019-06-30": "$209,475", "2019-03-31": "$214,342", "2018-12-31": "$99,941", "2018-09-30": "$98,598", "2018-06-30": "$98,792", "2018-03-31": "$97,943", "2017-12-31": "$97,734", "2017-09-30": "$95,789", "2017-06-30": "$92,752", "2017-03-31": "$91,807", "2016-12-31": "$91,576", "2016-09-30": "$92,033", "2016-06-30": "$90,914", "2016-03-31": "$90,264", "2015-12-31": "$90,121", "2015-09-30": "$88,182", "2015-06-30": "$87,367", "2015-03-31": "$85,715", "2014-12-31": "$87,035", "2014-09-30": "$84,141", "2014-06-30": "$83,723", "2014-03-31": "$82,580", "2013-12-31": "$83,166", "2013-09-30": "$81,241", "2013-06-30": "$80,565", "2013-03-31": "$81,358", "2012-12-31": "$80,642", "2012-09-30": "$74,898", "2012-06-30": "$75,291", "2012-03-31": "$75,233", "2011-12-31": "$73,877", "2011-09-30": "$72,124", "2011-06-30": "$71,105", "2011-03-31": "$70,588", "2010-12-31": "$70,950", "2010-09-30": "$69,206", "2010-06-30": "$68,305", "2010-03-31": "$68,760", "2009-12-31": "$69,314", "2009-09-30": "$63,117", "2009-06-30": "$62,584", "2009-03-31": "$63,032", "2008-12-31": "$64,901", "2008-09-30": "$62,497", "2008-06-30": "$61,582", "2008-03-31": "$62,291", "2007-12-31": "$62,772", "2007-09-30": "$60,928", "2007-06-30": "$59,667", "2007-03-31": "$59,605", "2006-12-31": "$60,993", "2006-09-30": "$59,998", "2006-06-30": "$59,357", "2006-03-31": "$53,624", "2005-12-31": "$53,667", "2005-09-30": "$53,158", "2005-06-30": "$53,892", "2005-03-31": "$55,047"}}, "cash-on-hand": {"Disney Annual Cash on Hand (Millions of US $)": {"2020": "$17,914", "2019": "$5,418", "2018": "$4,150", "2017": "$4,017", "2016": "$4,610", "2015": "$4,269", "2014": "$3,421", "2013": "$3,931", "2012": "$3,387", "2011": "$3,185", "2010": "$2,722", "2009": "$3,417", "2008": "$3,001", "2007": "$3,670", "2006": "$2,411", "2005": "$1,723"}, "Disney Quarterly Cash on Hand (Millions of US $)": {"2020-09-30": "$17,914", "2020-06-30": "$23,115", "2020-03-31": "$14,339", "2019-12-31": "$6,833", "2019-09-30": "$5,418", "2019-06-30": "$6,728", "2019-03-31": "$10,108", "2018-12-31": "$4,455", "2018-09-30": "$4,150", "2018-06-30": "$4,326", "2018-03-31": "$4,179", "2017-12-31": "$4,677", "2017-09-30": "$4,017", "2017-06-30": "$4,336", "2017-03-31": "$3,800", "2016-12-31": "$3,736", "2016-09-30": "$4,610", "2016-06-30": "$5,227", "2016-03-31": "$5,015", "2015-12-31": "$4,301", "2015-09-30": "$4,269", "2015-06-30": "$4,475", "2015-03-31": "$3,745", "2014-12-31": "$5,077", "2014-09-30": "$3,421", "2014-06-30": "$4,090", "2014-03-31": "$4,078", "2013-12-31": "$4,397", "2013-09-30": "$3,931", "2013-06-30": "$3,932", "2013-03-31": "$3,952", "2012-12-31": "$3,207", "2012-09-30": "$3,387", "2012-06-30": "$4,374", "2012-03-31": "$3,731", "2011-12-31": "$3,766", "2011-09-30": "$3,185", "2011-06-30": "$3,519", "2011-03-31": "$3,094", "2010-12-31": "$3,039", "2010-09-30": "$2,722", "2010-06-30": "$2,951", "2010-03-31": "$3,075", "2009-12-31": "$3,204", "2009-09-30": "$3,417", "2009-06-30": "$3,128", "2009-03-31": "$3,369", "2008-12-31": "$3,795", "2008-09-30": "$3,001", "2008-06-30": "$2,589", "2008-03-31": "$3,860", "2007-12-31": "$3,414", "2007-09-30": "$3,670", "2007-06-30": "$3,464", "2007-03-31": "$2,182", "2006-12-31": "$2,437", "2006-09-30": "$2,411", "2006-06-30": "$1,953", "2006-03-31": "$2,031", "2005-12-31": "$1,819", "2005-09-30": "$1,723", "2005-06-30": "$2,034", "2005-03-31": "$1,941"}}, "long-term-debt": {"Disney Annual Long Term Debt (Millions of US $)": {"2020": "$52,917", "2019": "$38,129", "2018": "$17,084", "2017": "$19,119", "2016": "$16,483", "2015": "$12,773", "2014": "$12,631", "2013": "$12,776", "2012": "$10,697", "2011": "$10,922", "2010": "$10,130", "2009": "$11,495", "2008": "$11,110", "2007": "$11,892", "2006": "$10,843", "2005": "$10,157"}, "Disney Quarterly Long Term Debt (Millions of US $)": {"2020-09-30": "$52,917", "2020-06-30": "$54,197", "2020-03-31": "$42,770", "2019-12-31": "$38,057", "2019-09-30": "$38,129", "2019-06-30": "$36,311", "2019-03-31": "$37,803", "2018-12-31": "$17,176", "2018-09-30": "$17,084", "2018-06-30": "$17,681", "2018-03-31": "$18,766", "2017-12-31": "$20,082", "2017-09-30": "$19,119", "2017-06-30": "$18,849", "2017-03-31": "$16,788", "2016-12-31": "$14,792", "2016-09-30": "$16,483", "2016-06-30": "$15,129", "2016-03-31": "$15,367", "2015-12-31": "$12,965", "2015-09-30": "$12,773", "2015-06-30": "$12,154", "2015-03-31": "$12,186", "2014-12-31": "$12,167", "2014-09-30": "$12,631", "2014-06-30": "$12,920", "2014-03-31": "$10,909", "2013-12-31": "$11,714", "2013-09-30": "$12,776", "2013-06-30": "$12,784", "2013-03-31": "$13,381", "2012-12-31": "$12,633", "2012-09-30": "$10,697", "2012-06-30": "$12,454", "2012-03-31": "$12,582", "2011-12-31": "$11,226", "2011-09-30": "$10,922", "2011-06-30": "$9,176", "2011-03-31": "$8,688", "2010-12-31": "$9,933", "2010-09-30": "$10,130", "2010-06-30": "$10,804", "2010-03-31": "$11,000", "2009-12-31": "$11,189", "2009-09-30": "$11,495", "2009-06-30": "$12,552", "2009-03-31": "$12,541", "2008-12-31": "$12,232", "2008-09-30": "$11,110", "2008-06-30": "$11,522", "2008-03-31": "$12,929", "2007-12-31": "$12,785", "2007-09-30": "$11,892", "2007-06-30": "$11,728", "2007-03-31": "$10,290", "2006-12-31": "$10,629", "2006-09-30": "$10,843", "2006-06-30": "$9,974", "2006-03-31": "$10,519", "2005-12-31": "$10,449", "2005-09-30": "$10,157", "2005-06-30": "$10,925", "2005-03-31": "$11,664"}}, "total-liabilities": {"Disney Annual Total Liabilities (Millions of US $)": {"2020": "$113,286", "2019": "$100,095", "2018": "$45,766", "2017": "$50,785", "2016": "$44,710", "2015": "$39,527", "2014": "$35,963", "2013": "$33,091", "2012": "$32,940", "2011": "$32,671", "2010": "$29,864", "2009": "$27,692", "2008": "$30,174", "2007": "$30,175", "2006": "$28,178", "2005": "$26,948"}, "Disney Quarterly Total Liabilities (Millions of US $)": {"2020-09-30": "$113,286", "2020-06-30": "$117,186", "2020-03-31": "$111,417", "2019-12-31": "$106,175", "2019-09-30": "$100,095", "2019-06-30": "$113,119", "2019-03-31": "$110,003", "2018-12-31": "$45,548", "2018-09-30": "$45,766", "2018-06-30": "$48,721", "2018-03-31": "$49,292", "2017-12-31": "$50,651", "2017-09-30": "$50,785", "2017-06-30": "$46,701", "2017-03-31": "$44,540", "2016-12-31": "$44,399", "2016-09-30": "$44,710", "2016-06-30": "$42,768", "2016-03-31": "$42,254", "2015-12-31": "$41,923", "2015-09-30": "$39,527", "2015-06-30": "$36,860", "2015-03-31": "$35,978", "2014-12-31": "$39,242", "2014-09-30": "$35,963", "2014-06-30": "$35,111", "2014-03-31": "$34,940", "2013-12-31": "$35,870", "2013-09-30": "$33,091", "2013-06-30": "$34,658", "2013-03-31": "$37,214", "2012-12-31": "$37,272", "2012-09-30": "$32,940", "2012-06-30": "$33,218", "2012-03-31": "$35,321", "2011-12-31": "$34,454", "2011-09-30": "$32,671", "2011-06-30": "$30,183", "2011-03-31": "$30,276", "2010-12-31": "$31,211", "2010-09-30": "$29,864", "2010-06-30": "$28,704", "2010-03-31": "$29,791", "2009-12-31": "$31,356", "2009-09-30": "$27,692", "2009-06-30": "$28,288", "2009-03-31": "$29,760", "2008-12-31": "$32,246", "2008-09-30": "$30,174", "2008-06-30": "$28,803", "2008-03-31": "$31,503", "2007-12-31": "$32,392", "2007-09-30": "$30,175", "2007-06-30": "$28,110", "2007-03-31": "$27,862", "2006-12-31": "$28,485", "2006-09-30": "$28,178", "2006-06-30": "$26,823", "2006-03-31": "$27,674", "2005-12-31": "$28,316", "2005-09-30": "$26,948", "2005-06-30": "$26,838", "2005-03-31": "$28,084"}}, "total-share-holder-equity": {"Disney Annual Share Holder Equity (Millions of US $)": {"2020": "$88,263", "2019": "$93,889", "2018": "$52,832", "2017": "$45,004", "2016": "$47,323", "2015": "$48,655", "2014": "$48,178", "2013": "$48,150", "2012": "$41,958", "2011": "$39,453", "2010": "$39,342", "2009": "$35,425", "2008": "$32,323", "2007": "$30,753", "2006": "$31,820", "2005": "$26,210"}, "Disney Quarterly Share Holder Equity (Millions of US $)": {"2020-09-30": "$88,263", "2020-06-30": "$90,463", "2020-03-31": "$94,877", "2019-12-31": "$94,773", "2019-09-30": "$93,889", "2019-06-30": "$96,356", "2019-03-31": "$104,339", "2018-12-31": "$54,393", "2018-09-30": "$52,832", "2018-06-30": "$50,071", "2018-03-31": "$48,651", "2017-12-31": "$47,083", "2017-09-30": "$45,004", "2017-06-30": "$46,051", "2017-03-31": "$47,267", "2016-12-31": "$47,177", "2016-09-30": "$47,323", "2016-06-30": "$48,146", "2016-03-31": "$48,010", "2015-12-31": "$48,198", "2015-09-30": "$48,655", "2015-06-30": "$50,507", "2015-03-31": "$49,737", "2014-12-31": "$47,793", "2014-09-30": "$48,178", "2014-06-30": "$48,612", "2014-03-31": "$47,640", "2013-12-31": "$47,296", "2013-09-30": "$48,150", "2013-06-30": "$45,907", "2013-03-31": "$44,144", "2012-12-31": "$43,370", "2012-09-30": "$41,958", "2012-06-30": "$42,073", "2012-03-31": "$39,912", "2011-12-31": "$39,423", "2011-09-30": "$39,453", "2011-06-30": "$40,922", "2011-03-31": "$40,312", "2010-12-31": "$39,739", "2010-09-30": "$39,342", "2010-06-30": "$39,601", "2010-03-31": "$38,969", "2009-12-31": "$37,958", "2009-09-30": "$35,425", "2009-06-30": "$34,296", "2009-03-31": "$33,272", "2008-12-31": "$32,655", "2008-09-30": "$32,323", "2008-06-30": "$32,779", "2008-03-31": "$30,788", "2007-12-31": "$30,380", "2007-09-30": "$30,753", "2007-06-30": "$31,557", "2007-03-31": "$31,743", "2006-12-31": "$32,508", "2006-09-30": "$31,820", "2006-06-30": "$32,534", "2006-03-31": "$25,950", "2005-12-31": "$25,351", "2005-09-30": "$26,210", "2005-06-30": "$27,054", "2005-03-31": "$26,963"}}, "profit-margins": {"current": "-4.38%"}, "gross margin": {"2020-09-30": "32.89%", "2020-06-30": "35.96%", "2020-03-31": "36.59%", "2019-12-31": "38.70%", "2019-09-30": "39.57%", "2019-06-30": "40.85%", "2019-03-31": "43.39%", "2018-12-31": "44.43%", "2018-09-30": "44.94%", "2018-06-30": "45.03%", "2018-03-31": "45.18%", "2017-12-31": "45.01%", "2017-09-30": "45.04%", "2017-06-30": "45.23%", "2017-03-31": "46.20%", "2016-12-31": "46.03%", "2016-09-30": "46.09%", "2016-06-30": "46.35%", "2016-03-31": "46.18%", "2015-12-31": "46.00%", "2015-09-30": "45.94%", "2015-06-30": "39.62%", "2015-03-31": "39.45%", "2014-12-31": "39.90%", "2014-09-30": "39.78%", "2014-06-30": "39.97%", "2014-03-31": "34.15%", "2013-12-31": "27.39%", "2013-09-30": "20.98%", "2013-06-30": "21.05%", "2013-03-31": "21.18%", "2012-12-31": "20.46%", "2012-09-30": "20.96%", "2012-06-30": "20.77%", "2012-03-31": "19.74%", "2011-12-31": "19.61%", "2011-09-30": "19.03%", "2011-06-30": "18.49%", "2011-03-31": "18.38%", "2010-12-31": "18.58%", "2010-09-30": "17.67%", "2010-06-30": "17.81%", "2010-03-31": "16.64%", "2009-12-31": "16.24%", "2009-09-30": "15.76%", "2009-06-30": "15.65%", "2009-03-31": "16.54%", "2008-12-31": "17.92%", "2008-09-30": "19.67%", "2008-06-30": "20.35%", "2008-03-31": "20.46%", "2007-12-31": "19.83%", "2007-09-30": "19.30%", "2007-06-30": "18.52%", "2007-03-31": "18.01%", "2006-12-31": "17.02%", "2006-09-30": "15.87%", "2006-06-30": "13.87%", "2006-03-31": "12.76%", "2005-12-31": "12.60%"}, "operating margin": {"2020-09-30": "-2.97%", "2020-06-30": "1.26%", "2020-03-31": "10.76%", "2019-12-31": "13.20%", "2019-09-30": "15.30%", "2019-06-30": "18.16%", "2019-03-31": "22.00%", "2018-12-31": "24.32%", "2018-09-30": "24.91%", "2018-06-30": "24.62%", "2018-03-31": "24.81%", "2017-12-31": "24.86%", "2017-09-30": "24.98%", "2017-06-30": "25.36%", "2017-03-31": "25.90%", "2016-12-31": "25.38%", "2016-09-30": "25.53%", "2016-06-30": "25.83%", "2016-03-31": "25.77%", "2015-12-31": "25.54%", "2015-09-30": "25.10%", "2015-06-30": "24.15%", "2015-03-31": "23.93%", "2014-12-31": "23.97%", "2014-09-30": "23.35%", "2014-06-30": "23.22%", "2014-03-31": "22.48%", "2013-12-31": "21.28%", "2013-09-30": "20.51%", "2013-06-30": "20.66%", "2013-03-31": "20.92%", "2012-12-31": "20.24%", "2012-09-30": "20.73%", "2012-06-30": "20.62%", "2012-03-31": "19.53%", "2011-12-31": "19.49%", "2011-09-30": "18.89%", "2011-06-30": "18.23%", "2011-03-31": "18.11%", "2010-12-31": "18.12%", "2010-09-30": "16.96%", "2010-06-30": "16.82%", "2010-03-31": "15.65%", "2009-12-31": "14.60%", "2009-09-30": "14.40%", "2009-06-30": "14.63%", "2009-03-31": "15.60%", "2008-12-31": "17.81%", "2008-09-30": "19.57%", "2008-06-30": "20.28%", "2008-03-31": "20.39%", "2007-12-31": "19.76%", "2007-09-30": "19.23%", "2007-06-30": "18.47%", "2007-03-31": "18.01%", "2006-12-31": "17.02%", "2006-09-30": "15.87%", "2006-06-30": "13.91%", "2006-03-31": "12.74%", "2005-12-31": "12.55%"}, "ebitda margin": {"2020-09-30": "12.78%", "2020-06-30": "8.87%", "2020-03-31": "17.45%", "2019-12-31": "19.50%", "2019-09-30": "21.28%", "2019-06-30": "23.81%", "2019-03-31": "27.18%", "2018-12-31": "29.38%", "2018-09-30": "29.97%", "2018-06-30": "29.67%", "2018-03-31": "29.89%", "2017-12-31": "29.95%", "2017-09-30": "30.03%", "2017-06-30": "30.34%", "2017-03-31": "30.73%", "2016-12-31": "30.10%", "2016-09-30": "30.07%", "2016-06-30": "30.19%", "2016-03-31": "30.13%", "2015-12-31": "29.90%", "2015-09-30": "29.59%", "2015-06-30": "28.71%", "2015-03-31": "28.51%", "2014-12-31": "28.62%", "2014-09-30": "28.04%", "2014-06-30": "27.92%", "2014-03-31": "27.30%", "2013-12-31": "26.14%", "2013-09-30": "25.37%", "2013-06-30": "25.47%", "2013-03-31": "25.66%", "2012-12-31": "24.94%", "2012-09-30": "25.43%", "2012-06-30": "25.29%", "2012-03-31": "24.13%", "2011-12-31": "24.08%", "2011-09-30": "23.40%", "2011-06-30": "22.74%", "2011-03-31": "22.59%", "2010-12-31": "22.57%", "2010-09-30": "21.46%", "2010-06-30": "21.28%", "2010-03-31": "20.21%", "2009-12-31": "19.17%", "2009-09-30": "18.91%", "2009-06-30": "19.14%", "2009-03-31": "20.02%", "2008-12-31": "22.12%", "2008-09-30": "23.75%", "2008-06-30": "24.46%", "2008-03-31": "24.52%", "2007-12-31": "23.89%", "2007-09-30": "23.43%", "2007-06-30": "22.68%", "2007-03-31": "22.23%", "2006-12-31": "21.23%", "2006-09-30": "20.15%", "2006-06-30": "18.27%", "2006-03-31": "17.18%", "2005-12-31": "16.93%"}, "pre tax profit margin": {"2020-09-30": "-2.67%", "2020-06-30": "0.14%", "2020-03-31": "8.88%", "2019-12-31": "17.46%", "2019-09-30": "20.00%", "2019-06-30": "24.51%", "2019-03-31": "29.66%", "2018-12-31": "24.27%", "2018-09-30": "24.78%", "2018-06-30": "24.56%", "2018-03-31": "24.57%", "2017-12-31": "24.79%", "2017-09-30": "25.01%", "2017-06-30": "25.18%", "2017-03-31": "26.18%", "2016-12-31": "25.80%", "2016-09-30": "26.73%", "2016-06-30": "27.16%", "2016-03-31": "27.34%", "2015-12-31": "27.36%", "2015-09-30": "26.43%", "2015-06-30": "25.52%", "2015-03-31": "25.27%", "2014-12-31": "25.39%", "2014-09-30": "25.09%", "2014-06-30": "25.02%", "2014-03-31": "24.27%", "2013-12-31": "22.89%", "2013-09-30": "21.36%", "2013-06-30": "21.49%", "2013-03-31": "21.58%", "2012-12-31": "21.12%", "2012-09-30": "21.90%", "2012-06-30": "21.59%", "2012-03-31": "20.55%", "2011-12-31": "20.07%", "2011-09-30": "19.67%", "2011-06-30": "18.84%", "2011-03-31": "18.72%", "2010-12-31": "18.88%", "2010-09-30": "17.41%", "2010-06-30": "17.95%", "2010-03-31": "16.79%", "2009-12-31": "15.54%", "2009-09-30": "15.65%", "2009-06-30": "15.07%", "2009-03-31": "15.99%", "2008-12-31": "18.13%", "2008-09-30": "19.56%", "2008-06-30": "20.14%", "2008-03-31": "20.09%", "2007-12-31": "19.43%", "2007-09-30": "21.75%", "2007-06-30": "21.32%", "2007-03-31": "20.90%", "2006-12-31": "19.83%", "2006-09-30": "15.78%", "2006-06-30": "13.51%", "2006-03-31": "12.37%", "2005-12-31": "12.38%"}, "net profit margin": {"2020-09-30": "-4.38%", "2020-06-30": "-1.58%", "2020-03-31": "6.88%", "2019-12-31": "13.80%", "2019-09-30": "15.88%", "2019-06-30": "19.02%", "2019-03-31": "22.55%", "2018-12-31": "18.46%", "2018-09-30": "21.20%", "2018-06-30": "20.76%", "2018-03-31": "20.16%", "2017-12-31": "19.61%", "2017-09-30": "16.29%", "2017-06-30": "16.22%", "2017-03-31": "16.63%", "2016-12-31": "16.29%", "2016-09-30": "16.88%", "2016-06-30": "16.48%", "2016-03-31": "16.63%", "2015-12-31": "16.72%", "2015-09-30": "15.98%", "2015-06-30": "16.11%", "2015-03-31": "15.84%", "2014-12-31": "15.72%", "2014-09-30": "15.37%", "2014-06-30": "15.41%", "2014-03-31": "14.86%", "2013-12-31": "14.33%", "2013-09-30": "13.62%", "2013-06-30": "13.53%", "2013-03-31": "13.64%", "2012-12-31": "13.07%", "2012-09-30": "13.44%", "2012-06-30": "13.18%", "2012-03-31": "12.46%", "2011-12-31": "12.13%", "2011-09-30": "11.76%", "2011-06-30": "11.33%", "2011-03-31": "11.15%", "2010-12-31": "11.32%", "2010-09-30": "10.41%", "2010-06-30": "10.53%", "2010-03-31": "9.91%", "2009-12-31": "9.11%", "2009-09-30": "9.15%", "2009-06-30": "8.88%", "2009-03-31": "9.63%", "2008-12-31": "10.87%", "2008-09-30": "11.70%", "2008-06-30": "12.17%", "2008-03-31": "11.95%", "2007-12-31": "11.64%", "2007-09-30": "13.20%", "2007-06-30": "13.13%", "2007-03-31": "13.19%", "2006-12-31": "12.59%", "2006-09-30": "10.00%", "2006-06-30": "9.14%", "2006-03-31": "8.37%", "2005-12-31": "8.18%"}, "pe ratio": {"current": "93.64", "2021-02-11": "0.00", "2020-09-30": "0.00", "2020-06-30": "0.00", "2020-03-31": "32.64", "2019-12-31": "23.10", "2019-09-30": "18.61", "2019-06-30": "17.40", "2019-03-31": "12.31", "2018-12-31": "14.82", "2018-09-30": "13.71", "2018-06-30": "12.84", "2018-03-31": "13.02", "2017-12-31": "14.83", "2017-09-30": "16.71", "2017-06-30": "17.97", "2017-03-31": "18.91", "2016-12-31": "18.01", "2016-09-30": "15.43", "2016-06-30": "16.57", "2016-03-31": "17.25", "2015-12-31": "18.50", "2015-09-30": "19.55", "2015-06-30": "22.12", "2015-03-31": "21.07", "2014-12-31": "19.55", "2014-09-30": "19.28", "2014-06-30": "18.97", "2014-03-31": "18.95", "2013-12-31": "19.32", "2013-09-30": "17.35", "2013-06-30": "17.45", "2013-03-31": "15.70", "2012-12-31": "14.65", "2012-09-30": "15.01", "2012-06-30": "14.38", "2012-03-31": "14.10", "2011-12-31": "12.72", "2011-09-30": "10.54", "2011-06-30": "14.51", "2011-03-31": "16.72", "2010-12-31": "14.62", "2010-09-30": "14.27", "2010-06-30": "13.32", "2010-03-31": "16.01", "2009-12-31": "16.05", "2009-09-30": "13.44", "2009-06-30": "11.89", "2009-03-31": "8.50", "2008-12-31": "9.35", "2008-09-30": "11.47", "2008-06-30": "11.46", "2008-03-31": "11.99", "2007-12-31": "13.17", "2007-09-30": "12.89", "2007-06-30": "13.27", "2007-03-31": "13.70", "2006-12-31": "14.10"}, "price sales": {"2021-02-11": "5.29", "2020-09-30": "3.44", "2020-06-30": "2.83", "2020-03-31": "2.19", "2019-12-31": "3.30", "2019-09-30": "3.04", "2019-06-30": "3.40", "2019-03-31": "2.77", "2018-12-31": "2.74", "2018-09-30": "2.91", "2018-06-30": "2.68", "2018-03-31": "2.65", "2017-12-31": "2.93", "2017-09-30": "2.74", "2017-06-30": "2.93", "2017-03-31": "3.16", "2016-12-31": "2.94", "2016-09-30": "2.61", "2016-06-30": "2.74", "2016-03-31": "2.87", "2015-12-31": "3.10", "2015-09-30": "3.13", "2015-06-30": "3.56", "2015-03-31": "3.33", "2014-12-31": "3.06", "2014-09-30": "2.95", "2014-06-30": "2.92", "2014-03-31": "2.81", "2013-12-31": "2.76", "2013-09-30": "2.36", "2013-06-30": "2.36", "2013-03-31": "2.14", "2012-12-31": "1.91", "2012-09-30": "2.01", "2012-06-30": "1.91", "2012-03-31": "1.76", "2011-12-31": "1.55", "2011-09-30": "1.25", "2011-06-30": "1.65", "2011-03-31": "1.87", "2010-12-31": "1.65", "2010-09-30": "1.48", "2010-06-30": "1.39", "2010-03-31": "1.57", "2009-12-31": "1.46", "2009-09-30": "1.23", "2009-06-30": "1.06", "2009-03-31": "0.82", "2008-12-31": "1.02", "2008-09-30": "1.35", "2008-06-30": "1.41", "2008-03-31": "1.45", "2007-12-31": "1.55", "2007-09-30": "1.71", "2007-06-30": "1.73", "2007-03-31": "1.79", "2006-12-31": "1.75"}, "price book": {"current": "3.85", "2021-02-11": "3.85", "2020-09-30": "2.50", "2020-06-30": "2.20", "2020-03-31": "1.81", "2019-12-31": "2.72", "2019-09-30": "2.46", "2019-06-30": "2.55", "2019-03-31": "1.87", "2018-12-31": "2.99", "2018-09-30": "3.25", "2018-06-30": "3.05", "2018-03-31": "3.01", "2017-12-31": "3.33", "2017-09-30": "3.17", "2017-06-30": "3.53", "2017-03-31": "3.67", "2016-12-31": "3.38", "2016-09-30": "2.98", "2016-06-30": "3.26", "2016-03-31": "3.32", "2015-12-31": "3.50", "2015-09-30": "3.15", "2015-06-30": "3.37", "2015-03-31": "3.34", "2014-12-31": "3.12", "2014-09-30": "2.89", "2014-06-30": "2.76", "2014-03-31": "2.63", "2013-12-31": "2.53", "2013-09-30": "2.19", "2013-06-30": "2.25", "2013-03-31": "2.11", "2012-12-31": "1.88", "2012-09-30": "2.01", "2012-06-30": "1.87", "2012-03-31": "1.79", "2011-12-31": "1.57", "2011-09-30": "1.21", "2011-06-30": "1.53", "2011-03-31": "1.75", "2010-12-31": "1.56", "2010-09-30": "1.39", "2010-06-30": "1.34", "2010-03-31": "1.54", "2009-12-31": "1.39", "2009-09-30": "1.21", "2009-06-30": "1.07", "2009-03-31": "0.86", "2008-12-31": "1.09", "2008-09-30": "1.47", "2008-06-30": "1.51", "2008-03-31": "1.64", "2007-12-31": "1.74", "2007-09-30": "1.84", "2007-06-30": "1.74", "2007-03-31": "1.79", "2006-12-31": "1.80", "2006-09-30": "1.67", "2006-06-30": "1.66", "2006-03-31": "1.73"}, "price fcf": {"2021-02-11": "", "2020-09-30": "$1.99", "2020-06-30": "$1.75", "2020-03-31": "$-0.48", "2019-12-31": "$0.22", "2019-09-30": "$0.67", "2019-06-30": "$2.12", "2019-03-31": "$5.76", "2018-12-31": "$6.30", "2018-09-30": "$6.52", "2018-06-30": "$6.47", "2018-03-31": "$6.92", "2017-12-31": "$6.10", "2017-09-30": "$5.53", "2017-06-30": "$5.32", "2017-03-31": "$4.74", "2016-12-31": "$4.73", "2016-09-30": "$5.10", "2016-06-30": "$5.16", "2016-03-31": "$4.58", "2015-12-31": "$4.30", "2015-09-30": "$4.17", "2015-06-30": "$3.84", "2015-03-31": "$4.06", "2014-12-31": "$3.92", "2014-09-30": "$3.73", "2014-06-30": "$3.52", "2014-03-31": "$3.83", "2013-12-31": "$3.67", "2013-09-30": "$3.69", "2013-06-30": "$3.02", "2013-03-31": "$2.71", "2012-12-31": "$2.03", "2012-09-30": "$2.30", "2012-06-30": "$2.56", "2012-03-31": "$1.96", "2011-12-31": "$2.45", "2011-09-30": "$1.80", "2011-06-30": "$1.97", "2011-03-31": "$2.07", "2010-12-31": "$1.93", "2010-09-30": "$2.29", "2010-06-30": "$2.14", "2010-03-31": "$2.05", "2009-12-31": "$2.24", "2009-09-30": "$1.90", "2009-06-30": "$1.75", "2009-03-31": "$1.46", "2008-12-31": "$1.89", "2008-09-30": "$2.12", "2008-06-30": "$2.14", "2008-03-31": "$2.18", "2007-12-31": "$1.21", "2007-09-30": "$1.83", "2007-06-30": "$2.31", "2007-03-31": "$2.39", "2006-12-31": "$3.08"}, "net worth": {"value": "$341.46B"}, "current ratio": {"current": "1.32", "2020-09-30": "1.32", "2020-06-30": "1.34", "2020-03-31": "0.94", "2019-12-31": "0.80", "2019-09-30": "0.90", "2019-06-30": "0.70", "2019-03-31": "0.77", "2018-12-31": "1.00", "2018-09-30": "0.94", "2018-06-30": "0.88", "2018-03-31": "0.85", "2017-12-31": "0.87", "2017-09-30": "0.81", "2017-06-30": "1.00", "2017-03-31": "0.94", "2016-12-31": "0.86", "2016-09-30": "1.01", "2016-06-30": "0.98", "2016-03-31": "1.00", "2015-12-31": "0.95", "2015-09-30": "1.03", "2015-06-30": "1.11", "2015-03-31": "1.17", "2014-12-31": "1.03", "2014-09-30": "1.14", "2014-06-30": "1.14", "2014-03-31": "0.99", "2013-12-31": "1.00", "2013-09-30": "1.21", "2013-06-30": "1.25", "2013-03-31": "1.12", "2012-12-31": "0.99", "2012-09-30": "1.07", "2012-06-30": "1.33", "2012-03-31": "1.14", "2011-12-31": "1.11", "2011-09-30": "1.14", "2011-06-30": "1.07", "2011-03-31": "1.03", "2010-12-31": "1.10", "2010-09-30": "1.11", "2010-06-30": "1.33", "2010-03-31": "1.24", "2009-12-31": "1.11", "2009-09-30": "1.33", "2009-06-30": "1.34", "2009-03-31": "1.18", "2008-12-31": "1.07", "2008-09-30": "1.01", "2008-06-30": "1.12", "2008-03-31": "1.10", "2007-12-31": "1.07", "2007-09-30": "0.99", "2007-06-30": "1.13", "2007-03-31": "0.93", "2006-12-31": "1.05", "2006-09-30": "0.94", "2006-06-30": "0.98", "2006-03-31": "1.02", "2005-12-31": "0.96", "2005-09-30": "0.97", "2005-06-30": "1.18", "2005-03-31": "1.19"}, "quick ratio": {"2020-09-30": "1.26", "2020-06-30": "1.29", "2020-03-31": "0.90", "2019-12-31": "0.75", "2019-09-30": "0.85", "2019-06-30": "0.67", "2019-03-31": "0.74", "2018-12-31": "0.92", "2018-09-30": "0.86", "2018-06-30": "0.81", "2018-03-31": "0.79", "2017-12-31": "0.80", "2017-09-30": "0.74", "2017-06-30": "0.93", "2017-03-31": "0.86", "2016-12-31": "0.80", "2016-09-30": "0.93", "2016-06-30": "0.90", "2016-03-31": "0.92", "2015-12-31": "0.87", "2015-09-30": "0.93", "2015-06-30": "1.01", "2015-03-31": "1.06", "2014-12-31": "0.94", "2014-09-30": "1.02", "2014-06-30": "1.03", "2014-03-31": "0.90", "2013-12-31": "0.92", "2013-09-30": "1.08", "2013-06-30": "1.12", "2013-03-31": "1.01", "2012-12-31": "0.89", "2012-09-30": "0.95", "2012-06-30": "1.19", "2012-03-31": "1.02", "2011-12-31": "1.00", "2011-09-30": "1.01", "2011-06-30": "0.95", "2011-03-31": "0.92", "2010-12-31": "0.99", "2010-09-30": "0.98", "2010-06-30": "1.19", "2010-03-31": "1.12", "2009-12-31": "1.01", "2009-09-30": "1.19", "2009-06-30": "1.19", "2009-03-31": "1.06", "2008-12-31": "0.98", "2008-09-30": "0.91", "2008-06-30": "1.02", "2008-03-31": "1.03", "2007-12-31": "1.01", "2007-09-30": "0.94", "2007-06-30": "1.07", "2007-03-31": "0.87", "2006-12-31": "0.99", "2006-09-30": "0.87", "2006-06-30": "0.91", "2006-03-31": "0.95", "2005-12-31": "0.90", "2005-09-30": "0.90", "2005-06-30": "1.11", "2005-03-31": "1.11"}, "debt equity ratio": {"current": "0.60", "2020-09-30": "1.28", "2020-06-30": "1.30", "2020-03-31": "1.17", "2019-12-31": "1.12", "2019-09-30": "1.07", "2019-06-30": "1.17", "2019-03-31": "1.05", "2018-12-31": "0.84", "2018-09-30": "0.87", "2018-06-30": "0.97", "2018-03-31": "1.01", "2017-12-31": "1.08", "2017-09-30": "1.13", "2017-06-30": "1.01", "2017-03-31": "0.94", "2016-12-31": "0.94", "2016-09-30": "0.95", "2016-06-30": "0.89", "2016-03-31": "0.88", "2015-12-31": "0.87", "2015-09-30": "0.81", "2015-06-30": "0.73", "2015-03-31": "0.72", "2014-12-31": "0.82", "2014-09-30": "0.75", "2014-06-30": "0.72", "2014-03-31": "0.73", "2013-12-31": "0.76", "2013-09-30": "0.69", "2013-06-30": "0.76", "2013-03-31": "0.84", "2012-12-31": "0.86", "2012-09-30": "0.79", "2012-06-30": "0.79", "2012-03-31": "0.89", "2011-12-31": "0.87", "2011-09-30": "0.83", "2011-06-30": "0.74", "2011-03-31": "0.75", "2010-12-31": "0.79", "2010-09-30": "0.76", "2010-06-30": "0.73", "2010-03-31": "0.76", "2009-12-31": "0.83", "2009-09-30": "0.78", "2009-06-30": "0.83", "2009-03-31": "0.89", "2008-12-31": "0.99", "2008-09-30": "0.93", "2008-06-30": "0.88", "2008-03-31": "1.02", "2007-12-31": "1.07", "2007-09-30": "0.98", "2007-06-30": "0.89", "2007-03-31": "0.88", "2006-12-31": "0.88", "2006-09-30": "0.89", "2006-06-30": "0.82", "2006-03-31": "1.07", "2005-12-31": "1.12", "2005-09-30": "1.03", "2005-06-30": "0.99", "2005-03-31": "1.04"}, "return on equity": {"2020-09-30": "-3.11%", "2020-06-30": "-1.18%", "2020-03-31": "5.67%", "2019-12-31": "10.66%", "2019-09-30": "12.67%", "2019-06-30": "16.01%", "2019-03-31": "20.61%", "2018-12-31": "21.29%", "2018-09-30": "25.37%", "2018-06-30": "25.20%", "2018-03-31": "24.57%", "2017-12-31": "23.57%", "2017-09-30": "19.36%", "2017-06-30": "19.18%", "2017-03-31": "19.45%", "2016-12-31": "18.86%", "2016-09-30": "19.60%", "2016-06-30": "19.13%", "2016-03-31": "18.66%", "2015-12-31": "18.43%", "2015-09-30": "17.05%", "2015-06-30": "16.86%", "2015-03-31": "16.54%", "2014-12-31": "16.32%", "2014-09-30": "15.65%", "2014-06-30": "15.43%", "2014-03-31": "14.81%", "2013-12-31": "14.22%", "2013-09-30": "13.52%", "2013-06-30": "13.65%", "2013-03-31": "13.92%", "2012-12-31": "13.39%", "2012-09-30": "13.91%", "2012-06-30": "13.74%", "2012-03-31": "12.95%", "2011-12-31": "12.41%", "2011-09-30": "11.99%", "2011-06-30": "11.37%", "2011-03-31": "11.09%", "2010-12-31": "11.22%", "2010-09-30": "10.17%", "2010-06-30": "10.59%", "2010-03-31": "9.94%", "2009-12-31": "9.38%", "2009-09-30": "9.75%", "2009-06-30": "9.57%", "2009-03-31": "10.69%", "2008-12-31": "12.52%", "2008-09-30": "14.02%", "2008-06-30": "14.58%", "2008-03-31": "14.38%", "2007-12-31": "13.62%", "2007-09-30": "14.81%", "2007-06-30": "14.39%", "2007-03-31": "14.12%", "2006-12-31": "14.14%", "2006-09-30": "11.67%", "2006-06-30": "10.80%", "2006-03-31": "10.16%", "2005-12-31": "9.78%"}, "return on assets": {"2020-09-30": "-1.40%", "2020-06-30": "-0.54%", "2020-03-31": "2.65%", "2019-12-31": "5.07%", "2019-09-30": "6.16%", "2019-06-30": "7.92%", "2019-03-31": "10.54%", "2018-12-31": "11.09%", "2018-09-30": "12.82%", "2018-06-30": "12.32%", "2018-03-31": "11.94%", "2017-12-31": "11.56%", "2017-09-30": "9.66%", "2017-06-30": "9.78%", "2017-03-31": "10.08%", "2016-12-31": "9.86%", "2016-09-30": "10.34%", "2016-06-30": "10.27%", "2016-03-31": "10.24%", "2015-12-31": "10.34%", "2015-09-30": "9.63%", "2015-06-30": "9.61%", "2015-03-31": "9.43%", "2014-12-31": "9.30%", "2014-09-30": "8.99%", "2014-06-30": "8.95%", "2014-03-31": "8.55%", "2013-12-31": "8.08%", "2013-09-30": "7.58%", "2013-06-30": "7.54%", "2013-03-31": "7.65%", "2012-12-31": "7.32%", "2012-09-30": "7.59%", "2012-06-30": "7.45%", "2012-03-31": "7.07%", "2011-12-31": "6.91%", "2011-09-30": "6.75%", "2011-06-30": "6.46%", "2011-03-31": "6.32%", "2010-12-31": "6.38%", "2010-09-30": "5.75%", "2010-06-30": "5.97%", "2010-03-31": "5.53%", "2009-12-31": "5.12%", "2009-09-30": "5.22%", "2009-06-30": "5.01%", "2009-03-31": "5.56%", "2008-12-31": "6.40%", "2008-09-30": "7.11%", "2008-06-30": "7.34%", "2008-03-31": "7.23%", "2007-12-31": "6.97%", "2007-09-30": "7.77%", "2007-06-30": "7.64%", "2007-03-31": "7.57%", "2006-12-31": "7.42%", "2006-09-30": "5.95%", "2006-06-30": "5.41%", "2006-03-31": "4.96%", "2005-12-31": "4.78%"}, "return on investments": {"2020-09-30": "-1.40%", "2020-06-30": "0.64%", "2020-03-31": "6.29%", "2019-12-31": "7.35%", "2019-09-30": "8.90%", "2019-06-30": "11.31%", "2019-03-31": "14.97%", "2018-12-31": "20.88%", "2018-09-30": "21.75%", "2018-06-30": "21.40%", "2018-03-31": "21.43%", "2017-12-31": "21.28%", "2017-09-30": "21.60%", "2017-06-30": "22.10%", "2017-03-31": "22.74%", "2016-12-31": "22.18%", "2016-09-30": "22.58%", "2016-06-30": "23.22%", "2016-03-31": "22.73%", "2015-12-31": "22.45%", "2015-09-30": "21.42%", "2015-06-30": "20.21%", "2015-03-31": "19.88%", "2014-12-31": "19.87%", "2014-09-30": "19.01%", "2014-06-30": "18.57%", "2014-03-31": "17.86%", "2013-12-31": "16.58%", "2013-09-30": "15.85%", "2013-06-30": "16.27%", "2013-03-31": "16.59%", "2012-12-31": "16.08%", "2012-09-30": "16.67%", "2012-06-30": "16.62%", "2012-03-31": "15.92%", "2011-12-31": "15.96%", "2011-09-30": "15.52%", "2011-06-30": "14.79%", "2011-03-31": "14.43%", "2010-12-31": "14.18%", "2010-09-30": "12.98%", "2010-06-30": "13.08%", "2010-03-31": "11.94%", "2009-12-31": "11.23%", "2009-09-30": "11.29%", "2009-06-30": "11.55%", "2009-03-31": "12.72%", "2008-12-31": "14.94%", "2008-09-30": "16.96%", "2008-06-30": "17.42%", "2008-03-31": "17.53%", "2007-12-31": "16.80%", "2007-09-30": "15.96%", "2007-06-30": "15.10%", "2007-03-31": "14.55%", "2006-12-31": "14.24%", "2006-09-30": "13.61%", "2006-06-30": "11.97%", "2006-03-31": "11.04%", "2005-12-31": "10.65%"}, "return on tangible equity": {"2020-09-30": "37.38%", "2020-06-30": "13.89%", "2020-03-31": "-67.54%", "2019-12-31": "-187.82%", "2019-09-30": "1785.78%", "2019-06-30": "183.60%", "2019-03-31": "119.07%", "2018-12-31": "82.24%", "2018-09-30": "110.30%", "2018-06-30": "128.18%", "2018-03-31": "123.82%", "2017-12-31": "111.14%", "2017-09-30": "83.37%", "2017-06-30": "73.40%", "2017-03-31": "72.44%", "2016-12-31": "69.76%", "2016-09-30": "71.78%", "2016-06-30": "69.10%", "2016-03-31": "65.70%", "2015-12-31": "63.79%", "2015-09-30": "59.62%", "2015-06-30": "59.68%", "2015-03-31": "60.14%", "2014-12-31": "60.46%", "2014-09-30": "57.73%", "2014-06-30": "56.28%", "2014-03-31": "55.67%", "2013-12-31": "56.76%", "2013-09-30": "58.13%", "2013-06-30": "58.98%", "2013-03-31": "57.65%", "2012-12-31": "53.52%", "2012-09-30": "52.08%", "2012-06-30": "52.63%", "2012-03-31": "49.56%", "2011-12-31": "46.10%", "2011-09-30": "44.36%", "2011-06-30": "42.06%", "2011-03-31": "41.55%", "2010-12-31": "42.51%", "2010-09-30": "39.66%", "2010-06-30": "38.96%", "2010-03-31": "36.37%", "2009-12-31": "34.32%", "2009-09-30": "35.18%", "2009-06-30": "36.74%", "2009-03-31": "42.33%", "2008-12-31": "52.41%", "2008-09-30": "61.78%", "2008-06-30": "68.83%", "2008-03-31": "70.09%", "2007-12-31": "67.15%", "2007-09-30": "70.84%", "2007-06-30": "68.79%", "2007-03-31": "68.10%", "2006-12-31": "64.82%", "2006-09-30": "53.15%", "2006-06-30": "46.63%", "2006-03-31": "41.34%", "2005-12-31": "38.74%"}, "dividend yield history": {"last payout": "$0.00", "last yield": "0.00%"}}