{"ticker": "DISCA", "price": {"title": "Discovery Historical Annual Stock Price Data", "value": 42.67, "historical": {"2020": {"Average Stock Price": "23.8302", "Year Open": "32.2200", "Year High": "32.7700", "Year Low": "18.3600", "Year Close": "30.0900", "Annual % Change": "-8.09%"}, "2019": {"Average Stock Price": "29.0287", "Year Open": "25.8300", "Year High": "33.3600", "Year Low": "25.6800", "Year Close": "32.7400", "Annual % Change": "32.34%"}, "2018": {"Average Stock Price": "26.5705", "Year Open": "23.1100", "Year High": "33.8000", "Year Low": "20.9500", "Year Close": "24.7400", "Annual % Change": "10.55%"}, "2017": {"Average Stock Price": "24.5356", "Year Open": "27.9600", "Year High": "29.6200", "Year Low": "16.2800", "Year Close": "22.3800", "Annual % Change": "-18.35%"}, "2016": {"Average Stock Price": "26.7179", "Year Open": "26.4100", "Year High": "29.5500", "Year Low": "23.7300", "Year Close": "27.4100", "Annual % Change": "2.74%"}, "2015": {"Average Stock Price": "30.6853", "Year Open": "34.4800", "Year High": "34.8000", "Year Low": "25.3600", "Year Close": "26.6800", "Annual % Change": "-22.55%"}, "2014": {"Average Stock Price": "38.8958", "Year Open": "44.5500", "Year High": "44.8300", "Year Low": "31.8600", "Year Close": "34.4500", "Annual % Change": "-23.80%"}, "2013": {"Average Stock Price": "39.5571", "Year Open": "32.7400", "Year High": "45.2300", "Year Low": "32.7400", "Year Close": "45.2100", "Annual % Change": "42.44%"}, "2012": {"Average Stock Price": "26.3280", "Year Open": "20.4350", "Year High": "31.8050", "Year Low": "20.4350", "Year Close": "31.7400", "Annual % Change": "54.94%"}, "2011": {"Average Stock Price": "20.4539", "Year Open": "21.0050", "Year High": "22.6750", "Year Low": "17.3750", "Year Close": "20.4850", "Annual % Change": "-1.75%"}, "2010": {"Average Stock Price": "18.7232", "Year Open": "15.5000", "Year High": "22.4850", "Year Low": "13.9400", "Year Close": "20.8500", "Annual % Change": "35.96%"}, "2009": {"Average Stock Price": "11.4489", "Year Open": "7.3250", "Year High": "16.1950", "Year Low": "6.3400", "Year Close": "15.3350", "Annual % Change": "116.60%"}, "2008": {"Average Stock Price": "9.8964", "Year Open": "12.3950", "Year High": "13.2650", "Year Low": "5.1350", "Year Close": "7.0800", "Annual % Change": "-43.68%"}, "2007": {"Average Stock Price": "11.3541", "Year Open": "8.2450", "Year High": "14.6200", "Year Low": "7.9450", "Year Close": "12.5700", "Annual % Change": "56.25%"}, "2006": {"Average Stock Price": "7.2966", "Year Open": "7.5500", "Year High": "8.3500", "Year Low": "6.6250", "Year Close": "8.0450", "Annual % Change": "6.20%"}, "2005": {"Average Stock Price": "7.4403", "Year Open": "7.6500", "Year High": "8.0750", "Year Low": "6.8700", "Year Close": "7.5750", "Annual % Change": "0.00%"}}}, "market cap": {"value": "$20.95B"}, "income statement": {"Revenue": {"2019-12-31": "11144.00000", "2018-12-31": "10553.00000", "2017-12-31": "6873.00000", "2016-12-31": "6497.00000", "2015-12-31": "6394.00000", "2014-12-31": "6265.00000", "2013-12-31": "5535.00000", "2012-12-31": "4487.00000", "2011-12-31": "4168.00000", "2010-12-31": "3706.00000", "2009-12-31": "3458.00000", "2008-12-31": "3382.00000", "2007-12-31": "76.00000", "2006-12-31": "80.00000", "2005-12-31": "694.50900"}, "Cost Of Goods Sold": {"2019-12-31": "3819.00000", "2018-12-31": "3935.00000", "2017-12-31": "2656.00000", "2016-12-31": "2432.00000", "2015-12-31": "2343.00000", "2014-12-31": "2124.00000", "2013-12-31": "1689.00000", "2012-12-31": "1218.00000", "2011-12-31": "1176.00000", "2010-12-31": "1013.00000", "2009-12-31": "1044.00000", "2008-12-31": "1002.00000", "2007-12-31": "60.00000", "2006-12-31": "63.00000", "2005-12-31": "460.80500"}, "Gross Profit": {"2019-12-31": "7325.00000", "2018-12-31": "6618.00000", "2017-12-31": "4217.00000", "2016-12-31": "4065.00000", "2015-12-31": "4051.00000", "2014-12-31": "4141.00000", "2013-12-31": "3846.00000", "2012-12-31": "3269.00000", "2011-12-31": "2992.00000", "2010-12-31": "2693.00000", "2009-12-31": "2414.00000", "2008-12-31": "2380.00000", "2007-12-31": "16.00000", "2006-12-31": "17.00000", "2005-12-31": "233.70400"}, "Research And Development Expenses": {"2019-12-31": "", "2018-12-31": "", "2017-12-31": "", "2016-12-31": "", "2015-12-31": "", "2014-12-31": "", "2013-12-31": "", "2012-12-31": "", "2011-12-31": "", "2010-12-31": "", "2009-12-31": "", "2008-12-31": "", "2007-12-31": "", "2006-12-31": "", "2005-12-31": ""}, "SG&A Expenses": {"2019-12-31": "2788.00000", "2018-12-31": "2620.00000", "2017-12-31": "1768.00000", "2016-12-31": "1690.00000", "2015-12-31": "1669.00000", "2014-12-31": "1692.00000", "2013-12-31": "1598.00000", "2012-12-31": "1287.00000", "2011-12-31": "1171.00000", "2010-12-31": "1174.00000", "2009-12-31": "1188.00000", "2008-12-31": "1075.00000", "2007-12-31": "22.00000", "2006-12-31": "23.00000", "2005-12-31": "159.46200"}, "Other Operating Income Or Expenses": {"2019-12-31": "", "2018-12-31": "84.00000", "2017-12-31": "-4.00000", "2016-12-31": "63.00000", "2015-12-31": "-17.00000", "2014-12-31": "31.00000", "2013-12-31": "19.00000", "2012-12-31": "0.00000", "2011-12-31": "129.00000", "2010-12-31": "0.00000", "2009-12-31": "252.00000", "2008-12-31": "", "2007-12-31": "1.00000", "2006-12-31": "", "2005-12-31": "4.84500"}, "Operating Expenses": {"2019-12-31": "8135.00000", "2018-12-31": "8619.00000", "2017-12-31": "6160.00000", "2016-12-31": "4439.00000", "2015-12-31": "4409.00000", "2014-12-31": "4204.00000", "2013-12-31": "3560.00000", "2012-12-31": "2628.00000", "2011-12-31": "2365.00000", "2010-12-31": "2329.00000", "2009-12-31": "2184.00000", "2008-12-31": "2318.00000", "2007-12-31": "84.00000", "2006-12-31": "91.00000", "2005-12-31": "695.91110"}, "Operating Income": {"2019-12-31": "3009.00000", "2018-12-31": "1934.00000", "2017-12-31": "713.00000", "2016-12-31": "2058.00000", "2015-12-31": "1985.00000", "2014-12-31": "2061.00000", "2013-12-31": "1975.00000", "2012-12-31": "1859.00000", "2011-12-31": "1803.00000", "2010-12-31": "1377.00000", "2009-12-31": "1274.00000", "2008-12-31": "1064.00000", "2007-12-31": "-8.00000", "2006-12-31": "-11.00000", "2005-12-31": "-1.40210"}, "Total Non-Operating Income/Expense": {"2019-12-31": "-715.00000", "2018-12-31": "-912.00000", "2017-12-31": "-850.00000", "2016-12-31": "-387.00000", "2015-12-31": "-426.00000", "2014-12-31": "-314.00000", "2013-12-31": "-239.00000", "2012-12-31": "-341.00000", "2011-12-31": "-240.00000", "2010-12-31": "-425.00000", "2009-12-31": "-235.00000", "2008-12-31": "-307.00000", "2007-12-31": "150.00000", "2006-12-31": "104.00000", "2005-12-31": "83.51400"}, "Pre-Tax Income": {"2019-12-31": "2294.00000", "2018-12-31": "1022.00000", "2017-12-31": "-137.00000", "2016-12-31": "1671.00000", "2015-12-31": "1559.00000", "2014-12-31": "1747.00000", "2013-12-31": "1736.00000", "2012-12-31": "1518.00000", "2011-12-31": "1563.00000", "2010-12-31": "952.00000", "2009-12-31": "1039.00000", "2008-12-31": "757.00000", "2007-12-31": "142.00000", "2006-12-31": "93.00000", "2005-12-31": "82.11200"}, "Income Taxes": {"2019-12-31": "81.00000", "2018-12-31": "341.00000", "2017-12-31": "176.00000", "2016-12-31": "453.00000", "2015-12-31": "511.00000", "2014-12-31": "610.00000", "2013-12-31": "659.00000", "2012-12-31": "562.00000", "2011-12-31": "427.00000", "2010-12-31": "293.00000", "2009-12-31": "469.00000", "2008-12-31": "353.00000", "2007-12-31": "56.00000", "2006-12-31": "41.00000", "2005-12-31": "48.83600"}, "Income After Taxes": {"2019-12-31": "2213.00000", "2018-12-31": "681.00000", "2017-12-31": "-313.00000", "2016-12-31": "1218.00000", "2015-12-31": "1048.00000", "2014-12-31": "1137.00000", "2013-12-31": "1077.00000", "2012-12-31": "956.00000", "2011-12-31": "1136.00000", "2010-12-31": "659.00000", "2009-12-31": "570.00000", "2008-12-31": "404.00000", "2007-12-31": "86.00000", "2006-12-31": "52.00000", "2005-12-31": "33.27600"}, "Other Income": {"2019-12-31": "", "2018-12-31": "", "2017-12-31": "", "2016-12-31": "", "2015-12-31": "", "2014-12-31": "", "2013-12-31": "", "2012-12-31": "", "2011-12-31": "", "2010-12-31": "", "2009-12-31": "", "2008-12-31": "", "2007-12-31": "", "2006-12-31": "", "2005-12-31": ""}, "Income From Continuous Operations": {"2019-12-31": "2213.00000", "2018-12-31": "681.00000", "2017-12-31": "-313.00000", "2016-12-31": "1218.00000", "2015-12-31": "1048.00000", "2014-12-31": "1137.00000", "2013-12-31": "1077.00000", "2012-12-31": "956.00000", "2011-12-31": "1136.00000", "2010-12-31": "659.00000", "2009-12-31": "570.00000", "2008-12-31": "404.00000", "2007-12-31": "86.00000", "2006-12-31": "52.00000", "2005-12-31": "33.27600"}, "Income From Discontinued Operations": {"2019-12-31": "", "2018-12-31": "", "2017-12-31": "", "2016-12-31": "", "2015-12-31": "", "2014-12-31": "", "2013-12-31": "", "2012-12-31": "-11.00000", "2011-12-31": "-3.00000", "2010-12-31": "10.00000", "2009-12-31": "-6.00000", "2008-12-31": "40.00000", "2007-12-31": "-154.00000", "2006-12-31": "-98.00000", "2005-12-31": ""}, "Net Income": {"2019-12-31": "2069.00000", "2018-12-31": "594.00000", "2017-12-31": "-337.00000", "2016-12-31": "1194.00000", "2015-12-31": "1034.00000", "2014-12-31": "1139.00000", "2013-12-31": "1075.00000", "2012-12-31": "943.00000", "2011-12-31": "1132.00000", "2010-12-31": "652.00000", "2009-12-31": "541.00000", "2008-12-31": "317.00000", "2007-12-31": "-68.00000", "2006-12-31": "-46.00000", "2005-12-31": "33.27600"}, "EBITDA": {"2019-12-31": "7364.00000", "2018-12-31": "6620.00000", "2017-12-31": "4280.00000", "2016-12-31": "4153.00000", "2015-12-31": "4024.00000", "2014-12-31": "3947.00000", "2013-12-31": "3441.00000", "2012-12-31": "2861.00000", "2011-12-31": "2820.00000", "2010-12-31": "2224.00000", "2009-12-31": "2138.00000", "2008-12-31": "1326.00000", "2007-12-31": "225.00000", "2006-12-31": "150.00000", "2005-12-31": "74.97490"}, "EBIT": {"2019-12-31": "3009.00000", "2018-12-31": "1934.00000", "2017-12-31": "713.00000", "2016-12-31": "2058.00000", "2015-12-31": "1985.00000", "2014-12-31": "2061.00000", "2013-12-31": "1975.00000", "2012-12-31": "1859.00000", "2011-12-31": "1803.00000", "2010-12-31": "1377.00000", "2009-12-31": "1274.00000", "2008-12-31": "1064.00000", "2007-12-31": "-8.00000", "2006-12-31": "-11.00000", "2005-12-31": "-1.40210"}, "Basic Shares Outstanding": {"2019-12-31": "529.00000", "2018-12-31": "498.00000", "2017-12-31": "384.00000", "2016-12-31": "401.00000", "2015-12-31": "432.00000", "2014-12-31": "454.00000", "2013-12-31": "484.00000", "2012-12-31": "498.00000", "2011-12-31": "401.00000", "2010-12-31": "425.00000", "2009-12-31": "423.00000", "2008-12-31": "321.00000", "2007-12-31": "281.00000", "2006-12-31": "280.00000", "2005-12-31": "279.55700"}, "Shares Outstanding": {"2019-12-31": "711.00000", "2018-12-31": "688.00000", "2017-12-31": "576.00000", "2016-12-31": "610.00000", "2015-12-31": "656.00000", "2014-12-31": "687.00000", "2013-12-31": "722.00000", "2012-12-31": "759.00000", "2011-12-31": "405.00000", "2010-12-31": "429.00000", "2009-12-31": "425.00000", "2008-12-31": "322.00000", "2007-12-31": "281.00000", "2006-12-31": "280.00000", "2005-12-31": "279.55700"}, "Basic EPS": {"2019-12-31": "2.90000", "2018-12-31": "0.86000", "2017-12-31": "-0.59000", "2016-12-31": "1.97000", "2015-12-31": "1.59000", "2014-12-31": "1.67000", "2013-12-31": "1.50000", "2012-12-31": "1.25000", "2011-12-31": "2.82000", "2010-12-31": "1.53000", "2009-12-31": "1.28000", "2008-12-31": "0.99000", "2007-12-31": "-0.24000", "2006-12-31": "-0.16000", "2005-12-31": "0.12000"}, "EPS - Earnings Per Share": {"2019-12-31": "2.88000", "2018-12-31": "0.86000", "2017-12-31": "-0.59000", "2016-12-31": "1.96000", "2015-12-31": "1.58000", "2014-12-31": "1.66000", "2013-12-31": "1.49000", "2012-12-31": "1.24000", "2011-12-31": "2.80000", "2010-12-31": "1.52000", "2009-12-31": "1.27000", "2008-12-31": "0.98000", "2007-12-31": "-0.24000", "2006-12-31": "-0.16000", "2005-12-31": "0.12000"}}, "income statement, quarterly": {"Revenue": {"2020-09-30": "2561.00000", "2020-06-30": "2541.00000", "2020-03-31": "2683.00000", "2019-12-31": "2874.00000", "2019-09-30": "2678.00000", "2019-06-30": "2885.00000", "2019-03-31": "2707.00000", "2018-12-31": "2809.00000", "2018-09-30": "2592.00000", "2018-06-30": "2845.00000", "2018-03-31": "2307.00000", "2017-12-31": "1864.00000", "2017-09-30": "1651.00000", "2017-06-30": "1745.00000", "2017-03-31": "1613.00000", "2016-12-31": "1672.00000", "2016-09-30": "1556.00000", "2016-06-30": "1708.00000", "2016-03-31": "1561.00000", "2015-12-31": "1646.00000", "2015-09-30": "1557.00000", "2015-06-30": "1654.00000", "2015-03-31": "1537.00000", "2014-12-31": "1676.00000", "2014-09-30": "1568.00000", "2014-06-30": "1610.00000", "2014-03-31": "1411.00000", "2013-12-31": "1537.00000", "2013-09-30": "1375.00000", "2013-06-30": "1467.00000", "2013-03-31": "1156.00000", "2012-12-31": "1200.00000", "2012-09-30": "1076.00000", "2012-06-30": "1126.00000", "2012-03-31": "1085.00000", "2011-12-31": "1070.00000", "2011-09-30": "1080.00000", "2011-06-30": "1067.00000", "2011-03-31": "951.00000", "2010-12-31": "948.00000", "2010-09-30": "926.00000", "2010-06-30": "963.00000", "2010-03-31": "869.00000", "2009-12-31": "941.00000", "2009-09-30": "837.00000", "2009-06-30": "865.00000", "2009-03-31": "815.00000", "2008-12-31": "843.00000", "2008-09-30": "845.00000", "2008-06-30": "885.00000", "2008-03-31": "809.00000", "2007-12-31": "17.00000", "2007-09-30": "15.00000", "2007-06-30": "177.22000", "2007-03-31": "173.88200", "2006-12-31": "-409.23300", "2006-09-30": "169.87600", "2006-06-30": "165.78900", "2006-03-31": "153.56800", "2005-12-31": "174.26600", "2005-09-30": "167.93400", "2005-06-30": "178.01900", "2005-03-31": "174.29000"}, "Cost Of Goods Sold": {"2020-09-30": "1003.00000", "2020-06-30": "810.00000", "2020-03-31": "918.00000", "2019-12-31": "1037.00000", "2019-09-30": "914.00000", "2019-06-30": "938.00000", "2019-03-31": "930.00000", "2018-12-31": "946.00000", "2018-09-30": "934.00000", "2018-06-30": "995.00000", "2018-03-31": "1060.00000", "2017-12-31": "745.00000", "2017-09-30": "670.00000", "2017-06-30": "634.00000", "2017-03-31": "607.00000", "2016-12-31": "645.00000", "2016-09-30": "592.00000", "2016-06-30": "603.00000", "2016-03-31": "592.00000", "2015-12-31": "640.00000", "2015-09-30": "574.00000", "2015-06-30": "564.00000", "2015-03-31": "565.00000", "2014-12-31": "598.00000", "2014-09-30": "529.00000", "2014-06-30": "515.00000", "2014-03-31": "482.00000", "2013-12-31": "475.00000", "2013-09-30": "435.00000", "2013-06-30": "437.00000", "2013-03-31": "342.00000", "2012-12-31": "328.00000", "2012-09-30": "296.00000", "2012-06-30": "298.00000", "2012-03-31": "296.00000", "2011-12-31": "287.00000", "2011-09-30": "328.00000", "2011-06-30": "288.00000", "2011-03-31": "273.00000", "2010-12-31": "231.00000", "2010-09-30": "261.00000", "2010-06-30": "254.00000", "2010-03-31": "267.00000", "2009-12-31": "290.00000", "2009-09-30": "251.00000", "2009-06-30": "251.00000", "2009-03-31": "252.00000", "2008-12-31": "244.00000", "2008-09-30": "262.00000", "2008-06-30": "254.00000", "2008-03-31": "242.00000", "2007-12-31": "16.00000", "2007-09-30": "11.00000", "2007-06-30": "125.18500", "2007-03-31": "121.54200", "2006-12-31": "-255.72500", "2006-09-30": "111.50300", "2006-06-30": "109.62300", "2006-03-31": "97.59900", "2005-12-31": "125.03800", "2005-09-30": "109.32300", "2005-06-30": "115.59000", "2005-03-31": "110.85400"}, "Gross Profit": {"2020-09-30": "1558.00000", "2020-06-30": "1731.00000", "2020-03-31": "1765.00000", "2019-12-31": "1837.00000", "2019-09-30": "1764.00000", "2019-06-30": "1947.00000", "2019-03-31": "1777.00000", "2018-12-31": "1863.00000", "2018-09-30": "1658.00000", "2018-06-30": "1850.00000", "2018-03-31": "1247.00000", "2017-12-31": "1119.00000", "2017-09-30": "981.00000", "2017-06-30": "1111.00000", "2017-03-31": "1006.00000", "2016-12-31": "1027.00000", "2016-09-30": "964.00000", "2016-06-30": "1105.00000", "2016-03-31": "969.00000", "2015-12-31": "1006.00000", "2015-09-30": "983.00000", "2015-06-30": "1090.00000", "2015-03-31": "972.00000", "2014-12-31": "1078.00000", "2014-09-30": "1039.00000", "2014-06-30": "1095.00000", "2014-03-31": "929.00000", "2013-12-31": "1062.00000", "2013-09-30": "940.00000", "2013-06-30": "1030.00000", "2013-03-31": "814.00000", "2012-12-31": "872.00000", "2012-09-30": "780.00000", "2012-06-30": "828.00000", "2012-03-31": "789.00000", "2011-12-31": "783.00000", "2011-09-30": "752.00000", "2011-06-30": "779.00000", "2011-03-31": "678.00000", "2010-12-31": "717.00000", "2010-09-30": "665.00000", "2010-06-30": "709.00000", "2010-03-31": "602.00000", "2009-12-31": "651.00000", "2009-09-30": "586.00000", "2009-06-30": "614.00000", "2009-03-31": "563.00000", "2008-12-31": "599.00000", "2008-09-30": "583.00000", "2008-06-30": "631.00000", "2008-03-31": "567.00000", "2007-12-31": "1.00000", "2007-09-30": "4.00000", "2007-06-30": "52.03500", "2007-03-31": "52.34000", "2006-12-31": "-153.50800", "2006-09-30": "58.37300", "2006-06-30": "56.16600", "2006-03-31": "55.96900", "2005-12-31": "49.22800", "2005-09-30": "58.61100", "2005-06-30": "62.42900", "2005-03-31": "63.43600"}, "Research And Development Expenses": {"2020-09-30": "", "2020-06-30": "", "2020-03-31": "", "2019-12-31": "", "2019-09-30": "", "2019-06-30": "", "2019-03-31": "", "2018-12-31": "", "2018-09-30": "", "2018-06-30": "", "2018-03-31": "", "2017-12-31": "", "2017-09-30": "", "2017-06-30": "", "2017-03-31": "", "2016-12-31": "", "2016-09-30": "", "2016-06-30": "", "2016-03-31": "", "2015-12-31": "", "2015-09-30": "", "2015-06-30": "", "2015-03-31": "", "2014-12-31": "", "2014-09-30": "", "2014-06-30": "", "2014-03-31": "", "2013-12-31": "", "2013-09-30": "", "2013-06-30": "", "2013-03-31": "", "2012-12-31": "", "2012-09-30": "", "2012-06-30": "", "2012-03-31": "", "2011-12-31": "", "2011-09-30": "", "2011-06-30": "", "2011-03-31": "", "2010-12-31": "", "2010-09-30": "", "2010-06-30": "", "2010-03-31": "", "2009-12-31": "", "2009-09-30": "", "2009-06-30": "", "2009-03-31": "", "2008-12-31": "", "2008-09-30": "", "2008-06-30": "", "2008-03-31": "", "2007-12-31": "", "2007-09-30": "", "2007-06-30": "", "2007-03-31": "", "2006-12-31": "", "2006-09-30": "", "2006-06-30": "", "2006-03-31": "", "2005-12-31": "", "2005-09-30": "", "2005-06-30": "", "2005-03-31": ""}, "SG&A Expenses": {"2020-09-30": "633.00000", "2020-06-30": "635.00000", "2020-03-31": "645.00000", "2019-12-31": "793.00000", "2019-09-30": "660.00000", "2019-06-30": "709.00000", "2019-03-31": "626.00000", "2018-12-31": "657.00000", "2018-09-30": "667.00000", "2018-06-30": "687.00000", "2018-03-31": "609.00000", "2017-12-31": "507.00000", "2017-09-30": "457.00000", "2017-06-30": "389.00000", "2017-03-31": "415.00000", "2016-12-31": "463.00000", "2016-09-30": "419.00000", "2016-06-30": "400.00000", "2016-03-31": "408.00000", "2015-12-31": "445.00000", "2015-09-30": "394.00000", "2015-06-30": "430.00000", "2015-03-31": "400.00000", "2014-12-31": "445.00000", "2014-09-30": "432.00000", "2014-06-30": "406.00000", "2014-03-31": "409.00000", "2013-12-31": "449.00000", "2013-09-30": "390.00000", "2013-06-30": "394.00000", "2013-03-31": "365.00000", "2012-12-31": "355.00000", "2012-09-30": "314.00000", "2012-06-30": "307.00000", "2012-03-31": "311.00000", "2011-12-31": "309.00000", "2011-09-30": "293.00000", "2011-06-30": "300.00000", "2011-03-31": "269.00000", "2010-12-31": "280.00000", "2010-09-30": "306.00000", "2010-06-30": "304.00000", "2010-03-31": "284.00000", "2009-12-31": "295.00000", "2009-09-30": "324.00000", "2009-06-30": "295.00000", "2009-03-31": "274.00000", "2008-12-31": "230.00000", "2008-09-30": "224.00000", "2008-06-30": "370.00000", "2008-03-31": "251.00000", "2007-12-31": "5.00000", "2007-09-30": "7.00000", "2007-06-30": "37.75700", "2007-03-31": "38.00400", "2006-12-31": "-109.22400", "2006-09-30": "42.77200", "2006-06-30": "46.28100", "2006-03-31": "43.17100", "2005-12-31": "26.66200", "2005-09-30": "41.83400", "2005-06-30": "47.16800", "2005-03-31": "43.79800"}, "Other Operating Income Or Expenses": {"2020-09-30": "", "2020-06-30": "", "2020-03-31": "", "2019-12-31": "", "2019-09-30": "", "2019-06-30": "", "2019-03-31": "", "2018-12-31": "", "2018-09-30": "", "2018-06-30": "84.00000", "2018-03-31": "", "2017-12-31": "", "2017-09-30": "0.00000", "2017-06-30": "-4.00000", "2017-03-31": "", "2016-12-31": "50.00000", "2016-09-30": "0.00000", "2016-06-30": "0.00000", "2016-03-31": "13.00000", "2015-12-31": "-20.00000", "2015-09-30": "0.00000", "2015-06-30": "3.00000", "2015-03-31": "0.00000", "2014-12-31": "", "2014-09-30": "0.00000", "2014-06-30": "31.00000", "2014-03-31": "", "2013-12-31": "", "2013-09-30": "19.00000", "2013-06-30": "0.00000", "2013-03-31": "", "2012-12-31": "", "2012-09-30": "0.00000", "2012-06-30": "", "2012-03-31": "", "2011-12-31": "", "2011-09-30": "", "2011-06-30": "", "2011-03-31": "129.00000", "2010-12-31": "", "2010-09-30": "", "2010-06-30": "", "2010-03-31": "0.00000", "2009-12-31": "", "2009-09-30": "", "2009-06-30": "252.00000", "2009-03-31": "", "2008-12-31": "", "2008-09-30": "", "2008-06-30": "", "2008-03-31": "", "2007-12-31": "1.00000", "2007-09-30": "", "2007-06-30": "0.20800", "2007-03-31": "0.03400", "2006-12-31": "", "2006-09-30": "0.12000", "2006-06-30": "0.16700", "2006-03-31": "", "2005-12-31": "", "2005-09-30": "", "2005-06-30": "", "2005-03-31": ""}, "Operating Expenses": {"2020-09-30": "2030.00000", "2020-06-30": "1824.00000", "2020-03-31": "1904.00000", "2019-12-31": "2169.00000", "2019-09-30": "2059.00000", "2019-06-30": "1974.00000", "2019-03-31": "1933.00000", "2018-12-31": "2098.00000", "2018-09-30": "2223.00000", "2018-06-30": "2195.00000", "2018-03-31": "2103.00000", "2017-12-31": "2701.00000", "2017-09-30": "1218.00000", "2017-06-30": "1115.00000", "2017-03-31": "1126.00000", "2016-12-31": "1147.00000", "2016-09-30": "1098.00000", "2016-06-30": "1122.00000", "2016-03-31": "1072.00000", "2015-12-31": "1205.00000", "2015-09-30": "1052.00000", "2015-06-30": "1097.00000", "2015-03-31": "1055.00000", "2014-12-31": "1200.00000", "2014-09-30": "1057.00000", "2014-06-30": "970.00000", "2014-03-31": "977.00000", "2013-12-31": "1015.00000", "2013-09-30": "887.00000", "2013-06-30": "918.00000", "2013-03-31": "740.00000", "2012-12-31": "715.00000", "2012-09-30": "638.00000", "2012-06-30": "638.00000", "2012-03-31": "637.00000", "2011-12-31": "647.00000", "2011-09-30": "652.00000", "2011-06-30": "622.00000", "2011-03-31": "444.00000", "2010-12-31": "537.00000", "2010-09-30": "614.00000", "2010-06-30": "591.00000", "2010-03-31": "587.00000", "2009-12-31": "633.00000", "2009-09-30": "616.00000", "2009-06-30": "368.00000", "2009-03-31": "567.00000", "2008-12-31": "552.00000", "2008-09-30": "549.00000", "2008-06-30": "677.00000", "2008-03-31": "540.00000", "2007-12-31": "21.00000", "2007-09-30": "19.00000", "2007-06-30": "180.14900", "2007-03-31": "175.08300", "2006-12-31": "-504.69200", "2006-09-30": "267.22600", "2006-06-30": "172.04100", "2006-03-31": "156.42500", "2005-12-31": "172.16010", "2005-09-30": "169.33700", "2005-06-30": "183.00100", "2005-03-31": "171.41300"}, "Operating Income": {"2020-09-30": "531.00000", "2020-06-30": "717.00000", "2020-03-31": "779.00000", "2019-12-31": "705.00000", "2019-09-30": "619.00000", "2019-06-30": "911.00000", "2019-03-31": "774.00000", "2018-12-31": "711.00000", "2018-09-30": "369.00000", "2018-06-30": "650.00000", "2018-03-31": "204.00000", "2017-12-31": "-837.00000", "2017-09-30": "433.00000", "2017-06-30": "630.00000", "2017-03-31": "487.00000", "2016-12-31": "525.00000", "2016-09-30": "458.00000", "2016-06-30": "586.00000", "2016-03-31": "489.00000", "2015-12-31": "441.00000", "2015-09-30": "505.00000", "2015-06-30": "557.00000", "2015-03-31": "482.00000", "2014-12-31": "476.00000", "2014-09-30": "511.00000", "2014-06-30": "640.00000", "2014-03-31": "434.00000", "2013-12-31": "522.00000", "2013-09-30": "488.00000", "2013-06-30": "549.00000", "2013-03-31": "416.00000", "2012-12-31": "485.00000", "2012-09-30": "438.00000", "2012-06-30": "488.00000", "2012-03-31": "448.00000", "2011-12-31": "423.00000", "2011-09-30": "428.00000", "2011-06-30": "445.00000", "2011-03-31": "507.00000", "2010-12-31": "411.00000", "2010-09-30": "312.00000", "2010-06-30": "372.00000", "2010-03-31": "282.00000", "2009-12-31": "308.00000", "2009-09-30": "221.00000", "2009-06-30": "497.00000", "2009-03-31": "248.00000", "2008-12-31": "291.00000", "2008-09-30": "296.00000", "2008-06-30": "208.00000", "2008-03-31": "269.00000", "2007-12-31": "-4.00000", "2007-09-30": "-4.00000", "2007-06-30": "-2.92900", "2007-03-31": "-1.20100", "2006-12-31": "95.45900", "2006-09-30": "-97.35000", "2006-06-30": "-6.25200", "2006-03-31": "-2.85700", "2005-12-31": "2.10590", "2005-09-30": "-1.40300", "2005-06-30": "-4.98200", "2005-03-31": "2.87700"}, "Total Non-Operating Income/Expense": {"2020-09-30": "-212.00000", "2020-06-30": "-261.00000", "2020-03-31": "-242.00000", "2019-12-31": "-142.00000", "2019-09-30": "-175.00000", "2019-06-30": "-195.00000", "2019-03-31": "-203.00000", "2018-12-31": "-217.00000", "2018-09-30": "-191.00000", "2018-06-30": "-283.00000", "2018-03-31": "-221.00000", "2017-12-31": "-213.00000", "2017-09-30": "-269.00000", "2017-06-30": "-157.00000", "2017-03-31": "-211.00000", "2016-12-31": "-65.00000", "2016-09-30": "-137.00000", "2016-06-30": "-76.00000", "2016-03-31": "-109.00000", "2015-12-31": "-98.00000", "2015-09-30": "-92.00000", "2015-06-30": "-129.00000", "2015-03-31": "-107.00000", "2014-12-31": "-112.00000", "2014-09-30": "-69.00000", "2014-06-30": "-48.00000", "2014-03-31": "-85.00000", "2013-12-31": "-63.00000", "2013-09-30": "-69.00000", "2013-06-30": "-68.00000", "2013-03-31": "-39.00000", "2012-12-31": "-80.00000", "2012-09-30": "-89.00000", "2012-06-30": "-67.00000", "2012-03-31": "-105.00000", "2011-12-31": "-76.00000", "2011-09-30": "-61.00000", "2011-06-30": "-47.00000", "2011-03-31": "-56.00000", "2010-12-31": "-77.00000", "2010-09-30": "-65.00000", "2010-06-30": "-221.00000", "2010-03-31": "-62.00000", "2009-12-31": "-62.00000", "2009-09-30": "-66.00000", "2009-06-30": "-52.00000", "2009-03-31": "-55.00000", "2008-12-31": "-109.00000", "2008-09-30": "-69.00000", "2008-06-30": "-44.00000", "2008-03-31": "-85.00000", "2007-12-31": "-14.00000", "2007-09-30": "10.00000", "2007-06-30": "128.11500", "2007-03-31": "30.85400", "2006-12-31": "13.37700", "2006-09-30": "34.63200", "2006-06-30": "32.86800", "2006-03-31": "23.12300", "2005-12-31": "10.37400", "2005-09-30": "34.91300", "2005-06-30": "15.09100", "2005-03-31": "23.13600"}, "Pre-Tax Income": {"2020-09-30": "319.00000", "2020-06-30": "456.00000", "2020-03-31": "537.00000", "2019-12-31": "563.00000", "2019-09-30": "444.00000", "2019-06-30": "716.00000", "2019-03-31": "571.00000", "2018-12-31": "494.00000", "2018-09-30": "178.00000", "2018-06-30": "367.00000", "2018-03-31": "-17.00000", "2017-12-31": "-1050.00000", "2017-09-30": "164.00000", "2017-06-30": "473.00000", "2017-03-31": "276.00000", "2016-12-31": "460.00000", "2016-09-30": "321.00000", "2016-06-30": "510.00000", "2016-03-31": "380.00000", "2015-12-31": "343.00000", "2015-09-30": "413.00000", "2015-06-30": "428.00000", "2015-03-31": "375.00000", "2014-12-31": "364.00000", "2014-09-30": "442.00000", "2014-06-30": "592.00000", "2014-03-31": "349.00000", "2013-12-31": "459.00000", "2013-09-30": "419.00000", "2013-06-30": "481.00000", "2013-03-31": "377.00000", "2012-12-31": "405.00000", "2012-09-30": "349.00000", "2012-06-30": "421.00000", "2012-03-31": "343.00000", "2011-12-31": "347.00000", "2011-09-30": "367.00000", "2011-06-30": "398.00000", "2011-03-31": "451.00000", "2010-12-31": "334.00000", "2010-09-30": "247.00000", "2010-06-30": "151.00000", "2010-03-31": "220.00000", "2009-12-31": "246.00000", "2009-09-30": "155.00000", "2009-06-30": "445.00000", "2009-03-31": "193.00000", "2008-12-31": "182.00000", "2008-09-30": "227.00000", "2008-06-30": "164.00000", "2008-03-31": "184.00000", "2007-12-31": "-18.00000", "2007-09-30": "6.00000", "2007-06-30": "125.18600", "2007-03-31": "29.65300", "2006-12-31": "108.83600", "2006-09-30": "-62.71800", "2006-06-30": "26.61600", "2006-03-31": "20.26600", "2005-12-31": "12.48000", "2005-09-30": "33.51000", "2005-06-30": "10.10900", "2005-03-31": "26.01300"}, "Income Taxes": {"2020-09-30": "-11.00000", "2020-06-30": "156.00000", "2020-03-31": "130.00000", "2019-12-31": "52.00000", "2019-09-30": "147.00000", "2019-06-30": "-271.00000", "2019-03-31": "153.00000", "2018-12-31": "195.00000", "2018-09-30": "43.00000", "2018-06-30": "123.00000", "2018-03-31": "-20.00000", "2017-12-31": "87.00000", "2017-09-30": "-59.00000", "2017-06-30": "93.00000", "2017-03-31": "55.00000", "2016-12-31": "151.00000", "2016-09-30": "96.00000", "2016-06-30": "95.00000", "2016-03-31": "111.00000", "2015-12-31": "117.00000", "2015-09-30": "130.00000", "2015-06-30": "139.00000", "2015-03-31": "125.00000", "2014-12-31": "129.00000", "2014-09-30": "155.00000", "2014-06-30": "208.00000", "2014-03-31": "118.00000", "2013-12-31": "169.00000", "2013-09-30": "163.00000", "2013-06-30": "181.00000", "2013-03-31": "146.00000", "2012-12-31": "181.00000", "2012-09-30": "134.00000", "2012-06-30": "127.00000", "2012-03-31": "120.00000", "2011-12-31": "10.00000", "2011-09-30": "127.00000", "2011-06-30": "144.00000", "2011-03-31": "146.00000", "2010-12-31": "122.00000", "2010-09-30": "83.00000", "2010-06-30": "41.00000", "2010-03-31": "47.00000", "2009-12-31": "83.00000", "2009-09-30": "52.00000", "2009-06-30": "264.00000", "2009-03-31": "70.00000", "2008-12-31": "68.00000", "2008-09-30": "93.00000", "2008-06-30": "82.00000", "2008-03-31": "110.00000", "2007-12-31": "-6.00000", "2007-09-30": "4.00000", "2007-06-30": "50.96900", "2007-03-31": "9.18900", "2006-12-31": "5.55200", "2006-09-30": "13.91500", "2006-06-30": "12.88200", "2006-03-31": "8.65100", "2005-12-31": "1.24500", "2005-09-30": "32.32100", "2005-06-30": "6.08200", "2005-03-31": "9.18800"}, "Income After Taxes": {"2020-09-30": "330.00000", "2020-06-30": "300.00000", "2020-03-31": "407.00000", "2019-12-31": "511.00000", "2019-09-30": "297.00000", "2019-06-30": "987.00000", "2019-03-31": "418.00000", "2018-12-31": "299.00000", "2018-09-30": "135.00000", "2018-06-30": "244.00000", "2018-03-31": "3.00000", "2017-12-31": "-1137.00000", "2017-09-30": "223.00000", "2017-06-30": "380.00000", "2017-03-31": "221.00000", "2016-12-31": "309.00000", "2016-09-30": "225.00000", "2016-06-30": "415.00000", "2016-03-31": "269.00000", "2015-12-31": "226.00000", "2015-09-30": "283.00000", "2015-06-30": "289.00000", "2015-03-31": "250.00000", "2014-12-31": "235.00000", "2014-09-30": "287.00000", "2014-06-30": "384.00000", "2014-03-31": "231.00000", "2013-12-31": "290.00000", "2013-09-30": "256.00000", "2013-06-30": "300.00000", "2013-03-31": "231.00000", "2012-12-31": "224.00000", "2012-09-30": "215.00000", "2012-06-30": "294.00000", "2012-03-31": "223.00000", "2011-12-31": "337.00000", "2011-09-30": "240.00000", "2011-06-30": "254.00000", "2011-03-31": "305.00000", "2010-12-31": "212.00000", "2010-09-30": "164.00000", "2010-06-30": "110.00000", "2010-03-31": "173.00000", "2009-12-31": "163.00000", "2009-09-30": "103.00000", "2009-06-30": "181.00000", "2009-03-31": "123.00000", "2008-12-31": "114.00000", "2008-09-30": "134.00000", "2008-06-30": "82.00000", "2008-03-31": "74.00000", "2007-12-31": "-12.00000", "2007-09-30": "2.00000", "2007-06-30": "74.21700", "2007-03-31": "20.46400", "2006-12-31": "103.28400", "2006-09-30": "-76.63300", "2006-06-30": "13.73400", "2006-03-31": "11.61500", "2005-12-31": "11.23500", "2005-09-30": "1.18900", "2005-06-30": "4.02700", "2005-03-31": "16.82500"}, "Other Income": {"2020-09-30": "", "2020-06-30": "", "2020-03-31": "", "2019-12-31": "", "2019-09-30": "", "2019-06-30": "", "2019-03-31": "", "2018-12-31": "", "2018-09-30": "", "2018-06-30": "", "2018-03-31": "", "2017-12-31": "", "2017-09-30": "", "2017-06-30": "", "2017-03-31": "", "2016-12-31": "", "2016-09-30": "", "2016-06-30": "", "2016-03-31": "", "2015-12-31": "", "2015-09-30": "", "2015-06-30": "", "2015-03-31": "", "2014-12-31": "", "2014-09-30": "", "2014-06-30": "", "2014-03-31": "", "2013-12-31": "", "2013-09-30": "", "2013-06-30": "", "2013-03-31": "", "2012-12-31": "", "2012-09-30": "", "2012-06-30": "", "2012-03-31": "", "2011-12-31": "", "2011-09-30": "", "2011-06-30": "", "2011-03-31": "", "2010-12-31": "", "2010-09-30": "", "2010-06-30": "", "2010-03-31": "", "2009-12-31": "", "2009-09-30": "", "2009-06-30": "", "2009-03-31": "", "2008-12-31": "", "2008-09-30": "", "2008-06-30": "", "2008-03-31": "", "2007-12-31": "", "2007-09-30": "", "2007-06-30": "", "2007-03-31": "", "2006-12-31": "", "2006-09-30": "", "2006-06-30": "", "2006-03-31": "", "2005-12-31": "", "2005-09-30": "", "2005-06-30": "", "2005-03-31": ""}, "Income From Continuous Operations": {"2020-09-30": "330.00000", "2020-06-30": "300.00000", "2020-03-31": "407.00000", "2019-12-31": "511.00000", "2019-09-30": "297.00000", "2019-06-30": "987.00000", "2019-03-31": "418.00000", "2018-12-31": "299.00000", "2018-09-30": "135.00000", "2018-06-30": "244.00000", "2018-03-31": "3.00000", "2017-12-31": "-1137.00000", "2017-09-30": "223.00000", "2017-06-30": "380.00000", "2017-03-31": "221.00000", "2016-12-31": "309.00000", "2016-09-30": "225.00000", "2016-06-30": "415.00000", "2016-03-31": "269.00000", "2015-12-31": "226.00000", "2015-09-30": "283.00000", "2015-06-30": "289.00000", "2015-03-31": "250.00000", "2014-12-31": "235.00000", "2014-09-30": "287.00000", "2014-06-30": "384.00000", "2014-03-31": "231.00000", "2013-12-31": "290.00000", "2013-09-30": "256.00000", "2013-06-30": "300.00000", "2013-03-31": "231.00000", "2012-12-31": "224.00000", "2012-09-30": "215.00000", "2012-06-30": "294.00000", "2012-03-31": "223.00000", "2011-12-31": "337.00000", "2011-09-30": "240.00000", "2011-06-30": "254.00000", "2011-03-31": "305.00000", "2010-12-31": "212.00000", "2010-09-30": "164.00000", "2010-06-30": "110.00000", "2010-03-31": "173.00000", "2009-12-31": "163.00000", "2009-09-30": "103.00000", "2009-06-30": "181.00000", "2009-03-31": "123.00000", "2008-12-31": "114.00000", "2008-09-30": "134.00000", "2008-06-30": "82.00000", "2008-03-31": "74.00000", "2007-12-31": "-12.00000", "2007-09-30": "2.00000", "2007-06-30": "74.21700", "2007-03-31": "20.46400", "2006-12-31": "103.28400", "2006-09-30": "-76.63300", "2006-06-30": "13.73400", "2006-03-31": "11.61500", "2005-12-31": "11.23500", "2005-09-30": "1.18900", "2005-06-30": "4.02700", "2005-03-31": "16.82500"}, "Income From Discontinued Operations": {"2020-09-30": "", "2020-06-30": "", "2020-03-31": "", "2019-12-31": "", "2019-09-30": "", "2019-06-30": "", "2019-03-31": "", "2018-12-31": "", "2018-09-30": "", "2018-06-30": "", "2018-03-31": "", "2017-12-31": "", "2017-09-30": "", "2017-06-30": "", "2017-03-31": "", "2016-12-31": "", "2016-09-30": "", "2016-06-30": "", "2016-03-31": "", "2015-12-31": "", "2015-09-30": "", "2015-06-30": "", "2015-03-31": "", "2014-12-31": "", "2014-09-30": "", "2014-06-30": "", "2014-03-31": "", "2013-12-31": "", "2013-09-30": "", "2013-06-30": "", "2013-03-31": "", "2012-12-31": "", "2012-09-30": "-9.00000", "2012-06-30": "-1.00000", "2012-03-31": "-1.00000", "2011-12-31": "", "2011-09-30": "-3.00000", "2011-06-30": "", "2011-03-31": "", "2010-12-31": "-15.00000", "2010-09-30": "25.00000", "2010-06-30": "", "2010-03-31": "", "2009-12-31": "-7.00000", "2009-09-30": "1.00000", "2009-06-30": "", "2009-03-31": "", "2008-12-31": "", "2008-09-30": "40.00000", "2008-06-30": "", "2008-03-31": "", "2007-12-31": "-158.00000", "2007-09-30": "5.00000", "2007-06-30": "", "2007-03-31": "", "2006-12-31": "", "2006-09-30": "", "2006-06-30": "", "2006-03-31": "", "2005-12-31": "", "2005-09-30": "", "2005-06-30": "", "2005-03-31": ""}, "Net Income": {"2020-09-30": "300.00000", "2020-06-30": "271.00000", "2020-03-31": "377.00000", "2019-12-31": "476.00000", "2019-09-30": "262.00000", "2019-06-30": "947.00000", "2019-03-31": "384.00000", "2018-12-31": "269.00000", "2018-09-30": "117.00000", "2018-06-30": "216.00000", "2018-03-31": "-8.00000", "2017-12-31": "-1144.00000", "2017-09-30": "218.00000", "2017-06-30": "374.00000", "2017-03-31": "215.00000", "2016-12-31": "304.00000", "2016-09-30": "219.00000", "2016-06-30": "408.00000", "2016-03-31": "263.00000", "2015-12-31": "333.00000", "2015-09-30": "218.00000", "2015-06-30": "286.00000", "2015-03-31": "197.00000", "2014-12-31": "434.00000", "2014-09-30": "222.00000", "2014-06-30": "299.00000", "2014-03-31": "184.00000", "2013-12-31": "292.00000", "2013-09-30": "255.00000", "2013-06-30": "297.00000", "2013-03-31": "231.00000", "2012-12-31": "224.00000", "2012-09-30": "205.00000", "2012-06-30": "293.00000", "2012-03-31": "221.00000", "2011-12-31": "336.00000", "2011-09-30": "237.00000", "2011-06-30": "254.00000", "2011-03-31": "305.00000", "2010-12-31": "191.00000", "2010-09-30": "186.00000", "2010-06-30": "106.00000", "2010-03-31": "169.00000", "2009-12-31": "151.00000", "2009-09-30": "94.00000", "2009-06-30": "177.00000", "2009-03-31": "119.00000", "2008-12-31": "106.00000", "2008-09-30": "134.00000", "2008-06-30": "43.00000", "2008-03-31": "34.00000", "2007-12-31": "-170.00000", "2007-09-30": "7.00000", "2007-06-30": "74.21700", "2007-03-31": "20.46400", "2006-12-31": "5.28400", "2006-09-30": "-76.63300", "2006-06-30": "13.73400", "2006-03-31": "11.61500", "2005-12-31": "11.23500", "2005-09-30": "1.18900", "2005-06-30": "4.02700", "2005-03-31": "16.82500"}, "EBITDA": {"2020-09-30": "1635.00000", "2020-06-30": "1740.00000", "2020-03-31": "1809.00000", "2019-12-31": "1813.00000", "2019-09-30": "1796.00000", "2019-06-30": "1912.00000", "2019-03-31": "1843.00000", "2018-12-31": "1873.00000", "2018-09-30": "1630.00000", "2018-06-30": "1969.00000", "2018-03-31": "1148.00000", "2017-12-31": "1093.00000", "2017-09-30": "1000.00000", "2017-06-30": "1620.00000", "2017-03-31": "567.00000", "2016-12-31": "1088.00000", "2016-09-30": "967.00000", "2016-06-30": "1089.00000", "2016-03-31": "1009.00000", "2015-12-31": "994.00000", "2015-09-30": "1002.00000", "2015-06-30": "1058.00000", "2015-03-31": "970.00000", "2014-12-31": "1036.00000", "2014-09-30": "974.00000", "2014-06-30": "1068.00000", "2014-03-31": "869.00000", "2013-12-31": "934.00000", "2013-09-30": "880.00000", "2013-06-30": "943.00000", "2013-03-31": "684.00000", "2012-12-31": "762.00000", "2012-09-30": "681.00000", "2012-06-30": "733.00000", "2012-03-31": "685.00000", "2011-12-31": "727.00000", "2011-09-30": "700.00000", "2011-06-30": "671.00000", "2011-03-31": "722.00000", "2010-12-31": "1147.00000", "2010-09-30": "356.00000", "2010-06-30": "405.00000", "2010-03-31": "316.00000", "2009-12-31": "539.00000", "2009-09-30": "438.00000", "2009-06-30": "709.00000", "2009-03-31": "452.00000", "2008-12-31": "358.00000", "2008-09-30": "364.00000", "2008-06-30": "272.00000", "2008-03-31": "332.00000", "2007-12-31": "179.00000", "2007-09-30": "13.01400", "2007-06-30": "14.48600", "2007-03-31": "14.37000", "2006-12-31": "115.06200", "2006-09-30": "12.08800", "2006-06-30": "10.05200", "2006-03-31": "12.79800", "2005-12-31": "23.59490", "2005-09-30": "16.48100", "2005-06-30": "15.26100", "2005-03-31": "19.63800"}, "EBIT": {"2020-09-30": "531.00000", "2020-06-30": "717.00000", "2020-03-31": "779.00000", "2019-12-31": "705.00000", "2019-09-30": "619.00000", "2019-06-30": "911.00000", "2019-03-31": "774.00000", "2018-12-31": "711.00000", "2018-09-30": "369.00000", "2018-06-30": "650.00000", "2018-03-31": "204.00000", "2017-12-31": "-837.00000", "2017-09-30": "433.00000", "2017-06-30": "630.00000", "2017-03-31": "487.00000", "2016-12-31": "525.00000", "2016-09-30": "458.00000", "2016-06-30": "586.00000", "2016-03-31": "489.00000", "2015-12-31": "441.00000", "2015-09-30": "505.00000", "2015-06-30": "557.00000", "2015-03-31": "482.00000", "2014-12-31": "476.00000", "2014-09-30": "511.00000", "2014-06-30": "640.00000", "2014-03-31": "434.00000", "2013-12-31": "522.00000", "2013-09-30": "488.00000", "2013-06-30": "549.00000", "2013-03-31": "416.00000", "2012-12-31": "485.00000", "2012-09-30": "438.00000", "2012-06-30": "488.00000", "2012-03-31": "448.00000", "2011-12-31": "423.00000", "2011-09-30": "428.00000", "2011-06-30": "445.00000", "2011-03-31": "507.00000", "2010-12-31": "411.00000", "2010-09-30": "312.00000", "2010-06-30": "372.00000", "2010-03-31": "282.00000", "2009-12-31": "308.00000", "2009-09-30": "221.00000", "2009-06-30": "497.00000", "2009-03-31": "248.00000", "2008-12-31": "291.00000", "2008-09-30": "296.00000", "2008-06-30": "208.00000", "2008-03-31": "269.00000", "2007-12-31": "-4.00000", "2007-09-30": "-4.00000", "2007-06-30": "-2.92900", "2007-03-31": "-1.20100", "2006-12-31": "95.45900", "2006-09-30": "-97.35000", "2006-06-30": "-6.25200", "2006-03-31": "-2.85700", "2005-12-31": "2.10590", "2005-09-30": "-1.40300", "2005-06-30": "-4.98200", "2005-03-31": "2.87700"}, "Basic Shares Outstanding": {"2020-09-30": "505.00000", "2020-06-30": "508.00000", "2020-03-31": "517.00000", "2019-12-31": "529.00000", "2019-09-30": "535.00000", "2019-06-30": "528.00000", "2019-03-31": "524.00000", "2018-12-31": "498.00000", "2018-09-30": "523.00000", "2018-06-30": "523.00000", "2018-03-31": "422.00000", "2017-12-31": "384.00000", "2017-09-30": "381.00000", "2017-06-30": "384.00000", "2017-03-31": "389.00000", "2016-12-31": "401.00000", "2016-09-30": "395.00000", "2016-06-30": "404.00000", "2016-03-31": "413.00000", "2015-12-31": "432.00000", "2015-09-30": "432.00000", "2015-06-30": "432.00000", "2015-03-31": "439.00000", "2014-12-31": "454.00000", "2014-09-30": "449.00000", "2014-06-30": "457.00000", "2014-03-31": "468.00000", "2013-12-31": "484.00000", "2013-09-30": "483.00000", "2013-06-30": "359.00000", "2013-03-31": "363.00000", "2012-12-31": "498.00000", "2012-09-30": "372.00000", "2012-06-30": "381.00000", "2012-03-31": "386.00000", "2011-12-31": "401.00000", "2011-09-30": "398.00000", "2011-06-30": "406.00000", "2011-03-31": "409.00000", "2010-12-31": "425.00000", "2010-09-30": "426.00000", "2010-06-30": "426.00000", "2010-03-31": "425.00000", "2009-12-31": "423.00000", "2009-09-30": "424.00000", "2009-06-30": "422.00000", "2009-03-31": "422.00000", "2008-12-31": "321.00000", "2008-09-30": "302.00000", "2008-06-30": "282.00000", "2008-03-31": "282.00000", "2007-12-31": "281.00000", "2007-09-30": "280.00000", "2007-06-30": "280.35100", "2007-03-31": "280.22200", "2006-12-31": "280.00000", "2006-09-30": "279.94900", "2006-06-30": "279.95000", "2006-03-31": "279.95000", "2005-12-31": "279.55700", "2005-09-30": "", "2005-06-30": "280.19900", "2005-03-31": "280.19900"}, "Shares Outstanding": {"2020-09-30": "672.00000", "2020-06-30": "674.00000", "2020-03-31": "685.00000", "2019-12-31": "711.00000", "2019-09-30": "713.00000", "2019-06-30": "716.00000", "2019-03-31": "714.00000", "2018-12-31": "688.00000", "2018-09-30": "713.00000", "2018-06-30": "712.00000", "2018-03-31": "609.00000", "2017-12-31": "576.00000", "2017-09-30": "571.00000", "2017-06-30": "578.00000", "2017-03-31": "588.00000", "2016-12-31": "610.00000", "2016-09-30": "602.00000", "2016-06-30": "616.00000", "2016-03-31": "630.00000", "2015-12-31": "656.00000", "2015-09-30": "653.00000", "2015-06-30": "655.00000", "2015-03-31": "667.00000", "2014-12-31": "687.00000", "2014-09-30": "682.00000", "2014-06-30": "692.00000", "2014-03-31": "704.00000", "2013-12-31": "722.00000", "2013-09-30": "719.00000", "2013-06-30": "363.00000", "2013-03-31": "367.00000", "2012-12-31": "759.00000", "2012-09-30": "375.00000", "2012-06-30": "384.00000", "2012-03-31": "390.00000", "2011-12-31": "405.00000", "2011-09-30": "401.00000", "2011-06-30": "410.00000", "2011-03-31": "414.00000", "2010-12-31": "429.00000", "2010-09-30": "431.00000", "2010-06-30": "431.00000", "2010-03-31": "429.00000", "2009-12-31": "425.00000", "2009-09-30": "427.00000", "2009-06-30": "424.00000", "2009-03-31": "422.00000", "2008-12-31": "322.00000", "2008-09-30": "302.00000", "2008-06-30": "282.00000", "2008-03-31": "282.00000", "2007-12-31": "281.00000", "2007-09-30": "280.00000", "2007-06-30": "280.35100", "2007-03-31": "280.22200", "2006-12-31": "280.00000", "2006-09-30": "279.94900", "2006-06-30": "279.95000", "2006-03-31": "279.95000", "2005-12-31": "279.55700", "2005-09-30": "", "2005-06-30": "280.19900", "2005-03-31": "280.19900"}, "Basic EPS": {"2020-09-30": "0.44000", "2020-06-30": "0.40000", "2020-03-31": "0.55000", "2019-12-31": "0.69000", "2019-09-30": "0.35000", "2019-06-30": "1.33000", "2019-03-31": "0.53000", "2018-12-31": "0.41000", "2018-09-30": "0.16000", "2018-06-30": "0.30000", "2018-03-31": "-0.01000", "2017-12-31": "-1.99000", "2017-09-30": "0.38000", "2017-06-30": "0.65000", "2017-03-31": "0.37000", "2016-12-31": "0.52000", "2016-09-30": "0.37000", "2016-06-30": "0.66000", "2016-03-31": "0.42000", "2015-12-31": "0.34000", "2015-09-30": "0.43000", "2015-06-30": "0.44000", "2015-03-31": "0.38000", "2014-12-31": "0.38000", "2014-09-30": "0.41000", "2014-06-30": "0.55000", "2014-03-31": "0.33000", "2013-12-31": "-0.33000", "2013-09-30": "0.36000", "2013-06-30": "0.83000", "2013-03-31": "0.64000", "2012-12-31": "-0.64000", "2012-09-30": "0.55000", "2012-06-30": "0.77000", "2012-03-31": "0.57000", "2011-12-31": "0.84000", "2011-09-30": "0.60000", "2011-06-30": "0.63000", "2011-03-31": "0.75000", "2010-12-31": "0.44000", "2010-09-30": "0.44000", "2010-06-30": "0.25000", "2010-03-31": "0.40000", "2009-12-31": "0.36000", "2009-09-30": "0.22000", "2009-06-30": "0.42000", "2009-03-31": "0.28000", "2008-12-31": "0.27000", "2008-09-30": "0.44000", "2008-06-30": "0.16000", "2008-03-31": "0.12000", "2007-12-31": "-0.60000", "2007-09-30": "0.03000", "2007-06-30": "0.26000", "2007-03-31": "0.07000", "2006-12-31": "0.02000", "2006-09-30": "-0.27000", "2006-06-30": "0.05000", "2006-03-31": "0.04000", "2005-12-31": "0.05000", "2005-09-30": "", "2005-06-30": "0.01000", "2005-03-31": "0.06000"}, "EPS - Earnings Per Share": {"2020-09-30": "0.44000", "2020-06-30": "0.40000", "2020-03-31": "0.55000", "2019-12-31": "0.67000", "2019-09-30": "0.35000", "2019-06-30": "1.33000", "2019-03-31": "0.53000", "2018-12-31": "0.41000", "2018-09-30": "0.16000", "2018-06-30": "0.30000", "2018-03-31": "-0.01000", "2017-12-31": "-1.98000", "2017-09-30": "0.38000", "2017-06-30": "0.64000", "2017-03-31": "0.37000", "2016-12-31": "0.52000", "2016-09-30": "0.36000", "2016-06-30": "0.66000", "2016-03-31": "0.42000", "2015-12-31": "0.34000", "2015-09-30": "0.43000", "2015-06-30": "0.44000", "2015-03-31": "0.37000", "2014-12-31": "0.38000", "2014-09-30": "0.41000", "2014-06-30": "0.54000", "2014-03-31": "0.33000", "2013-12-31": "-0.31000", "2013-09-30": "0.35000", "2013-06-30": "0.82000", "2013-03-31": "0.63000", "2012-12-31": "-0.64000", "2012-09-30": "0.55000", "2012-06-30": "0.76000", "2012-03-31": "0.57000", "2011-12-31": "0.85000", "2011-09-30": "0.59000", "2011-06-30": "0.62000", "2011-03-31": "0.74000", "2010-12-31": "0.45000", "2010-09-30": "0.43000", "2010-06-30": "0.25000", "2010-03-31": "0.39000", "2009-12-31": "0.35000", "2009-09-30": "0.22000", "2009-06-30": "0.42000", "2009-03-31": "0.28000", "2008-12-31": "0.26000", "2008-09-30": "0.44000", "2008-06-30": "0.16000", "2008-03-31": "0.12000", "2007-12-31": "-0.60000", "2007-09-30": "0.03000", "2007-06-30": "0.26000", "2007-03-31": "0.07000", "2006-12-31": "0.02000", "2006-09-30": "-0.27000", "2006-06-30": "0.05000", "2006-03-31": "0.04000", "2005-12-31": "0.05000", "2005-09-30": "0.00000", "2005-06-30": "0.01000", "2005-03-31": "0.06000"}}, "balance sheet": {"Cash On Hand": {"2019-12-31": "1552.00000", "2018-12-31": "986.00000", "2017-12-31": "7309.00000", "2016-12-31": "300.00000", "2015-12-31": "390.00000", "2014-12-31": "367.00000", "2013-12-31": "408.00000", "2012-12-31": "1201.00000", "2011-12-31": "1048.00000", "2010-12-31": "466.00000", "2009-12-31": "623.00000", "2008-12-31": "100.00000", "2007-12-31": "8.00000", "2006-12-31": "154.77500", "2005-12-31": "250.35200"}, "Receivables": {"2019-12-31": "2633.00000", "2018-12-31": "2620.00000", "2017-12-31": "1838.00000", "2016-12-31": "1495.00000", "2015-12-31": "1479.00000", "2014-12-31": "1433.00000", "2013-12-31": "1371.00000", "2012-12-31": "1130.00000", "2011-12-31": "1042.00000", "2010-12-31": "880.00000", "2009-12-31": "812.00000", "2008-12-31": "780.00000", "2007-12-31": "10.00000", "2006-12-31": "147.43600", "2005-12-31": "134.61500"}, "Inventory": {"2019-12-31": "", "2018-12-31": "", "2017-12-31": "", "2016-12-31": "", "2015-12-31": "", "2014-12-31": "", "2013-12-31": "", "2012-12-31": "", "2011-12-31": "", "2010-12-31": "", "2009-12-31": "", "2008-12-31": "", "2007-12-31": "", "2006-12-31": "", "2005-12-31": ""}, "Pre-Paid Expenses": {"2019-12-31": "453.00000", "2018-12-31": "312.00000", "2017-12-31": "434.00000", "2016-12-31": "397.00000", "2015-12-31": "346.00000", "2014-12-31": "275.00000", "2013-12-31": "281.00000", "2012-12-31": "203.00000", "2011-12-31": "175.00000", "2010-12-31": "225.00000", "2009-12-31": "90.00000", "2008-12-31": "107.00000", "2007-12-31": "2.00000", "2006-12-31": "11.52200", "2005-12-31": "10.98600"}, "Other Current Assets": {"2019-12-31": "579.00000", "2018-12-31": "313.00000", "2017-12-31": "410.00000", "2016-12-31": "310.00000", "2015-12-31": "313.00000", "2014-12-31": "329.00000", "2013-12-31": "277.00000", "2012-12-31": "122.00000", "2011-12-31": "93.00000", "2010-12-31": "83.00000", "2009-12-31": "75.00000", "2008-12-31": "73.00000", "2007-12-31": "", "2006-12-31": "3.62900", "2005-12-31": "4.43300"}, "Total Current Assets": {"2019-12-31": "5217.00000", "2018-12-31": "4231.00000", "2017-12-31": "9991.00000", "2016-12-31": "2502.00000", "2015-12-31": "2596.00000", "2014-12-31": "2491.00000", "2013-12-31": "2410.00000", "2012-12-31": "2730.00000", "2011-12-31": "2431.00000", "2010-12-31": "1735.00000", "2009-12-31": "1671.00000", "2008-12-31": "1109.00000", "2007-12-31": "372.00000", "2006-12-31": "317.36200", "2005-12-31": "400.38600"}, "Property, Plant, And Equipment": {"2019-12-31": "951.00000", "2018-12-31": "800.00000", "2017-12-31": "597.00000", "2016-12-31": "482.00000", "2015-12-31": "488.00000", "2014-12-31": "554.00000", "2013-12-31": "514.00000", "2012-12-31": "388.00000", "2011-12-31": "379.00000", "2010-12-31": "399.00000", "2009-12-31": "409.00000", "2008-12-31": "395.00000", "2007-12-31": "5.00000", "2006-12-31": "280.77500", "2005-12-31": "256.24500"}, "Long-Term Investments": {"2019-12-31": "568.00000", "2018-12-31": "935.00000", "2017-12-31": "335.00000", "2016-12-31": "557.00000", "2015-12-31": "567.00000", "2014-12-31": "644.00000", "2013-12-31": "1087.00000", "2012-12-31": "1095.00000", "2011-12-31": "807.00000", "2010-12-31": "455.00000", "2009-12-31": "", "2008-12-31": "", "2007-12-31": "3272.00000", "2006-12-31": "3180.99400", "2005-12-31": "3018.62200"}, "Goodwill And Intangible Assets": {"2019-12-31": "21717.00000", "2018-12-31": "22680.00000", "2017-12-31": "8843.00000", "2016-12-31": "9552.00000", "2015-12-31": "9894.00000", "2014-12-31": "10207.00000", "2013-12-31": "8906.00000", "2012-12-31": "7010.00000", "2011-12-31": "6862.00000", "2010-12-31": "7039.00000", "2009-12-31": "7076.00000", "2008-12-31": "7607.00000", "2007-12-31": "1783.00000", "2006-12-31": "2074.78900", "2005-12-31": "2133.51800"}, "Other Long-Term Assets": {"2019-12-31": "5282.00000", "2018-12-31": "3904.00000", "2017-12-31": "2789.00000", "2016-12-31": "2579.00000", "2015-12-31": "2319.00000", "2014-12-31": "2074.00000", "2013-12-31": "2062.00000", "2012-12-31": "1707.00000", "2011-12-31": "1434.00000", "2010-12-31": "1391.00000", "2009-12-31": "1796.00000", "2008-12-31": "1373.00000", "2007-12-31": "", "2006-12-31": "17.06200", "2005-12-31": "10.46500"}, "Total Long-Term Assets": {"2019-12-31": "28518.00000", "2018-12-31": "28319.00000", "2017-12-31": "12564.00000", "2016-12-31": "13170.00000", "2015-12-31": "13268.00000", "2014-12-31": "13479.00000", "2013-12-31": "12569.00000", "2012-12-31": "10200.00000", "2011-12-31": "9482.00000", "2010-12-31": "9284.00000", "2009-12-31": "9281.00000", "2008-12-31": "9375.00000", "2007-12-31": "5494.00000", "2006-12-31": "5553.62000", "2005-12-31": "5418.85000"}, "Total Assets": {"2019-12-31": "33735.00000", "2018-12-31": "32550.00000", "2017-12-31": "22555.00000", "2016-12-31": "15672.00000", "2015-12-31": "15864.00000", "2014-12-31": "15970.00000", "2013-12-31": "14979.00000", "2012-12-31": "12930.00000", "2011-12-31": "11913.00000", "2010-12-31": "11019.00000", "2009-12-31": "10952.00000", "2008-12-31": "10484.00000", "2007-12-31": "5866.00000", "2006-12-31": "5870.98200", "2005-12-31": "5819.23600"}, "Total Current Liabilities": {"2019-12-31": "3239.00000", "2018-12-31": "3997.00000", "2017-12-31": "1871.00000", "2016-12-31": "1561.00000", "2015-12-31": "1579.00000", "2014-12-31": "2604.00000", "2013-12-31": "1294.00000", "2012-12-31": "946.00000", "2011-12-31": "746.00000", "2010-12-31": "785.00000", "2009-12-31": "783.00000", "2008-12-31": "1070.00000", "2007-12-31": "120.00000", "2006-12-31": "121.88700", "2005-12-31": "93.77300"}, "Long Term Debt": {"2019-12-31": "14810.00000", "2018-12-31": "14974.00000", "2017-12-31": "14755.00000", "2016-12-31": "7841.00000", "2015-12-31": "7616.00000", "2014-12-31": "6002.00000", "2013-12-31": "6482.00000", "2012-12-31": "5212.00000", "2011-12-31": "4219.00000", "2010-12-31": "3598.00000", "2009-12-31": "3457.00000", "2008-12-31": "3331.00000", "2007-12-31": "", "2006-12-31": "", "2005-12-31": ""}, "Other Non-Current Liabilities": {"2019-12-31": "2029.00000", "2018-12-31": "1251.00000", "2017-12-31": "587.00000", "2016-12-31": "393.00000", "2015-12-31": "421.00000", "2014-12-31": "425.00000", "2013-12-31": "333.00000", "2012-12-31": "207.00000", "2011-12-31": "92.00000", "2010-12-31": "99.00000", "2009-12-31": "175.00000", "2008-12-31": "227.00000", "2007-12-31": "1.00000", "2006-12-31": "25.23700", "2005-12-31": "22.36100"}, "Total Long Term Liabilities": {"2019-12-31": "18972.00000", "2018-12-31": "18451.00000", "2017-12-31": "16074.00000", "2016-12-31": "8944.00000", "2015-12-31": "8834.00000", "2014-12-31": "7762.00000", "2013-12-31": "7488.00000", "2012-12-31": "5691.00000", "2011-12-31": "4648.00000", "2010-12-31": "4001.00000", "2009-12-31": "3949.00000", "2008-12-31": "3853.00000", "2007-12-31": "1251.00000", "2006-12-31": "1199.83100", "2005-12-31": "1150.03800"}, "Total Liabilities": {"2019-12-31": "22211.00000", "2018-12-31": "22448.00000", "2017-12-31": "17945.00000", "2016-12-31": "10505.00000", "2015-12-31": "10413.00000", "2014-12-31": "10366.00000", "2013-12-31": "8782.00000", "2012-12-31": "6637.00000", "2011-12-31": "5394.00000", "2010-12-31": "4786.00000", "2009-12-31": "4732.00000", "2008-12-31": "4923.00000", "2007-12-31": "1371.00000", "2006-12-31": "1321.71800", "2005-12-31": "1243.81100"}, "Common Stock Net": {"2019-12-31": "7.00000", "2018-12-31": "7.00000", "2017-12-31": "5.00000", "2016-12-31": "5.00000", "2015-12-31": "5.00000", "2014-12-31": "5.00000", "2013-12-31": "3.00000", "2012-12-31": "3.00000", "2011-12-31": "3.00000", "2010-12-31": "3.00000", "2009-12-31": "3.00000", "2008-12-31": "3.00000", "2007-12-31": "3.00000", "2006-12-31": "2.80200", "2005-12-31": "2.80200"}, "Retained Earnings (Accumulated Deficit)": {"2019-12-31": "7333.00000", "2018-12-31": "5254.00000", "2017-12-31": "4632.00000", "2016-12-31": "5232.00000", "2015-12-31": "4517.00000", "2014-12-31": "3809.00000", "2013-12-31": "2892.00000", "2012-12-31": "2075.00000", "2011-12-31": "1132.00000", "2010-12-31": "", "2009-12-31": "-387.00000", "2008-12-31": "-936.00000", "2007-12-31": "-1253.00000", "2006-12-31": "-1183.83100", "2005-12-31": "-1137.82100"}, "Comprehensive Income": {"2019-12-31": "-822.00000", "2018-12-31": "-785.00000", "2017-12-31": "-585.00000", "2016-12-31": "-762.00000", "2015-12-31": "-633.00000", "2014-12-31": "-368.00000", "2013-12-31": "4.00000", "2012-12-31": "4.00000", "2011-12-31": "-23.00000", "2010-12-31": "-33.00000", "2009-12-31": "-21.00000", "2008-12-31": "-78.00000", "2007-12-31": "17.00000", "2006-12-31": "15.91400", "2005-12-31": "-1.86000"}, "Other Share Holders Equity": {"2019-12-31": "", "2018-12-31": "", "2017-12-31": "", "2016-12-31": "", "2015-12-31": "", "2014-12-31": "", "2013-12-31": "", "2012-12-31": "", "2011-12-31": "", "2010-12-31": "", "2009-12-31": "", "2008-12-31": "", "2007-12-31": "", "2006-12-31": "", "2005-12-31": ""}, "Share Holder Equity": {"2019-12-31": "11524.00000", "2018-12-31": "10102.00000", "2017-12-31": "4610.00000", "2016-12-31": "5167.00000", "2015-12-31": "5451.00000", "2014-12-31": "5604.00000", "2013-12-31": "6197.00000", "2012-12-31": "6293.00000", "2011-12-31": "6519.00000", "2010-12-31": "6233.00000", "2009-12-31": "6220.00000", "2008-12-31": "5561.00000", "2007-12-31": "4495.00000", "2006-12-31": "4549.26400", "2005-12-31": "4575.42500"}, "Total Liabilities And Share Holders Equity": {"2019-12-31": "33735.00000", "2018-12-31": "32550.00000", "2017-12-31": "22555.00000", "2016-12-31": "15672.00000", "2015-12-31": "15864.00000", "2014-12-31": "15970.00000", "2013-12-31": "14979.00000", "2012-12-31": "12930.00000", "2011-12-31": "11913.00000", "2010-12-31": "11019.00000", "2009-12-31": "10952.00000", "2008-12-31": "10484.00000", "2007-12-31": "5866.00000", "2006-12-31": "5870.98200", "2005-12-31": "5819.23600"}}, "balance sheet, quarterly": {"Cash On Hand": {"2020-09-30": "1893.00000", "2020-06-30": "1683.00000", "2020-03-31": "1453.00000", "2019-12-31": "1552.00000", "2019-09-30": "813.00000", "2019-06-30": "1321.00000", "2019-03-31": "745.00000", "2018-12-31": "986.00000", "2018-09-30": "531.00000", "2018-06-30": "392.00000", "2018-03-31": "812.00000", "2017-12-31": "7309.00000", "2017-09-30": "6994.00000", "2017-06-30": "206.00000", "2017-03-31": "267.00000", "2016-12-31": "300.00000", "2016-09-30": "224.00000", "2016-06-30": "185.00000", "2016-03-31": "333.00000", "2015-12-31": "390.00000", "2015-09-30": "262.00000", "2015-06-30": "232.00000", "2015-03-31": "321.00000", "2014-12-31": "367.00000", "2014-09-30": "376.00000", "2014-06-30": "372.00000", "2014-03-31": "757.00000", "2013-12-31": "408.00000", "2013-09-30": "439.00000", "2013-06-30": "375.00000", "2013-03-31": "2360.00000", "2012-12-31": "1201.00000", "2012-09-30": "1553.00000", "2012-06-30": "1698.00000", "2012-03-31": "1044.00000", "2011-12-31": "1048.00000", "2011-09-30": "1032.00000", "2011-06-30": "1095.00000", "2011-03-31": "453.00000", "2010-12-31": "466.00000", "2010-09-30": "1016.00000", "2010-06-30": "713.00000", "2010-03-31": "691.00000", "2009-12-31": "623.00000", "2009-09-30": "401.00000", "2009-06-30": "339.00000", "2009-03-31": "142.00000", "2008-12-31": "100.00000", "2008-09-30": "92.00000", "2008-06-30": "226.00700", "2008-03-31": "222.57700", "2007-12-31": "8.00000", "2007-09-30": "157.46100", "2007-06-30": "174.66300", "2007-03-31": "150.47700", "2006-12-31": "154.77500", "2006-09-30": "151.84800", "2006-06-30": "152.79300", "2006-03-31": "150.82100", "2005-12-31": "250.35200", "2005-09-30": "227.50300", "2005-06-30": "10.83100", "2005-03-31": ""}, "Receivables": {"2020-09-30": "2444.00000", "2020-06-30": "2473.00000", "2020-03-31": "2564.00000", "2019-12-31": "2633.00000", "2019-09-30": "2695.00000", "2019-06-30": "2854.00000", "2019-03-31": "2625.00000", "2018-12-31": "2620.00000", "2018-09-30": "2578.00000", "2018-06-30": "2747.00000", "2018-03-31": "2654.00000", "2017-12-31": "1838.00000", "2017-09-30": "1652.00000", "2017-06-30": "1758.00000", "2017-03-31": "1560.00000", "2016-12-31": "1495.00000", "2016-09-30": "1545.00000", "2016-06-30": "1574.00000", "2016-03-31": "1520.00000", "2015-12-31": "1479.00000", "2015-09-30": "1709.00000", "2015-06-30": "1505.00000", "2015-03-31": "1431.00000", "2014-12-31": "1433.00000", "2014-09-30": "1464.00000", "2014-06-30": "1525.00000", "2014-03-31": "1341.00000", "2013-12-31": "1371.00000", "2013-09-30": "1344.00000", "2013-06-30": "1332.00000", "2013-03-31": "1148.00000", "2012-12-31": "1130.00000", "2012-09-30": "1079.00000", "2012-06-30": "1155.00000", "2012-03-31": "1062.00000", "2011-12-31": "1042.00000", "2011-09-30": "976.00000", "2011-06-30": "908.00000", "2011-03-31": "866.00000", "2010-12-31": "880.00000", "2010-09-30": "843.00000", "2010-06-30": "836.00000", "2010-03-31": "773.00000", "2009-12-31": "812.00000", "2009-09-30": "775.00000", "2009-06-30": "759.00000", "2009-03-31": "740.00000", "2008-12-31": "780.00000", "2008-09-30": "764.00000", "2008-06-30": "178.20500", "2008-03-31": "172.62400", "2007-12-31": "10.00000", "2007-09-30": "152.41300", "2007-06-30": "140.50500", "2007-03-31": "148.63400", "2006-12-31": "147.43600", "2006-09-30": "159.65400", "2006-06-30": "137.75000", "2006-03-31": "142.58300", "2005-12-31": "134.61500", "2005-09-30": "148.51000", "2005-06-30": "146.33600", "2005-03-31": ""}, "Inventory": {"2020-09-30": "", "2020-06-30": "", "2020-03-31": "", "2019-12-31": "", "2019-09-30": "", "2019-06-30": "", "2019-03-31": "", "2018-12-31": "", "2018-09-30": "", "2018-06-30": "", "2018-03-31": "", "2017-12-31": "", "2017-09-30": "", "2017-06-30": "", "2017-03-31": "", "2016-12-31": "", "2016-09-30": "", "2016-06-30": "", "2016-03-31": "", "2015-12-31": "", "2015-09-30": "", "2015-06-30": "", "2015-03-31": "", "2014-12-31": "", "2014-09-30": "", "2014-06-30": "", "2014-03-31": "", "2013-12-31": "", "2013-09-30": "", "2013-06-30": "", "2013-03-31": "", "2012-12-31": "", "2012-09-30": "", "2012-06-30": "", "2012-03-31": "", "2011-12-31": "", "2011-09-30": "", "2011-06-30": "", "2011-03-31": "", "2010-12-31": "", "2010-09-30": "", "2010-06-30": "", "2010-03-31": "", "2009-12-31": "", "2009-09-30": "", "2009-06-30": "", "2009-03-31": "", "2008-12-31": "", "2008-09-30": "", "2008-06-30": "", "2008-03-31": "", "2007-12-31": "", "2007-09-30": "", "2007-06-30": "", "2007-03-31": "", "2006-12-31": "", "2006-09-30": "", "2006-06-30": "", "2006-03-31": "", "2005-12-31": "", "2005-09-30": "", "2005-06-30": "", "2005-03-31": ""}, "Pre-Paid Expenses": {"2020-09-30": "752.00000", "2020-06-30": "448.00000", "2020-03-31": "520.00000", "2019-12-31": "453.00000", "2019-09-30": "363.00000", "2019-06-30": "427.00000", "2019-03-31": "291.00000", "2018-12-31": "312.00000", "2018-09-30": "456.00000", "2018-06-30": "409.00000", "2018-03-31": "636.00000", "2017-12-31": "434.00000", "2017-09-30": "449.00000", "2017-06-30": "416.00000", "2017-03-31": "369.00000", "2016-12-31": "397.00000", "2016-09-30": "454.00000", "2016-06-30": "370.00000", "2016-03-31": "371.00000", "2015-12-31": "346.00000", "2015-09-30": "327.00000", "2015-06-30": "334.00000", "2015-03-31": "321.00000", "2014-12-31": "275.00000", "2014-09-30": "278.00000", "2014-06-30": "275.00000", "2014-03-31": "259.00000", "2013-12-31": "281.00000", "2013-09-30": "233.00000", "2013-06-30": "269.00000", "2013-03-31": "304.00000", "2012-12-31": "203.00000", "2012-09-30": "194.00000", "2012-06-30": "174.00000", "2012-03-31": "174.00000", "2011-12-31": "175.00000", "2011-09-30": "155.00000", "2011-06-30": "160.00000", "2011-03-31": "150.00000", "2010-12-31": "225.00000", "2010-09-30": "197.00000", "2010-06-30": "185.00000", "2010-03-31": "184.00000", "2009-12-31": "90.00000", "2009-09-30": "165.00000", "2009-06-30": "155.00000", "2009-03-31": "150.00000", "2008-12-31": "107.00000", "2008-09-30": "", "2008-06-30": "13.91000", "2008-03-31": "15.32400", "2007-12-31": "2.00000", "2007-09-30": "15.42400", "2007-06-30": "12.90400", "2007-03-31": "12.51600", "2006-12-31": "11.52200", "2006-09-30": "13.77900", "2006-06-30": "10.78700", "2006-03-31": "14.76300", "2005-12-31": "10.98600", "2005-09-30": "18.62100", "2005-06-30": "21.46300", "2005-03-31": ""}, "Other Current Assets": {"2020-09-30": "389.00000", "2020-06-30": "113.00000", "2020-03-31": "89.00000", "2019-12-31": "579.00000", "2019-09-30": "442.00000", "2019-06-30": "330.00000", "2019-03-31": "364.00000", "2018-12-31": "313.00000", "2018-09-30": "349.00000", "2018-06-30": "358.00000", "2018-03-31": "419.00000", "2017-12-31": "410.00000", "2017-09-30": "382.00000", "2017-06-30": "390.00000", "2017-03-31": "395.00000", "2016-12-31": "310.00000", "2016-09-30": "350.00000", "2016-06-30": "323.00000", "2016-03-31": "352.00000", "2015-12-31": "313.00000", "2015-09-30": "341.00000", "2015-06-30": "313.00000", "2015-03-31": "310.00000", "2014-12-31": "329.00000", "2014-09-30": "379.00000", "2014-06-30": "318.00000", "2014-03-31": "307.00000", "2013-12-31": "277.00000", "2013-09-30": "274.00000", "2013-06-30": "214.00000", "2013-03-31": "127.00000", "2012-12-31": "122.00000", "2012-09-30": "107.00000", "2012-06-30": "110.00000", "2012-03-31": "99.00000", "2011-12-31": "93.00000", "2011-09-30": "83.00000", "2011-06-30": "93.00000", "2011-03-31": "84.00000", "2010-12-31": "83.00000", "2010-09-30": "81.00000", "2010-06-30": "81.00000", "2010-03-31": "73.00000", "2009-12-31": "75.00000", "2009-09-30": "76.00000", "2009-06-30": "78.00000", "2009-03-31": "80.00000", "2008-12-31": "73.00000", "2008-09-30": "250.00000", "2008-06-30": "3.95600", "2008-03-31": "3.75200", "2007-12-31": "", "2007-09-30": "11.07700", "2007-06-30": "4.08600", "2007-03-31": "3.83200", "2006-12-31": "3.62900", "2006-09-30": "5.57100", "2006-06-30": "5.14800", "2006-03-31": "4.42600", "2005-12-31": "4.43300", "2005-09-30": "", "2005-06-30": "", "2005-03-31": ""}, "Total Current Assets": {"2020-09-30": "5478.00000", "2020-06-30": "4717.00000", "2020-03-31": "4626.00000", "2019-12-31": "5217.00000", "2019-09-30": "4313.00000", "2019-06-30": "4932.00000", "2019-03-31": "4025.00000", "2018-12-31": "4231.00000", "2018-09-30": "3914.00000", "2018-06-30": "3906.00000", "2018-03-31": "4521.00000", "2017-12-31": "9991.00000", "2017-09-30": "9477.00000", "2017-06-30": "2770.00000", "2017-03-31": "2591.00000", "2016-12-31": "2502.00000", "2016-09-30": "2683.00000", "2016-06-30": "2548.00000", "2016-03-31": "2667.00000", "2015-12-31": "2596.00000", "2015-09-30": "2719.00000", "2015-06-30": "2468.00000", "2015-03-31": "2469.00000", "2014-12-31": "2491.00000", "2014-09-30": "2584.00000", "2014-06-30": "2571.00000", "2014-03-31": "2740.00000", "2013-12-31": "2410.00000", "2013-09-30": "2364.00000", "2013-06-30": "2265.00000", "2013-03-31": "4013.00000", "2012-12-31": "2730.00000", "2012-09-30": "2995.00000", "2012-06-30": "3214.00000", "2012-03-31": "2451.00000", "2011-12-31": "2431.00000", "2011-09-30": "2299.00000", "2011-06-30": "2321.00000", "2011-03-31": "1629.00000", "2010-12-31": "1735.00000", "2010-09-30": "2137.00000", "2010-06-30": "1815.00000", "2010-03-31": "1721.00000", "2009-12-31": "1671.00000", "2009-09-30": "1417.00000", "2009-06-30": "1331.00000", "2009-03-31": "1112.00000", "2008-12-31": "1109.00000", "2008-09-30": "1106.00000", "2008-06-30": "422.07800", "2008-03-31": "414.27700", "2007-12-31": "372.00000", "2007-09-30": "336.37500", "2007-06-30": "332.15800", "2007-03-31": "315.45900", "2006-12-31": "317.36200", "2006-09-30": "330.85200", "2006-06-30": "306.47800", "2006-03-31": "312.59300", "2005-12-31": "400.38600", "2005-09-30": "394.63400", "2005-06-30": "178.63000", "2005-03-31": ""}, "Property, Plant, And Equipment": {"2020-09-30": "1125.00000", "2020-06-30": "1088.00000", "2020-03-31": "1040.00000", "2019-12-31": "951.00000", "2019-09-30": "856.00000", "2019-06-30": "828.00000", "2019-03-31": "802.00000", "2018-12-31": "800.00000", "2018-09-30": "810.00000", "2018-06-30": "784.00000", "2018-03-31": "928.00000", "2017-12-31": "597.00000", "2017-09-30": "523.00000", "2017-06-30": "514.00000", "2017-03-31": "504.00000", "2016-12-31": "482.00000", "2016-09-30": "464.00000", "2016-06-30": "455.00000", "2016-03-31": "466.00000", "2015-12-31": "488.00000", "2015-09-30": "500.00000", "2015-06-30": "509.00000", "2015-03-31": "534.00000", "2014-12-31": "554.00000", "2014-09-30": "525.00000", "2014-06-30": "538.00000", "2014-03-31": "522.00000", "2013-12-31": "514.00000", "2013-09-30": "492.00000", "2013-06-30": "460.00000", "2013-03-31": "377.00000", "2012-12-31": "388.00000", "2012-09-30": "368.00000", "2012-06-30": "368.00000", "2012-03-31": "374.00000", "2011-12-31": "379.00000", "2011-09-30": "371.00000", "2011-06-30": "382.00000", "2011-03-31": "389.00000", "2010-12-31": "399.00000", "2010-09-30": "389.00000", "2010-06-30": "401.00000", "2010-03-31": "405.00000", "2009-12-31": "409.00000", "2009-09-30": "417.00000", "2009-06-30": "410.00000", "2009-03-31": "384.00000", "2008-12-31": "395.00000", "2008-09-30": "412.00000", "2008-06-30": "255.96300", "2008-03-31": "262.74400", "2007-12-31": "5.00000", "2007-09-30": "278.50300", "2007-06-30": "282.29400", "2007-03-31": "285.17200", "2006-12-31": "280.77500", "2006-09-30": "270.83800", "2006-06-30": "264.70600", "2006-03-31": "259.10400", "2005-12-31": "256.24500", "2005-09-30": "273.71800", "2005-06-30": "270.07200", "2005-03-31": ""}, "Long-Term Investments": {"2020-09-30": "536.00000", "2020-06-30": "530.00000", "2020-03-31": "542.00000", "2019-12-31": "568.00000", "2019-09-30": "529.00000", "2019-06-30": "542.00000", "2019-03-31": "955.00000", "2018-12-31": "935.00000", "2018-09-30": "1015.00000", "2018-06-30": "1023.00000", "2018-03-31": "1231.00000", "2017-12-31": "335.00000", "2017-09-30": "754.00000", "2017-06-30": "700.00000", "2017-03-31": "690.00000", "2016-12-31": "557.00000", "2016-09-30": "515.00000", "2016-06-30": "535.00000", "2016-03-31": "529.00000", "2015-12-31": "567.00000", "2015-09-30": "562.00000", "2015-06-30": "600.00000", "2015-03-31": "618.00000", "2014-12-31": "644.00000", "2014-09-30": "667.00000", "2014-06-30": "828.00000", "2014-03-31": "1080.00000", "2013-12-31": "1087.00000", "2013-09-30": "1087.00000", "2013-06-30": "1097.00000", "2013-03-31": "1105.00000", "2012-12-31": "1095.00000", "2012-09-30": "821.00000", "2012-06-30": "817.00000", "2012-03-31": "778.00000", "2011-12-31": "807.00000", "2011-09-30": "816.00000", "2011-06-30": "806.00000", "2011-03-31": "781.00000", "2010-12-31": "455.00000", "2010-09-30": "", "2010-06-30": "", "2010-03-31": "", "2009-12-31": "", "2009-09-30": "", "2009-06-30": "", "2009-03-31": "", "2008-12-31": "", "2008-09-30": "80.00000", "2008-06-30": "3414.96800", "2008-03-31": "3330.03000", "2007-12-31": "3272.00000", "2007-09-30": "3346.87700", "2007-06-30": "3335.57000", "2007-03-31": "3202.96200", "2006-12-31": "3180.99400", "2006-09-30": "3160.78800", "2006-06-30": "3127.38100", "2006-03-31": "3091.49700", "2005-12-31": "3018.62200", "2005-09-30": "3011.71600", "2005-06-30": "2979.95500", "2005-03-31": ""}, "Goodwill And Intangible Assets": {"2020-09-30": "20916.00000", "2020-06-30": "21078.00000", "2020-03-31": "21298.00000", "2019-12-31": "21717.00000", "2019-09-30": "21857.00000", "2019-06-30": "22394.00000", "2019-03-31": "22403.00000", "2018-12-31": "22680.00000", "2018-09-30": "23179.00000", "2018-06-30": "23487.00000", "2018-03-31": "23927.00000", "2017-12-31": "8843.00000", "2017-09-30": "9781.00000", "2017-06-30": "9604.00000", "2017-03-31": "9566.00000", "2016-12-31": "9552.00000", "2016-09-30": "9800.00000", "2016-06-30": "9834.00000", "2016-03-31": "9925.00000", "2015-12-31": "9894.00000", "2015-09-30": "9952.00000", "2015-06-30": "10011.00000", "2015-03-31": "10007.00000", "2014-12-31": "10207.00000", "2014-09-30": "10411.00000", "2014-06-30": "10050.00000", "2014-03-31": "8886.00000", "2013-12-31": "8906.00000", "2013-09-30": "8907.00000", "2013-06-30": "8896.00000", "2013-03-31": "7181.00000", "2012-12-31": "7010.00000", "2012-09-30": "6866.00000", "2012-06-30": "6872.00000", "2012-03-31": "6861.00000", "2011-12-31": "6862.00000", "2011-09-30": "6876.00000", "2011-06-30": "6886.00000", "2011-03-31": "6893.00000", "2010-12-31": "7039.00000", "2010-09-30": "7050.00000", "2010-06-30": "7067.00000", "2010-03-31": "7078.00000", "2009-12-31": "7076.00000", "2009-09-30": "7092.00000", "2009-06-30": "7104.00000", "2009-03-31": "7591.00000", "2008-12-31": "7607.00000", "2008-09-30": "7488.00000", "2008-06-30": "1909.82300", "2008-03-31": "1909.82300", "2007-12-31": "1783.00000", "2007-09-30": "2075.67100", "2007-06-30": "2075.28800", "2007-03-31": "2074.88200", "2006-12-31": "2074.78900", "2006-09-30": "2074.13200", "2006-06-30": "2166.70900", "2006-03-31": "2165.96100", "2005-12-31": "2133.51800", "2005-09-30": "2138.07100", "2005-06-30": "2139.53900", "2005-03-31": ""}, "Other Long-Term Assets": {"2020-09-30": "5383.00000", "2020-06-30": "5676.00000", "2020-03-31": "5884.00000", "2019-12-31": "5282.00000", "2019-09-30": "5270.00000", "2019-06-30": "5149.00000", "2019-03-31": "4259.00000", "2018-12-31": "3904.00000", "2018-09-30": "3994.00000", "2018-06-30": "4292.00000", "2018-03-31": "4051.00000", "2017-12-31": "2789.00000", "2017-09-30": "2608.00000", "2017-06-30": "2561.00000", "2017-03-31": "2511.00000", "2016-12-31": "2579.00000", "2016-09-30": "2388.00000", "2016-06-30": "2318.00000", "2016-03-31": "2291.00000", "2015-12-31": "2319.00000", "2015-09-30": "2186.00000", "2015-06-30": "2141.00000", "2015-03-31": "2154.00000", "2014-12-31": "2074.00000", "2014-09-30": "2186.00000", "2014-06-30": "2118.00000", "2014-03-31": "2083.00000", "2013-12-31": "2062.00000", "2013-09-30": "2017.00000", "2013-06-30": "1969.00000", "2013-03-31": "1745.00000", "2012-12-31": "1707.00000", "2012-09-30": "1637.00000", "2012-06-30": "1539.00000", "2012-03-31": "1471.00000", "2011-12-31": "1434.00000", "2011-09-30": "1439.00000", "2011-06-30": "1441.00000", "2011-03-31": "1416.00000", "2010-12-31": "1391.00000", "2010-09-30": "1822.00000", "2010-06-30": "1791.00000", "2010-03-31": "1748.00000", "2009-12-31": "1796.00000", "2009-09-30": "1815.00000", "2009-06-30": "1851.00000", "2009-03-31": "1388.00000", "2008-12-31": "1373.00000", "2008-09-30": "1359.00000", "2008-06-30": "16.54600", "2008-03-31": "18.96400", "2007-12-31": "", "2007-09-30": "15.71000", "2007-06-30": "16.23400", "2007-03-31": "16.75900", "2006-12-31": "17.06200", "2006-09-30": "18.33200", "2006-06-30": "19.66100", "2006-03-31": "20.22600", "2005-12-31": "10.46500", "2005-09-30": "6.54500", "2005-06-30": "15.65300", "2005-03-31": ""}, "Total Long-Term Assets": {"2020-09-30": "27960.00000", "2020-06-30": "28372.00000", "2020-03-31": "28764.00000", "2019-12-31": "28518.00000", "2019-09-30": "28512.00000", "2019-06-30": "28913.00000", "2019-03-31": "28419.00000", "2018-12-31": "28319.00000", "2018-09-30": "28998.00000", "2018-06-30": "29586.00000", "2018-03-31": "30137.00000", "2017-12-31": "12564.00000", "2017-09-30": "13666.00000", "2017-06-30": "13379.00000", "2017-03-31": "13271.00000", "2016-12-31": "13170.00000", "2016-09-30": "13167.00000", "2016-06-30": "13142.00000", "2016-03-31": "13211.00000", "2015-12-31": "13268.00000", "2015-09-30": "13200.00000", "2015-06-30": "13261.00000", "2015-03-31": "13313.00000", "2014-12-31": "13479.00000", "2014-09-30": "13789.00000", "2014-06-30": "13534.00000", "2014-03-31": "12571.00000", "2013-12-31": "12569.00000", "2013-09-30": "12503.00000", "2013-06-30": "12422.00000", "2013-03-31": "10408.00000", "2012-12-31": "10200.00000", "2012-09-30": "9692.00000", "2012-06-30": "9596.00000", "2012-03-31": "9484.00000", "2011-12-31": "9482.00000", "2011-09-30": "9502.00000", "2011-06-30": "9515.00000", "2011-03-31": "9479.00000", "2010-12-31": "9284.00000", "2010-09-30": "9261.00000", "2010-06-30": "9259.00000", "2010-03-31": "9231.00000", "2009-12-31": "9281.00000", "2009-09-30": "9324.00000", "2009-06-30": "9365.00000", "2009-03-31": "9363.00000", "2008-12-31": "9375.00000", "2008-09-30": "9339.00000", "2008-06-30": "5597.30000", "2008-03-31": "5521.56100", "2007-12-31": "5494.00000", "2007-09-30": "5716.76100", "2007-06-30": "5709.38600", "2007-03-31": "5579.77400", "2006-12-31": "5553.62000", "2006-09-30": "5524.09000", "2006-06-30": "5578.45700", "2006-03-31": "5536.78800", "2005-12-31": "5418.85000", "2005-09-30": "5430.05000", "2005-06-30": "5405.21900", "2005-03-31": ""}, "Total Assets": {"2020-09-30": "33438.00000", "2020-06-30": "33089.00000", "2020-03-31": "33390.00000", "2019-12-31": "33735.00000", "2019-09-30": "32825.00000", "2019-06-30": "33845.00000", "2019-03-31": "32444.00000", "2018-12-31": "32550.00000", "2018-09-30": "32912.00000", "2018-06-30": "33492.00000", "2018-03-31": "34658.00000", "2017-12-31": "22555.00000", "2017-09-30": "23143.00000", "2017-06-30": "16149.00000", "2017-03-31": "15862.00000", "2016-12-31": "15672.00000", "2016-09-30": "15850.00000", "2016-06-30": "15690.00000", "2016-03-31": "15878.00000", "2015-12-31": "15864.00000", "2015-09-30": "15919.00000", "2015-06-30": "15729.00000", "2015-03-31": "15782.00000", "2014-12-31": "15970.00000", "2014-09-30": "16373.00000", "2014-06-30": "16105.00000", "2014-03-31": "15311.00000", "2013-12-31": "14979.00000", "2013-09-30": "14867.00000", "2013-06-30": "14687.00000", "2013-03-31": "14421.00000", "2012-12-31": "12930.00000", "2012-09-30": "12687.00000", "2012-06-30": "12810.00000", "2012-03-31": "11935.00000", "2011-12-31": "11913.00000", "2011-09-30": "11801.00000", "2011-06-30": "11836.00000", "2011-03-31": "11108.00000", "2010-12-31": "11019.00000", "2010-09-30": "11398.00000", "2010-06-30": "11074.00000", "2010-03-31": "10952.00000", "2009-12-31": "10952.00000", "2009-09-30": "10741.00000", "2009-06-30": "10696.00000", "2009-03-31": "10475.00000", "2008-12-31": "10484.00000", "2008-09-30": "10445.00000", "2008-06-30": "6019.37800", "2008-03-31": "5935.83800", "2007-12-31": "5866.00000", "2007-09-30": "6053.13600", "2007-06-30": "6041.54400", "2007-03-31": "5895.23400", "2006-12-31": "5870.98200", "2006-09-30": "5854.94200", "2006-06-30": "5884.93500", "2006-03-31": "5849.38100", "2005-12-31": "5819.23600", "2005-09-30": "5824.68400", "2005-06-30": "5583.84900", "2005-03-31": "0.00000"}, "Total Current Liabilities": {"2020-09-30": "2756.00000", "2020-06-30": "2576.00000", "2020-03-31": "2875.00000", "2019-12-31": "3239.00000", "2019-09-30": "2837.00000", "2019-06-30": "3874.00000", "2019-03-31": "3475.00000", "2018-12-31": "3997.00000", "2018-09-30": "3860.00000", "2018-06-30": "2696.00000", "2018-03-31": "2465.00000", "2017-12-31": "1871.00000", "2017-09-30": "1615.00000", "2017-06-30": "1466.00000", "2017-03-31": "1534.00000", "2016-12-31": "1561.00000", "2016-09-30": "1522.00000", "2016-06-30": "1442.00000", "2016-03-31": "1375.00000", "2015-12-31": "1579.00000", "2015-09-30": "2108.00000", "2015-06-30": "1712.00000", "2015-03-31": "1765.00000", "2014-12-31": "2604.00000", "2014-09-30": "2548.00000", "2014-06-30": "2360.00000", "2014-03-31": "1253.00000", "2013-12-31": "1294.00000", "2013-09-30": "1135.00000", "2013-06-30": "1002.00000", "2013-03-31": "1101.00000", "2012-12-31": "946.00000", "2012-09-30": "826.00000", "2012-06-30": "757.00000", "2012-03-31": "740.00000", "2011-12-31": "746.00000", "2011-09-30": "707.00000", "2011-06-30": "614.00000", "2011-03-31": "654.00000", "2010-12-31": "785.00000", "2010-09-30": "792.00000", "2010-06-30": "608.00000", "2010-03-31": "934.00000", "2009-12-31": "783.00000", "2009-09-30": "762.00000", "2009-06-30": "1227.00000", "2009-03-31": "1174.00000", "2008-12-31": "1070.00000", "2008-09-30": "1020.00000", "2008-06-30": "134.83200", "2008-03-31": "137.40200", "2007-12-31": "120.00000", "2007-09-30": "113.22900", "2007-06-30": "119.91100", "2007-03-31": "109.92100", "2006-12-31": "121.88700", "2006-09-30": "125.51200", "2006-06-30": "98.34900", "2006-03-31": "96.03500", "2005-12-31": "93.77300", "2005-09-30": "104.45800", "2005-06-30": "94.80300", "2005-03-31": ""}, "Long Term Debt": {"2020-09-30": "14981.00000", "2020-06-30": "14944.00000", "2020-03-31": "15267.00000", "2019-12-31": "14810.00000", "2019-09-30": "14757.00000", "2019-06-30": "14823.00000", "2019-03-31": "14956.00000", "2018-12-31": "14974.00000", "2018-09-30": "15829.00000", "2018-06-30": "17683.00000", "2018-03-31": "19214.00000", "2017-12-31": "14755.00000", "2017-09-30": "14676.00000", "2017-06-30": "8158.00000", "2017-03-31": "7970.00000", "2016-12-31": "7841.00000", "2016-09-30": "7901.00000", "2016-06-30": "7809.00000", "2016-03-31": "7965.00000", "2015-12-31": "7616.00000", "2015-09-30": "6941.00000", "2015-06-30": "6856.00000", "2015-03-31": "7036.00000", "2014-12-31": "6002.00000", "2014-09-30": "6153.00000", "2014-06-30": "6045.00000", "2014-03-31": "6900.00000", "2013-12-31": "6482.00000", "2013-09-30": "6485.00000", "2013-06-30": "6455.00000", "2013-03-31": "6407.00000", "2012-12-31": "5212.00000", "2012-09-30": "5210.00000", "2012-06-30": "5206.00000", "2012-03-31": "4218.00000", "2011-12-31": "4219.00000", "2011-09-30": "4229.00000", "2011-06-30": "4235.00000", "2011-03-31": "3591.00000", "2010-12-31": "3598.00000", "2010-09-30": "3595.00000", "2010-06-30": "3594.00000", "2010-03-31": "3235.00000", "2009-12-31": "3457.00000", "2009-09-30": "3472.00000", "2009-06-30": "3053.00000", "2009-03-31": "3137.00000", "2008-12-31": "3331.00000", "2008-09-30": "3555.00000", "2008-06-30": "", "2008-03-31": "", "2007-12-31": "", "2007-09-30": "", "2007-06-30": "", "2007-03-31": "", "2006-12-31": "", "2006-09-30": "", "2006-06-30": "", "2006-03-31": "", "2005-12-31": "", "2005-09-30": "", "2005-06-30": "", "2005-03-31": ""}, "Other Non-Current Liabilities": {"2020-09-30": "2158.00000", "2020-06-30": "2306.00000", "2020-03-31": "2294.00000", "2019-12-31": "2029.00000", "2019-09-30": "2028.00000", "2019-06-30": "1827.00000", "2019-03-31": "1573.00000", "2018-12-31": "1251.00000", "2018-09-30": "1089.00000", "2018-06-30": "1109.00000", "2018-03-31": "972.00000", "2017-12-31": "587.00000", "2017-09-30": "446.00000", "2017-06-30": "392.00000", "2017-03-31": "345.00000", "2016-12-31": "393.00000", "2016-09-30": "440.00000", "2016-06-30": "385.00000", "2016-03-31": "414.00000", "2015-12-31": "421.00000", "2015-09-30": "395.00000", "2015-06-30": "427.00000", "2015-03-31": "406.00000", "2014-12-31": "425.00000", "2014-09-30": "310.00000", "2014-06-30": "299.00000", "2014-03-31": "326.00000", "2013-12-31": "333.00000", "2013-09-30": "309.00000", "2013-06-30": "270.00000", "2013-03-31": "210.00000", "2012-12-31": "207.00000", "2012-09-30": "124.00000", "2012-06-30": "111.00000", "2012-03-31": "88.00000", "2011-12-31": "92.00000", "2011-09-30": "108.00000", "2011-06-30": "100.00000", "2011-03-31": "100.00000", "2010-12-31": "99.00000", "2010-09-30": "267.00000", "2010-06-30": "309.00000", "2010-03-31": "350.00000", "2009-12-31": "175.00000", "2009-09-30": "416.00000", "2009-06-30": "449.00000", "2009-03-31": "438.00000", "2008-12-31": "227.00000", "2008-09-30": "302.00000", "2008-06-30": "21.67500", "2008-03-31": "21.83000", "2007-12-31": "1.00000", "2007-09-30": "29.80800", "2007-06-30": "30.53900", "2007-03-31": "30.22700", "2006-12-31": "25.23700", "2006-09-30": "21.18000", "2006-06-30": "20.46100", "2006-03-31": "21.55600", "2005-12-31": "22.36100", "2005-09-30": "25.02800", "2005-06-30": "24.02500", "2005-03-31": ""}, "Total Long Term Liabilities": {"2020-09-30": "19085.00000", "2020-06-30": "19155.00000", "2020-03-31": "19553.00000", "2019-12-31": "18972.00000", "2019-09-30": "18855.00000", "2019-06-30": "18750.00000", "2019-03-31": "18669.00000", "2018-12-31": "18451.00000", "2018-09-30": "19233.00000", "2018-06-30": "21170.00000", "2018-03-31": "22599.00000", "2017-12-31": "16074.00000", "2017-09-30": "15788.00000", "2017-06-30": "9157.00000", "2017-03-31": "8993.00000", "2016-12-31": "8944.00000", "2016-09-30": "9124.00000", "2016-06-30": "8903.00000", "2016-03-31": "9137.00000", "2015-12-31": "8834.00000", "2015-09-30": "8165.00000", "2015-06-30": "8531.00000", "2015-03-31": "8726.00000", "2014-12-31": "7762.00000", "2014-09-30": "7940.00000", "2014-06-30": "7711.00000", "2014-03-31": "7877.00000", "2013-12-31": "7488.00000", "2013-09-30": "7507.00000", "2013-06-30": "7412.00000", "2013-03-31": "7078.00000", "2012-12-31": "5691.00000", "2012-09-30": "5594.00000", "2012-06-30": "5580.00000", "2012-03-31": "4627.00000", "2011-12-31": "4648.00000", "2011-09-30": "4691.00000", "2011-06-30": "4708.00000", "2011-03-31": "4043.00000", "2010-12-31": "4001.00000", "2010-09-30": "3911.00000", "2010-06-30": "3952.00000", "2010-03-31": "3634.00000", "2009-12-31": "3949.00000", "2009-09-30": "3937.00000", "2009-06-30": "3551.00000", "2009-03-31": "3624.00000", "2008-12-31": "3853.00000", "2008-09-30": "3906.00000", "2008-06-30": "1307.17900", "2008-03-31": "1273.86300", "2007-12-31": "1251.00000", "2007-09-30": "1269.89800", "2007-06-30": "1267.60500", "2007-03-31": "1214.86600", "2006-12-31": "1199.83100", "2006-09-30": "1189.29600", "2006-06-30": "1175.06200", "2006-03-31": "1162.33600", "2005-12-31": "1150.03800", "2005-09-30": "1153.16400", "2005-06-30": "1120.85900", "2005-03-31": ""}, "Total Liabilities": {"2020-09-30": "21841.00000", "2020-06-30": "21731.00000", "2020-03-31": "22428.00000", "2019-12-31": "22211.00000", "2019-09-30": "21692.00000", "2019-06-30": "22624.00000", "2019-03-31": "22144.00000", "2018-12-31": "22448.00000", "2018-09-30": "23093.00000", "2018-06-30": "23866.00000", "2018-03-31": "25064.00000", "2017-12-31": "17945.00000", "2017-09-30": "17403.00000", "2017-06-30": "10623.00000", "2017-03-31": "10527.00000", "2016-12-31": "10505.00000", "2016-09-30": "10646.00000", "2016-06-30": "10345.00000", "2016-03-31": "10512.00000", "2015-12-31": "10413.00000", "2015-09-30": "10273.00000", "2015-06-30": "10243.00000", "2015-03-31": "10491.00000", "2014-12-31": "10366.00000", "2014-09-30": "10488.00000", "2014-06-30": "10071.00000", "2014-03-31": "9130.00000", "2013-12-31": "8782.00000", "2013-09-30": "8642.00000", "2013-06-30": "8414.00000", "2013-03-31": "8179.00000", "2012-12-31": "6637.00000", "2012-09-30": "6420.00000", "2012-06-30": "6337.00000", "2012-03-31": "5367.00000", "2011-12-31": "5394.00000", "2011-09-30": "5398.00000", "2011-06-30": "5322.00000", "2011-03-31": "4697.00000", "2010-12-31": "4786.00000", "2010-09-30": "4703.00000", "2010-06-30": "4560.00000", "2010-03-31": "4568.00000", "2009-12-31": "4732.00000", "2009-09-30": "4699.00000", "2009-06-30": "4778.00000", "2009-03-31": "4798.00000", "2008-12-31": "4923.00000", "2008-09-30": "4926.00000", "2008-06-30": "1442.01100", "2008-03-31": "1411.26500", "2007-12-31": "1371.00000", "2007-09-30": "1383.12700", "2007-06-30": "1387.51600", "2007-03-31": "1324.78700", "2006-12-31": "1321.71800", "2006-09-30": "1314.80800", "2006-06-30": "1273.41100", "2006-03-31": "1258.37100", "2005-12-31": "1243.81100", "2005-09-30": "1257.62200", "2005-06-30": "1215.66200", "2005-03-31": ""}, "Common Stock Net": {"2020-09-30": "7.00000", "2020-06-30": "7.00000", "2020-03-31": "7.00000", "2019-12-31": "7.00000", "2019-09-30": "7.00000", "2019-06-30": "7.00000", "2019-03-31": "7.00000", "2018-12-31": "7.00000", "2018-09-30": "6.00000", "2018-06-30": "6.00000", "2018-03-31": "6.00000", "2017-12-31": "5.00000", "2017-09-30": "5.00000", "2017-06-30": "5.00000", "2017-03-31": "5.00000", "2016-12-31": "5.00000", "2016-09-30": "5.00000", "2016-06-30": "5.00000", "2016-03-31": "5.00000", "2015-12-31": "5.00000", "2015-09-30": "5.00000", "2015-06-30": "5.00000", "2015-03-31": "5.00000", "2014-12-31": "5.00000", "2014-09-30": "5.00000", "2014-06-30": "3.00000", "2014-03-31": "3.00000", "2013-12-31": "3.00000", "2013-09-30": "3.00000", "2013-06-30": "3.00000", "2013-03-31": "3.00000", "2012-12-31": "3.00000", "2012-09-30": "3.00000", "2012-06-30": "3.00000", "2012-03-31": "3.00000", "2011-12-31": "3.00000", "2011-09-30": "3.00000", "2011-06-30": "3.00000", "2011-03-31": "3.00000", "2010-12-31": "3.00000", "2010-09-30": "3.00000", "2010-06-30": "3.00000", "2010-03-31": "3.00000", "2009-12-31": "3.00000", "2009-09-30": "3.00000", "2009-06-30": "3.00000", "2009-03-31": "3.00000", "2008-12-31": "3.00000", "2008-09-30": "3.00000", "2008-06-30": "2.81200", "2008-03-31": "2.81100", "2007-12-31": "3.00000", "2007-09-30": "2.80800", "2007-06-30": "2.80500", "2007-03-31": "2.80200", "2006-12-31": "2.80200", "2006-09-30": "2.80200", "2006-06-30": "2.80200", "2006-03-31": "2.80200", "2005-12-31": "2.80200", "2005-09-30": "2.80200", "2005-06-30": "", "2005-03-31": ""}, "Retained Earnings (Accumulated Deficit)": {"2020-09-30": "8278.00000", "2020-06-30": "7980.00000", "2020-03-31": "7712.00000", "2019-12-31": "7333.00000", "2019-09-30": "6859.00000", "2019-06-30": "6616.00000", "2019-03-31": "5663.00000", "2018-12-31": "5254.00000", "2018-09-30": "4984.00000", "2018-06-30": "4867.00000", "2018-03-31": "4657.00000", "2017-12-31": "4632.00000", "2017-09-30": "5785.00000", "2017-06-30": "5696.00000", "2017-03-31": "5382.00000", "2016-12-31": "5232.00000", "2016-09-30": "5038.00000", "2016-06-30": "4940.00000", "2016-03-31": "4621.00000", "2015-12-31": "4517.00000", "2015-09-30": "4297.00000", "2015-06-30": "4098.00000", "2015-03-31": "3903.00000", "2014-12-31": "3809.00000", "2014-09-30": "3654.00000", "2014-06-30": "3499.00000", "2014-03-31": "3123.00000", "2013-12-31": "2892.00000", "2013-09-30": "2604.00000", "2013-06-30": "2349.00000", "2013-03-31": "2052.00000", "2012-12-31": "2075.00000", "2012-09-30": "1851.00000", "2012-06-30": "1646.00000", "2012-03-31": "1353.00000", "2011-12-31": "1132.00000", "2011-09-30": "796.00000", "2011-06-30": "559.00000", "2011-03-31": "305.00000", "2010-12-31": "", "2010-09-30": "75.00000", "2010-06-30": "-111.00000", "2010-03-31": "-224.00000", "2009-12-31": "-387.00000", "2009-09-30": "-531.00000", "2009-06-30": "-632.00000", "2009-03-31": "-817.00000", "2008-12-31": "-936.00000", "2008-09-30": "-1042.00000", "2008-06-30": "-1173.61300", "2008-03-31": "-1219.49200", "2007-12-31": "-1253.00000", "2007-09-30": "-1082.90300", "2007-06-30": "-1090.41000", "2007-03-31": "-1164.62700", "2006-12-31": "-1183.83100", "2006-09-30": "-1189.10500", "2006-06-30": "-1112.47200", "2006-03-31": "-1126.20600", "2005-12-31": "-1137.82100", "2005-09-30": "-1149.05600", "2005-06-30": "-1150.24500", "2005-03-31": ""}, "Comprehensive Income": {"2020-09-30": "-898.00000", "2020-06-30": "-1021.00000", "2020-03-31": "-1122.00000", "2019-12-31": "-822.00000", "2019-09-30": "-1029.00000", "2019-06-30": "-913.00000", "2019-03-31": "-895.00000", "2018-12-31": "-785.00000", "2018-09-30": "-764.00000", "2018-06-30": "-790.00000", "2018-03-31": "-613.00000", "2017-12-31": "-585.00000", "2017-09-30": "-586.00000", "2017-06-30": "-617.00000", "2017-03-31": "-704.00000", "2016-12-31": "-762.00000", "2016-09-30": "-643.00000", "2016-06-30": "-680.00000", "2016-03-31": "-614.00000", "2015-12-31": "-633.00000", "2015-09-30": "-508.00000", "2015-06-30": "-460.00000", "2015-03-31": "-569.00000", "2014-12-31": "-368.00000", "2014-09-30": "-195.00000", "2014-06-30": "-38.00000", "2014-03-31": "4.00000", "2013-12-31": "4.00000", "2013-09-30": "8.00000", "2013-06-30": "-96.00000", "2013-03-31": "-51.00000", "2012-12-31": "4.00000", "2012-09-30": "-8.00000", "2012-06-30": "-23.00000", "2012-03-31": "-12.00000", "2011-12-31": "-23.00000", "2011-09-30": "-22.00000", "2011-06-30": "-10.00000", "2011-03-31": "-16.00000", "2010-12-31": "-33.00000", "2010-09-30": "-23.00000", "2010-06-30": "-44.00000", "2010-03-31": "-40.00000", "2009-12-31": "-21.00000", "2009-09-30": "-35.00000", "2009-06-30": "-25.00000", "2009-03-31": "-85.00000", "2008-12-31": "-78.00000", "2008-09-30": "-3.00000", "2008-06-30": "18.96200", "2008-03-31": "12.55300", "2007-12-31": "17.00000", "2007-09-30": "23.08500", "2007-06-30": "22.77300", "2007-03-31": "17.72400", "2006-12-31": "15.91400", "2006-09-30": "12.94500", "2006-06-30": "7.91200", "2006-03-31": "1.56400", "2005-12-31": "-1.86000", "2005-09-30": "1.78600", "2005-06-30": "4.89900", "2005-03-31": ""}, "Other Share Holders Equity": {"2020-09-30": "", "2020-06-30": "", "2020-03-31": "", "2019-12-31": "", "2019-09-30": "", "2019-06-30": "", "2019-03-31": "", "2018-12-31": "", "2018-09-30": "", "2018-06-30": "", "2018-03-31": "", "2017-12-31": "", "2017-09-30": "", "2017-06-30": "", "2017-03-31": "", "2016-12-31": "", "2016-09-30": "", "2016-06-30": "", "2016-03-31": "", "2015-12-31": "", "2015-09-30": "", "2015-06-30": "", "2015-03-31": "", "2014-12-31": "", "2014-09-30": "", "2014-06-30": "", "2014-03-31": "", "2013-12-31": "", "2013-09-30": "", "2013-06-30": "", "2013-03-31": "", "2012-12-31": "", "2012-09-30": "", "2012-06-30": "", "2012-03-31": "", "2011-12-31": "", "2011-09-30": "", "2011-06-30": "", "2011-03-31": "", "2010-12-31": "", "2010-09-30": "", "2010-06-30": "", "2010-03-31": "", "2009-12-31": "", "2009-09-30": "", "2009-06-30": "", "2009-03-31": "", "2008-12-31": "", "2008-09-30": "", "2008-06-30": "", "2008-03-31": "", "2007-12-31": "", "2007-09-30": "", "2007-06-30": "", "2007-03-31": "", "2006-12-31": "", "2006-09-30": "", "2006-06-30": "", "2006-03-31": "", "2005-12-31": "", "2005-09-30": "", "2005-06-30": "5513.53300", "2005-03-31": ""}, "Share Holder Equity": {"2020-09-30": "11597.00000", "2020-06-30": "11358.00000", "2020-03-31": "10962.00000", "2019-12-31": "11524.00000", "2019-09-30": "11133.00000", "2019-06-30": "11221.00000", "2019-03-31": "10300.00000", "2018-12-31": "10102.00000", "2018-09-30": "9819.00000", "2018-06-30": "9626.00000", "2018-03-31": "9594.00000", "2017-12-31": "4610.00000", "2017-09-30": "5740.00000", "2017-06-30": "5526.00000", "2017-03-31": "5335.00000", "2016-12-31": "5167.00000", "2016-09-30": "5204.00000", "2016-06-30": "5345.00000", "2016-03-31": "5366.00000", "2015-12-31": "5451.00000", "2015-09-30": "5646.00000", "2015-06-30": "5486.00000", "2015-03-31": "5291.00000", "2014-12-31": "5604.00000", "2014-09-30": "5885.00000", "2014-06-30": "6034.00000", "2014-03-31": "6181.00000", "2013-12-31": "6197.00000", "2013-09-30": "6225.00000", "2013-06-30": "6273.00000", "2013-03-31": "6242.00000", "2012-12-31": "6293.00000", "2012-09-30": "6267.00000", "2012-06-30": "6473.00000", "2012-03-31": "6568.00000", "2011-12-31": "6519.00000", "2011-09-30": "6403.00000", "2011-06-30": "6514.00000", "2011-03-31": "6411.00000", "2010-12-31": "6233.00000", "2010-09-30": "6695.00000", "2010-06-30": "6514.00000", "2010-03-31": "6384.00000", "2009-12-31": "6220.00000", "2009-09-30": "6042.00000", "2009-06-30": "5918.00000", "2009-03-31": "5677.00000", "2008-12-31": "5561.00000", "2008-09-30": "5519.00000", "2008-06-30": "4577.36700", "2008-03-31": "4524.57300", "2007-12-31": "4495.00000", "2007-09-30": "4670.00900", "2007-06-30": "4654.02800", "2007-03-31": "4570.44700", "2006-12-31": "4549.26400", "2006-09-30": "4540.13400", "2006-06-30": "4611.52400", "2006-03-31": "4591.01000", "2005-12-31": "4575.42500", "2005-09-30": "4567.06200", "2005-06-30": "4368.18700", "2005-03-31": ""}, "Total Liabilities And Share Holders Equity": {"2020-09-30": "33438.00000", "2020-06-30": "33089.00000", "2020-03-31": "33390.00000", "2019-12-31": "33735.00000", "2019-09-30": "32825.00000", "2019-06-30": "33845.00000", "2019-03-31": "32444.00000", "2018-12-31": "32550.00000", "2018-09-30": "32912.00000", "2018-06-30": "33492.00000", "2018-03-31": "34658.00000", "2017-12-31": "22555.00000", "2017-09-30": "23143.00000", "2017-06-30": "16149.00000", "2017-03-31": "15862.00000", "2016-12-31": "15672.00000", "2016-09-30": "15850.00000", "2016-06-30": "15690.00000", "2016-03-31": "15878.00000", "2015-12-31": "15864.00000", "2015-09-30": "15919.00000", "2015-06-30": "15729.00000", "2015-03-31": "15782.00000", "2014-12-31": "15970.00000", "2014-09-30": "16373.00000", "2014-06-30": "16105.00000", "2014-03-31": "15311.00000", "2013-12-31": "14979.00000", "2013-09-30": "14867.00000", "2013-06-30": "14687.00000", "2013-03-31": "14421.00000", "2012-12-31": "12930.00000", "2012-09-30": "12687.00000", "2012-06-30": "12810.00000", "2012-03-31": "11935.00000", "2011-12-31": "11913.00000", "2011-09-30": "11801.00000", "2011-06-30": "11836.00000", "2011-03-31": "11108.00000", "2010-12-31": "11019.00000", "2010-09-30": "11398.00000", "2010-06-30": "11074.00000", "2010-03-31": "10952.00000", "2009-12-31": "10952.00000", "2009-09-30": "10741.00000", "2009-06-30": "10696.00000", "2009-03-31": "10475.00000", "2008-12-31": "10484.00000", "2008-09-30": "10445.00000", "2008-06-30": "6019.37800", "2008-03-31": "5935.83800", "2007-12-31": "5866.00000", "2007-09-30": "6053.13600", "2007-06-30": "6041.54400", "2007-03-31": "5895.23400", "2006-12-31": "5870.98200", "2006-09-30": "5854.94200", "2006-06-30": "5884.93500", "2006-03-31": "5849.38100", "2005-12-31": "5819.23600", "2005-09-30": "5824.68400", "2005-06-30": "5583.84900", "2005-03-31": ""}}, "cash flow statement": {"Net Income/Loss": {"2019-12-31": "2213.00000", "2018-12-31": "681.00000", "2017-12-31": "-313.00000", "2016-12-31": "1218.00000", "2015-12-31": "1048.00000", "2014-12-31": "1137.00000", "2013-12-31": "1077.00000", "2012-12-31": "945.00000", "2011-12-31": "1133.00000", "2010-12-31": "669.00000", "2009-12-31": "564.00000", "2008-12-31": "444.00000", "2007-12-31": "-68.00000", "2006-12-31": "-46.00000", "2005-12-31": "33.27600"}, "Total Depreciation And Amortization - Cash Flow": {"2019-12-31": "4355.00000", "2018-12-31": "4686.00000", "2017-12-31": "3567.00000", "2016-12-31": "2095.00000", "2015-12-31": "2039.00000", "2014-12-31": "1886.00000", "2013-12-31": "1466.00000", "2012-12-31": "1002.00000", "2011-12-31": "1017.00000", "2010-12-31": "847.00000", "2009-12-31": "864.00000", "2008-12-31": "262.00000", "2007-12-31": "233.00000", "2006-12-31": "161.00000", "2005-12-31": "76.37700"}, "Other Non-Cash Items": {"2019-12-31": "-196.00000", "2018-12-31": "129.00000", "2017-12-31": "270.00000", "2016-12-31": "138.00000", "2015-12-31": "100.00000", "2014-12-31": "-164.00000", "2013-12-31": "263.00000", "2012-12-31": "208.00000", "2011-12-31": "75.00000", "2010-12-31": "303.00000", "2009-12-31": "4.00000", "2008-12-31": "836.00000", "2007-12-31": "-94.00000", "2006-12-31": "-61.00000", "2005-12-31": "-29.74800"}, "Total Non-Cash Items": {"2019-12-31": "4159.00000", "2018-12-31": "4815.00000", "2017-12-31": "3837.00000", "2016-12-31": "2233.00000", "2015-12-31": "2139.00000", "2014-12-31": "1722.00000", "2013-12-31": "1729.00000", "2012-12-31": "1210.00000", "2011-12-31": "1092.00000", "2010-12-31": "1150.00000", "2009-12-31": "868.00000", "2008-12-31": "1098.00000", "2007-12-31": "139.00000", "2006-12-31": "100.00000", "2005-12-31": "46.62900"}, "Change In Accounts Receivable": {"2019-12-31": "-7.00000", "2018-12-31": "-84.00000", "2017-12-31": "-258.00000", "2016-12-31": "-25.00000", "2015-12-31": "-44.00000", "2014-12-31": "6.00000", "2013-12-31": "-120.00000", "2012-12-31": "-59.00000", "2011-12-31": "-179.00000", "2010-12-31": "-81.00000", "2009-12-31": "-37.00000", "2008-12-31": "-48.00000", "2007-12-31": "4.00000", "2006-12-31": "-10.00000", "2005-12-31": "16.23700"}, "Change In Inventories": {"2019-12-31": "", "2018-12-31": "", "2017-12-31": "", "2016-12-31": "", "2015-12-31": "", "2014-12-31": "", "2013-12-31": "", "2012-12-31": "", "2011-12-31": "", "2010-12-31": "", "2009-12-31": "", "2008-12-31": "", "2007-12-31": "", "2006-12-31": "", "2005-12-31": ""}, "Change In Accounts Payable": {"2019-12-31": "", "2018-12-31": "", "2017-12-31": "", "2016-12-31": "", "2015-12-31": "", "2014-12-31": "", "2013-12-31": "", "2012-12-31": "", "2011-12-31": "", "2010-12-31": "", "2009-12-31": "", "2008-12-31": "", "2007-12-31": "", "2006-12-31": "", "2005-12-31": ""}, "Change In Assets/Liabilities": {"2019-12-31": "-3092.00000", "2018-12-31": "-2819.00000", "2017-12-31": "-1922.00000", "2016-12-31": "-2036.00000", "2015-12-31": "-1783.00000", "2014-12-31": "-1769.00000", "2013-12-31": "-1502.00000", "2012-12-31": "-1157.00000", "2011-12-31": "-1041.00000", "2010-12-31": "-962.00000", "2009-12-31": "-825.00000", "2008-12-31": "-878.00000", "2007-12-31": "-6.00000", "2006-12-31": "1.00000", "2005-12-31": "8.66500"}, "Total Change In Assets/Liabilities": {"2019-12-31": "-2973.00000", "2018-12-31": "-2920.00000", "2017-12-31": "-1895.00000", "2016-12-31": "-2071.00000", "2015-12-31": "-1893.00000", "2014-12-31": "-1585.00000", "2013-12-31": "-1521.00000", "2012-12-31": "-1056.00000", "2011-12-31": "-1142.00000", "2010-12-31": "-1151.00000", "2009-12-31": "-834.00000", "2008-12-31": "-969.00000", "2007-12-31": "-13.00000", "2006-12-31": "19.00000", "2005-12-31": "5.38600"}, "Cash Flow From Operating Activities": {"2019-12-31": "3399.00000", "2018-12-31": "2576.00000", "2017-12-31": "1629.00000", "2016-12-31": "1380.00000", "2015-12-31": "1294.00000", "2014-12-31": "1318.00000", "2013-12-31": "1285.00000", "2012-12-31": "1099.00000", "2011-12-31": "1100.00000", "2010-12-31": "668.00000", "2009-12-31": "642.00000", "2008-12-31": "573.00000", "2007-12-31": "58.00000", "2006-12-31": "73.00000", "2005-12-31": "85.29100"}, "Net Change In Property, Plant, And Equipment": {"2019-12-31": "-285.00000", "2018-12-31": "-79.00000", "2017-12-31": "-135.00000", "2016-12-31": "-88.00000", "2015-12-31": "-103.00000", "2014-12-31": "-120.00000", "2013-12-31": "-115.00000", "2012-12-31": "-77.00000", "2011-12-31": "-58.00000", "2010-12-31": "-49.00000", "2009-12-31": "-55.00000", "2008-12-31": "-102.00000", "2007-12-31": "-47.00000", "2006-12-31": "-77.00000", "2005-12-31": "-90.52600"}, "Net Change In Intangible Assets": {"2019-12-31": "", "2018-12-31": "", "2017-12-31": "", "2016-12-31": "", "2015-12-31": "", "2014-12-31": "", "2013-12-31": "", "2012-12-31": "", "2011-12-31": "", "2010-12-31": "", "2009-12-31": "", "2008-12-31": "", "2007-12-31": "", "2006-12-31": "", "2005-12-31": ""}, "Net Acquisitions/Divestitures": {"2019-12-31": "52.00000", "2018-12-31": "-8458.00000", "2017-12-31": "-31.00000", "2016-12-31": "19.00000", "2015-12-31": "-19.00000", "2014-12-31": "-327.00000", "2013-12-31": "-1833.00000", "2012-12-31": "-149.00000", "2011-12-31": "-26.00000", "2010-12-31": "-38.00000", "2009-12-31": "300.00000", "2008-12-31": "170.00000", "2007-12-31": "2.00000", "2006-12-31": "-41.00000", "2005-12-31": "15.37400"}, "Net Change In Short-term Investments": {"2019-12-31": "", "2018-12-31": "", "2017-12-31": "", "2016-12-31": "", "2015-12-31": "", "2014-12-31": "", "2013-12-31": "", "2012-12-31": "", "2011-12-31": "", "2010-12-31": "", "2009-12-31": "", "2008-12-31": "", "2007-12-31": "", "2006-12-31": "-52.00000", "2005-12-31": "12.80000"}, "Net Change In Long-Term Investments": {"2019-12-31": "-254.00000", "2018-12-31": "-60.00000", "2017-12-31": "-367.00000", "2016-12-31": "-185.00000", "2015-12-31": "-185.00000", "2014-12-31": "-119.00000", "2013-12-31": "19.00000", "2012-12-31": "-387.00000", "2011-12-31": "-130.00000", "2010-12-31": "-127.00000", "2009-12-31": "-7.00000", "2008-12-31": "20.00000", "2007-12-31": "", "2006-12-31": "", "2005-12-31": ""}, "Net Change In Investments - Total": {"2019-12-31": "-254.00000", "2018-12-31": "-60.00000", "2017-12-31": "-367.00000", "2016-12-31": "-185.00000", "2015-12-31": "-185.00000", "2014-12-31": "-119.00000", "2013-12-31": "19.00000", "2012-12-31": "-387.00000", "2011-12-31": "-130.00000", "2010-12-31": "-127.00000", "2009-12-31": "-7.00000", "2008-12-31": "20.00000", "2007-12-31": "", "2006-12-31": "-52.00000", "2005-12-31": "12.80000"}, "Investing Activities - Other": {"2019-12-31": "49.00000", "2018-12-31": "4.00000", "2017-12-31": "-100.00000", "2016-12-31": "-2.00000", "2015-12-31": "6.00000", "2014-12-31": "-2.00000", "2013-12-31": "-58.00000", "2012-12-31": "-30.00000", "2011-12-31": "", "2010-12-31": "24.00000", "2009-12-31": "", "2008-12-31": "", "2007-12-31": "30.00000", "2006-12-31": "1.00000", "2005-12-31": "-0.39400"}, "Cash Flow From Investing Activities": {"2019-12-31": "-438.00000", "2018-12-31": "-8593.00000", "2017-12-31": "-633.00000", "2016-12-31": "-256.00000", "2015-12-31": "-301.00000", "2014-12-31": "-568.00000", "2013-12-31": "-1987.00000", "2012-12-31": "-643.00000", "2011-12-31": "-214.00000", "2010-12-31": "-190.00000", "2009-12-31": "238.00000", "2008-12-31": "88.00000", "2007-12-31": "-15.00000", "2006-12-31": "-169.00000", "2005-12-31": "-62.74600"}, "Net Long-Term Debt": {"2019-12-31": "-1235.00000", "2018-12-31": "-44.00000", "2017-12-31": "6805.00000", "2016-12-31": "470.00000", "2015-12-31": "55.00000", "2014-12-31": "396.00000", "2013-12-31": "1166.00000", "2012-12-31": "970.00000", "2011-12-31": "619.00000", "2010-12-31": "77.00000", "2009-12-31": "-371.00000", "2008-12-31": "-411.00000", "2007-12-31": "", "2006-12-31": "", "2005-12-31": "-0.01200"}, "Net Current Debt": {"2019-12-31": "-225.00000", "2018-12-31": "-205.00000", "2017-12-31": "-173.00000", "2016-12-31": "-267.00000", "2015-12-31": "615.00000", "2014-12-31": "267.00000", "2013-12-31": "", "2012-12-31": "", "2011-12-31": "", "2010-12-31": "", "2009-12-31": "", "2008-12-31": "", "2007-12-31": "", "2006-12-31": "", "2005-12-31": ""}, "Debt Issuance/Retirement Net - Total": {"2019-12-31": "-1460.00000", "2018-12-31": "-249.00000", "2017-12-31": "6632.00000", "2016-12-31": "203.00000", "2015-12-31": "670.00000", "2014-12-31": "663.00000", "2013-12-31": "1166.00000", "2012-12-31": "970.00000", "2011-12-31": "619.00000", "2010-12-31": "77.00000", "2009-12-31": "-371.00000", "2008-12-31": "-411.00000", "2007-12-31": "", "2006-12-31": "", "2005-12-31": "-0.01200"}, "Net Common Equity Issued/Repurchased": {"2019-12-31": "-633.00000", "2018-12-31": "", "2017-12-31": "-603.00000", "2016-12-31": "-1374.00000", "2015-12-31": "-951.00000", "2014-12-31": "-1422.00000", "2013-12-31": "-1232.00000", "2012-12-31": "-1261.00000", "2011-12-31": "-909.00000", "2010-12-31": "-558.00000", "2009-12-31": "28.00000", "2008-12-31": "", "2007-12-31": "13.00000", "2006-12-31": "", "2005-12-31": ""}, "Net Total Equity Issued/Repurchased": {"2019-12-31": "-633.00000", "2018-12-31": "", "2017-12-31": "-603.00000", "2016-12-31": "-1374.00000", "2015-12-31": "-951.00000", "2014-12-31": "-1422.00000", "2013-12-31": "-1232.00000", "2012-12-31": "-1261.00000", "2011-12-31": "-909.00000", "2010-12-31": "-558.00000", "2009-12-31": "28.00000", "2008-12-31": "", "2007-12-31": "13.00000", "2006-12-31": "", "2005-12-31": ""}, "Total Common And Preferred Stock Dividends Paid": {"2019-12-31": "-250.00000", "2018-12-31": "-76.00000", "2017-12-31": "-30.00000", "2016-12-31": "-22.00000", "2015-12-31": "-42.00000", "2014-12-31": "-2.00000", "2013-12-31": "", "2012-12-31": "", "2011-12-31": "", "2010-12-31": "", "2009-12-31": "-13.00000", "2008-12-31": "", "2007-12-31": "", "2006-12-31": "", "2005-12-31": ""}, "Financial Activities - Other": {"2019-12-31": "-14.00000", "2018-12-31": "42.00000", "2017-12-31": "-48.00000", "2016-12-31": "9.00000", "2015-12-31": "-596.00000", "2014-12-31": "27.00000", "2013-12-31": "-19.00000", "2012-12-31": "-14.00000", "2011-12-31": "-7.00000", "2010-12-31": "-160.00000", "2009-12-31": "", "2008-12-31": "-363.00000", "2007-12-31": "-1.00000", "2006-12-31": "", "2005-12-31": "206.17800"}, "Cash Flow From Financial Activities": {"2019-12-31": "-2357.00000", "2018-12-31": "-283.00000", "2017-12-31": "5951.00000", "2016-12-31": "-1184.00000", "2015-12-31": "-919.00000", "2014-12-31": "-734.00000", "2013-12-31": "-85.00000", "2012-12-31": "-305.00000", "2011-12-31": "-297.00000", "2010-12-31": "-641.00000", "2009-12-31": "-356.00000", "2008-12-31": "-774.00000", "2007-12-31": "12.00000", "2006-12-31": "", "2005-12-31": "206.16600"}, "Net Cash Flow": {"2019-12-31": "566.00000", "2018-12-31": "-6323.00000", "2017-12-31": "7009.00000", "2016-12-31": "-90.00000", "2015-12-31": "23.00000", "2014-12-31": "-41.00000", "2013-12-31": "-793.00000", "2012-12-31": "153.00000", "2011-12-31": "582.00000", "2010-12-31": "-157.00000", "2009-12-31": "529.00000", "2008-12-31": "-115.00000", "2007-12-31": "55.00000", "2006-12-31": "-96.00000", "2005-12-31": "228.71100"}, "Stock-Based Compensation": {"2019-12-31": "142.00000", "2018-12-31": "80.00000", "2017-12-31": "39.00000", "2016-12-31": "69.00000", "2015-12-31": "35.00000", "2014-12-31": "78.00000", "2013-12-31": "190.00000", "2012-12-31": "154.00000", "2011-12-31": "99.00000", "2010-12-31": "182.00000", "2009-12-31": "228.00000", "2008-12-31": "-66.00000", "2007-12-31": "1.00000", "2006-12-31": "2.00000", "2005-12-31": "4.38300"}, "Common Stock Dividends Paid": {"2019-12-31": "-250.00000", "2018-12-31": "-76.00000", "2017-12-31": "-30.00000", "2016-12-31": "-22.00000", "2015-12-31": "-42.00000", "2014-12-31": "-2.00000", "2013-12-31": "", "2012-12-31": "", "2011-12-31": "", "2010-12-31": "", "2009-12-31": "-13.00000", "2008-12-31": "0.00000", "2007-12-31": "", "2006-12-31": "", "2005-12-31": ""}}, "cash flow statement, quarterly": {"Net Income/Loss": {"2020-09-30": 330, "2020-06-30": 300, "2020-03-31": "407.00000", "2019-12-31": 511, "2019-09-30": 297, "2019-06-30": 987, "2019-03-31": "418.00000", "2018-12-31": 299, "2018-09-30": 135, "2018-06-30": 244, "2018-03-31": "3.00000", "2017-12-31": -1137, "2017-09-30": 223, "2017-06-30": 380, "2017-03-31": "221.00000", "2016-12-31": 309, "2016-09-30": 225, "2016-06-30": 415, "2016-03-31": "269.00000", "2015-12-31": 226, "2015-09-30": 283, "2015-06-30": 289, "2015-03-31": "250.00000", "2014-12-31": 235, "2014-09-30": 287, "2014-06-30": 384, "2014-03-31": "231.00000", "2013-12-31": 290, "2013-09-30": 256, "2013-06-30": 300, "2013-03-31": "231.00000", "2012-12-31": 224, "2012-09-30": 206, "2012-06-30": 293, "2012-03-31": "222.00000", "2011-12-31": 337, "2011-09-30": 237, "2011-06-30": 254, "2011-03-31": "305.00000", "2010-12-31": 197, "2010-09-30": 189, "2010-06-30": 110, "2010-03-31": "173.00000", "2009-12-31": 156, "2009-09-30": 104, "2009-06-30": 181, "2009-03-31": "123.00000", "2008-12-31": 114, "2008-09-30": 174, "2008-06-30": 82, "2008-03-31": "74.00000", "2007-12-31": -170, "2007-09-30": 7.319, "2007-06-30": 74.217, "2007-03-31": "20.46400", "2006-12-31": 5.284, "2006-09-30": -76.633, "2006-06-30": 13.734, "2006-03-31": "11.61500", "2005-12-31": 11.235, "2005-09-30": 1.189, "2005-06-30": 4.027, "2005-03-31": "16.82500"}, "Total Depreciation And Amortization - Cash Flow": {"2020-09-30": 1104, "2020-06-30": 1023, "2020-03-31": "1030.00000", "2019-12-31": 1108, "2019-09-30": 1177, "2019-06-30": 1001, "2019-03-31": "1069.00000", "2018-12-31": 1162, "2018-09-30": 1261, "2018-06-30": 1319, "2018-03-31": "944.00000", "2017-12-31": 1930, "2017-09-30": 567, "2017-06-30": 990, "2017-03-31": "80.00000", "2016-12-31": 563, "2016-09-30": 509, "2016-06-30": 503, "2016-03-31": "520.00000", "2015-12-31": 553, "2015-09-30": 497, "2015-06-30": 501, "2015-03-31": "488.00000", "2014-12-31": 560, "2014-09-30": 463, "2014-06-30": 428, "2014-03-31": "435.00000", "2013-12-31": 412, "2013-09-30": 392, "2013-06-30": 394, "2013-03-31": "268.00000", "2012-12-31": 277, "2012-09-30": 243, "2012-06-30": 245, "2012-03-31": "237.00000", "2011-12-31": 304, "2011-09-30": 272, "2011-06-30": 226, "2011-03-31": "215.00000", "2010-12-31": 736, "2010-09-30": 44, "2010-06-30": 33, "2010-03-31": "34.00000", "2009-12-31": 231, "2009-09-30": 217, "2009-06-30": 212, "2009-03-31": "204.00000", "2008-12-31": 67, "2008-09-30": 68, "2008-06-30": 64, "2008-03-31": "63.00000", "2007-12-31": 183, "2007-09-30": 17.014, "2007-06-30": 17.415, "2007-03-31": "15.57100", "2006-12-31": 19.603, "2006-09-30": 109.438, "2006-06-30": 16.304, "2006-03-31": "15.65500", "2005-12-31": 21.489, "2005-09-30": 17.884, "2005-06-30": 20.243, "2005-03-31": "16.76100"}, "Other Non-Cash Items": {"2020-09-30": 44, "2020-06-30": 39, "2020-03-31": "-13.00000", "2019-12-31": 131, "2019-09-30": 57, "2019-06-30": -410, "2019-03-31": "26.00000", "2018-12-31": 157, "2018-09-30": -8, "2018-06-30": -36, "2018-03-31": "16.00000", "2017-12-31": 129, "2017-09-30": 49, "2017-06-30": -461, "2017-03-31": "553.00000", "2016-12-31": 14, "2016-09-30": 178, "2016-06-30": -31, "2016-03-31": "-23.00000", "2015-12-31": 36, "2015-09-30": 143, "2015-06-30": -43, "2015-03-31": "-36.00000", "2014-12-31": -66, "2014-09-30": 9, "2014-06-30": -91, "2014-03-31": "-16.00000", "2013-12-31": 9, "2013-09-30": 55, "2013-06-30": 54, "2013-03-31": "145.00000", "2012-12-31": 33, "2012-09-30": 107, "2012-06-30": -20, "2012-03-31": "88.00000", "2011-12-31": 5, "2011-09-30": 40, "2011-06-30": 77, "2011-03-31": "-47.00000", "2010-12-31": -333, "2010-09-30": 181, "2010-06-30": 225, "2010-03-31": "230.00000", "2009-12-31": 34, "2009-09-30": 64, "2009-06-30": -125, "2009-03-31": "31.00000", "2008-12-31": 775, "2008-09-30": -70, "2008-06-30": 84, "2008-03-31": "47.00000", "2007-12-31": 7, "2007-09-30": -5.846, "2007-06-30": -75.592, "2007-03-31": "-19.56200", "2006-12-31": -12.415, "2006-09-30": -18.395, "2006-06-30": -18.209, "2006-03-31": "-11.98100", "2005-12-31": -9.04, "2005-09-30": -0.36, "2005-06-30": -6.57, "2005-03-31": "-13.77800"}, "Total Non-Cash Items": {"2020-09-30": 1148, "2020-06-30": 1062, "2020-03-31": "1017.00000", "2019-12-31": 1239, "2019-09-30": 1234, "2019-06-30": 591, "2019-03-31": "1095.00000", "2018-12-31": 1319, "2018-09-30": 1253, "2018-06-30": 1283, "2018-03-31": "960.00000", "2017-12-31": 2059, "2017-09-30": 616, "2017-06-30": 529, "2017-03-31": "633.00000", "2016-12-31": 577, "2016-09-30": 687, "2016-06-30": 472, "2016-03-31": "497.00000", "2015-12-31": 589, "2015-09-30": 640, "2015-06-30": 458, "2015-03-31": "452.00000", "2014-12-31": 494, "2014-09-30": 472, "2014-06-30": 337, "2014-03-31": "419.00000", "2013-12-31": 421, "2013-09-30": 447, "2013-06-30": 448, "2013-03-31": "413.00000", "2012-12-31": 310, "2012-09-30": 350, "2012-06-30": 225, "2012-03-31": "325.00000", "2011-12-31": 309, "2011-09-30": 312, "2011-06-30": 303, "2011-03-31": "168.00000", "2010-12-31": 403, "2010-09-30": 225, "2010-06-30": 258, "2010-03-31": "264.00000", "2009-12-31": 265, "2009-09-30": 281, "2009-06-30": 87, "2009-03-31": "235.00000", "2008-12-31": 842, "2008-09-30": -2, "2008-06-30": 148, "2008-03-31": "110.00000", "2007-12-31": 190, "2007-09-30": 11.168, "2007-06-30": -58.177, "2007-03-31": "-3.99100", "2006-12-31": 7.188, "2006-09-30": 91.043, "2006-06-30": -1.905, "2006-03-31": "3.67400", "2005-12-31": 12.449, "2005-09-30": 17.524, "2005-06-30": 13.673, "2005-03-31": "2.98300"}, "Change In Accounts Receivable": {"2020-09-30": 34, "2020-06-30": 86, "2020-03-31": "36.00000", "2019-12-31": 77, "2019-09-30": 147, "2019-06-30": -221, "2019-03-31": "-10.00000", "2018-12-31": -65, "2018-09-30": 157, "2018-06-30": -140, "2018-03-31": "-36.00000", "2017-12-31": -120, "2017-09-30": 111, "2017-06-30": -205, "2017-03-31": "-44.00000", "2016-12-31": 23, "2016-09-30": 25, "2016-06-30": -66, "2016-03-31": "-7.00000", "2015-12-31": 89, "2015-09-30": -61, "2015-06-30": -62, "2015-03-31": "-10.00000", "2014-12-31": 3, "2014-09-30": 49, "2014-06-30": -77, "2014-03-31": "31.00000", "2013-12-31": -28, "2013-09-30": -2, "2013-06-30": -70, "2013-03-31": "-20.00000", "2012-12-31": -23, "2012-09-30": 73, "2012-06-30": -80, "2012-03-31": "-29.00000", "2011-12-31": -52, "2011-09-30": -96, "2011-06-30": -45, "2011-03-31": "14.00000", "2010-12-31": -40, "2010-09-30": -10, "2010-06-30": -73, "2010-03-31": "42.00000", "2009-12-31": -38, "2009-09-30": -16, "2009-06-30": -14, "2009-03-31": "31.00000", "2008-12-31": -19, "2008-09-30": 38, "2008-06-30": -41, "2008-03-31": "-26.00000", "2007-12-31": 8, "2007-09-30": -11.244, "2007-06-30": 8.326, "2007-03-31": "-1.08200", "2006-12-31": 11.875, "2006-09-30": -21.713, "2006-06-30": 4.674, "2006-03-31": "-4.83600", "2005-12-31": 13.637, "2005-09-30": -2.275, "2005-06-30": 7.682, "2005-03-31": "-2.80700"}, "Change In Inventories": {"2020-09-30": 0, "2020-06-30": 0, "2020-03-31": "", "2019-12-31": 0, "2019-09-30": 0, "2019-06-30": 0, "2019-03-31": "", "2018-12-31": 0, "2018-09-30": 0, "2018-06-30": 0, "2018-03-31": "", "2017-12-31": 0, "2017-09-30": 0, "2017-06-30": 0, "2017-03-31": "", "2016-12-31": 0, "2016-09-30": 0, "2016-06-30": 0, "2016-03-31": "", "2015-12-31": 0, "2015-09-30": 0, "2015-06-30": 0, "2015-03-31": "", "2014-12-31": 0, "2014-09-30": 0, "2014-06-30": 0, "2014-03-31": "", "2013-12-31": 0, "2013-09-30": 0, "2013-06-30": 0, "2013-03-31": "", "2012-12-31": 0, "2012-09-30": 0, "2012-06-30": 0, "2012-03-31": "", "2011-12-31": 0, "2011-09-30": 0, "2011-06-30": 0, "2011-03-31": "", "2010-12-31": 0, "2010-09-30": 0, "2010-06-30": 0, "2010-03-31": "", "2009-12-31": 0, "2009-09-30": 0, "2009-06-30": 0, "2009-03-31": "", "2008-12-31": 0, "2008-09-30": 0, "2008-06-30": 0, "2008-03-31": "", "2007-12-31": 0, "2007-09-30": 0, "2007-06-30": 0, "2007-03-31": "", "2006-12-31": 0, "2006-09-30": 0, "2006-06-30": 0, "2006-03-31": "", "2005-12-31": 0, "2005-09-30": 0, "2005-06-30": 0, "2005-03-31": ""}, "Change In Accounts Payable": {"2020-09-30": 0, "2020-06-30": 0, "2020-03-31": "", "2019-12-31": 0, "2019-09-30": 0, "2019-06-30": 0, "2019-03-31": "", "2018-12-31": 0, "2018-09-30": 0, "2018-06-30": 0, "2018-03-31": "", "2017-12-31": 0, "2017-09-30": 0, "2017-06-30": 0, "2017-03-31": "", "2016-12-31": 0, "2016-09-30": 0, "2016-06-30": 0, "2016-03-31": "", "2015-12-31": 0, "2015-09-30": 0, "2015-06-30": 0, "2015-03-31": "", "2014-12-31": 0, "2014-09-30": 0, "2014-06-30": 0, "2014-03-31": "", "2013-12-31": 0, "2013-09-30": 0, "2013-06-30": 0, "2013-03-31": "", "2012-12-31": 0, "2012-09-30": 0, "2012-06-30": 0, "2012-03-31": "", "2011-12-31": 0, "2011-09-30": 0, "2011-06-30": 0, "2011-03-31": "", "2010-12-31": 0, "2010-09-30": 0, "2010-06-30": 0, "2010-03-31": "", "2009-12-31": 0, "2009-09-30": 0, "2009-06-30": 0, "2009-03-31": "", "2008-12-31": 0, "2008-09-30": 0, "2008-06-30": 0, "2008-03-31": "", "2007-12-31": 0, "2007-09-30": 0, "2007-06-30": 0, "2007-03-31": "", "2006-12-31": 0, "2006-09-30": 0, "2006-06-30": 0, "2006-03-31": "", "2005-12-31": 0, "2005-09-30": 0, "2005-06-30": 0, "2005-03-31": ""}, "Change In Assets/Liabilities": {"2020-09-30": -660, "2020-06-30": -485, "2020-03-31": "-923.00000", "2019-12-31": -742, "2019-09-30": -838, "2019-06-30": -762, "2019-03-31": "-750.00000", "2018-12-31": -674, "2018-09-30": -590, "2018-06-30": -892, "2018-03-31": "-663.00000", "2017-12-31": -517, "2017-09-30": -437, "2017-06-30": -484, "2017-03-31": "-484.00000", "2016-12-31": -440, "2016-09-30": -532, "2016-06-30": -487, "2016-03-31": "-577.00000", "2015-12-31": -346, "2015-09-30": -519, "2015-06-30": -411, "2015-03-31": "-507.00000", "2014-12-31": -384, "2014-09-30": -469, "2014-06-30": -417, "2014-03-31": "-499.00000", "2013-12-31": -338, "2013-09-30": -388, "2013-06-30": -390, "2013-03-31": "-386.00000", "2012-12-31": -261, "2012-09-30": -303, "2012-06-30": -326, "2012-03-31": "-267.00000", "2011-12-31": -250, "2011-09-30": -245, "2011-06-30": -235, "2011-03-31": "-311.00000", "2010-12-31": -248, "2010-09-30": -200, "2010-06-30": -261, "2010-03-31": "-253.00000", "2009-12-31": -229, "2009-09-30": -194, "2009-06-30": -222, "2009-03-31": "-180.00000", "2008-12-31": -762, "2008-09-30": -51, "2008-06-30": -53, "2008-03-31": "-12.00000", "2007-12-31": -2, "2007-09-30": -2.161, "2007-06-30": -0.642, "2007-03-31": "-1.19700", "2006-12-31": 4.73, "2006-09-30": -3.763, "2006-06-30": 4.045, "2006-03-31": "-4.01200", "2005-12-31": 3.238, "2005-09-30": 2.808, "2005-06-30": -0.091, "2005-03-31": "2.71000"}, "Total Change In Assets/Liabilities": {"2020-09-30": -618, "2020-06-30": -371, "2020-03-31": "-1089.00000", "2019-12-31": -518, "2019-09-30": -580, "2019-06-30": -904, "2019-03-31": "-971.00000", "2018-12-31": -633, "2018-09-30": -488, "2018-06-30": -929, "2018-03-31": "-870.00000", "2017-12-31": -386, "2017-09-30": -173, "2017-06-30": -734, "2017-03-31": "-602.00000", "2016-12-31": -340, "2016-09-30": -442, "2016-06-30": -585, "2016-03-31": "-704.00000", "2015-12-31": -173, "2015-09-30": -645, "2015-06-30": -427, "2015-03-31": "-648.00000", "2014-12-31": -348, "2014-09-30": -317, "2014-06-30": -511, "2014-03-31": "-409.00000", "2013-12-31": -356, "2013-09-30": -225, "2013-06-30": -402, "2013-03-31": "-538.00000", "2012-12-31": -206, "2012-09-30": -156, "2012-06-30": -395, "2012-03-31": "-299.00000", "2011-12-31": -323, "2011-09-30": -220, "2011-06-30": -343, "2011-03-31": "-256.00000", "2010-12-31": -377, "2010-09-30": -59, "2010-06-30": -404, "2010-03-31": "-311.00000", "2009-12-31": -207, "2009-09-30": -338, "2009-06-30": -82, "2009-03-31": "-207.00000", "2008-12-31": -806, "2008-09-30": 69, "2008-06-30": -115, "2008-03-31": "-117.00000", "2007-12-31": 5, "2007-09-30": -20.866, "2007-06-30": 16.774, "2007-03-31": "-13.90800", "2006-12-31": 11.392, "2006-09-30": 2.683, "2006-06-30": 9.946, "2006-03-31": "-5.02100", "2005-12-31": -0.229, "2005-09-30": 12.124, "2005-06-30": 2.294, "2005-03-31": "-8.80300"}, "Cash Flow From Operating Activities": {"2020-09-30": 860, "2020-06-30": 991, "2020-03-31": "335.00000", "2019-12-31": 1232, "2019-09-30": 951, "2019-06-30": 674, "2019-03-31": "542.00000", "2018-12-31": 929, "2018-09-30": 931, "2018-06-30": 556, "2018-03-31": "160.00000", "2017-12-31": 462, "2017-09-30": 724, "2017-06-30": 188, "2017-03-31": "255.00000", "2016-12-31": 546, "2016-09-30": 444, "2016-06-30": 328, "2016-03-31": "62.00000", "2015-12-31": 642, "2015-09-30": 258, "2015-06-30": 331, "2015-03-31": "63.00000", "2014-12-31": 425, "2014-09-30": 420, "2014-06-30": 232, "2014-03-31": "241.00000", "2013-12-31": 355, "2013-09-30": 460, "2013-06-30": 339, "2013-03-31": "131.00000", "2012-12-31": 328, "2012-09-30": 382, "2012-06-30": 141, "2012-03-31": "248.00000", "2011-12-31": 340, "2011-09-30": 329, "2011-06-30": 214, "2011-03-31": "217.00000", "2010-12-31": 223, "2010-09-30": 355, "2010-06-30": -36, "2010-03-31": "126.00000", "2009-12-31": 258, "2009-09-30": 47, "2009-06-30": 186, "2009-03-31": "151.00000", "2008-12-31": 150, "2008-09-30": 241, "2008-06-30": 115, "2008-03-31": "67.00000", "2007-12-31": 25, "2007-09-30": -2.379, "2007-06-30": 32.814, "2007-03-31": "2.56500", "2006-12-31": 23.864, "2006-09-30": 17.093, "2006-06-30": 21.775, "2006-03-31": "10.26800", "2005-12-31": 23.455, "2005-09-30": 30.837, "2005-06-30": 19.994, "2005-03-31": "11.00500"}, "Net Change In Property, Plant, And Equipment": {"2020-09-30": -73, "2020-06-30": -112, "2020-03-31": "-105.00000", "2019-12-31": -96, "2019-09-30": -67, "2019-06-30": -78, "2019-03-31": "-44.00000", "2018-12-31": -41, "2018-09-30": 44, "2018-06-30": -34, "2018-03-31": "-48.00000", "2017-12-31": -32, "2017-09-30": -25, "2017-06-30": -31, "2017-03-31": "-47.00000", "2016-12-31": -19, "2016-09-30": -26, "2016-06-30": -28, "2016-03-31": "-15.00000", "2015-12-31": -27, "2015-09-30": -24, "2015-06-30": -18, "2015-03-31": "-34.00000", "2014-12-31": -35, "2014-09-30": -27, "2014-06-30": -30, "2014-03-31": "-28.00000", "2013-12-31": -39, "2013-09-30": -22, "2013-06-30": -28, "2013-03-31": "-26.00000", "2012-12-31": -24, "2012-09-30": -29, "2012-06-30": -3, "2012-03-31": "-21.00000", "2011-12-31": -16, "2011-09-30": -15, "2011-06-30": -16, "2011-03-31": "-11.00000", "2010-12-31": -20, "2010-09-30": -9, "2010-06-30": -8, "2010-03-31": "-12.00000", "2009-12-31": -14, "2009-09-30": -9, "2009-06-30": -13, "2009-03-31": "-19.00000", "2008-12-31": -18, "2008-09-30": -42, "2008-06-30": -20, "2008-03-31": "-22.00000", "2007-12-31": -11, "2007-09-30": -10.907, "2007-06-30": -11.686, "2007-03-31": "-13.40700", "2006-12-31": -25.78, "2006-09-30": -18.82, "2006-06-30": -18.598, "2006-03-31": "-13.80200", "2005-12-31": -16.017, "2005-09-30": -23.356, "2005-06-30": -30.232, "2005-03-31": "-20.92100"}, "Net Change In Intangible Assets": {"2020-09-30": 0, "2020-06-30": 0, "2020-03-31": "", "2019-12-31": 0, "2019-09-30": 0, "2019-06-30": 0, "2019-03-31": "", "2018-12-31": 0, "2018-09-30": 0, "2018-06-30": 0, "2018-03-31": "", "2017-12-31": 0, "2017-09-30": 0, "2017-06-30": 0, "2017-03-31": "", "2016-12-31": 0, "2016-09-30": 0, "2016-06-30": 0, "2016-03-31": "", "2015-12-31": 0, "2015-09-30": 0, "2015-06-30": 0, "2015-03-31": "", "2014-12-31": 0, "2014-09-30": 0, "2014-06-30": 0, "2014-03-31": "", "2013-12-31": 0, "2013-09-30": 0, "2013-06-30": 0, "2013-03-31": "", "2012-12-31": 0, "2012-09-30": 0, "2012-06-30": 0, "2012-03-31": "", "2011-12-31": 0, "2011-09-30": 0, "2011-06-30": 0, "2011-03-31": "", "2010-12-31": 0, "2010-09-30": 0, "2010-06-30": 0, "2010-03-31": "", "2009-12-31": 0, "2009-09-30": 0, "2009-06-30": 0, "2009-03-31": "", "2008-12-31": 0, "2008-09-30": 0, "2008-06-30": 0, "2008-03-31": "", "2007-12-31": 0, "2007-09-30": 0, "2007-06-30": 0, "2007-03-31": "", "2006-12-31": 0, "2006-09-30": 0, "2006-06-30": 0, "2006-03-31": "", "2005-12-31": 0, "2005-09-30": 0, "2005-06-30": 0, "2005-03-31": ""}, "Net Acquisitions/Divestitures": {"2020-09-30": -24, "2020-06-30": 65, "2020-03-31": "", "2019-12-31": -5, "2019-09-30": 12, "2019-06-30": 67, "2019-03-31": "-22.00000", "2018-12-31": 0, "2018-09-30": 0, "2018-06-30": 107, "2018-03-31": "-8565.00000", "2017-12-31": -56, "2017-09-30": -4, "2017-06-30": 29, "2017-03-31": "", "2016-12-31": 0, "2016-09-30": 0, "2016-06-30": 19, "2016-03-31": "", "2015-12-31": -56, "2015-09-30": -2, "2015-06-30": 55, "2015-03-31": "-16.00000", "2014-12-31": -3, "2014-09-30": -48, "2014-06-30": -259, "2014-03-31": "-17.00000", "2013-12-31": -29, "2013-09-30": 28, "2013-06-30": -1772, "2013-03-31": "-60.00000", "2012-12-31": -129, "2012-09-30": 0, "2012-06-30": -20, "2012-03-31": "", "2011-12-31": -26, "2011-09-30": 0, "2011-06-30": 0, "2011-03-31": "", "2010-12-31": -24, "2010-09-30": 24, "2010-06-30": 0, "2010-03-31": "-38.00000", "2009-12-31": 0, "2009-09-30": 0, "2009-06-30": 300, "2009-03-31": "", "2008-12-31": -6, "2008-09-30": 138, "2008-06-30": -4, "2008-03-31": "42.00000", "2007-12-31": 2, "2007-09-30": 0, "2007-06-30": 0, "2007-03-31": "", "2006-12-31": 5.793, "2006-09-30": 0, "2006-06-30": 0, "2006-03-31": "-46.79300", "2005-12-31": 15.374, "2005-09-30": 0, "2005-06-30": 0, "2005-03-31": ""}, "Net Change In Short-term Investments": {"2020-09-30": 0, "2020-06-30": 0, "2020-03-31": "", "2019-12-31": 0, "2019-09-30": 0, "2019-06-30": 0, "2019-03-31": "", "2018-12-31": 0, "2018-09-30": 0, "2018-06-30": 0, "2018-03-31": "", "2017-12-31": 0, "2017-09-30": 0, "2017-06-30": 0, "2017-03-31": "", "2016-12-31": 0, "2016-09-30": 0, "2016-06-30": 0, "2016-03-31": "", "2015-12-31": 0, "2015-09-30": 0, "2015-06-30": 0, "2015-03-31": "", "2014-12-31": 0, "2014-09-30": 0, "2014-06-30": 0, "2014-03-31": "", "2013-12-31": 0, "2013-09-30": 0, "2013-06-30": 0, "2013-03-31": "", "2012-12-31": 0, "2012-09-30": 0, "2012-06-30": 0, "2012-03-31": "", "2011-12-31": 0, "2011-09-30": 0, "2011-06-30": 0, "2011-03-31": "", "2010-12-31": 0, "2010-09-30": 0, "2010-06-30": 0, "2010-03-31": "", "2009-12-31": 0, "2009-09-30": 0, "2009-06-30": 0, "2009-03-31": "", "2008-12-31": 0, "2008-09-30": 0, "2008-06-30": 0, "2008-03-31": "", "2007-12-31": 0, "2007-09-30": 1.671, "2007-06-30": -1.006, "2007-03-31": "-0.66500", "2006-12-31": -0.948, "2006-09-30": -0.391, "2006-06-30": -1.486, "2006-03-31": "-49.17500", "2005-12-31": 12.8, "2005-09-30": 0, "2005-06-30": 0, "2005-03-31": ""}, "Net Change In Long-Term Investments": {"2020-09-30": -310, "2020-06-30": -39, "2020-03-31": "-42.00000", "2019-12-31": -39, "2019-09-30": -68, "2019-06-30": -113, "2019-03-31": "-34.00000", "2018-12-31": -4, "2018-09-30": -8, "2018-06-30": -26, "2018-03-31": "-22.00000", "2017-12-31": -18, "2017-09-30": -97, "2017-06-30": -69, "2017-03-31": "-183.00000", "2016-12-31": -183, "2016-09-30": 18, "2016-06-30": -35, "2016-03-31": "15.00000", "2015-12-31": -210, "2015-09-30": 19, "2015-06-30": 17, "2015-03-31": "-11.00000", "2014-12-31": 0, "2014-09-30": -151, "2014-06-30": 15, "2014-03-31": "17.00000", "2013-12-31": 24, "2013-09-30": 17, "2013-06-30": 3, "2013-03-31": "-25.00000", "2012-12-31": -289, "2012-09-30": -28, "2012-06-30": -49, "2012-03-31": "-21.00000", "2011-12-31": -37, "2011-09-30": -11, "2011-06-30": -25, "2011-03-31": "-57.00000", "2010-12-31": -56, "2010-09-30": -30, "2010-06-30": -26, "2010-03-31": "-15.00000", "2009-12-31": -7, "2009-09-30": -9, "2009-06-30": 9, "2009-03-31": "", "2008-12-31": -4, "2008-09-30": 0, "2008-06-30": 0, "2008-03-31": "24.00000", "2007-12-31": 0, "2007-09-30": 0, "2007-06-30": 0, "2007-03-31": "", "2006-12-31": 0, "2006-09-30": 0, "2006-06-30": 0, "2006-03-31": "", "2005-12-31": 0, "2005-09-30": 0, "2005-06-30": 0, "2005-03-31": ""}, "Net Change In Investments - Total": {"2020-09-30": -310, "2020-06-30": -39, "2020-03-31": "-42.00000", "2019-12-31": -39, "2019-09-30": -68, "2019-06-30": -113, "2019-03-31": "-34.00000", "2018-12-31": -4, "2018-09-30": -8, "2018-06-30": -26, "2018-03-31": "-22.00000", "2017-12-31": -18, "2017-09-30": -97, "2017-06-30": -69, "2017-03-31": "-183.00000", "2016-12-31": -183, "2016-09-30": 18, "2016-06-30": -35, "2016-03-31": "15.00000", "2015-12-31": -210, "2015-09-30": 19, "2015-06-30": 17, "2015-03-31": "-11.00000", "2014-12-31": 0, "2014-09-30": -151, "2014-06-30": 15, "2014-03-31": "17.00000", "2013-12-31": 24, "2013-09-30": 17, "2013-06-30": 3, "2013-03-31": "-25.00000", "2012-12-31": -289, "2012-09-30": -28, "2012-06-30": -49, "2012-03-31": "-21.00000", "2011-12-31": -37, "2011-09-30": -11, "2011-06-30": -25, "2011-03-31": "-57.00000", "2010-12-31": -56, "2010-09-30": -30, "2010-06-30": -26, "2010-03-31": "-15.00000", "2009-12-31": -7, "2009-09-30": -9, "2009-06-30": 9, "2009-03-31": "", "2008-12-31": -4, "2008-09-30": 0, "2008-06-30": 0, "2008-03-31": "24.00000", "2007-12-31": 0, "2007-09-30": 1.671, "2007-06-30": -1.006, "2007-03-31": "-0.66500", "2006-12-31": -0.948, "2006-09-30": -0.391, "2006-06-30": -1.486, "2006-03-31": "-49.17500", "2005-12-31": 12.8, "2005-09-30": 0, "2005-06-30": 0, "2005-03-31": ""}, "Investing Activities - Other": {"2020-09-30": 11, "2020-06-30": 2, "2020-03-31": "77.00000", "2019-12-31": -7, "2019-09-30": 52, "2019-06-30": -2, "2019-03-31": "6.00000", "2018-12-31": 1, "2018-09-30": -2, "2018-06-30": 45, "2018-03-31": "-40.00000", "2017-12-31": -4, "2017-09-30": -104, "2017-06-30": 2, "2017-03-31": "6.00000", "2016-12-31": 0, "2016-09-30": 3, "2016-06-30": -4, "2016-03-31": "-1.00000", "2015-12-31": 18, "2015-09-30": 7, "2015-06-30": -2, "2015-03-31": "-17.00000", "2014-12-31": -1, "2014-09-30": 0, "2014-06-30": -1, "2014-03-31": "", "2013-12-31": -2, "2013-09-30": 0, "2013-06-30": -17, "2013-03-31": "-39.00000", "2012-12-31": -6, "2012-09-30": -24, "2012-06-30": 0, "2012-03-31": "", "2011-12-31": 0, "2011-09-30": 0, "2011-06-30": 2, "2011-03-31": "-2.00000", "2010-12-31": 24, "2010-09-30": 0, "2010-06-30": 0, "2010-03-31": "", "2009-12-31": 0, "2009-09-30": 0, "2009-06-30": 6, "2009-03-31": "-6.00000", "2008-12-31": 0, "2008-09-30": -2, "2008-06-30": 2, "2008-03-31": "", "2007-12-31": 28, "2007-09-30": -5.504, "2007-06-30": 0.276, "2007-03-31": "7.22800", "2006-12-31": -0.431, "2006-09-30": 1.175, "2006-06-30": 0.283, "2006-03-31": "-0.02700", "2005-12-31": -12.892, "2005-09-30": 8.514, "2005-06-30": 1.767, "2005-03-31": "2.21700"}, "Cash Flow From Investing Activities": {"2020-09-30": -396, "2020-06-30": -84, "2020-03-31": "-70.00000", "2019-12-31": -147, "2019-09-30": -71, "2019-06-30": -126, "2019-03-31": "-94.00000", "2018-12-31": -44, "2018-09-30": 34, "2018-06-30": 92, "2018-03-31": "-8675.00000", "2017-12-31": -110, "2017-09-30": -230, "2017-06-30": -69, "2017-03-31": "-224.00000", "2016-12-31": -202, "2016-09-30": -5, "2016-06-30": -48, "2016-03-31": "-1.00000", "2015-12-31": -275, "2015-09-30": 0, "2015-06-30": 52, "2015-03-31": "-78.00000", "2014-12-31": -39, "2014-09-30": -226, "2014-06-30": -275, "2014-03-31": "-28.00000", "2013-12-31": -46, "2013-09-30": 23, "2013-06-30": -1814, "2013-03-31": "-150.00000", "2012-12-31": -448, "2012-09-30": -81, "2012-06-30": -72, "2012-03-31": "-42.00000", "2011-12-31": -79, "2011-09-30": -26, "2011-06-30": -39, "2011-03-31": "-70.00000", "2010-12-31": -76, "2010-09-30": -15, "2010-06-30": -34, "2010-03-31": "-65.00000", "2009-12-31": -21, "2009-09-30": -18, "2009-06-30": 302, "2009-03-31": "-25.00000", "2008-12-31": -28, "2008-09-30": 94, "2008-06-30": -22, "2008-03-31": "44.00000", "2007-12-31": 19, "2007-09-30": -14.74, "2007-06-30": -12.416, "2007-03-31": "-6.84400", "2006-12-31": -21.366, "2006-09-30": -18.036, "2006-06-30": -19.801, "2006-03-31": "-109.79700", "2005-12-31": -0.735, "2005-09-30": -14.842, "2005-06-30": -28.465, "2005-03-31": "-18.70400"}, "Net Long-Term Debt": {"2020-09-30": -29, "2020-06-30": -185, "2020-03-31": "", "2019-12-31": -62, "2019-09-30": -915, "2019-06-30": 195, "2019-03-31": "-453.00000", "2018-12-31": -30, "2018-09-30": -512, "2018-06-30": -1511, "2018-03-31": "2009.00000", "2017-12-31": -7, "2017-09-30": 6822, "2017-06-30": -6, "2017-03-31": "-4.00000", "2016-12-31": -5, "2016-09-30": -6, "2016-06-30": -5, "2016-03-31": "486.00000", "2015-12-31": -10, "2015-09-30": -5, "2015-06-30": -5, "2015-03-31": "75.00000", "2014-12-31": -6, "2014-09-30": -4, "2014-06-30": -5, "2014-03-31": "411.00000", "2013-12-31": 1, "2013-09-30": -4, "2013-06-30": -6, "2013-03-31": "1175.00000", "2012-12-31": 6, "2012-09-30": -6, "2012-06-30": 980, "2012-03-31": "-10.00000", "2011-12-31": -4, "2011-09-30": -5, "2011-06-30": 638, "2011-03-31": "-10.00000", "2010-12-31": -2, "2010-09-30": -3, "2010-06-30": 90, "2010-03-31": "-8.00000", "2009-12-31": -12, "2009-09-30": 1, "2009-06-30": -294, "2009-03-31": "-66.00000", "2008-12-31": -119, "2008-09-30": -189, "2008-06-30": -76, "2008-03-31": "-27.00000", "2007-12-31": 0, "2007-09-30": 0, "2007-06-30": 0, "2007-03-31": "", "2006-12-31": 0, "2006-09-30": 0, "2006-06-30": 0, "2006-03-31": "", "2005-12-31": -0.012, "2005-09-30": 0, "2005-06-30": 0, "2005-03-31": ""}, "Net Current Debt": {"2020-09-30": 0, "2020-06-30": -500, "2020-03-31": "500.00000", "2019-12-31": 0, "2019-09-30": -173, "2019-06-30": -52, "2019-03-31": "", "2018-12-31": -398, "2018-09-30": -336, "2018-06-30": 529, "2018-03-31": "", "2017-12-31": 0, "2017-09-30": -348, "2017-06-30": 96, "2017-03-31": "79.00000", "2016-12-31": -17, "2016-09-30": 29, "2016-06-30": -29, "2016-03-31": "-250.00000", "2015-12-31": 712, "2015-09-30": -153, "2015-06-30": -253, "2015-03-31": "309.00000", "2014-12-31": -4, "2014-09-30": 109, "2014-06-30": 162, "2014-03-31": "", "2013-12-31": 0, "2013-09-30": 0, "2013-06-30": 0, "2013-03-31": "", "2012-12-31": 0, "2012-09-30": 0, "2012-06-30": 0, "2012-03-31": "", "2011-12-31": 0, "2011-09-30": 0, "2011-06-30": 0, "2011-03-31": "", "2010-12-31": 0, "2010-09-30": 0, "2010-06-30": 0, "2010-03-31": "", "2009-12-31": 0, "2009-09-30": 0, "2009-06-30": 0, "2009-03-31": "", "2008-12-31": 0, "2008-09-30": 0, "2008-06-30": 0, "2008-03-31": "", "2007-12-31": 0, "2007-09-30": 0, "2007-06-30": 0, "2007-03-31": "", "2006-12-31": 0, "2006-09-30": 0, "2006-06-30": 0, "2006-03-31": "", "2005-12-31": 0, "2005-09-30": 0, "2005-06-30": 0, "2005-03-31": ""}, "Debt Issuance/Retirement Net - Total": {"2020-09-30": -29, "2020-06-30": -685, "2020-03-31": "500.00000", "2019-12-31": -62, "2019-09-30": -1088, "2019-06-30": 143, "2019-03-31": "-453.00000", "2018-12-31": -428, "2018-09-30": -848, "2018-06-30": -982, "2018-03-31": "2009.00000", "2017-12-31": -7, "2017-09-30": 6474, "2017-06-30": 90, "2017-03-31": "75.00000", "2016-12-31": -22, "2016-09-30": 23, "2016-06-30": -34, "2016-03-31": "236.00000", "2015-12-31": 702, "2015-09-30": -158, "2015-06-30": -258, "2015-03-31": "384.00000", "2014-12-31": -10, "2014-09-30": 105, "2014-06-30": 157, "2014-03-31": "411.00000", "2013-12-31": 1, "2013-09-30": -4, "2013-06-30": -6, "2013-03-31": "1175.00000", "2012-12-31": 6, "2012-09-30": -6, "2012-06-30": 980, "2012-03-31": "-10.00000", "2011-12-31": -4, "2011-09-30": -5, "2011-06-30": 638, "2011-03-31": "-10.00000", "2010-12-31": -2, "2010-09-30": -3, "2010-06-30": 90, "2010-03-31": "-8.00000", "2009-12-31": -12, "2009-09-30": 1, "2009-06-30": -294, "2009-03-31": "-66.00000", "2008-12-31": -119, "2008-09-30": -189, "2008-06-30": -76, "2008-03-31": "-27.00000", "2007-12-31": 0, "2007-09-30": 0, "2007-06-30": 0, "2007-03-31": "", "2006-12-31": 0, "2006-09-30": 0, "2006-06-30": 0, "2006-03-31": "", "2005-12-31": -0.012, "2005-09-30": 0, "2005-06-30": 0, "2005-03-31": ""}, "Net Common Equity Issued/Repurchased": {"2020-09-30": -214, "2020-06-30": 0, "2020-03-31": "-527.00000", "2019-12-31": -333, "2019-09-30": -300, "2019-06-30": 0, "2019-03-31": "", "2018-12-31": 0, "2018-09-30": 0, "2018-06-30": 0, "2018-03-31": "", "2017-12-31": 0, "2017-09-30": -102, "2017-06-30": -301, "2017-03-31": "-200.00000", "2016-12-31": -250, "2016-09-30": -374, "2016-06-30": -377, "2016-03-31": "-373.00000", "2015-12-31": -375, "2015-09-30": -52, "2015-06-30": -207, "2015-03-31": "-317.00000", "2014-12-31": -355, "2014-09-30": -311, "2014-06-30": -490, "2014-03-31": "-266.00000", "2013-12-31": -263, "2013-09-30": -739, "2013-06-30": -237, "2013-03-31": "7.00000", "2012-12-31": -194, "2012-09-30": -445, "2012-06-30": -392, "2012-03-31": "-230.00000", "2011-12-31": -220, "2011-09-30": -350, "2011-06-30": -182, "2011-03-31": "-157.00000", "2010-12-31": -547, "2010-09-30": -26, "2010-06-30": 6, "2010-03-31": "9.00000", "2009-12-31": 2, "2009-09-30": 26, "2009-06-30": 0, "2009-03-31": "", "2008-12-31": 0, "2008-09-30": 0, "2008-06-30": 0, "2008-03-31": "", "2007-12-31": 9, "2007-09-30": -0.083, "2007-06-30": 4.083, "2007-03-31": "", "2006-12-31": 0, "2006-09-30": 0, "2006-06-30": 0, "2006-03-31": "", "2005-12-31": 0, "2005-09-30": 0, "2005-06-30": 0, "2005-03-31": ""}, "Net Total Equity Issued/Repurchased": {"2020-09-30": -214, "2020-06-30": 0, "2020-03-31": "-527.00000", "2019-12-31": -333, "2019-09-30": -300, "2019-06-30": 0, "2019-03-31": "", "2018-12-31": 0, "2018-09-30": 0, "2018-06-30": 0, "2018-03-31": "", "2017-12-31": 0, "2017-09-30": -102, "2017-06-30": -301, "2017-03-31": "-200.00000", "2016-12-31": -250, "2016-09-30": -374, "2016-06-30": -377, "2016-03-31": "-373.00000", "2015-12-31": -375, "2015-09-30": -52, "2015-06-30": -207, "2015-03-31": "-317.00000", "2014-12-31": -355, "2014-09-30": -311, "2014-06-30": -490, "2014-03-31": "-266.00000", "2013-12-31": -263, "2013-09-30": -483, "2013-06-30": -493, "2013-03-31": "7.00000", "2012-12-31": -194, "2012-09-30": -445, "2012-06-30": -392, "2012-03-31": "-230.00000", "2011-12-31": -220, "2011-09-30": -350, "2011-06-30": -182, "2011-03-31": "-157.00000", "2010-12-31": -547, "2010-09-30": -26, "2010-06-30": 6, "2010-03-31": "9.00000", "2009-12-31": 2, "2009-09-30": 26, "2009-06-30": 0, "2009-03-31": "", "2008-12-31": 0, "2008-09-30": 0, "2008-06-30": 0, "2008-03-31": "", "2007-12-31": 9, "2007-09-30": -0.083, "2007-06-30": 4.083, "2007-03-31": "", "2006-12-31": 0, "2006-09-30": 0, "2006-06-30": 0, "2006-03-31": "", "2005-12-31": 0, "2005-09-30": 0, "2005-06-30": 0, "2005-03-31": ""}, "Total Common And Preferred Stock Dividends Paid": {"2020-09-30": -14, "2020-06-30": -29, "2020-03-31": "-173.00000", "2019-12-31": -23, "2019-09-30": -36, "2019-06-30": -28, "2019-03-31": "-163.00000", "2018-12-31": -17, "2018-09-30": 0, "2018-06-30": -57, "2018-03-31": "-2.00000", "2017-12-31": -8, "2017-09-30": -22, "2017-06-30": 3, "2017-03-31": "-3.00000", "2016-12-31": -5, "2016-09-30": -17, "2016-06-30": 2, "2016-03-31": "-2.00000", "2015-12-31": -4, "2015-09-30": -2, "2015-06-30": -36, "2015-03-31": "", "2014-12-31": 0, "2014-09-30": 0, "2014-06-30": -2, "2014-03-31": "", "2013-12-31": 0, "2013-09-30": 0, "2013-06-30": 0, "2013-03-31": "", "2012-12-31": 0, "2012-09-30": 0, "2012-06-30": 0, "2012-03-31": "", "2011-12-31": 0, "2011-09-30": 0, "2011-06-30": 5, "2011-03-31": "-5.00000", "2010-12-31": 21, "2010-09-30": -19, "2010-06-30": 0, "2010-03-31": "-2.00000", "2009-12-31": -4, "2009-09-30": -1, "2009-06-30": -3, "2009-03-31": "-5.00000", "2008-12-31": 0, "2008-09-30": 0, "2008-06-30": 0, "2008-03-31": "", "2007-12-31": 0, "2007-09-30": 0, "2007-06-30": 0, "2007-03-31": "", "2006-12-31": 0, "2006-09-30": 0, "2006-06-30": 0, "2006-03-31": "", "2005-12-31": 0, "2005-09-30": 0, "2005-06-30": 0, "2005-03-31": ""}, "Financial Activities - Other": {"2020-09-30": -17, "2020-06-30": -25, "2020-03-31": "-59.00000", "2019-12-31": 53, "2019-09-30": 75, "2019-06-30": -106, "2019-03-31": "-36.00000", "2018-12-31": 14, "2018-09-30": 19, "2018-06-30": -3, "2018-03-31": "12.00000", "2017-12-31": -17, "2017-09-30": -72, "2017-06-30": -3, "2017-03-31": "44.00000", "2016-12-31": 68, "2016-09-30": -31, "2016-06-30": -12, "2016-03-31": "-16.00000", "2015-12-31": -543, "2015-09-30": 0, "2015-06-30": 2, "2015-03-31": "-55.00000", "2014-12-31": 0, "2014-09-30": 38, "2014-06-30": -6, "2014-03-31": "-5.00000", "2013-12-31": -77, "2013-09-30": 61, "2013-06-30": -3, "2013-03-31": "", "2012-12-31": -45, "2012-09-30": 3, "2012-06-30": 1, "2012-03-31": "27.00000", "2011-12-31": -18, "2011-09-30": 1, "2011-06-30": 6, "2011-03-31": "4.00000", "2010-12-31": -169, "2010-09-30": 5, "2010-06-30": 2, "2010-03-31": "2.00000", "2009-12-31": 1, "2009-09-30": 2, "2009-06-30": 0, "2009-03-31": "-3.00000", "2008-12-31": 3, "2008-09-30": -357, "2008-06-30": 1, "2008-03-31": "-10.00000", "2007-12-31": -1, "2007-09-30": 0.314, "2007-06-30": -0.295, "2007-03-31": "-0.01900", "2006-12-31": 0.006, "2006-09-30": -0.002, "2006-06-30": -0.002, "2006-03-31": "-0.00200", "2005-12-31": 0.141, "2005-09-30": 200.677, "2005-06-30": 4.121, "2005-03-31": "1.23900"}, "Cash Flow From Financial Activities": {"2020-09-30": -274, "2020-06-30": -739, "2020-03-31": "-259.00000", "2019-12-31": -365, "2019-09-30": -1349, "2019-06-30": 9, "2019-03-31": "-652.00000", "2018-12-31": -431, "2018-09-30": -829, "2018-06-30": -1042, "2018-03-31": "2019.00000", "2017-12-31": -32, "2017-09-30": 6278, "2017-06-30": -211, "2017-03-31": "-84.00000", "2016-12-31": -209, "2016-09-30": -399, "2016-06-30": -421, "2016-03-31": "-155.00000", "2015-12-31": -220, "2015-09-30": -212, "2015-06-30": -499, "2015-03-31": "12.00000", "2014-12-31": -365, "2014-09-30": -168, "2014-06-30": -341, "2014-03-31": "140.00000", "2013-12-31": -339, "2013-09-30": -426, "2013-06-30": -502, "2013-03-31": "1182.00000", "2012-12-31": -233, "2012-09-30": -448, "2012-06-30": 589, "2012-03-31": "-213.00000", "2011-12-31": -242, "2011-09-30": -354, "2011-06-30": 467, "2011-03-31": "-168.00000", "2010-12-31": -697, "2010-09-30": -43, "2010-06-30": 98, "2010-03-31": "1.00000", "2009-12-31": -13, "2009-09-30": 28, "2009-06-30": -297, "2009-03-31": "-74.00000", "2008-12-31": -116, "2008-09-30": -546, "2008-06-30": -75, "2008-03-31": "-37.00000", "2007-12-31": 8, "2007-09-30": 0.231, "2007-06-30": 3.788, "2007-03-31": "-0.01900", "2006-12-31": 0.006, "2006-09-30": -0.002, "2006-06-30": -0.002, "2006-03-31": "-0.00200", "2005-12-31": 0.129, "2005-09-30": 200.677, "2005-06-30": 4.121, "2005-03-31": "1.23900"}, "Net Cash Flow": {"2020-09-30": 218, "2020-06-30": 204, "2020-03-31": "-18.00000", "2019-12-31": 739, "2019-09-30": -508, "2019-06-30": 576, "2019-03-31": "-241.00000", "2018-12-31": 455, "2018-09-30": 139, "2018-06-30": -420, "2018-03-31": "-6497.00000", "2017-12-31": 315, "2017-09-30": 6788, "2017-06-30": -61, "2017-03-31": "-33.00000", "2016-12-31": 76, "2016-09-30": 39, "2016-06-30": -148, "2016-03-31": "-57.00000", "2015-12-31": 128, "2015-09-30": 30, "2015-06-30": -89, "2015-03-31": "-46.00000", "2014-12-31": -9, "2014-09-30": 4, "2014-06-30": -385, "2014-03-31": "349.00000", "2013-12-31": -31, "2013-09-30": 64, "2013-06-30": -1985, "2013-03-31": "1159.00000", "2012-12-31": -352, "2012-09-30": -145, "2012-06-30": 654, "2012-03-31": "-4.00000", "2011-12-31": 16, "2011-09-30": -63, "2011-06-30": 642, "2011-03-31": "-13.00000", "2010-12-31": -550, "2010-09-30": 303, "2010-06-30": 22, "2010-03-31": "68.00000", "2009-12-31": 222, "2009-09-30": 62, "2009-06-30": 197, "2009-03-31": "48.00000", "2008-12-31": 2, "2008-09-30": -216, "2008-06-30": 16, "2008-03-31": "83.00000", "2007-12-31": 52, "2007-09-30": -16.888, "2007-06-30": 24.186, "2007-03-31": "-4.29800", "2006-12-31": 2.504, "2006-09-30": -0.945, "2006-06-30": 1.972, "2006-03-31": "-99.53100", "2005-12-31": 22.849, "2005-09-30": 216.672, "2005-06-30": -4.35, "2005-03-31": "-6.46000"}, "Stock-Based Compensation": {"2020-09-30": 32, "2020-06-30": 34, "2020-03-31": "-4.00000", "2019-12-31": 60, "2019-09-30": 13, "2019-06-30": 39, "2019-03-31": "30.00000", "2018-12-31": -12, "2018-09-30": 43, "2018-06-30": 34, "2018-03-31": "15.00000", "2017-12-31": 17, "2017-09-30": 0, "2017-06-30": 1, "2017-03-31": "21.00000", "2016-12-31": 20, "2016-09-30": 22, "2016-06-30": 3, "2016-03-31": "24.00000", "2015-12-31": 19, "2015-09-30": -9, "2015-06-30": 23, "2015-03-31": "2.00000", "2014-12-31": 12, "2014-09-30": 33, "2014-06-30": 14, "2014-03-31": "19.00000", "2013-12-31": 61, "2013-09-30": 45, "2013-06-30": 24, "2013-03-31": "60.00000", "2012-12-31": 42, "2012-09-30": 40, "2012-06-30": 31, "2012-03-31": "41.00000", "2011-12-31": 29, "2011-09-30": 21, "2011-06-30": 32, "2011-03-31": "17.00000", "2010-12-31": 29, "2010-09-30": 59, "2010-06-30": 50, "2010-03-31": "44.00000", "2009-12-31": 32, "2009-09-30": 98, "2009-06-30": 61, "2009-03-31": "37.00000", "2008-12-31": -19, "2008-09-30": -66, "2008-06-30": 55, "2008-03-31": "-36.00000", "2007-12-31": -1, "2007-09-30": 0.692, "2007-06-30": 0.342, "2007-03-31": "0.96600", "2006-12-31": 0.8, "2006-09-30": 0.213, "2006-06-30": 0.441, "2006-03-31": "0.54600", "2005-12-31": 0.64, "2005-09-30": 0.126, "2005-06-30": 3.404, "2005-03-31": "0.21300"}, "Common Stock Dividends Paid": {"2020-09-30": -14, "2020-06-30": -29, "2020-03-31": "-173.00000", "2019-12-31": -23, "2019-09-30": -36, "2019-06-30": -28, "2019-03-31": "-163.00000", "2018-12-31": -17, "2018-09-30": 0, "2018-06-30": -57, "2018-03-31": "-2.00000", "2017-12-31": -8, "2017-09-30": -22, "2017-06-30": 3, "2017-03-31": "-3.00000", "2016-12-31": -5, "2016-09-30": -17, "2016-06-30": 2, "2016-03-31": "-2.00000", "2015-12-31": -4, "2015-09-30": -2, "2015-06-30": -36, "2015-03-31": "", "2014-12-31": 0, "2014-09-30": 0, "2014-06-30": -2, "2014-03-31": "", "2013-12-31": 0, "2013-09-30": 0, "2013-06-30": 0, "2013-03-31": "", "2012-12-31": 0, "2012-09-30": 0, "2012-06-30": 0, "2012-03-31": "", "2011-12-31": 0, "2011-09-30": 0, "2011-06-30": 5, "2011-03-31": "-5.00000", "2010-12-31": 21, "2010-09-30": -19, "2010-06-30": 0, "2010-03-31": "-2.00000", "2009-12-31": -4, "2009-09-30": -1, "2009-06-30": -3, "2009-03-31": "-5.00000", "2008-12-31": 0, "2008-09-30": 0, "2008-06-30": 0, "2008-03-31": "", "2007-12-31": 0, "2007-09-30": 0, "2007-06-30": 0, "2007-03-31": "", "2006-12-31": 0, "2006-09-30": 0, "2006-06-30": 0, "2006-03-31": "", "2005-12-31": 0, "2005-09-30": 0, "2005-06-30": 0, "2005-03-31": ""}}, "financial ratios": {"Current Ratio": {"2019-12-31": "1.61070", "2018-12-31": "1.05850", "2017-12-31": "5.33990", "2016-12-31": "1.60280", "2015-12-31": "1.64410", "2014-12-31": "0.95660", "2013-12-31": "1.86240", "2012-12-31": "2.88580", "2011-12-31": "3.25870", "2010-12-31": "2.21020", "2009-12-31": "2.13410", "2008-12-31": "1.03640", "2007-12-31": "3.10000", "2006-12-31": "2.60370", "2005-12-31": "4.26970"}, "Long-term Debt / Capital": {"2019-12-31": "0.56240", "2018-12-31": "0.59710", "2017-12-31": "0.76190", "2016-12-31": "0.60280", "2015-12-31": "0.58280", "2014-12-31": "0.51710", "2013-12-31": "0.51120", "2012-12-31": "0.45300", "2011-12-31": "0.39290", "2010-12-31": "0.36600", "2009-12-31": "0.35720", "2008-12-31": "0.37460", "2007-12-31": "", "2006-12-31": "", "2005-12-31": ""}, "Debt/Equity Ratio": {"2019-12-31": "1.33800", "2018-12-31": "1.66230", "2017-12-31": "3.20720", "2016-12-31": "1.53340", "2015-12-31": "1.41900", "2014-12-31": "1.26860", "2013-12-31": "1.04870", "2012-12-31": "0.83310", "2011-12-31": "0.65120", "2010-12-31": "0.58050", "2009-12-31": "0.56190", "2008-12-31": "0.68140", "2007-12-31": "", "2006-12-31": "", "2005-12-31": ""}, "Gross Margin": {"2019-12-31": "65.73040", "2018-12-31": "62.71200", "2017-12-31": "61.35600", "2016-12-31": "62.56730", "2015-12-31": "63.35630", "2014-12-31": "66.09740", "2013-12-31": "69.48510", "2012-12-31": "72.85490", "2011-12-31": "71.78500", "2010-12-31": "72.66600", "2009-12-31": "69.80910", "2008-12-31": "70.37260", "2007-12-31": "21.05260", "2006-12-31": "21.25000", "2005-12-31": "33.65030"}, "Operating Margin": {"2019-12-31": "27.00110", "2018-12-31": "18.32650", "2017-12-31": "10.37390", "2016-12-31": "31.67620", "2015-12-31": "31.04470", "2014-12-31": "32.89710", "2013-12-31": "35.68200", "2012-12-31": "41.43080", "2011-12-31": "43.25820", "2010-12-31": "37.15600", "2009-12-31": "36.84210", "2008-12-31": "31.46070", "2007-12-31": "-10.52630", "2006-12-31": "-13.75000", "2005-12-31": "-0.20190"}, "EBIT Margin": {"2019-12-31": "27.00110", "2018-12-31": "18.32650", "2017-12-31": "10.37390", "2016-12-31": "31.67620", "2015-12-31": "31.04470", "2014-12-31": "32.89710", "2013-12-31": "35.68200", "2012-12-31": "41.43080", "2011-12-31": "43.25820", "2010-12-31": "37.15600", "2009-12-31": "36.84210", "2008-12-31": "31.46070", "2007-12-31": "-10.52630", "2006-12-31": "-13.75000", "2005-12-31": "-0.20190"}, "EBITDA Margin": {"2019-12-31": "66.08040", "2018-12-31": "62.73100", "2017-12-31": "62.27270", "2016-12-31": "63.92180", "2015-12-31": "62.93400", "2014-12-31": "63.00080", "2013-12-31": "62.16800", "2012-12-31": "63.76200", "2011-12-31": "67.65840", "2010-12-31": "60.01080", "2009-12-31": "61.82770", "2008-12-31": "39.20760", "2007-12-31": "296.05260", "2006-12-31": "187.50000", "2005-12-31": "10.79540"}, "Pre-Tax Profit Margin": {"2019-12-31": "20.58510", "2018-12-31": "9.68450", "2017-12-31": "-1.99330", "2016-12-31": "25.71960", "2015-12-31": "24.38220", "2014-12-31": "27.88510", "2013-12-31": "31.36410", "2012-12-31": "33.83110", "2011-12-31": "37.50000", "2010-12-31": "25.68810", "2009-12-31": "30.04630", "2008-12-31": "22.38320", "2007-12-31": "186.84210", "2006-12-31": "116.25000", "2005-12-31": "11.82300"}, "Net Profit Margin": {"2019-12-31": "18.56610", "2018-12-31": "5.62870", "2017-12-31": "-4.90320", "2016-12-31": "18.37770", "2015-12-31": "16.17140", "2014-12-31": "18.18040", "2013-12-31": "19.42190", "2012-12-31": "21.01630", "2011-12-31": "27.15930", "2010-12-31": "17.59310", "2009-12-31": "15.64490", "2008-12-31": "9.37320", "2007-12-31": "-89.47370", "2006-12-31": "-57.50000", "2005-12-31": "4.79130"}, "Asset Turnover": {"2019-12-31": "0.33030", "2018-12-31": "0.32420", "2017-12-31": "0.30470", "2016-12-31": "0.41460", "2015-12-31": "0.40310", "2014-12-31": "0.39230", "2013-12-31": "0.36950", "2012-12-31": "0.34700", "2011-12-31": "0.34990", "2010-12-31": "0.33630", "2009-12-31": "0.31570", "2008-12-31": "0.32260", "2007-12-31": "0.01300", "2006-12-31": "0.01360", "2005-12-31": "0.11930"}, "Inventory Turnover Ratio": {"2019-12-31": "", "2018-12-31": "", "2017-12-31": "", "2016-12-31": "", "2015-12-31": "", "2014-12-31": "", "2013-12-31": "", "2012-12-31": "", "2011-12-31": "", "2010-12-31": "", "2009-12-31": "", "2008-12-31": "", "2007-12-31": "", "2006-12-31": "", "2005-12-31": ""}, "Receiveable Turnover": {"2019-12-31": "4.23240", "2018-12-31": "4.02790", "2017-12-31": "3.73940", "2016-12-31": "4.34580", "2015-12-31": "4.32320", "2014-12-31": "4.37190", "2013-12-31": "4.03720", "2012-12-31": "3.97080", "2011-12-31": "4.00000", "2010-12-31": "4.21140", "2009-12-31": "4.25860", "2008-12-31": "4.33590", "2007-12-31": "7.60000", "2006-12-31": "0.54260", "2005-12-31": "5.15920"}, "Days Sales In Receivables": {"2019-12-31": "86.23880", "2018-12-31": "90.61880", "2017-12-31": "97.60950", "2016-12-31": "83.98880", "2015-12-31": "84.42840", "2014-12-31": "83.48680", "2013-12-31": "90.40920", "2012-12-31": "91.92110", "2011-12-31": "91.25000", "2010-12-31": "86.67030", "2009-12-31": "85.70850", "2008-12-31": "84.18100", "2007-12-31": "48.02630", "2006-12-31": "672.67680", "2005-12-31": "70.74710"}, "ROE - Return On Equity": {"2019-12-31": "19.20340", "2018-12-31": "6.74120", "2017-12-31": "-6.78960", "2016-12-31": "23.58180", "2015-12-31": "19.23290", "2014-12-31": "20.29630", "2013-12-31": "17.38500", "2012-12-31": "15.19630", "2011-12-31": "17.43130", "2010-12-31": "10.57620", "2009-12-31": "9.16690", "2008-12-31": "7.26750", "2007-12-31": "1.91320", "2006-12-31": "1.14300", "2005-12-31": "0.72730"}, "Return On Tangible Equity": {"2019-12-31": "-21.71100", "2018-12-31": "-5.41420", "2017-12-31": "7.39430", "2016-12-31": "-27.77650", "2015-12-31": "-23.58770", "2014-12-31": "-24.70130", "2013-12-31": "-39.75640", "2012-12-31": "-133.33330", "2011-12-31": "-331.19530", "2010-12-31": "-81.76180", "2009-12-31": "-66.58880", "2008-12-31": "-19.74590", "2007-12-31": "3.17110", "2006-12-31": "2.10150", "2005-12-31": "1.36270"}, "ROA - Return On Assets": {"2019-12-31": "6.56000", "2018-12-31": "2.09220", "2017-12-31": "-1.38770", "2016-12-31": "7.77180", "2015-12-31": "6.60620", "2014-12-31": "7.11960", "2013-12-31": "7.19010", "2012-12-31": "7.39370", "2011-12-31": "9.53580", "2010-12-31": "5.98060", "2009-12-31": "5.20450", "2008-12-31": "3.85350", "2007-12-31": "1.46610", "2006-12-31": "0.88570", "2005-12-31": "0.57180"}, "ROI - Return On Investment": {"2019-12-31": "8.40360", "2018-12-31": "2.71570", "2017-12-31": "-1.61630", "2016-12-31": "9.36350", "2015-12-31": "8.02020", "2014-12-31": "9.79670", "2013-12-31": "8.49440", "2012-12-31": "8.30940", "2011-12-31": "10.57930", "2010-12-31": "6.70330", "2009-12-31": "5.89030", "2008-12-31": "4.54340", "2007-12-31": "1.91320", "2006-12-31": "1.14300", "2005-12-31": "0.72730"}, "Book Value Per Share": {"2019-12-31": "22.12230", "2018-12-31": "19.27940", "2017-12-31": "12.07100", "2016-12-31": "13.29450", "2015-12-31": "13.30160", "2014-12-31": "12.75810", "2013-12-31": "26.47000", "2012-12-31": "25.65900", "2011-12-31": "24.97700", "2010-12-31": "21.94720", "2009-12-31": "21.90140", "2008-12-31": "19.71990", "2007-12-31": "15.93970", "2006-12-31": "16.23460", "2005-12-31": "16.32900"}, "Operating Cash Flow Per Share": {"2019-12-31": 1.0364, "2018-12-31": 0.9161, "2017-12-31": 0.5658, "2016-12-31": 0.2897, "2015-12-31": 0.0541, "2014-12-31": 0.1387, "2013-12-31": 0.3318, "2012-12-31": -1.268, "2011-12-31": 1.1589, "2010-12-31": 0.0465, "2009-12-31": -0.2689, "2008-12-31": 1.5731, "2007-12-31": -0.0543, "2006-12-31": -0.0444, "2005-12-31": 0.3051}, "Free Cash Flow Per Share": {"2019-12-31": 0.7503, "2018-12-31": 1.0356, "2017-12-31": 0.4758, "2016-12-31": 0.3025, "2015-12-31": 0.0717, "2014-12-31": 0.1233, "2013-12-31": 0.274, "2012-12-31": -1.2263, "2011-12-31": 1.1299, "2010-12-31": 0.0617, "2009-12-31": -0.0815, "2008-12-31": 1.4236, "2007-12-31": 0.0534, "2006-12-31": 0.0044, "2005-12-31": -0.0187}}, "financial ratios, quarterly": {"Current Ratio": {"2020-09-30": "1.98770", "2020-06-30": "1.83110", "2020-03-31": "1.60900", "2019-12-31": "1.61070", "2019-09-30": "1.52030", "2019-06-30": "1.27310", "2019-03-31": "1.15830", "2018-12-31": "1.05850", "2018-09-30": "1.01400", "2018-06-30": "1.44880", "2018-03-31": "1.83410", "2017-12-31": "5.33990", "2017-09-30": "5.86810", "2017-06-30": "1.88950", "2017-03-31": "1.68900", "2016-12-31": "1.60280", "2016-09-30": "1.76280", "2016-06-30": "1.76700", "2016-03-31": "1.93960", "2015-12-31": "1.64410", "2015-09-30": "1.28980", "2015-06-30": "1.44160", "2015-03-31": "1.39890", "2014-12-31": "0.95660", "2014-09-30": "1.01410", "2014-06-30": "1.08940", "2014-03-31": "2.18680", "2013-12-31": "1.86240", "2013-09-30": "2.08280", "2013-06-30": "2.26050", "2013-03-31": "3.64490", "2012-12-31": "2.88580", "2012-09-30": "3.62590", "2012-06-30": "4.24570", "2012-03-31": "3.31220", "2011-12-31": "3.25870", "2011-09-30": "3.25180", "2011-06-30": "3.78010", "2011-03-31": "2.49080", "2010-12-31": "2.21020", "2010-09-30": "2.69820", "2010-06-30": "2.98520", "2010-03-31": "1.84260", "2009-12-31": "2.13410", "2009-09-30": "1.85960", "2009-06-30": "1.08480", "2009-03-31": "0.94720", "2008-12-31": "1.03640", "2008-09-30": "1.08430", "2008-06-30": "3.13040", "2008-03-31": "3.01510", "2007-12-31": "3.10000", "2007-09-30": "2.97080", "2007-06-30": "2.77000", "2007-03-31": "2.86990", "2006-12-31": "2.60370", "2006-09-30": "2.63600", "2006-06-30": "3.11620", "2006-03-31": "3.25500", "2005-12-31": "4.26970", "2005-09-30": "3.77790", "2005-06-30": "1.88420", "2005-03-31": ""}, "Long-term Debt / Capital": {"2020-09-30": "0.56370", "2020-06-30": "0.56820", "2020-03-31": "0.58210", "2019-12-31": "0.56240", "2019-09-30": "0.57000", "2019-06-30": "0.56920", "2019-03-31": "0.59220", "2018-12-31": "0.59710", "2018-09-30": "0.61720", "2018-06-30": "0.64750", "2018-03-31": "0.66700", "2017-12-31": "0.76190", "2017-09-30": "0.71880", "2017-06-30": "0.59620", "2017-03-31": "0.59900", "2016-12-31": "0.60280", "2016-09-30": "0.60290", "2016-06-30": "0.59370", "2016-03-31": "0.59750", "2015-12-31": "0.58280", "2015-09-30": "0.55140", "2015-06-30": "0.55550", "2015-03-31": "0.57080", "2014-12-31": "0.51710", "2014-09-30": "0.51110", "2014-06-30": "0.50050", "2014-03-31": "0.52750", "2013-12-31": "0.51120", "2013-09-30": "0.51020", "2013-06-30": "0.50710", "2013-03-31": "0.50650", "2012-12-31": "0.45300", "2012-09-30": "0.45400", "2012-06-30": "0.44580", "2012-03-31": "0.39110", "2011-12-31": "0.39290", "2011-09-30": "0.39780", "2011-06-30": "0.39400", "2011-03-31": "0.35900", "2010-12-31": "0.36600", "2010-09-30": "0.34940", "2010-06-30": "0.35560", "2010-03-31": "0.33630", "2009-12-31": "0.35720", "2009-09-30": "0.36490", "2009-06-30": "0.34030", "2009-03-31": "0.35590", "2008-12-31": "0.37460", "2008-09-30": "0.39180", "2008-06-30": "", "2008-03-31": "", "2007-12-31": "", "2007-09-30": "", "2007-06-30": "", "2007-03-31": "", "2006-12-31": "", "2006-09-30": "", "2006-06-30": "", "2006-03-31": "", "2005-12-31": "", "2005-09-30": "", "2005-06-30": "", "2005-03-31": ""}, "Debt/Equity Ratio": {"2020-09-30": "1.32080", "2020-06-30": "1.34560", "2020-03-31": "1.44810", "2019-12-31": "1.33800", "2019-09-30": "1.38040", "2019-06-30": "1.47130", "2019-03-31": "1.58670", "2018-12-31": "1.66230", "2018-09-30": "1.78040", "2018-06-30": "1.90410", "2018-03-31": "2.01870", "2017-12-31": "3.20720", "2017-09-30": "2.56240", "2017-06-30": "1.49530", "2017-03-31": "1.51870", "2016-12-31": "1.53340", "2016-09-30": "1.53650", "2016-06-30": "1.48530", "2016-03-31": "1.48900", "2015-12-31": "1.41900", "2015-09-30": "1.24990", "2015-06-30": "1.31330", "2015-03-31": "1.41540", "2014-12-31": "1.26860", "2014-09-30": "1.21460", "2014-06-30": "1.17240", "2014-03-31": "1.11920", "2013-12-31": "1.04870", "2013-09-30": "1.04550", "2013-06-30": "1.03270", "2013-03-31": "1.03000", "2012-12-31": "0.83310", "2012-09-30": "0.83470", "2012-06-30": "0.80740", "2012-03-31": "0.64510", "2011-12-31": "0.65120", "2011-09-30": "0.66360", "2011-06-30": "0.65350", "2011-03-31": "0.56340", "2010-12-31": "0.58050", "2010-09-30": "0.53970", "2010-06-30": "0.55430", "2010-03-31": "0.54680", "2009-12-31": "0.56190", "2009-09-30": "0.58110", "2009-06-30": "0.58700", "2009-03-31": "0.65580", "2008-12-31": "0.68140", "2008-09-30": "0.70740", "2008-06-30": "", "2008-03-31": "", "2007-12-31": "", "2007-09-30": "", "2007-06-30": "", "2007-03-31": "", "2006-12-31": "", "2006-09-30": "", "2006-06-30": "", "2006-03-31": "", "2005-12-31": "", "2005-09-30": "", "2005-06-30": "", "2005-03-31": ""}, "Gross Margin": {"2020-09-30": "60.83560", "2020-06-30": "68.12280", "2020-03-31": "65.78460", "2019-12-31": "63.91790", "2019-09-30": "65.87010", "2019-06-30": "67.48700", "2019-03-31": "65.64460", "2018-12-31": "66.32250", "2018-09-30": "63.96610", "2018-06-30": "65.02640", "2018-03-31": "54.05290", "2017-12-31": "60.03220", "2017-09-30": "59.41850", "2017-06-30": "63.66760", "2017-03-31": "62.36830", "2016-12-31": "61.42350", "2016-09-30": "61.95370", "2016-06-30": "64.69560", "2016-03-31": "62.07560", "2015-12-31": "61.11790", "2015-09-30": "63.13420", "2015-06-30": "65.90080", "2015-03-31": "63.24010", "2014-12-31": "64.31980", "2014-09-30": "66.26280", "2014-06-30": "68.01240", "2014-03-31": "65.83980", "2013-12-31": "69.09560", "2013-09-30": "68.36360", "2013-06-30": "70.21130", "2013-03-31": "70.41520", "2012-12-31": "72.66670", "2012-09-30": "72.49070", "2012-06-30": "73.53460", "2012-03-31": "72.71890", "2011-12-31": "73.17760", "2011-09-30": "69.62960", "2011-06-30": "73.00840", "2011-03-31": "71.29340", "2010-12-31": "75.63290", "2010-09-30": "71.81430", "2010-06-30": "73.62410", "2010-03-31": "69.27500", "2009-12-31": "69.18170", "2009-09-30": "70.01200", "2009-06-30": "70.98270", "2009-03-31": "69.07980", "2008-12-31": "71.05580", "2008-09-30": "68.99410", "2008-06-30": "71.29940", "2008-03-31": "70.08650", "2007-12-31": "5.88240", "2007-09-30": "26.66670", "2007-06-30": "29.36180", "2007-03-31": "30.10090", "2006-12-31": "37.51120", "2006-09-30": "34.36210", "2006-06-30": "33.87800", "2006-03-31": "36.44570", "2005-12-31": "28.24880", "2005-09-30": "34.90120", "2005-06-30": "35.06870", "2005-03-31": "36.39680"}, "Operating Margin": {"2020-09-30": "20.73410", "2020-06-30": "28.21720", "2020-03-31": "29.03470", "2019-12-31": "24.53030", "2019-09-30": "23.11430", "2019-06-30": "31.57710", "2019-03-31": "28.59250", "2018-12-31": "25.31150", "2018-09-30": "14.23610", "2018-06-30": "22.84710", "2018-03-31": "8.84270", "2017-12-31": "-44.90340", "2017-09-30": "26.22650", "2017-06-30": "36.10320", "2017-03-31": "30.19220", "2016-12-31": "31.39950", "2016-09-30": "29.43450", "2016-06-30": "34.30910", "2016-03-31": "31.32610", "2015-12-31": "26.79220", "2015-09-30": "32.43420", "2015-06-30": "33.67590", "2015-03-31": "31.35980", "2014-12-31": "28.40100", "2014-09-30": "32.58930", "2014-06-30": "39.75160", "2014-03-31": "30.75830", "2013-12-31": "33.96230", "2013-09-30": "35.49090", "2013-06-30": "37.42330", "2013-03-31": "35.98620", "2012-12-31": "40.41670", "2012-09-30": "40.70630", "2012-06-30": "43.33930", "2012-03-31": "41.29030", "2011-12-31": "39.53270", "2011-09-30": "39.62960", "2011-06-30": "41.70570", "2011-03-31": "53.31230", "2010-12-31": "43.35440", "2010-09-30": "33.69330", "2010-06-30": "38.62930", "2010-03-31": "32.45110", "2009-12-31": "32.73110", "2009-09-30": "26.40380", "2009-06-30": "57.45670", "2009-03-31": "30.42950", "2008-12-31": "34.51960", "2008-09-30": "35.02960", "2008-06-30": "23.50280", "2008-03-31": "33.25090", "2007-12-31": "-23.52940", "2007-09-30": "-26.66670", "2007-06-30": "-1.65280", "2007-03-31": "-0.69070", "2006-12-31": "-23.32630", "2006-09-30": "-57.30650", "2006-06-30": "-3.77110", "2006-03-31": "-1.86040", "2005-12-31": "1.20840", "2005-09-30": "-0.83540", "2005-06-30": "-2.79860", "2005-03-31": "1.65070"}, "EBIT Margin": {"2020-09-30": "20.73410", "2020-06-30": "28.21720", "2020-03-31": "29.03470", "2019-12-31": "24.53030", "2019-09-30": "23.11430", "2019-06-30": "31.57710", "2019-03-31": "28.59250", "2018-12-31": "25.31150", "2018-09-30": "14.23610", "2018-06-30": "22.84710", "2018-03-31": "8.84270", "2017-12-31": "-44.90340", "2017-09-30": "26.22650", "2017-06-30": "36.10320", "2017-03-31": "30.19220", "2016-12-31": "31.39950", "2016-09-30": "29.43450", "2016-06-30": "34.30910", "2016-03-31": "31.32610", "2015-12-31": "26.79220", "2015-09-30": "32.43420", "2015-06-30": "33.67590", "2015-03-31": "31.35980", "2014-12-31": "28.40100", "2014-09-30": "32.58930", "2014-06-30": "39.75160", "2014-03-31": "30.75830", "2013-12-31": "33.96230", "2013-09-30": "35.49090", "2013-06-30": "37.42330", "2013-03-31": "35.98620", "2012-12-31": "40.41670", "2012-09-30": "40.70630", "2012-06-30": "43.33930", "2012-03-31": "41.29030", "2011-12-31": "39.53270", "2011-09-30": "39.62960", "2011-06-30": "41.70570", "2011-03-31": "53.31230", "2010-12-31": "43.35440", "2010-09-30": "33.69330", "2010-06-30": "38.62930", "2010-03-31": "32.45110", "2009-12-31": "32.73110", "2009-09-30": "26.40380", "2009-06-30": "57.45670", "2009-03-31": "30.42950", "2008-12-31": "34.51960", "2008-09-30": "35.02960", "2008-06-30": "23.50280", "2008-03-31": "33.25090", "2007-12-31": "-23.52940", "2007-09-30": "-26.66670", "2007-06-30": "-1.65280", "2007-03-31": "-0.69070", "2006-12-31": "-23.32630", "2006-09-30": "-57.30650", "2006-06-30": "-3.77110", "2006-03-31": "-1.86040", "2005-12-31": "1.20840", "2005-09-30": "-0.83540", "2005-06-30": "-2.79860", "2005-03-31": "1.65070"}, "EBITDA Margin": {"2020-09-30": "", "2020-06-30": "", "2020-03-31": "", "2019-12-31": "", "2019-09-30": "", "2019-06-30": "", "2019-03-31": "", "2018-12-31": "", "2018-09-30": "", "2018-06-30": "", "2018-03-31": "", "2017-12-31": "", "2017-09-30": "", "2017-06-30": "", "2017-03-31": "", "2016-12-31": "", "2016-09-30": "", "2016-06-30": "", "2016-03-31": "", "2015-12-31": "", "2015-09-30": "", "2015-06-30": "", "2015-03-31": "", "2014-12-31": "", "2014-09-30": "", "2014-06-30": "", "2014-03-31": "", "2013-12-31": "", "2013-09-30": "", "2013-06-30": "", "2013-03-31": "", "2012-12-31": "", "2012-09-30": "", "2012-06-30": "", "2012-03-31": "", "2011-12-31": "", "2011-09-30": "", "2011-06-30": "", "2011-03-31": "", "2010-12-31": "", "2010-09-30": "", "2010-06-30": "", "2010-03-31": "", "2009-12-31": "", "2009-09-30": "", "2009-06-30": "", "2009-03-31": "", "2008-12-31": "", "2008-09-30": "", "2008-06-30": "", "2008-03-31": "", "2007-12-31": "", "2007-09-30": "", "2007-06-30": "", "2007-03-31": "", "2006-12-31": "", "2006-09-30": "", "2006-06-30": "", "2006-03-31": "", "2005-12-31": "", "2005-09-30": "", "2005-06-30": "", "2005-03-31": ""}, "Pre-Tax Profit Margin": {"2020-09-30": "12.45610", "2020-06-30": "17.94570", "2020-03-31": "20.01490", "2019-12-31": "19.58940", "2019-09-30": "16.57950", "2019-06-30": "24.81800", "2019-03-31": "21.09350", "2018-12-31": "17.58630", "2018-09-30": "6.86730", "2018-06-30": "12.89980", "2018-03-31": "-0.73690", "2017-12-31": "-56.33050", "2017-09-30": "9.93340", "2017-06-30": "27.10600", "2017-03-31": "17.11100", "2016-12-31": "27.51200", "2016-09-30": "20.62980", "2016-06-30": "29.85950", "2016-03-31": "24.34340", "2015-12-31": "20.83840", "2015-09-30": "26.52540", "2015-06-30": "25.87670", "2015-03-31": "24.39820", "2014-12-31": "21.71840", "2014-09-30": "28.18880", "2014-06-30": "36.77020", "2014-03-31": "24.73420", "2013-12-31": "29.86340", "2013-09-30": "30.47270", "2013-06-30": "32.78800", "2013-03-31": "32.61250", "2012-12-31": "33.75000", "2012-09-30": "32.43490", "2012-06-30": "37.38900", "2012-03-31": "31.61290", "2011-12-31": "32.42990", "2011-09-30": "33.98150", "2011-06-30": "37.30080", "2011-03-31": "47.42380", "2010-12-31": "35.23210", "2010-09-30": "26.67390", "2010-06-30": "15.68020", "2010-03-31": "25.31650", "2009-12-31": "26.14240", "2009-09-30": "18.51850", "2009-06-30": "51.44510", "2009-03-31": "23.68100", "2008-12-31": "21.58960", "2008-09-30": "26.86390", "2008-06-30": "18.53110", "2008-03-31": "22.74410", "2007-12-31": "-105.88240", "2007-09-30": "40.00000", "2007-06-30": "70.63880", "2007-03-31": "17.05350", "2006-12-31": "-26.59510", "2006-09-30": "-36.91990", "2006-06-30": "16.05410", "2006-03-31": "13.19680", "2005-12-31": "7.16150", "2005-09-30": "19.95430", "2005-06-30": "5.67860", "2005-03-31": "14.92510"}, "Net Profit Margin": {"2020-09-30": "11.71420", "2020-06-30": "10.66510", "2020-03-31": "14.05140", "2019-12-31": "16.56230", "2019-09-30": "9.78340", "2019-06-30": "32.82500", "2019-03-31": "14.18540", "2018-12-31": "9.57640", "2018-09-30": "4.51390", "2018-06-30": "7.59230", "2018-03-31": "-0.34680", "2017-12-31": "-61.37340", "2017-09-30": "13.20410", "2017-06-30": "21.43270", "2017-03-31": "13.32920", "2016-12-31": "18.18180", "2016-09-30": "14.07460", "2016-06-30": "23.88760", "2016-03-31": "16.84820", "2015-12-31": "20.23090", "2015-09-30": "14.00130", "2015-06-30": "17.29140", "2015-03-31": "12.81720", "2014-12-31": "25.89500", "2014-09-30": "14.15820", "2014-06-30": "18.57140", "2014-03-31": "13.04040", "2013-12-31": "18.99810", "2013-09-30": "18.54550", "2013-06-30": "20.24540", "2013-03-31": "19.98270", "2012-12-31": "18.66670", "2012-09-30": "19.05210", "2012-06-30": "26.02130", "2012-03-31": "20.36870", "2011-12-31": "31.40190", "2011-09-30": "21.94440", "2011-06-30": "23.80510", "2011-03-31": "32.07150", "2010-12-31": "20.14770", "2010-09-30": "20.08640", "2010-06-30": "11.00730", "2010-03-31": "19.44760", "2009-12-31": "16.04680", "2009-09-30": "11.23060", "2009-06-30": "20.46240", "2009-03-31": "14.60120", "2008-12-31": "12.57410", "2008-09-30": "15.85800", "2008-06-30": "4.85880", "2008-03-31": "4.20270", "2007-12-31": "-1000.00000", "2007-09-30": "46.66670", "2007-06-30": "41.87850", "2007-03-31": "11.76890", "2006-12-31": "-1.29120", "2006-09-30": "-45.11110", "2006-06-30": "8.28400", "2006-03-31": "7.56340", "2005-12-31": "6.44700", "2005-09-30": "0.70800", "2005-06-30": "2.26210", "2005-03-31": "9.65350"}, "Asset Turnover": {"2020-09-30": "0.07660", "2020-06-30": "0.07680", "2020-03-31": "0.08040", "2019-12-31": "0.08520", "2019-09-30": "0.08160", "2019-06-30": "0.08520", "2019-03-31": "0.08340", "2018-12-31": "0.08630", "2018-09-30": "0.07880", "2018-06-30": "0.08490", "2018-03-31": "0.06660", "2017-12-31": "0.08260", "2017-09-30": "0.07130", "2017-06-30": "0.10810", "2017-03-31": "0.10170", "2016-12-31": "0.10670", "2016-09-30": "0.09820", "2016-06-30": "0.10890", "2016-03-31": "0.09830", "2015-12-31": "0.10380", "2015-09-30": "0.09780", "2015-06-30": "0.10520", "2015-03-31": "0.09740", "2014-12-31": "0.10490", "2014-09-30": "0.09580", "2014-06-30": "0.10000", "2014-03-31": "0.09220", "2013-12-31": "0.10260", "2013-09-30": "0.09250", "2013-06-30": "0.09990", "2013-03-31": "0.08020", "2012-12-31": "0.09280", "2012-09-30": "0.08480", "2012-06-30": "0.08790", "2012-03-31": "0.09090", "2011-12-31": "0.08980", "2011-09-30": "0.09150", "2011-06-30": "0.09010", "2011-03-31": "0.08560", "2010-12-31": "0.08600", "2010-09-30": "0.08120", "2010-06-30": "0.08700", "2010-03-31": "0.07930", "2009-12-31": "0.08590", "2009-09-30": "0.07790", "2009-06-30": "0.08090", "2009-03-31": "0.07780", "2008-12-31": "0.08040", "2008-09-30": "0.08090", "2008-06-30": "0.14700", "2008-03-31": "0.13630", "2007-12-31": "0.00290", "2007-09-30": "0.00250", "2007-06-30": "0.02930", "2007-03-31": "0.02950", "2006-12-31": "-0.06970", "2006-09-30": "0.02900", "2006-06-30": "0.02820", "2006-03-31": "0.02630", "2005-12-31": "0.02990", "2005-09-30": "0.02880", "2005-06-30": "0.03190", "2005-03-31": ""}, "Inventory Turnover Ratio": {"2020-09-30": "", "2020-06-30": "", "2020-03-31": "", "2019-12-31": "", "2019-09-30": "", "2019-06-30": "", "2019-03-31": "", "2018-12-31": "", "2018-09-30": "", "2018-06-30": "", "2018-03-31": "", "2017-12-31": "", "2017-09-30": "", "2017-06-30": "", "2017-03-31": "", "2016-12-31": "", "2016-09-30": "", "2016-06-30": "", "2016-03-31": "", "2015-12-31": "", "2015-09-30": "", "2015-06-30": "", "2015-03-31": "", "2014-12-31": "", "2014-09-30": "", "2014-06-30": "", "2014-03-31": "", "2013-12-31": "", "2013-09-30": "", "2013-06-30": "", "2013-03-31": "", "2012-12-31": "", "2012-09-30": "", "2012-06-30": "", "2012-03-31": "", "2011-12-31": "", "2011-09-30": "", "2011-06-30": "", "2011-03-31": "", "2010-12-31": "", "2010-09-30": "", "2010-06-30": "", "2010-03-31": "", "2009-12-31": "", "2009-09-30": "", "2009-06-30": "", "2009-03-31": "", "2008-12-31": "", "2008-09-30": "", "2008-06-30": "", "2008-03-31": "", "2007-12-31": "", "2007-09-30": "", "2007-06-30": "", "2007-03-31": "", "2006-12-31": "", "2006-09-30": "", "2006-06-30": "", "2006-03-31": "", "2005-12-31": "", "2005-09-30": "", "2005-06-30": "", "2005-03-31": ""}, "Receiveable Turnover": {"2020-09-30": "1.04790", "2020-06-30": "1.02750", "2020-03-31": "1.04640", "2019-12-31": "1.09150", "2019-09-30": "0.99370", "2019-06-30": "1.01090", "2019-03-31": "1.03120", "2018-12-31": "1.07210", "2018-09-30": "1.00540", "2018-06-30": "1.03570", "2018-03-31": "0.86930", "2017-12-31": "1.01410", "2017-09-30": "0.99940", "2017-06-30": "0.99260", "2017-03-31": "1.03400", "2016-12-31": "1.11840", "2016-09-30": "1.00710", "2016-06-30": "1.08510", "2016-03-31": "1.02700", "2015-12-31": "1.11290", "2015-09-30": "0.91110", "2015-06-30": "1.09900", "2015-03-31": "1.07410", "2014-12-31": "1.16960", "2014-09-30": "1.07100", "2014-06-30": "1.05570", "2014-03-31": "1.05220", "2013-12-31": "1.12110", "2013-09-30": "1.02310", "2013-06-30": "1.10140", "2013-03-31": "1.00700", "2012-12-31": "1.06190", "2012-09-30": "0.99720", "2012-06-30": "0.97490", "2012-03-31": "1.02170", "2011-12-31": "1.02690", "2011-09-30": "1.10660", "2011-06-30": "1.17510", "2011-03-31": "1.09820", "2010-12-31": "1.07730", "2010-09-30": "1.09850", "2010-06-30": "1.15190", "2010-03-31": "1.12420", "2009-12-31": "1.15890", "2009-09-30": "1.08000", "2009-06-30": "1.13970", "2009-03-31": "1.10140", "2008-12-31": "1.08080", "2008-09-30": "1.10600", "2008-06-30": "4.96620", "2008-03-31": "4.68650", "2007-12-31": "1.70000", "2007-09-30": "0.09840", "2007-06-30": "1.26130", "2007-03-31": "1.16990", "2006-12-31": "-2.77570", "2006-09-30": "1.06400", "2006-06-30": "1.20360", "2006-03-31": "1.07700", "2005-12-31": "1.29460", "2005-09-30": "1.13080", "2005-06-30": "1.21650", "2005-03-31": ""}, "Days Sales In Receivables": {"2020-09-30": "85.88830", "2020-06-30": "87.59150", "2020-03-31": "86.00820", "2019-12-31": "82.45300", "2019-09-30": "90.57130", "2019-06-30": "89.03290", "2019-03-31": "87.27370", "2018-12-31": "83.94450", "2018-09-30": "89.51390", "2018-06-30": "86.89980", "2018-03-31": "103.53710", "2017-12-31": "88.74460", "2017-09-30": "90.05450", "2017-06-30": "90.67050", "2017-03-31": "87.04280", "2016-12-31": "80.47250", "2016-09-30": "89.36380", "2016-06-30": "82.93910", "2016-03-31": "87.63610", "2015-12-31": "80.86880", "2015-09-30": "98.78610", "2015-06-30": "81.89240", "2015-03-31": "83.79310", "2014-12-31": "76.95110", "2014-09-30": "84.03060", "2014-06-30": "85.24840", "2014-03-31": "85.53510", "2013-12-31": "80.27980", "2013-09-30": "87.97090", "2013-06-30": "81.71780", "2013-03-31": "89.37720", "2012-12-31": "84.75000", "2012-09-30": "90.25090", "2012-06-30": "92.31790", "2012-03-31": "88.09220", "2011-12-31": "87.64490", "2011-09-30": "81.33330", "2011-06-30": "76.58860", "2011-03-31": "81.95580", "2010-12-31": "83.54430", "2010-09-30": "81.93300", "2010-06-30": "78.13080", "2010-03-31": "80.05750", "2009-12-31": "77.66210", "2009-09-30": "83.33330", "2009-06-30": "78.97110", "2009-03-31": "81.71780", "2008-12-31": "83.27400", "2008-09-30": "81.37280", "2008-06-30": "18.12250", "2008-03-31": "19.20420", "2007-12-31": "52.94120", "2007-09-30": "914.47800", "2007-06-30": "71.35450", "2007-03-31": "76.93180", "2006-12-31": "-32.42470", "2006-09-30": "84.58440", "2006-06-30": "74.77880", "2006-03-31": "83.56210", "2005-12-31": "69.52220", "2005-09-30": "79.59020", "2005-06-30": "73.98220", "2005-03-31": ""}, "ROE - Return On Equity": {"2020-09-30": "2.84560", "2020-06-30": "2.64130", "2020-03-31": "3.71280", "2019-12-31": "4.43420", "2019-09-30": "2.66770", "2019-06-30": "8.79600", "2019-03-31": "4.05830", "2018-12-31": "2.95980", "2018-09-30": "1.37490", "2018-06-30": "2.53480", "2018-03-31": "0.03130", "2017-12-31": "-24.66380", "2017-09-30": "3.88500", "2017-06-30": "6.87910", "2017-03-31": "4.14400", "2016-12-31": "5.98260", "2016-09-30": "4.32530", "2016-06-30": "7.76720", "2016-03-31": "5.01490", "2015-12-31": "4.14760", "2015-09-30": "5.01420", "2015-06-30": "5.26990", "2015-03-31": "4.72680", "2014-12-31": "4.19490", "2014-09-30": "4.87850", "2014-06-30": "6.36600", "2014-03-31": "3.73850", "2013-12-31": "4.68120", "2013-09-30": "4.11380", "2013-06-30": "4.78390", "2013-03-31": "3.70190", "2012-12-31": "3.56060", "2012-09-30": "3.43180", "2012-06-30": "4.54330", "2012-03-31": "3.39630", "2011-12-31": "5.17110", "2011-09-30": "3.74940", "2011-06-30": "3.90050", "2011-03-31": "4.75890", "2010-12-31": "3.40230", "2010-09-30": "2.45030", "2010-06-30": "1.68920", "2010-03-31": "2.71070", "2009-12-31": "2.62140", "2009-09-30": "1.70530", "2009-06-30": "3.05950", "2009-03-31": "2.16740", "2008-12-31": "2.05070", "2008-09-30": "2.42890", "2008-06-30": "1.79140", "2008-03-31": "1.63550", "2007-12-31": "-0.26700", "2007-09-30": "0.04280", "2007-06-30": "1.59470", "2007-03-31": "0.44770", "2006-12-31": "2.27030", "2006-09-30": "-1.68790", "2006-06-30": "0.29780", "2006-03-31": "0.25300", "2005-12-31": "0.24560", "2005-09-30": "0.02600", "2005-06-30": "0.09220", "2005-03-31": ""}, "Return On Tangible Equity": {"2020-09-30": "-3.54120", "2020-06-30": "-3.08640", "2020-03-31": "-3.93770", "2019-12-31": "-5.01320", "2019-09-30": "-2.76950", "2019-06-30": "-8.83380", "2019-03-31": "-3.45370", "2018-12-31": "-2.37720", "2018-09-30": "-1.01050", "2018-06-30": "-1.76030", "2018-03-31": "-0.02090", "2017-12-31": "26.86040", "2017-09-30": "-5.51840", "2017-06-30": "-9.31830", "2017-03-31": "-5.22340", "2016-12-31": "-7.04680", "2016-09-30": "-4.89560", "2016-06-30": "-9.24480", "2016-03-31": "-5.90040", "2015-12-31": "-5.08670", "2015-09-30": "-6.57220", "2015-06-30": "-6.38670", "2015-03-31": "-5.30110", "2014-12-31": "-5.10540", "2014-09-30": "-6.34110", "2014-06-30": "-9.56180", "2014-03-31": "-8.53970", "2013-12-31": "-10.70510", "2013-09-30": "-9.54510", "2013-06-30": "-11.43730", "2013-03-31": "-24.60060", "2012-12-31": "-31.24130", "2012-09-30": "-35.89320", "2012-06-30": "-73.68420", "2012-03-31": "-76.10920", "2011-12-31": "-98.25070", "2011-09-30": "-50.74000", "2011-06-30": "-68.27960", "2011-03-31": "-63.27800", "2010-12-31": "-26.30270", "2010-09-30": "-46.19720", "2010-06-30": "-19.89150", "2010-03-31": "-24.92800", "2009-12-31": "-19.04210", "2009-09-30": "-9.80950", "2009-06-30": "-15.26140", "2009-03-31": "-6.42630", "2008-12-31": "-5.57180", "2008-09-30": "-6.80550", "2008-06-30": "3.07400", "2008-03-31": "2.83010", "2007-12-31": "-0.44250", "2007-09-30": "0.07710", "2007-06-30": "2.87800", "2007-03-31": "0.82000", "2006-12-31": "4.17400", "2006-09-30": "-3.10760", "2006-06-30": "0.56180", "2006-03-31": "0.47900", "2005-12-31": "0.46010", "2005-09-30": "0.04900", "2005-06-30": "0.18070", "2005-03-31": ""}, "ROA - Return On Assets": {"2020-09-30": "0.98690", "2020-06-30": "0.90660", "2020-03-31": "1.21890", "2019-12-31": "1.51470", "2019-09-30": "0.90480", "2019-06-30": "2.91620", "2019-03-31": "1.28840", "2018-12-31": "0.91860", "2018-09-30": "0.41020", "2018-06-30": "0.72850", "2018-03-31": "0.00870", "2017-12-31": "-5.04100", "2017-09-30": "0.96360", "2017-06-30": "2.35310", "2017-03-31": "1.39330", "2016-12-31": "1.97170", "2016-09-30": "1.41960", "2016-06-30": "2.64500", "2016-03-31": "1.69420", "2015-12-31": "1.42460", "2015-09-30": "1.77780", "2015-06-30": "1.83740", "2015-03-31": "1.58410", "2014-12-31": "1.47150", "2014-09-30": "1.75290", "2014-06-30": "2.38440", "2014-03-31": "1.50870", "2013-12-31": "1.93600", "2013-09-30": "1.72190", "2013-06-30": "2.04260", "2013-03-31": "1.60180", "2012-12-31": "1.73240", "2012-09-30": "1.69460", "2012-06-30": "2.29510", "2012-03-31": "1.86850", "2011-12-31": "2.82880", "2011-09-30": "2.03370", "2011-06-30": "2.14600", "2011-03-31": "2.74580", "2010-12-31": "1.92390", "2010-09-30": "1.43880", "2010-06-30": "0.99330", "2010-03-31": "1.57960", "2009-12-31": "1.48830", "2009-09-30": "0.95890", "2009-06-30": "1.69220", "2009-03-31": "1.17420", "2008-12-31": "1.08740", "2008-09-30": "1.28290", "2008-06-30": "1.36230", "2008-03-31": "1.24670", "2007-12-31": "-0.20460", "2007-09-30": "0.03300", "2007-06-30": "1.22840", "2007-03-31": "0.34710", "2006-12-31": "1.75920", "2006-09-30": "-1.30890", "2006-06-30": "0.23340", "2006-03-31": "0.19860", "2005-12-31": "0.19310", "2005-09-30": "0.02040", "2005-06-30": "0.07210", "2005-03-31": ""}, "ROI - Return On Investment": {"2020-09-30": "1.24160", "2020-06-30": "1.14060", "2020-03-31": "1.55170", "2019-12-31": "1.94050", "2019-09-30": "1.14720", "2019-06-30": "3.78970", "2019-03-31": "1.65510", "2018-12-31": "1.19240", "2018-09-30": "0.52640", "2018-06-30": "0.89350", "2018-03-31": "0.01040", "2017-12-31": "-5.87140", "2017-09-30": "1.09230", "2017-06-30": "2.77700", "2017-03-31": "1.66100", "2016-12-31": "2.37550", "2016-09-30": "1.71690", "2016-06-30": "3.15490", "2016-03-31": "2.01790", "2015-12-31": "1.72950", "2015-09-30": "2.24840", "2015-06-30": "2.34160", "2015-03-31": "2.02810", "2014-12-31": "2.02480", "2014-09-30": "2.38410", "2014-06-30": "3.17910", "2014-03-31": "1.76590", "2013-12-31": "2.28720", "2013-09-30": "2.01420", "2013-06-30": "2.35700", "2013-03-31": "1.82620", "2012-12-31": "1.94700", "2012-09-30": "1.87330", "2012-06-30": "2.51730", "2012-03-31": "2.06750", "2011-12-31": "3.13840", "2011-09-30": "2.25730", "2011-06-30": "2.36300", "2011-03-31": "3.04940", "2010-12-31": "2.15640", "2010-09-30": "1.59380", "2010-06-30": "1.08820", "2010-03-31": "1.79850", "2009-12-31": "1.68440", "2009-09-30": "1.08260", "2009-06-30": "2.01760", "2009-03-31": "1.39550", "2008-12-31": "1.28210", "2008-09-30": "1.47670", "2008-06-30": "1.79140", "2008-03-31": "1.63550", "2007-12-31": "-0.26700", "2007-09-30": "0.04280", "2007-06-30": "1.59470", "2007-03-31": "0.44770", "2006-12-31": "2.27030", "2006-09-30": "-1.68790", "2006-06-30": "0.29780", "2006-03-31": "0.25300", "2005-12-31": "0.24560", "2005-09-30": "0.02600", "2005-06-30": "0.09220", "2005-03-31": ""}, "Book Value Per Share": {"2020-09-30": "23.38110", "2020-06-30": "22.40240", "2020-03-31": "21.62130", "2019-12-31": "21.95050", "2019-09-30": "21.12520", "2019-06-30": "20.85690", "2019-03-31": "19.58180", "2018-12-31": "19.27940", "2018-09-30": "18.75650", "2018-06-30": "18.42570", "2018-03-31": "18.37430", "2017-12-31": "12.07100", "2017-09-30": "15.14290", "2017-06-30": "14.58180", "2017-03-31": "13.87250", "2016-12-31": "13.29450", "2016-09-30": "13.23750", "2016-06-30": "13.49950", "2016-03-31": "13.22590", "2015-12-31": "13.30160", "2015-09-30": "13.11550", "2015-06-30": "12.75440", "2015-03-31": "12.30750", "2014-12-31": "12.75810", "2014-09-30": "13.30440", "2014-06-30": "26.91770", "2014-03-31": "26.92960", "2013-12-31": "26.47000", "2013-09-30": "26.20500", "2013-06-30": "25.81240", "2013-03-31": "25.50720", "2012-12-31": "25.65900", "2012-09-30": "26.23750", "2012-06-30": "26.19050", "2012-03-31": "25.76180", "2011-12-31": "24.97700", "2011-09-30": "24.22880", "2011-06-30": "23.79880", "2011-03-31": "23.01440", "2010-12-31": "21.94720", "2010-09-30": "23.54770", "2010-06-30": "22.88620", "2010-03-31": "22.45480", "2009-12-31": "21.90140", "2009-09-30": "21.27470", "2009-06-30": "20.98580", "2009-03-31": "20.13120", "2008-12-31": "19.71990", "2008-09-30": "19.57090", "2008-06-30": "16.27460", "2008-03-31": "16.09880", "2007-12-31": "15.93970", "2007-09-30": "16.63470", "2007-06-30": "16.59440", "2007-03-31": "16.31000", "2006-12-31": "16.23460", "2006-09-30": "16.20320", "2006-06-30": "16.45790", "2006-03-31": "16.38470", "2005-12-31": "16.32900", "2005-09-30": "16.29940", "2005-06-30": "", "2005-03-31": ""}, "Operating Cash Flow Per Share": {"2020-09-30": 1.2856, "2020-06-30": 1.4783, "2020-03-31": "0.48910", "2019-12-31": 1.7413, "2019-09-30": 1.341, "2019-06-30": 0.9392, "2019-03-31": "0.75910", "2018-12-31": 1.4342, "2018-09-30": 1.3044, "2018-06-30": 0.7429, "2018-03-31": "0.26270", "2017-12-31": 0.7843, "2017-09-30": 1.2774, "2017-06-30": 0.3327, "2017-03-31": "0.43370", "2016-12-31": 0.8769, "2016-09-30": 0.7523, "2016-06-30": 0.5347, "2016-03-31": "0.09840", "2015-12-31": 0.9741, "2015-09-30": 0.397, "2015-06-30": 0.507, "2015-03-31": "0.09450", "2014-12-31": 0.6091, "2014-09-30": 0.6259, "2014-06-30": 0.3412, "2014-03-31": "0.34230", "2013-12-31": 0.4863, "2013-09-30": -0.0013, "2013-06-30": 0.9379, "2013-03-31": "0.35690", "2012-12-31": -0.608, "2012-09-30": 1.043, "2012-06-30": 0.3771, "2012-03-31": "0.63590", "2011-12-31": 0.8207, "2011-09-30": 0.8441, "2011-06-30": 0.527, "2011-03-31": "0.52420", "2010-12-31": 0.5246, "2010-09-30": 0.8237, "2010-06-30": -0.0849, "2010-03-31": "0.29370", "2009-12-31": 0.6113, "2009-09-30": 0.1045, "2009-06-30": 0.437, "2009-03-31": "0.35780", "2008-12-31": 0.3788, "2008-09-30": 0.7553, "2008-06-30": 0.4078, "2008-03-31": "0.23760", "2007-12-31": 0.0885, "2007-09-30": -0.0083, "2007-06-30": 0.117, "2007-03-31": "0.00920", "2006-12-31": 0.0852, "2006-09-30": 0.061, "2006-06-30": 0.0778, "2006-03-31": "0.03670", "2005-12-31": 0.3051, "2005-09-30": -0.1106, "2005-06-30": 0.0713, "2005-03-31": "0.03930"}, "Free Cash Flow Per Share": {"2020-09-30": 1.176, "2020-06-30": 1.3096, "2020-03-31": "0.33580", "2019-12-31": 1.6055, "2019-09-30": 1.2463, "2019-06-30": 0.8304, "2019-03-31": "0.69750", "2018-12-31": 1.3727, "2018-09-30": 1.3663, "2018-06-30": 0.7065, "2018-03-31": "0.18390", "2017-12-31": 0.7304, "2017-09-30": 1.2319, "2017-06-30": 0.2778, "2017-03-31": "0.35370", "2016-12-31": 0.8472, "2016-09-30": 0.7075, "2016-06-30": 0.4887, "2016-03-31": "0.07460", "2015-12-31": 0.9334, "2015-09-30": 0.36, "2015-06-30": 0.4786, "2015-03-31": "0.04350", "2014-12-31": 0.559, "2014-09-30": 0.5851, "2014-06-30": 0.2971, "2014-03-31": "0.30260", "2013-12-31": 0.4327, "2013-09-30": 0.0418, "2013-06-30": 0.8599, "2013-03-31": "0.28610", "2012-12-31": -0.5682, "2012-09-30": 0.9642, "2012-06-30": 0.3684, "2012-03-31": "0.58210", "2011-12-31": 0.7823, "2011-09-30": 0.8051, "2011-06-30": 0.4878, "2011-03-31": "0.49760", "2010-12-31": 0.4777, "2010-09-30": 0.8028, "2010-06-30": -0.1033, "2010-03-31": "0.26570", "2009-12-31": 0.5779, "2009-09-30": 0.084, "2009-06-30": 0.4065, "2009-03-31": "0.31280", "2008-12-31": 0.3402, "2008-09-30": 0.626, "2008-06-30": 0.3369, "2008-03-31": "0.15960", "2007-12-31": 0.0498, "2007-09-30": -0.0474, "2007-06-30": 0.0754, "2007-03-31": "-0.03870", "2006-12-31": -0.0069, "2006-09-30": -0.0061, "2006-06-30": 0.0113, "2006-03-31": "-0.01260", "2005-12-31": -0.0187, "2005-09-30": 0.0719, "2005-06-30": -0.0365, "2005-03-31": "-0.03540"}}, "revenue": {"Discovery Annual Revenue (Millions of US $)": {"2019": "$11,144", "2018": "$10,553", "2017": "$6,873", "2016": "$6,497", "2015": "$6,394", "2014": "$6,265", "2013": "$5,535", "2012": "$4,487", "2011": "$4,168", "2010": "$3,706", "2009": "$3,458", "2008": "$3,382", "2007": "$76", "2006": "$80", "2005": "$695"}, "Discovery Quarterly Revenue (Millions of US $)": {"2020-09-30": "$2,561", "2020-06-30": "$2,541", "2020-03-31": "$2,683", "2019-12-31": "$2,874", "2019-09-30": "$2,678", "2019-06-30": "$2,885", "2019-03-31": "$2,707", "2018-12-31": "$2,809", "2018-09-30": "$2,592", "2018-06-30": "$2,845", "2018-03-31": "$2,307", "2017-12-31": "$1,864", "2017-09-30": "$1,651", "2017-06-30": "$1,745", "2017-03-31": "$1,613", "2016-12-31": "$1,672", "2016-09-30": "$1,556", "2016-06-30": "$1,708", "2016-03-31": "$1,561", "2015-12-31": "$1,646", "2015-09-30": "$1,557", "2015-06-30": "$1,654", "2015-03-31": "$1,537", "2014-12-31": "$1,676", "2014-09-30": "$1,568", "2014-06-30": "$1,610", "2014-03-31": "$1,411", "2013-12-31": "$1,537", "2013-09-30": "$1,375", "2013-06-30": "$1,467", "2013-03-31": "$1,156", "2012-12-31": "$1,200", "2012-09-30": "$1,076", "2012-06-30": "$1,126", "2012-03-31": "$1,085", "2011-12-31": "$1,070", "2011-09-30": "$1,080", "2011-06-30": "$1,067", "2011-03-31": "$951", "2010-12-31": "$948", "2010-09-30": "$926", "2010-06-30": "$963", "2010-03-31": "$869", "2009-12-31": "$941", "2009-09-30": "$837", "2009-06-30": "$865", "2009-03-31": "$815", "2008-12-31": "$843", "2008-09-30": "$845", "2008-06-30": "$885", "2008-03-31": "$809", "2007-12-31": "$17", "2007-09-30": "$15", "2007-06-30": "$177", "2007-03-31": "$174", "2006-12-31": "$-409", "2006-09-30": "$170", "2006-06-30": "$166", "2006-03-31": "$154", "2005-12-31": "$174", "2005-09-30": "$168", "2005-06-30": "$178", "2005-03-31": "$174"}}, "gross-profit": {"Discovery Annual Gross Profit (Millions of US $)": {"2019": "$7,325", "2018": "$6,618", "2017": "$4,217", "2016": "$4,065", "2015": "$4,051", "2014": "$4,141", "2013": "$3,846", "2012": "$3,269", "2011": "$2,992", "2010": "$2,693", "2009": "$2,414", "2008": "$2,380", "2007": "$16", "2006": "$17", "2005": "$234"}, "Discovery Quarterly Gross Profit (Millions of US $)": {"2020-09-30": "$1,558", "2020-06-30": "$1,731", "2020-03-31": "$1,765", "2019-12-31": "$1,837", "2019-09-30": "$1,764", "2019-06-30": "$1,947", "2019-03-31": "$1,777", "2018-12-31": "$1,863", "2018-09-30": "$1,658", "2018-06-30": "$1,850", "2018-03-31": "$1,247", "2017-12-31": "$1,119", "2017-09-30": "$981", "2017-06-30": "$1,111", "2017-03-31": "$1,006", "2016-12-31": "$1,027", "2016-09-30": "$964", "2016-06-30": "$1,105", "2016-03-31": "$969", "2015-12-31": "$1,006", "2015-09-30": "$983", "2015-06-30": "$1,090", "2015-03-31": "$972", "2014-12-31": "$1,078", "2014-09-30": "$1,039", "2014-06-30": "$1,095", "2014-03-31": "$929", "2013-12-31": "$1,062", "2013-09-30": "$940", "2013-06-30": "$1,030", "2013-03-31": "$814", "2012-12-31": "$872", "2012-09-30": "$780", "2012-06-30": "$828", "2012-03-31": "$789", "2011-12-31": "$783", "2011-09-30": "$752", "2011-06-30": "$779", "2011-03-31": "$678", "2010-12-31": "$717", "2010-09-30": "$665", "2010-06-30": "$709", "2010-03-31": "$602", "2009-12-31": "$651", "2009-09-30": "$586", "2009-06-30": "$614", "2009-03-31": "$563", "2008-12-31": "$599", "2008-09-30": "$583", "2008-06-30": "$631", "2008-03-31": "$567", "2007-12-31": "$1", "2007-09-30": "$4", "2007-06-30": "$52", "2007-03-31": "$52", "2006-12-31": "$-154", "2006-09-30": "$58", "2006-06-30": "$56", "2006-03-31": "$56", "2005-12-31": "$49", "2005-09-30": "$59", "2005-06-30": "$62", "2005-03-31": "$63"}}, "operating-income": {"Discovery Annual Operating Income (Millions of US $)": {"2019": "$3,009", "2018": "$1,934", "2017": "$713", "2016": "$2,058", "2015": "$1,985", "2014": "$2,061", "2013": "$1,975", "2012": "$1,859", "2011": "$1,803", "2010": "$1,377", "2009": "$1,274", "2008": "$1,064", "2007": "$-8", "2006": "$-11", "2005": "$-1"}, "Discovery Quarterly Operating Income (Millions of US $)": {"2020-09-30": "$531", "2020-06-30": "$717", "2020-03-31": "$779", "2019-12-31": "$705", "2019-09-30": "$619", "2019-06-30": "$911", "2019-03-31": "$774", "2018-12-31": "$711", "2018-09-30": "$369", "2018-06-30": "$650", "2018-03-31": "$204", "2017-12-31": "$-837", "2017-09-30": "$433", "2017-06-30": "$630", "2017-03-31": "$487", "2016-12-31": "$525", "2016-09-30": "$458", "2016-06-30": "$586", "2016-03-31": "$489", "2015-12-31": "$441", "2015-09-30": "$505", "2015-06-30": "$557", "2015-03-31": "$482", "2014-12-31": "$476", "2014-09-30": "$511", "2014-06-30": "$640", "2014-03-31": "$434", "2013-12-31": "$522", "2013-09-30": "$488", "2013-06-30": "$549", "2013-03-31": "$416", "2012-12-31": "$485", "2012-09-30": "$438", "2012-06-30": "$488", "2012-03-31": "$448", "2011-12-31": "$423", "2011-09-30": "$428", "2011-06-30": "$445", "2011-03-31": "$507", "2010-12-31": "$411", "2010-09-30": "$312", "2010-06-30": "$372", "2010-03-31": "$282", "2009-12-31": "$308", "2009-09-30": "$221", "2009-06-30": "$497", "2009-03-31": "$248", "2008-12-31": "$291", "2008-09-30": "$296", "2008-06-30": "$208", "2008-03-31": "$269", "2007-12-31": "$-4", "2007-09-30": "$-4", "2007-06-30": "$-3", "2007-03-31": "$-1", "2006-12-31": "$95", "2006-09-30": "$-97", "2006-06-30": "$-6", "2006-03-31": "$-3", "2005-12-31": "$2", "2005-09-30": "$-1", "2005-06-30": "$-5", "2005-03-31": "$3"}}, "ebitda": {"Discovery Annual EBITDA (Millions of US $)": {"2019": "$7,364", "2018": "$6,620", "2017": "$4,280", "2016": "$4,153", "2015": "$4,024", "2014": "$3,947", "2013": "$3,441", "2012": "$2,861", "2011": "$2,820", "2010": "$2,224", "2009": "$2,138", "2008": "$1,326", "2007": "$225", "2006": "$150", "2005": "$75"}, "Discovery Quarterly EBITDA (Millions of US $)": {"2020-09-30": "$1,635", "2020-06-30": "$1,740", "2020-03-31": "$1,809", "2019-12-31": "$1,813", "2019-09-30": "$1,796", "2019-06-30": "$1,912", "2019-03-31": "$1,843", "2018-12-31": "$1,873", "2018-09-30": "$1,630", "2018-06-30": "$1,969", "2018-03-31": "$1,148", "2017-12-31": "$1,093", "2017-09-30": "$1,000", "2017-06-30": "$1,620", "2017-03-31": "$567", "2016-12-31": "$1,088", "2016-09-30": "$967", "2016-06-30": "$1,089", "2016-03-31": "$1,009", "2015-12-31": "$994", "2015-09-30": "$1,002", "2015-06-30": "$1,058", "2015-03-31": "$970", "2014-12-31": "$1,036", "2014-09-30": "$974", "2014-06-30": "$1,068", "2014-03-31": "$869", "2013-12-31": "$934", "2013-09-30": "$880", "2013-06-30": "$943", "2013-03-31": "$684", "2012-12-31": "$762", "2012-09-30": "$681", "2012-06-30": "$733", "2012-03-31": "$685", "2011-12-31": "$727", "2011-09-30": "$700", "2011-06-30": "$671", "2011-03-31": "$722", "2010-12-31": "$1,147", "2010-09-30": "$356", "2010-06-30": "$405", "2010-03-31": "$316", "2009-12-31": "$539", "2009-09-30": "$438", "2009-06-30": "$709", "2009-03-31": "$452", "2008-12-31": "$358", "2008-09-30": "$364", "2008-06-30": "$272", "2008-03-31": "$332", "2007-12-31": "$179", "2007-09-30": "$13", "2007-06-30": "$14", "2007-03-31": "$14", "2006-12-31": "$115", "2006-09-30": "$12", "2006-06-30": "$10", "2006-03-31": "$13", "2005-12-31": "$24", "2005-09-30": "$16", "2005-06-30": "$15", "2005-03-31": "$20"}}, "net-income": {"Discovery Annual Net Income (Millions of US $)": {"2019": "$2,069", "2018": "$594", "2017": "$-337", "2016": "$1,194", "2015": "$1,034", "2014": "$1,139", "2013": "$1,075", "2012": "$943", "2011": "$1,132", "2010": "$652", "2009": "$541", "2008": "$317", "2007": "$-68", "2006": "$-46", "2005": "$33"}, "Discovery Quarterly Net Income (Millions of US $)": {"2020-09-30": "$300", "2020-06-30": "$271", "2020-03-31": "$377", "2019-12-31": "$476", "2019-09-30": "$262", "2019-06-30": "$947", "2019-03-31": "$384", "2018-12-31": "$269", "2018-09-30": "$117", "2018-06-30": "$216", "2018-03-31": "$-8", "2017-12-31": "$-1,144", "2017-09-30": "$218", "2017-06-30": "$374", "2017-03-31": "$215", "2016-12-31": "$304", "2016-09-30": "$219", "2016-06-30": "$408", "2016-03-31": "$263", "2015-12-31": "$333", "2015-09-30": "$218", "2015-06-30": "$286", "2015-03-31": "$197", "2014-12-31": "$434", "2014-09-30": "$222", "2014-06-30": "$299", "2014-03-31": "$184", "2013-12-31": "$292", "2013-09-30": "$255", "2013-06-30": "$297", "2013-03-31": "$231", "2012-12-31": "$224", "2012-09-30": "$205", "2012-06-30": "$293", "2012-03-31": "$221", "2011-12-31": "$336", "2011-09-30": "$237", "2011-06-30": "$254", "2011-03-31": "$305", "2010-12-31": "$191", "2010-09-30": "$186", "2010-06-30": "$106", "2010-03-31": "$169", "2009-12-31": "$151", "2009-09-30": "$94", "2009-06-30": "$177", "2009-03-31": "$119", "2008-12-31": "$106", "2008-09-30": "$134", "2008-06-30": "$43", "2008-03-31": "$34", "2007-12-31": "$-170", "2007-09-30": "$7", "2007-06-30": "$74", "2007-03-31": "$20", "2006-12-31": "$5", "2006-09-30": "$-77", "2006-06-30": "$14", "2006-03-31": "$12", "2005-12-31": "$11", "2005-09-30": "$1", "2005-06-30": "$4", "2005-03-31": "$17"}}, "eps-earnings-per-share-diluted": {"Discovery Annual EPS": {"2019": "$2.88", "2018": "$0.86", "2017": "$-0.59", "2016": "$1.96", "2015": "$1.58", "2014": "$1.66", "2013": "$1.49", "2012": "$1.24", "2011": "$2.80", "2010": "$1.52", "2009": "$1.27", "2008": "$0.98", "2007": "$-0.24", "2006": "$-0.16", "2005": "$0.12"}, "Discovery Quarterly EPS": {"2020-09-30": "$0.44", "2020-06-30": "$0.40", "2020-03-31": "$0.55", "2019-12-31": "$0.67", "2019-09-30": "$0.35", "2019-06-30": "$1.33", "2019-03-31": "$0.53", "2018-12-31": "$0.41", "2018-09-30": "$0.16", "2018-06-30": "$0.30", "2018-03-31": "$-0.01", "2017-12-31": "$-1.98", "2017-09-30": "$0.38", "2017-06-30": "$0.64", "2017-03-31": "$0.37", "2016-12-31": "$0.52", "2016-09-30": "$0.36", "2016-06-30": "$0.66", "2016-03-31": "$0.42", "2015-12-31": "$0.34", "2015-09-30": "$0.43", "2015-06-30": "$0.44", "2015-03-31": "$0.37", "2014-12-31": "$0.38", "2014-09-30": "$0.41", "2014-06-30": "$0.54", "2014-03-31": "$0.33", "2013-12-31": "$-0.31", "2013-09-30": "$0.35", "2013-06-30": "$0.82", "2013-03-31": "$0.63", "2012-12-31": "$-0.64", "2012-09-30": "$0.55", "2012-06-30": "$0.76", "2012-03-31": "$0.57", "2011-12-31": "$0.85", "2011-09-30": "$0.59", "2011-06-30": "$0.62", "2011-03-31": "$0.74", "2010-12-31": "$0.45", "2010-09-30": "$0.43", "2010-06-30": "$0.25", "2010-03-31": "$0.39", "2009-12-31": "$0.35", "2009-09-30": "$0.22", "2009-06-30": "$0.42", "2009-03-31": "$0.28", "2008-12-31": "$0.26", "2008-09-30": "$0.44", "2008-06-30": "$0.16", "2008-03-31": "$0.12", "2007-12-31": "$-0.60", "2007-09-30": "$0.03", "2007-06-30": "$0.26", "2007-03-31": "$0.07", "2006-12-31": "$0.02", "2006-09-30": "$-0.27", "2006-06-30": "$0.05", "2006-03-31": "$0.04", "2005-12-31": "$0.05", "2005-09-30": "$0.00", "2005-06-30": "$0.01", "2005-03-31": "$0.06"}}, "shares-outstanding": {"Discovery Annual Shares Outstanding (Millions of Shares)": {"2019": "711", "2018": "688", "2017": "576", "2016": "610", "2015": "656", "2014": "687", "2013": "722", "2012": "759", "2011": "405", "2010": "429", "2009": "425", "2008": "322", "2007": "281", "2006": "280", "2005": "280"}, "Discovery Quarterly Shares Outstanding (Millions of Shares)": {"2020-09-30": "672", "2020-06-30": "674", "2020-03-31": "685", "2019-12-31": "711", "2019-09-30": "713", "2019-06-30": "716", "2019-03-31": "714", "2018-12-31": "688", "2018-09-30": "713", "2018-06-30": "712", "2018-03-31": "609", "2017-12-31": "576", "2017-09-30": "571", "2017-06-30": "578", "2017-03-31": "588", "2016-12-31": "610", "2016-09-30": "602", "2016-06-30": "616", "2016-03-31": "630", "2015-12-31": "656", "2015-09-30": "653", "2015-06-30": "655", "2015-03-31": "667", "2014-12-31": "687", "2014-09-30": "682", "2014-06-30": "692", "2014-03-31": "704", "2013-12-31": "722", "2013-09-30": "719", "2013-06-30": "363", "2013-03-31": "367", "2012-12-31": "759", "2012-09-30": "375", "2012-06-30": "384", "2012-03-31": "390", "2011-12-31": "405", "2011-09-30": "401", "2011-06-30": "410", "2011-03-31": "414", "2010-12-31": "429", "2010-09-30": "431", "2010-06-30": "431", "2010-03-31": "429", "2009-12-31": "425", "2009-09-30": "427", "2009-06-30": "424", "2009-03-31": "422", "2008-12-31": "322", "2008-09-30": "302", "2008-06-30": "282", "2008-03-31": "282", "2007-12-31": "281", "2007-09-30": "280", "2007-06-30": "280", "2007-03-31": "280", "2006-12-31": "280", "2006-09-30": "280", "2006-06-30": "280", "2006-03-31": "280", "2005-12-31": "280", "2005-09-30": "", "2005-06-30": "280", "2005-03-31": "280"}}, "total-assets": {"Discovery Annual Total Assets (Millions of US $)": {"2019": "$33,735", "2018": "$32,550", "2017": "$22,555", "2016": "$15,672", "2015": "$15,864", "2014": "$15,970", "2013": "$14,979", "2012": "$12,930", "2011": "$11,913", "2010": "$11,019", "2009": "$10,952", "2008": "$10,484", "2007": "$5,866", "2006": "$5,871", "2005": "$5,819"}, "Discovery Quarterly Total Assets (Millions of US $)": {"2020-09-30": "$33,438", "2020-06-30": "$33,089", "2020-03-31": "$33,390", "2019-12-31": "$33,735", "2019-09-30": "$32,825", "2019-06-30": "$33,845", "2019-03-31": "$32,444", "2018-12-31": "$32,550", "2018-09-30": "$32,912", "2018-06-30": "$33,492", "2018-03-31": "$34,658", "2017-12-31": "$22,555", "2017-09-30": "$23,143", "2017-06-30": "$16,149", "2017-03-31": "$15,862", "2016-12-31": "$15,672", "2016-09-30": "$15,850", "2016-06-30": "$15,690", "2016-03-31": "$15,878", "2015-12-31": "$15,864", "2015-09-30": "$15,919", "2015-06-30": "$15,729", "2015-03-31": "$15,782", "2014-12-31": "$15,970", "2014-09-30": "$16,373", "2014-06-30": "$16,105", "2014-03-31": "$15,311", "2013-12-31": "$14,979", "2013-09-30": "$14,867", "2013-06-30": "$14,687", "2013-03-31": "$14,421", "2012-12-31": "$12,930", "2012-09-30": "$12,687", "2012-06-30": "$12,810", "2012-03-31": "$11,935", "2011-12-31": "$11,913", "2011-09-30": "$11,801", "2011-06-30": "$11,836", "2011-03-31": "$11,108", "2010-12-31": "$11,019", "2010-09-30": "$11,398", "2010-06-30": "$11,074", "2010-03-31": "$10,952", "2009-12-31": "$10,952", "2009-09-30": "$10,741", "2009-06-30": "$10,696", "2009-03-31": "$10,475", "2008-12-31": "$10,484", "2008-09-30": "$10,445", "2008-06-30": "$6,019", "2008-03-31": "$5,936", "2007-12-31": "$5,866", "2007-09-30": "$6,053", "2007-06-30": "$6,042", "2007-03-31": "$5,895", "2006-12-31": "$5,871", "2006-09-30": "$5,855", "2006-06-30": "$5,885", "2006-03-31": "$5,849", "2005-12-31": "$5,819", "2005-09-30": "$5,825", "2005-06-30": "$5,584", "2005-03-31": "$0"}}, "cash-on-hand": {"Discovery Annual Cash on Hand (Millions of US $)": {"2019": "$1,552", "2018": "$986", "2017": "$7,309", "2016": "$300", "2015": "$390", "2014": "$367", "2013": "$408", "2012": "$1,201", "2011": "$1,048", "2010": "$466", "2009": "$623", "2008": "$100", "2007": "$8", "2006": "$155", "2005": "$250"}, "Discovery Quarterly Cash on Hand (Millions of US $)": {"2020-09-30": "$1,893", "2020-06-30": "$1,683", "2020-03-31": "$1,453", "2019-12-31": "$1,552", "2019-09-30": "$813", "2019-06-30": "$1,321", "2019-03-31": "$745", "2018-12-31": "$986", "2018-09-30": "$531", "2018-06-30": "$392", "2018-03-31": "$812", "2017-12-31": "$7,309", "2017-09-30": "$6,994", "2017-06-30": "$206", "2017-03-31": "$267", "2016-12-31": "$300", "2016-09-30": "$224", "2016-06-30": "$185", "2016-03-31": "$333", "2015-12-31": "$390", "2015-09-30": "$262", "2015-06-30": "$232", "2015-03-31": "$321", "2014-12-31": "$367", "2014-09-30": "$376", "2014-06-30": "$372", "2014-03-31": "$757", "2013-12-31": "$408", "2013-09-30": "$439", "2013-06-30": "$375", "2013-03-31": "$2,360", "2012-12-31": "$1,201", "2012-09-30": "$1,553", "2012-06-30": "$1,698", "2012-03-31": "$1,044", "2011-12-31": "$1,048", "2011-09-30": "$1,032", "2011-06-30": "$1,095", "2011-03-31": "$453", "2010-12-31": "$466", "2010-09-30": "$1,016", "2010-06-30": "$713", "2010-03-31": "$691", "2009-12-31": "$623", "2009-09-30": "$401", "2009-06-30": "$339", "2009-03-31": "$142", "2008-12-31": "$100", "2008-09-30": "$92", "2008-06-30": "$226", "2008-03-31": "$223", "2007-12-31": "$8", "2007-09-30": "$157", "2007-06-30": "$175", "2007-03-31": "$150", "2006-12-31": "$155", "2006-09-30": "$152", "2006-06-30": "$153", "2006-03-31": "$151", "2005-12-31": "$250", "2005-09-30": "$228", "2005-06-30": "$11", "2005-03-31": ""}}, "long-term-debt": {"Discovery Annual Long Term Debt (Millions of US $)": {"2019": "$14,810", "2018": "$14,974", "2017": "$14,755", "2016": "$7,841", "2015": "$7,616", "2014": "$6,002", "2013": "$6,482", "2012": "$5,212", "2011": "$4,219", "2010": "$3,598", "2009": "$3,457", "2008": "$3,331", "2007": "$", "2006": "$", "2005": "$"}, "Discovery Quarterly Long Term Debt (Millions of US $)": {"2020-09-30": "$14,981", "2020-06-30": "$14,944", "2020-03-31": "$15,267", "2019-12-31": "$14,810", "2019-09-30": "$14,757", "2019-06-30": "$14,823", "2019-03-31": "$14,956", "2018-12-31": "$14,974", "2018-09-30": "$15,829", "2018-06-30": "$17,683", "2018-03-31": "$19,214", "2017-12-31": "$14,755", "2017-09-30": "$14,676", "2017-06-30": "$8,158", "2017-03-31": "$7,970", "2016-12-31": "$7,841", "2016-09-30": "$7,901", "2016-06-30": "$7,809", "2016-03-31": "$7,965", "2015-12-31": "$7,616", "2015-09-30": "$6,941", "2015-06-30": "$6,856", "2015-03-31": "$7,036", "2014-12-31": "$6,002", "2014-09-30": "$6,153", "2014-06-30": "$6,045", "2014-03-31": "$6,900", "2013-12-31": "$6,482", "2013-09-30": "$6,485", "2013-06-30": "$6,455", "2013-03-31": "$6,407", "2012-12-31": "$5,212", "2012-09-30": "$5,210", "2012-06-30": "$5,206", "2012-03-31": "$4,218", "2011-12-31": "$4,219", "2011-09-30": "$4,229", "2011-06-30": "$4,235", "2011-03-31": "$3,591", "2010-12-31": "$3,598", "2010-09-30": "$3,595", "2010-06-30": "$3,594", "2010-03-31": "$3,235", "2009-12-31": "$3,457", "2009-09-30": "$3,472", "2009-06-30": "$3,053", "2009-03-31": "$3,137", "2008-12-31": "$3,331", "2008-09-30": "$3,555", "2008-06-30": "", "2008-03-31": "", "2007-12-31": "", "2007-09-30": "", "2007-06-30": "", "2007-03-31": "", "2006-12-31": "", "2006-09-30": "", "2006-06-30": "", "2006-03-31": "", "2005-12-31": "", "2005-09-30": "", "2005-06-30": "", "2005-03-31": ""}}, "total-liabilities": {"Discovery Annual Total Liabilities (Millions of US $)": {"2019": "$22,211", "2018": "$22,448", "2017": "$17,945", "2016": "$10,505", "2015": "$10,413", "2014": "$10,366", "2013": "$8,782", "2012": "$6,637", "2011": "$5,394", "2010": "$4,786", "2009": "$4,732", "2008": "$4,923", "2007": "$1,371", "2006": "$1,322", "2005": "$1,244"}, "Discovery Quarterly Total Liabilities (Millions of US $)": {"2020-09-30": "$21,841", "2020-06-30": "$21,731", "2020-03-31": "$22,428", "2019-12-31": "$22,211", "2019-09-30": "$21,692", "2019-06-30": "$22,624", "2019-03-31": "$22,144", "2018-12-31": "$22,448", "2018-09-30": "$23,093", "2018-06-30": "$23,866", "2018-03-31": "$25,064", "2017-12-31": "$17,945", "2017-09-30": "$17,403", "2017-06-30": "$10,623", "2017-03-31": "$10,527", "2016-12-31": "$10,505", "2016-09-30": "$10,646", "2016-06-30": "$10,345", "2016-03-31": "$10,512", "2015-12-31": "$10,413", "2015-09-30": "$10,273", "2015-06-30": "$10,243", "2015-03-31": "$10,491", "2014-12-31": "$10,366", "2014-09-30": "$10,488", "2014-06-30": "$10,071", "2014-03-31": "$9,130", "2013-12-31": "$8,782", "2013-09-30": "$8,642", "2013-06-30": "$8,414", "2013-03-31": "$8,179", "2012-12-31": "$6,637", "2012-09-30": "$6,420", "2012-06-30": "$6,337", "2012-03-31": "$5,367", "2011-12-31": "$5,394", "2011-09-30": "$5,398", "2011-06-30": "$5,322", "2011-03-31": "$4,697", "2010-12-31": "$4,786", "2010-09-30": "$4,703", "2010-06-30": "$4,560", "2010-03-31": "$4,568", "2009-12-31": "$4,732", "2009-09-30": "$4,699", "2009-06-30": "$4,778", "2009-03-31": "$4,798", "2008-12-31": "$4,923", "2008-09-30": "$4,926", "2008-06-30": "$1,442", "2008-03-31": "$1,411", "2007-12-31": "$1,371", "2007-09-30": "$1,383", "2007-06-30": "$1,388", "2007-03-31": "$1,325", "2006-12-31": "$1,322", "2006-09-30": "$1,315", "2006-06-30": "$1,273", "2006-03-31": "$1,258", "2005-12-31": "$1,244", "2005-09-30": "$1,258", "2005-06-30": "$1,216", "2005-03-31": ""}}, "total-share-holder-equity": {"Discovery Annual Share Holder Equity (Millions of US $)": {"2019": "$11,524", "2018": "$10,102", "2017": "$4,610", "2016": "$5,167", "2015": "$5,451", "2014": "$5,604", "2013": "$6,197", "2012": "$6,293", "2011": "$6,519", "2010": "$6,233", "2009": "$6,220", "2008": "$5,561", "2007": "$4,495", "2006": "$4,549", "2005": "$4,575"}, "Discovery Quarterly Share Holder Equity (Millions of US $)": {"2020-09-30": "$11,597", "2020-06-30": "$11,358", "2020-03-31": "$10,962", "2019-12-31": "$11,524", "2019-09-30": "$11,133", "2019-06-30": "$11,221", "2019-03-31": "$10,300", "2018-12-31": "$10,102", "2018-09-30": "$9,819", "2018-06-30": "$9,626", "2018-03-31": "$9,594", "2017-12-31": "$4,610", "2017-09-30": "$5,740", "2017-06-30": "$5,526", "2017-03-31": "$5,335", "2016-12-31": "$5,167", "2016-09-30": "$5,204", "2016-06-30": "$5,345", "2016-03-31": "$5,366", "2015-12-31": "$5,451", "2015-09-30": "$5,646", "2015-06-30": "$5,486", "2015-03-31": "$5,291", "2014-12-31": "$5,604", "2014-09-30": "$5,885", "2014-06-30": "$6,034", "2014-03-31": "$6,181", "2013-12-31": "$6,197", "2013-09-30": "$6,225", "2013-06-30": "$6,273", "2013-03-31": "$6,242", "2012-12-31": "$6,293", "2012-09-30": "$6,267", "2012-06-30": "$6,473", "2012-03-31": "$6,568", "2011-12-31": "$6,519", "2011-09-30": "$6,403", "2011-06-30": "$6,514", "2011-03-31": "$6,411", "2010-12-31": "$6,233", "2010-09-30": "$6,695", "2010-06-30": "$6,514", "2010-03-31": "$6,384", "2009-12-31": "$6,220", "2009-09-30": "$6,042", "2009-06-30": "$5,918", "2009-03-31": "$5,677", "2008-12-31": "$5,561", "2008-09-30": "$5,519", "2008-06-30": "$4,577", "2008-03-31": "$4,525", "2007-12-31": "$4,495", "2007-09-30": "$4,670", "2007-06-30": "$4,654", "2007-03-31": "$4,570", "2006-12-31": "$4,549", "2006-09-30": "$4,540", "2006-06-30": "$4,612", "2006-03-31": "$4,591", "2005-12-31": "$4,575", "2005-09-30": "$4,567", "2005-06-30": "$4,368", "2005-03-31": ""}}, "profit-margins": {"current": "13.36%"}, "gross margin": {"2020-09-30": "64.65%", "2020-06-30": "65.86%", "2020-03-31": "65.76%", "2019-12-31": "65.73%", "2019-09-30": "66.35%", "2019-06-30": "65.91%", "2019-03-31": "65.26%", "2018-12-31": "62.71%", "2018-09-30": "61.14%", "2018-06-30": "59.96%", "2018-03-31": "58.91%", "2017-12-31": "61.36%", "2017-09-30": "61.74%", "2017-06-30": "62.37%", "2017-03-31": "62.64%", "2016-12-31": "62.57%", "2016-09-30": "62.49%", "2016-06-30": "62.78%", "2016-03-31": "63.07%", "2015-12-31": "63.36%", "2015-09-30": "64.18%", "2015-06-30": "64.94%", "2015-03-31": "65.47%", "2014-12-31": "66.10%", "2014-09-30": "67.34%", "2014-06-30": "67.86%", "2014-03-31": "68.41%", "2013-12-31": "69.49%", "2013-09-30": "70.33%", "2013-06-30": "71.36%", "2013-03-31": "72.27%", "2012-12-31": "72.85%", "2012-09-30": "72.99%", "2012-06-30": "72.28%", "2012-03-31": "72.13%", "2011-12-31": "71.79%", "2011-09-30": "72.32%", "2011-06-30": "72.94%", "2011-03-31": "73.10%", "2010-12-31": "72.67%", "2010-09-30": "71.02%", "2010-06-30": "70.58%", "2010-03-31": "69.85%", "2009-12-31": "69.81%", "2009-09-30": "70.30%", "2009-06-30": "70.04%", "2009-03-31": "70.13%", "2008-12-31": "70.37%", "2008-09-30": "69.72%", "2008-06-30": "69.70%", "2008-03-31": "61.30%", "2007-12-31": "28.46%", "2007-09-30": "106.98%", "2007-06-30": "7.14%", "2007-03-31": "11.88%", "2006-12-31": "19.75%", "2006-09-30": "32.98%", "2006-06-30": "33.23%", "2006-03-31": "33.53%", "2005-12-31": "33.57%"}, "operating margin": {"2020-09-30": "25.63%", "2020-06-30": "26.17%", "2020-03-31": "27.10%", "2019-12-31": "27.00%", "2019-09-30": "27.21%", "2019-06-30": "25.15%", "2019-03-31": "22.86%", "2018-12-31": "18.33%", "2018-09-30": "4.02%", "2018-06-30": "5.19%", "2018-03-31": "5.68%", "2017-12-31": "10.37%", "2017-09-30": "31.06%", "2017-06-30": "31.89%", "2017-03-31": "31.39%", "2016-12-31": "31.68%", "2016-09-30": "30.51%", "2016-06-30": "31.23%", "2016-03-31": "31.04%", "2015-12-31": "31.04%", "2015-09-30": "31.44%", "2015-06-30": "31.48%", "2015-03-31": "33.00%", "2014-12-31": "32.90%", "2014-09-30": "34.39%", "2014-06-30": "35.13%", "2014-03-31": "34.42%", "2013-12-31": "35.68%", "2013-09-30": "37.28%", "2013-06-30": "38.54%", "2013-03-31": "40.08%", "2012-12-31": "41.43%", "2012-09-30": "41.24%", "2012-06-30": "40.98%", "2012-03-31": "40.54%", "2011-12-31": "43.26%", "2011-09-30": "44.27%", "2011-06-30": "43.04%", "2011-03-31": "42.29%", "2010-12-31": "37.16%", "2010-09-30": "34.44%", "2010-06-30": "32.77%", "2010-03-31": "37.24%", "2009-12-31": "36.84%", "2009-09-30": "37.41%", "2009-06-30": "39.55%", "2009-03-31": "30.79%", "2008-12-31": "31.46%", "2008-09-30": "30.09%", "2008-06-30": "27.17%", "2008-03-31": "25.34%", "2007-12-31": "-3.13%", "2007-09-30": "-202.33%", "2007-06-30": "-5.36%", "2007-03-31": "-8.91%", "2006-12-31": "-13.58%", "2006-09-30": "-15.66%", "2006-06-30": "-1.21%", "2006-03-31": "-1.04%", "2005-12-31": "-0.14%"}, "ebitda margin": {"2020-09-30": "65.64%", "2020-06-30": "66.43%", "2020-03-31": "65.92%", "2019-12-31": "66.08%", "2019-09-30": "67.01%", "2019-06-30": "66.02%", "2019-03-31": "66.79%", "2018-12-31": "62.73%", "2018-09-30": "60.78%", "2018-06-30": "60.11%", "2018-03-31": "64.24%", "2017-12-31": "62.27%", "2017-09-30": "63.99%", "2017-06-30": "64.41%", "2017-03-31": "56.67%", "2016-12-31": "63.92%", "2016-09-30": "62.73%", "2016-06-30": "63.26%", "2016-03-31": "63.31%", "2015-12-31": "62.93%", "2015-09-30": "63.29%", "2015-06-30": "62.75%", "2015-03-31": "63.34%", "2014-12-31": "63.00%", "2014-09-30": "62.77%", "2014-06-30": "63.22%", "2014-03-31": "62.63%", "2013-12-31": "62.17%", "2013-09-30": "62.89%", "2013-06-30": "62.67%", "2013-03-31": "62.75%", "2012-12-31": "63.76%", "2012-09-30": "64.86%", "2012-06-30": "65.24%", "2012-03-31": "64.69%", "2011-12-31": "67.66%", "2011-09-30": "80.08%", "2011-06-30": "74.41%", "2011-03-31": "69.43%", "2010-12-31": "60.01%", "2010-09-30": "43.69%", "2010-06-30": "47.04%", "2010-03-31": "57.00%", "2009-12-31": "61.83%", "2009-09-30": "58.24%", "2009-06-30": "55.91%", "2009-03-31": "42.68%", "2008-12-31": "39.21%", "2008-09-30": "44.87%", "2008-06-30": "46.12%", "2008-03-31": "52.85%", "2007-12-31": "57.44%", "2007-09-30": "-362.79%", "2007-06-30": "138.39%", "2007-03-31": "149.50%", "2006-12-31": "185.19%", "2006-09-30": "8.89%", "2006-06-30": "9.52%", "2006-03-31": "10.09%", "2005-12-31": "10.81%"}, "pre tax profit margin": {"2020-09-30": "17.59%", "2020-06-30": "18.56%", "2020-03-31": "20.32%", "2019-12-31": "20.59%", "2019-09-30": "20.08%", "2019-06-30": "17.82%", "2019-03-31": "14.70%", "2018-12-31": "9.68%", "2018-09-30": "-5.43%", "2018-06-30": "-6.18%", "2018-03-31": "-5.68%", "2017-12-31": "-1.99%", "2017-09-30": "20.55%", "2017-06-30": "23.23%", "2017-03-31": "23.93%", "2016-12-31": "25.72%", "2016-09-30": "24.01%", "2016-06-30": "25.43%", "2016-03-31": "24.37%", "2015-12-31": "24.38%", "2015-09-30": "24.60%", "2015-06-30": "25.00%", "2015-03-31": "27.74%", "2014-12-31": "27.89%", "2014-09-30": "30.07%", "2014-06-30": "30.66%", "2014-03-31": "29.50%", "2013-12-31": "31.36%", "2013-09-30": "32.36%", "2013-06-30": "32.90%", "2013-03-31": "34.05%", "2012-12-31": "33.83%", "2012-09-30": "33.51%", "2012-06-30": "33.89%", "2012-03-31": "33.82%", "2011-12-31": "37.50%", "2011-09-30": "38.31%", "2011-06-30": "36.74%", "2011-03-31": "31.23%", "2010-12-31": "25.69%", "2010-09-30": "23.36%", "2010-06-30": "21.39%", "2010-03-31": "30.35%", "2009-12-31": "30.05%", "2009-09-30": "29.02%", "2009-06-30": "31.09%", "2009-03-31": "22.61%", "2008-12-31": "22.38%", "2008-09-30": "21.79%", "2008-06-30": "19.47%", "2008-03-31": "29.17%", "2007-12-31": "37.34%", "2007-09-30": "-627.91%", "2007-06-30": "179.46%", "2007-03-31": "101.98%", "2006-12-31": "114.81%", "2006-09-30": "-0.60%", "2006-06-30": "14.05%", "2006-03-31": "11.28%", "2005-12-31": "11.82%"}, "net profit margin": {"2020-09-30": "13.36%", "2020-06-30": "12.86%", "2020-03-31": "18.54%", "2019-12-31": "18.57%", "2019-09-30": "16.81%", "2019-06-30": "15.62%", "2019-03-31": "9.00%", "2018-12-31": "5.63%", "2018-09-30": "-8.52%", "2018-06-30": "-8.28%", "2018-03-31": "-7.40%", "2017-12-31": "-4.90%", "2017-09-30": "16.63%", "2017-06-30": "16.88%", "2017-03-31": "17.50%", "2016-12-31": "18.38%", "2016-09-30": "18.90%", "2016-06-30": "18.88%", "2016-03-31": "17.14%", "2015-12-31": "16.17%", "2015-09-30": "17.67%", "2015-06-30": "17.70%", "2015-03-31": "18.03%", "2014-12-31": "18.18%", "2014-09-30": "16.27%", "2014-06-30": "17.36%", "2014-03-31": "17.75%", "2013-12-31": "19.42%", "2013-09-30": "19.37%", "2013-06-30": "19.53%", "2013-03-31": "20.91%", "2012-12-31": "21.02%", "2012-09-30": "24.21%", "2012-06-30": "24.93%", "2012-03-31": "24.36%", "2011-12-31": "27.16%", "2011-09-30": "24.39%", "2011-06-30": "24.05%", "2011-03-31": "20.80%", "2010-12-31": "17.59%", "2010-09-30": "16.55%", "2010-06-30": "14.40%", "2010-03-31": "16.83%", "2009-12-31": "15.64%", "2009-09-30": "14.76%", "2009-06-30": "15.91%", "2009-03-31": "11.87%", "2008-12-31": "9.37%", "2008-09-30": "1.60%", "2008-06-30": "-4.98%", "2008-03-31": "-5.40%", "2007-12-31": "-18.02%", "2007-09-30": "-246.51%", "2007-06-30": "19.64%", "2007-03-31": "-37.62%", "2006-12-31": "-56.79%", "2006-09-30": "-6.02%", "2006-06-30": "5.74%", "2006-03-31": "4.15%", "2005-12-31": "4.76%"}, "pe ratio": {"current": "12.44", "2021-02-05": "20.71", "2020-09-30": "10.57", "2020-06-30": "10.71", "2020-03-31": "6.70", "2019-12-31": "11.37", "2019-09-30": "10.28", "2019-06-30": "12.79", "2019-03-31": "19.72", "2018-12-31": "29.81", "2018-09-30": "0.00", "2018-06-30": "0.00", "2018-03-31": "0.00", "2017-12-31": "0.00", "2017-09-30": "11.15", "2017-06-30": "13.67", "2017-03-31": "15.23", "2016-12-31": "13.98", "2016-09-30": "15.12", "2016-06-30": "13.64", "2016-03-31": "17.56", "2015-12-31": "16.89", "2015-09-30": "16.06", "2015-06-30": "20.79", "2015-03-31": "13.67", "2014-12-31": "13.56", "2014-09-30": "12.73", "2014-06-30": "11.36", "2014-03-31": "13.78", "2013-12-31": "15.22", "2013-09-30": "15.24", "2013-06-30": "14.80", "2013-03-31": "15.44", "2012-12-31": "12.75", "2012-09-30": "10.88", "2012-06-30": "9.71", "2012-03-31": "9.58", "2011-12-31": "7.29", "2011-09-30": "7.77", "2011-06-30": "9.06", "2011-03-31": "10.56", "2010-12-31": "13.54", "2010-09-30": "15.23", "2010-06-30": "14.64", "2010-03-31": "12.07", "2009-12-31": "11.89", "2009-09-30": "12.24", "2009-06-30": "8.04", "2009-03-31": "7.09", "2008-12-31": "7.30", "2008-09-30": "59.38", "2008-06-30": "0.00", "2008-03-31": "0.00", "2007-12-31": "0.00", "2007-09-30": "33.81", "2007-06-30": "127.96", "2007-03-31": "0.00", "2006-12-31": "0.00"}, "price sales": {"2021-02-05": "2.75", "2020-09-30": "1.40", "2020-06-30": "1.36", "2020-03-31": "1.23", "2019-12-31": "2.10", "2019-09-30": "1.70", "2019-06-30": "1.98", "2019-03-31": "1.74", "2018-12-31": "1.60", "2018-09-30": "2.18", "2018-06-30": "1.98", "2018-03-31": "1.66", "2017-12-31": "1.88", "2017-09-30": "1.87", "2017-06-30": "2.33", "2017-03-31": "2.68", "2016-12-31": "2.59", "2016-09-30": "2.60", "2016-06-30": "2.49", "2016-03-31": "2.89", "2015-12-31": "2.74", "2015-09-30": "2.69", "2015-06-30": "3.48", "2015-03-31": "3.28", "2014-12-31": "3.80", "2014-09-30": "4.32", "2014-06-30": "4.44", "2014-03-31": "4.10", "2013-12-31": "4.02", "2013-09-30": "3.95", "2013-06-30": "3.32", "2013-03-31": "3.74", "2012-12-31": "3.12", "2012-09-30": "2.65", "2012-06-30": "2.44", "2012-03-31": "2.36", "2011-12-31": "2.00", "2011-09-30": "1.92", "2011-06-30": "2.21", "2011-03-31": "2.24", "2010-12-31": "2.42", "2010-09-30": "2.53", "2010-06-30": "2.12", "2010-03-31": "2.05", "2009-12-31": "1.88", "2009-09-30": "1.69", "2009-06-30": "1.20", "2009-03-31": "0.76", "2008-12-31": "0.62", "2008-09-30": "0.80", "2008-06-30": "1.60", "2008-03-31": "2.61", "2007-12-31": "8.19", "2007-09-30": "0.00", "2007-06-30": "25.73", "2007-03-31": "23.79", "2006-12-31": "25.05"}, "price book": {"current": "1.81", "2021-02-05": "1.82", "2020-09-30": "0.93", "2020-06-30": "0.94", "2020-03-31": "0.90", "2019-12-31": "1.49", "2019-09-30": "1.26", "2019-06-30": "1.47", "2019-03-31": "1.38", "2018-12-31": "1.28", "2018-09-30": "1.71", "2018-06-30": "1.49", "2018-03-31": "1.17", "2017-12-31": "1.85", "2017-09-30": "1.41", "2017-06-30": "1.77", "2017-03-31": "2.10", "2016-12-31": "2.06", "2016-09-30": "2.03", "2016-06-30": "1.87", "2016-03-31": "2.16", "2015-12-31": "2.01", "2015-09-30": "1.98", "2015-06-30": "2.61", "2015-03-31": "2.50", "2014-12-31": "2.70", "2014-09-30": "2.84", "2014-06-30": "1.38", "2014-03-31": "1.54", "2013-12-31": "1.71", "2013-09-30": "1.61", "2013-06-30": "1.50", "2013-03-31": "1.54", "2012-12-31": "1.24", "2012-09-30": "1.14", "2012-06-30": "1.03", "2012-03-31": "0.98", "2011-12-31": "0.82", "2011-09-30": "0.78", "2011-06-30": "0.86", "2011-03-31": "0.87", "2010-12-31": "0.95", "2010-09-30": "0.92", "2010-06-30": "0.78", "2010-03-31": "0.75", "2009-12-31": "0.70", "2009-09-30": "0.68", "2009-06-30": "0.54", "2009-03-31": "0.40", "2008-12-31": "0.36", "2008-09-30": "0.36", "2008-06-30": "0.60", "2008-03-31": "0.59", "2007-12-31": "0.70", "2007-09-30": "0.77", "2007-06-30": "0.62", "2007-03-31": "0.52", "2006-12-31": "0.44", "2006-09-30": "0.40", "2006-06-30": "0.40", "2006-03-31": "0.41"}, "price fcf": {"2021-02-05": "", "2020-09-30": "$4.43", "2020-06-30": "$4.50", "2020-03-31": "$4.02", "2019-12-31": "$4.38", "2019-09-30": "$4.15", "2019-06-30": "$4.27", "2019-03-31": "$4.14", "2018-12-31": "$3.63", "2018-09-30": "$2.99", "2018-06-30": "$2.85", "2018-03-31": "$2.42", "2017-12-31": "$2.59", "2017-09-30": "$2.71", "2017-06-30": "$2.19", "2017-03-31": "$2.40", "2016-12-31": "$2.12", "2016-09-30": "$2.20", "2016-06-30": "$1.86", "2016-03-31": "$1.85", "2015-12-31": "$1.82", "2015-09-30": "$1.44", "2015-06-30": "$1.67", "2015-03-31": "$1.48", "2014-12-31": "$1.74", "2014-09-30": "$1.62", "2014-06-30": "$1.07", "2014-03-31": "$1.64", "2013-12-31": "$1.62", "2013-09-30": "$0.62", "2013-06-30": "$1.54", "2013-03-31": "$1.05", "2012-12-31": "$1.35", "2012-09-30": "$2.70", "2012-06-30": "$2.54", "2012-03-31": "$2.66", "2011-12-31": "$2.57", "2011-09-30": "$2.27", "2011-06-30": "$2.27", "2011-03-31": "$1.67", "2010-12-31": "$1.44", "2010-09-30": "$1.54", "2010-06-30": "$0.82", "2010-03-31": "$1.33", "2009-12-31": "$1.38", "2009-09-30": "$1.14", "2009-06-30": "$1.69", "2009-03-31": "$1.62", "2008-12-31": "$1.46", "2008-09-30": "$1.17", "2008-06-30": "$0.50", "2008-03-31": "$0.24", "2007-12-31": "$0.04", "2007-09-30": "$-0.02", "2007-06-30": "$0.02", "2007-03-31": "$-0.04", "2006-12-31": "$-0.01"}, "net worth": {"value": "$20.95B"}, "current ratio": {"current": "1.99", "2020-09-30": "1.99", "2020-06-30": "1.83", "2020-03-31": "1.61", "2019-12-31": "1.61", "2019-09-30": "1.52", "2019-06-30": "1.27", "2019-03-31": "1.16", "2018-12-31": "1.06", "2018-09-30": "1.01", "2018-06-30": "1.45", "2018-03-31": "1.83", "2017-12-31": "5.34", "2017-09-30": "5.87", "2017-06-30": "1.89", "2017-03-31": "1.69", "2016-12-31": "1.60", "2016-09-30": "1.76", "2016-06-30": "1.77", "2016-03-31": "1.94", "2015-12-31": "1.64", "2015-09-30": "1.29", "2015-06-30": "1.44", "2015-03-31": "1.40", "2014-12-31": "0.96", "2014-09-30": "1.01", "2014-06-30": "1.09", "2014-03-31": "2.19", "2013-12-31": "1.86", "2013-09-30": "2.08", "2013-06-30": "2.26", "2013-03-31": "3.65", "2012-12-31": "2.89", "2012-09-30": "3.63", "2012-06-30": "4.25", "2012-03-31": "3.31", "2011-12-31": "3.26", "2011-09-30": "3.25", "2011-06-30": "3.78", "2011-03-31": "2.49", "2010-12-31": "2.21", "2010-09-30": "2.70", "2010-06-30": "2.99", "2010-03-31": "1.84", "2009-12-31": "2.13", "2009-09-30": "1.86", "2009-06-30": "1.09", "2009-03-31": "0.95", "2008-12-31": "1.04", "2008-09-30": "1.08", "2008-06-30": "3.13", "2008-03-31": "3.02", "2007-12-31": "3.10", "2007-09-30": "2.97", "2007-06-30": "2.77", "2007-03-31": "2.87", "2006-12-31": "2.60", "2006-09-30": "2.64", "2006-06-30": "3.12", "2006-03-31": "3.26", "2005-12-31": "4.27", "2005-09-30": "3.78", "2005-06-30": "1.88", "2005-03-31": "0.00"}, "quick ratio": {"2020-09-30": "0.00", "2020-06-30": "0.00", "2020-03-31": "0.00", "2019-12-31": "0.00", "2019-09-30": "0.00", "2019-06-30": "0.00", "2019-03-31": "0.00", "2018-12-31": "0.00", "2018-09-30": "0.00", "2018-06-30": "0.00", "2018-03-31": "0.00", "2017-12-31": "0.00", "2017-09-30": "0.00", "2017-06-30": "0.00", "2017-03-31": "0.00", "2016-12-31": "0.00", "2016-09-30": "0.00", "2016-06-30": "0.00", "2016-03-31": "0.00", "2015-12-31": "0.00", "2015-09-30": "0.00", "2015-06-30": "0.00", "2015-03-31": "0.00", "2014-12-31": "0.00", "2014-09-30": "0.00", "2014-06-30": "0.00", "2014-03-31": "0.00", "2013-12-31": "0.00", "2013-09-30": "0.00", "2013-06-30": "0.00", "2013-03-31": "0.00", "2012-12-31": "0.00", "2012-09-30": "0.00", "2012-06-30": "0.00", "2012-03-31": "0.00", "2011-12-31": "0.00", "2011-09-30": "0.00", "2011-06-30": "0.00", "2011-03-31": "0.00", "2010-12-31": "0.00", "2010-09-30": "0.00", "2010-06-30": "0.00", "2010-03-31": "0.00", "2009-12-31": "0.00", "2009-09-30": "0.00", "2009-06-30": "0.00", "2009-03-31": "0.00", "2008-12-31": "0.00", "2008-09-30": "0.00", "2008-06-30": "0.00", "2008-03-31": "0.00", "2007-12-31": "0.00", "2007-09-30": "0.00", "2007-06-30": "0.00", "2007-03-31": "0.00", "2006-12-31": "0.00", "2006-09-30": "0.00", "2006-06-30": "0.00", "2006-03-31": "0.00", "2005-12-31": "0.00", "2005-09-30": "0.00", "2005-06-30": "0.00", "2005-03-31": "0.00"}, "debt equity ratio": {"current": "1.29", "2020-09-30": "1.88", "2020-06-30": "1.91", "2020-03-31": "2.05", "2019-12-31": "1.93", "2019-09-30": "1.95", "2019-06-30": "2.02", "2019-03-31": "2.15", "2018-12-31": "2.22", "2018-09-30": "2.35", "2018-06-30": "2.48", "2018-03-31": "2.61", "2017-12-31": "3.89", "2017-09-30": "3.03", "2017-06-30": "1.92", "2017-03-31": "1.97", "2016-12-31": "2.03", "2016-09-30": "2.05", "2016-06-30": "1.94", "2016-03-31": "1.96", "2015-12-31": "1.91", "2015-09-30": "1.82", "2015-06-30": "1.87", "2015-03-31": "1.98", "2014-12-31": "1.85", "2014-09-30": "1.78", "2014-06-30": "1.67", "2014-03-31": "1.48", "2013-12-31": "1.42", "2013-09-30": "1.39", "2013-06-30": "1.34", "2013-03-31": "1.31", "2012-12-31": "1.06", "2012-09-30": "1.02", "2012-06-30": "0.98", "2012-03-31": "0.82", "2011-12-31": "0.83", "2011-09-30": "0.84", "2011-06-30": "0.82", "2011-03-31": "0.73", "2010-12-31": "0.77", "2010-09-30": "0.70", "2010-06-30": "0.70", "2010-03-31": "0.72", "2009-12-31": "0.76", "2009-09-30": "0.78", "2009-06-30": "0.81", "2009-03-31": "0.85", "2008-12-31": "0.89", "2008-09-30": "0.89", "2008-06-30": "0.32", "2008-03-31": "0.31", "2007-12-31": "0.31", "2007-09-30": "0.30", "2007-06-30": "0.30", "2007-03-31": "0.29", "2006-12-31": "0.29", "2006-09-30": "0.29", "2006-06-30": "0.28", "2006-03-31": "0.27", "2005-12-31": "0.27", "2005-09-30": "0.28", "2005-06-30": "0.28", "2005-03-31": "0.00"}, "return on equity": {"2020-09-30": "12.53%", "2020-06-30": "12.33%", "2020-03-31": "18.39%", "2019-12-31": "18.73%", "2019-09-30": "17.42%", "2019-06-30": "16.57%", "2019-03-31": "9.90%", "2018-12-31": "6.07%", "2018-09-30": "-9.74%", "2018-06-30": "-9.71%", "2018-03-31": "-8.79%", "2017-12-31": "-6.36%", "2017-09-30": "20.42%", "2017-06-30": "20.95%", "2017-03-31": "21.78%", "2016-12-31": "22.65%", "2016-09-30": "22.90%", "2016-06-30": "22.41%", "2016-03-31": "20.05%", "2015-12-31": "18.91%", "2015-09-30": "20.61%", "2015-06-30": "20.46%", "2015-03-31": "20.20%", "2014-12-31": "19.22%", "2014-09-30": "16.41%", "2014-06-30": "16.72%", "2014-03-31": "16.53%", "2013-12-31": "17.24%", "2013-09-30": "16.09%", "2013-06-30": "15.27%", "2013-03-31": "15.08%", "2012-12-31": "14.73%", "2012-09-30": "16.34%", "2012-06-30": "16.75%", "2012-03-31": "16.12%", "2011-12-31": "17.52%", "2011-09-30": "15.45%", "2011-06-30": "14.48%", "2011-03-31": "12.19%", "2010-12-31": "10.10%", "2010-09-30": "9.48%", "2010-06-30": "8.27%", "2010-03-31": "9.62%", "2009-12-31": "9.07%", "2009-09-30": "8.55%", "2009-06-30": "9.46%", "2009-03-31": "7.54%", "2008-12-31": "6.28%", "2008-09-30": "0.86%", "2008-06-30": "-1.88%", "2008-03-31": "-1.20%", "2007-12-31": "-1.50%", "2007-09-30": "2.30%", "2007-06-30": "0.48%", "2007-03-31": "-0.83%", "2006-12-31": "-1.01%", "2006-09-30": "-0.87%", "2006-06-30": "0.83%", "2006-03-31": "0.62%", "2005-12-31": "0.98%"}, "return on assets": {"2020-09-30": "4.26%", "2020-06-30": "4.17%", "2020-03-31": "6.16%", "2019-12-31": "6.23%", "2019-09-30": "5.66%", "2019-06-30": "5.21%", "2019-03-31": "3.00%", "2018-12-31": "1.78%", "2018-09-30": "-2.65%", "2018-06-30": "-2.52%", "2018-03-31": "-2.32%", "2017-12-31": "-1.73%", "2017-09-30": "6.27%", "2017-06-30": "7.00%", "2017-03-31": "7.27%", "2016-12-31": "7.57%", "2016-09-30": "7.73%", "2016-06-30": "7.72%", "2016-03-31": "6.94%", "2015-12-31": "6.53%", "2015-09-30": "7.16%", "2015-06-30": "7.14%", "2015-03-31": "7.17%", "2014-12-31": "7.15%", "2014-09-30": "6.35%", "2014-06-30": "6.73%", "2014-03-31": "6.87%", "2013-12-31": "7.29%", "2013-09-30": "7.08%", "2013-06-30": "6.99%", "2013-03-31": "7.21%", "2012-12-31": "7.49%", "2012-09-30": "8.55%", "2012-06-30": "8.97%", "2012-03-31": "8.83%", "2011-12-31": "9.70%", "2011-09-30": "8.63%", "2011-06-30": "8.25%", "2011-03-31": "7.07%", "2010-12-31": "5.87%", "2010-09-30": "5.52%", "2010-06-30": "4.76%", "2010-03-31": "5.45%", "2009-12-31": "5.05%", "2009-09-30": "4.68%", "2009-06-30": "5.09%", "2009-03-31": "4.30%", "2008-12-31": "3.86%", "2008-09-30": "0.58%", "2008-06-30": "-1.44%", "2008-03-31": "-0.92%", "2007-12-31": "-1.16%", "2007-09-30": "1.78%", "2007-06-30": "0.37%", "2007-03-31": "-0.65%", "2006-12-31": "-0.78%", "2006-09-30": "-0.68%", "2006-06-30": "0.65%", "2006-03-31": "0.49%", "2005-12-31": "0.77%"}, "return on investments": {"2020-09-30": "10.36%", "2020-06-30": "10.77%", "2020-03-31": "11.54%", "2019-12-31": "11.63%", "2019-09-30": "11.79%", "2019-06-30": "10.84%", "2019-03-31": "9.70%", "2018-12-31": "7.24%", "2018-09-30": "1.53%", "2018-06-30": "1.88%", "2018-03-31": "2.09%", "2017-12-31": "4.27%", "2017-09-30": "13.74%", "2017-06-30": "15.82%", "2017-03-31": "15.64%", "2016-12-31": "15.65%", "2016-09-30": "15.00%", "2016-06-30": "15.50%", "2016-03-31": "15.52%", "2015-12-31": "15.78%", "2015-09-30": "16.54%", "2015-06-30": "16.77%", "2015-03-31": "17.56%", "2014-12-31": "16.89%", "2014-09-30": "16.90%", "2014-06-30": "16.49%", "2014-03-31": "15.57%", "2013-12-31": "15.56%", "2013-09-30": "15.63%", "2013-06-30": "15.62%", "2013-03-31": "15.45%", "2012-12-31": "16.36%", "2012-09-30": "16.09%", "2012-06-30": "16.31%", "2012-03-31": "16.26%", "2011-12-31": "17.12%", "2011-09-30": "17.38%", "2011-06-30": "16.39%", "2011-03-31": "15.93%", "2010-12-31": "13.82%", "2010-09-30": "12.84%", "2010-06-30": "12.16%", "2010-03-31": "13.85%", "2009-12-31": "13.78%", "2009-09-30": "13.89%", "2009-06-30": "14.90%", "2009-03-31": "15.58%", "2008-12-31": "23.69%", "2008-09-30": "33.90%", "2008-06-30": "inf%", "2008-03-31": "inf%", "2007-12-31": "inf%", "2007-09-30": "inf%", "2007-06-30": "inf%", "2007-03-31": "inf%", "2006-12-31": "inf%", "2006-09-30": "inf%", "2006-06-30": "inf%", "2006-03-31": "inf%", "2005-12-31": "inf%"}, "return on tangible equity": {"2020-09-30": "-14.40%", "2020-06-30": "-13.53%", "2020-03-31": "-19.44%", "2019-12-31": "-18.73%", "2019-09-30": "-15.99%", "2019-06-30": "-13.96%", "2019-03-31": "-7.60%", "2018-12-31": "-4.39%", "2018-09-30": "7.15%", "2018-06-30": "7.88%", "2018-03-31": "8.39%", "2017-12-31": "8.13%", "2017-09-30": "-26.56%", "2017-06-30": "-25.73%", "2017-03-31": "-25.90%", "2016-12-31": "-26.49%", "2016-09-30": "-27.05%", "2016-06-30": "-27.47%", "2016-03-31": "-24.67%", "2015-12-31": "-22.99%", "2015-09-30": "-25.01%", "2015-06-30": "-24.80%", "2015-03-31": "-25.80%", "2014-12-31": "-28.74%", "2014-09-30": "-28.58%", "2014-06-30": "-34.02%", "2014-03-31": "-38.36%", "2013-12-31": "-48.03%", "2013-09-30": "-57.87%", "2013-06-30": "-78.47%", "2013-03-31": "-143.63%", "2012-12-31": "-187.85%", "2012-09-30": "-258.26%", "2012-06-30": "-288.33%", "2012-03-31": "-283.05%", "2011-12-31": "-271.14%", "2011-09-30": "-185.09%", "2011-06-30": "-185.81%", "2011-03-31": "-143.53%", "2010-12-31": "-108.31%", "2010-09-30": "-99.59%", "2010-06-30": "-65.97%", "2010-03-31": "-62.44%", "2009-12-31": "-43.23%", "2009-09-30": "-32.02%", "2009-06-30": "-30.13%", "2009-03-31": "-49.31%", "2008-12-31": "100.00%", "2008-09-30": "2.72%", "2008-06-30": "-3.25%", "2008-03-31": "-2.10%", "2007-12-31": "-2.66%", "2007-09-30": "4.18%", "2007-06-30": "0.88%", "2007-03-31": "-1.54%", "2006-12-31": "-1.88%", "2006-09-30": "-1.64%", "2006-06-30": "1.56%", "2006-03-31": "1.18%", "2005-12-31": "1.86%"}, "dividend yield history": {"last payout": "$0.00", "last yield": "0.00%"}}