{"ticker": "DISH", "price": {"title": "DISH Network Historical Annual Stock Price Data", "value": 31.21, "historical": {"2021": {"Average Stock Price": "31.5529", "Year Open": "31.5300", "Year High": "33.5300", "Year Low": "29.0200", "Year Close": "31.2100", "Annual % Change": "-3.49%"}, "2020": {"Average Stock Price": "31.0090", "Year Open": "35.7350", "Year High": "41.2900", "Year Low": "18.1500", "Year Close": "32.3400", "Annual % Change": "-8.82%"}, "2019": {"Average Stock Price": "34.1758", "Year Open": "25.8800", "Year High": "43.2600", "Year Low": "25.8800", "Year Close": "35.4700", "Annual % Change": "42.05%"}, "2018": {"Average Stock Price": "35.8740", "Year Open": "50.2000", "Year High": "50.2000", "Year Low": "23.9800", "Year Close": "24.9700", "Annual % Change": "-47.71%"}, "2017": {"Average Stock Price": "58.4500", "Year Open": "59.6900", "Year High": "66.1900", "Year Low": "46.4900", "Year Close": "47.7500", "Annual % Change": "-17.57%"}, "2016": {"Average Stock Price": "51.5097", "Year Open": "57.2900", "Year High": "59.9300", "Year Low": "39.7100", "Year Close": "57.9300", "Annual % Change": "1.31%"}, "2015": {"Average Stock Price": "66.9980", "Year Open": "72.2700", "Year High": "78.3100", "Year Low": "56.3600", "Year Close": "57.1800", "Annual % Change": "-21.55%"}, "2014": {"Average Stock Price": "62.6044", "Year Open": "57.7500", "Year High": "79.4100", "Year Low": "54.1000", "Year Close": "72.8900", "Annual % Change": "25.85%"}, "2013": {"Average Stock Price": "42.9860", "Year Open": "36.9600", "Year High": "57.9200", "Year Low": "34.1900", "Year Close": "57.9200", "Annual % Change": "59.12%"}, "2012": {"Average Stock Price": "31.3046", "Year Open": "29.0700", "Year High": "37.6800", "Year Low": "26.3100", "Year Close": "36.4000", "Annual % Change": "27.81%"}, "2011": {"Average Stock Price": "25.6327", "Year Open": "19.5600", "Year High": "32.0100", "Year Low": "19.5600", "Year Close": "28.4800", "Annual % Change": "44.86%"}, "2010": {"Average Stock Price": "19.8482", "Year Open": "21.1800", "Year High": "23.1500", "Year Low": "17.4400", "Year Close": "19.6600", "Annual % Change": "-5.34%"}, "2009": {"Average Stock Price": "15.9750", "Year Open": "11.7400", "Year High": "22.1500", "Year Low": "9.0700", "Year Close": "20.7700", "Annual % Change": "87.29%"}, "2008": {"Average Stock Price": "25.5756", "Year Open": "32.1000", "Year High": "35.6600", "Year Low": "8.3700", "Year Close": "11.0900", "Annual % Change": "-70.60%"}, "2007": {"Average Stock Price": "43.5219", "Year Open": "38.3700", "Year High": "51.0800", "Year Low": "36.7700", "Year Close": "37.7200", "Annual % Change": "-0.82%"}, "2006": {"Average Stock Price": "31.8941", "Year Open": "28.1200", "Year High": "38.4500", "Year Low": "27.2000", "Year Close": "38.0300", "Annual % Change": "39.92%"}, "2005": {"Average Stock Price": "29.1699", "Year Open": "33.1000", "Year High": "33.1200", "Year Low": "24.5200", "Year Close": "27.1800", "Annual % Change": "-18.26%"}, "2004": {"Average Stock Price": "32.5505", "Year Open": "34.0900", "Year High": "39.3300", "Year Low": "27.2600", "Year Close": "33.2500", "Annual % Change": "-2.18%"}, "2003": {"Average Stock Price": "32.8805", "Year Open": "23.2800", "Year High": "40.5300", "Year Low": "23.2800", "Year Close": "33.9900", "Annual % Change": "52.70%"}, "2002": {"Average Stock Price": "21.9887", "Year Open": "28.7500", "Year High": "29.4500", "Year Low": "14.1600", "Year Close": "22.2600", "Annual % Change": "-18.97%"}, "2001": {"Average Stock Price": "28.0961", "Year Open": "21.8100", "Year High": "38.5100", "Year Low": "20.4700", "Year Close": "27.4700", "Annual % Change": "20.75%"}, "2000": {"Average Stock Price": "44.9833", "Year Open": "47.5950", "Year High": "79.0000", "Year Low": "22.7500", "Year Close": "22.7500", "Annual % Change": "-53.33%"}, "1999": {"Average Stock Price": "19.2678", "Year Open": "5.9375", "Year High": "48.7500", "Year Low": "5.7500", "Year Close": "48.7500", "Annual % Change": "706.12%"}, "1998": {"Average Stock Price": "3.1939", "Year Open": "2.1563", "Year High": "6.0475", "Year Low": "2.0788", "Year Close": "6.0475", "Annual % Change": "188.83%"}, "1997": {"Average Stock Price": "2.2627", "Year Open": "2.7813", "Year High": "3.3438", "Year Low": "1.4225", "Year Close": "2.0938", "Annual % Change": "-23.86%"}, "1996": {"Average Stock Price": "3.6965", "Year Open": "2.9375", "Year High": "4.6563", "Year Low": "2.6950", "Year Close": "2.7500", "Annual % Change": "-9.28%"}}}, "market cap": {"value": "$16.42B"}, "income statement": {"Revenue": {"2019-12-31": "12807.68000", "2018-12-31": "13621.30000", "2017-12-31": "14391.38000", "2016-12-31": "15212.30000", "2015-12-31": "15225.49000", "2014-12-31": "14643.39000", "2013-12-31": "13904.87000", "2012-12-31": "13181.33000", "2011-12-31": "13074.06000", "2010-12-31": "12640.74000", "2009-12-31": "11664.15000", "2008-12-31": "11617.19000", "2007-12-31": "11090.38000", "2006-12-31": "9818.48600", "2005-12-31": "8447.17500"}, "Cost Of Goods Sold": {"2019-12-31": "9475.15900", "2018-12-31": "9985.80400", "2017-12-31": "10803.23000", "2016-12-31": "9901.75200", "2015-12-31": "9924.33000", "2014-12-31": "9369.85100", "2013-12-31": "8727.27600", "2012-12-31": "7818.66300", "2011-12-31": "7407.33000", "2010-12-31": "7211.15800", "2009-12-31": "7022.78400", "2008-12-31": "6652.50900", "2007-12-31": "6082.71800", "2006-12-31": "5379.11400", "2005-12-31": "4650.02200"}, "Gross Profit": {"2019-12-31": "3332.52400", "2018-12-31": "3635.49800", "2017-12-31": "3588.14100", "2016-12-31": "5310.55000", "2015-12-31": "5301.16300", "2014-12-31": "5273.53600", "2013-12-31": "5177.58900", "2012-12-31": "5362.67100", "2011-12-31": "5666.73300", "2010-12-31": "5429.58600", "2009-12-31": "4641.36800", "2008-12-31": "4964.67800", "2007-12-31": "5007.65700", "2006-12-31": "4439.37300", "2005-12-31": "3797.15300"}, "Research And Development Expenses": {"2019-12-31": "", "2018-12-31": "", "2017-12-31": "", "2016-12-31": "", "2015-12-31": "", "2014-12-31": "", "2013-12-31": "", "2012-12-31": "", "2011-12-31": "", "2010-12-31": "", "2009-12-31": "", "2008-12-31": "", "2007-12-31": "", "2006-12-31": "", "2005-12-31": ""}, "SG&A Expenses": {"2019-12-31": "793.48000", "2018-12-31": "725.60100", "2017-12-31": "687.05400", "2016-12-31": "735.95400", "2015-12-31": "758.98500", "2014-12-31": "815.74500", "2013-12-31": "776.71100", "2012-12-31": "722.04500", "2011-12-31": "637.36500", "2010-12-31": "625.84300", "2009-12-31": "602.61100", "2008-12-31": "544.03500", "2007-12-31": "624.25100", "2006-12-31": "551.54700", "2005-12-31": "456.20600"}, "Other Operating Income Or Expenses": {"2019-12-31": "-29.59200", "2018-12-31": "-50.25300", "2017-12-31": "-515.75800", "2016-12-31": "-1334.13300", "2015-12-31": "-2150.45000", "2014-12-31": "-1555.40500", "2013-12-31": "-1998.67300", "2012-12-31": "-2417.78400", "2011-12-31": "-1188.18200", "2010-12-31": "-1878.95000", "2009-12-31": "-1711.79300", "2008-12-31": "-1364.23300", "2007-12-31": "-1480.59200", "2006-12-31": "-1556.16000", "2005-12-31": "-1368.12600"}, "Operating Expenses": {"2019-12-31": "10928.81000", "2018-12-31": "11473.68000", "2017-12-31": "12823.61000", "2016-12-31": "12893.04000", "2015-12-31": "13797.12000", "2014-12-31": "12818.94000", "2013-12-31": "12556.69000", "2012-12-31": "11922.98000", "2011-12-31": "10145.08000", "2010-12-31": "10699.92000", "2009-12-31": "10277.22000", "2008-12-31": "9561.00700", "2007-12-31": "9516.97200", "2006-12-31": "8601.11400", "2005-12-31": "7279.92700"}, "Operating Income": {"2019-12-31": "1878.87500", "2018-12-31": "2147.62000", "2017-12-31": "1567.76500", "2016-12-31": "2319.26100", "2015-12-31": "1428.37000", "2014-12-31": "1824.44900", "2013-12-31": "1348.17900", "2012-12-31": "1258.35700", "2011-12-31": "2928.98300", "2010-12-31": "1940.82800", "2009-12-31": "1386.93100", "2008-12-31": "2056.18000", "2007-12-31": "1573.40300", "2006-12-31": "1217.37200", "2005-12-31": "1167.24800"}, "Total Non-Operating Income/Expense": {"2019-12-31": "65.05100", "2018-12-31": "41.55400", "2017-12-31": "82.32200", "2016-12-31": "97.34200", "2015-12-31": "-193.17600", "2014-12-31": "-618.70900", "2013-12-31": "-211.26400", "2012-12-31": "-263.44800", "2011-12-31": "-515.84400", "2010-12-31": "-398.62300", "2009-12-31": "-374.09800", "2008-12-31": "-487.37400", "2007-12-31": "-323.25100", "2006-12-31": "-294.35600", "2005-12-31": "-160.15700"}, "Pre-Tax Income": {"2019-12-31": "1943.92700", "2018-12-31": "2189.17500", "2017-12-31": "1650.08700", "2016-12-31": "2416.60300", "2015-12-31": "1235.19600", "2014-12-31": "1205.74200", "2013-12-31": "1136.91500", "2012-12-31": "994.91000", "2011-12-31": "2413.13900", "2010-12-31": "1542.20500", "2009-12-31": "1012.83200", "2008-12-31": "1568.80600", "2007-12-31": "1250.15300", "2006-12-31": "923.01500", "2005-12-31": "1007.09100"}, "Income Taxes": {"2019-12-31": "451.35800", "2018-12-31": "533.68400", "2017-12-31": "-515.32000", "2016-12-31": "865.81800", "2015-12-31": "393.17000", "2014-12-31": "276.84000", "2013-12-31": "299.82600", "2012-12-31": "331.99100", "2011-12-31": "890.76500", "2010-12-31": "557.47300", "2009-12-31": "377.42900", "2008-12-31": "665.85900", "2007-12-31": "494.09900", "2006-12-31": "314.74300", "2005-12-31": "-507.44900"}, "Income After Taxes": {"2019-12-31": "1492.56900", "2018-12-31": "1655.49100", "2017-12-31": "2165.40700", "2016-12-31": "1550.78500", "2015-12-31": "842.02600", "2014-12-31": "928.90200", "2013-12-31": "837.08910", "2012-12-31": "662.91890", "2011-12-31": "1522.37400", "2010-12-31": "984.73190", "2009-12-31": "635.40300", "2008-12-31": "902.94700", "2007-12-31": "756.05400", "2006-12-31": "608.27200", "2005-12-31": "1514.54000"}, "Other Income": {"2019-12-31": "", "2018-12-31": "", "2017-12-31": "", "2016-12-31": "", "2015-12-31": "", "2014-12-31": "", "2013-12-31": "", "2012-12-31": "", "2011-12-31": "", "2010-12-31": "", "2009-12-31": "", "2008-12-31": "", "2007-12-31": "", "2006-12-31": "", "2005-12-31": ""}, "Income From Continuous Operations": {"2019-12-31": "1492.56900", "2018-12-31": "1655.49100", "2017-12-31": "2165.40700", "2016-12-31": "1550.78500", "2015-12-31": "842.02600", "2014-12-31": "928.90200", "2013-12-31": "837.08900", "2012-12-31": "662.91900", "2011-12-31": "1522.37400", "2010-12-31": "984.73190", "2009-12-31": "635.40300", "2008-12-31": "902.94700", "2007-12-31": "756.05400", "2006-12-31": "608.27200", "2005-12-31": "1514.54000"}, "Income From Discontinued Operations": {"2019-12-31": "", "2018-12-31": "", "2017-12-31": "", "2016-12-31": "", "2015-12-31": "", "2014-12-31": "", "2013-12-31": "-47.34300", "2012-12-31": "-37.17900", "2011-12-31": "-6.79600", "2010-12-31": "", "2009-12-31": "", "2008-12-31": "", "2007-12-31": "", "2006-12-31": "", "2005-12-31": ""}, "Net Income": {"2019-12-31": "1399.51200", "2018-12-31": "1575.09100", "2017-12-31": "2098.68900", "2016-12-31": "1497.93900", "2015-12-31": "802.37400", "2014-12-31": "944.69300", "2013-12-31": "807.49200", "2012-12-31": "636.68700", "2011-12-31": "1515.90700", "2010-12-31": "984.72900", "2009-12-31": "635.54500", "2008-12-31": "902.94700", "2007-12-31": "756.05400", "2006-12-31": "608.27200", "2005-12-31": "1514.54000"}, "EBITDA": {"2019-12-31": "2509.45200", "2018-12-31": "2859.64400", "2017-12-31": "2385.32900", "2016-12-31": "3240.46300", "2015-12-31": "2391.72700", "2014-12-31": "2902.38500", "2013-12-31": "2402.20500", "2012-12-31": "2222.84100", "2011-12-31": "3841.18700", "2010-12-31": "2924.79300", "2009-12-31": "2326.96400", "2008-12-31": "3056.41000", "2007-12-31": "2902.81300", "2006-12-31": "2331.66600", "2005-12-31": "1972.82100"}, "EBIT": {"2019-12-31": "1878.87500", "2018-12-31": "2147.62000", "2017-12-31": "1567.76500", "2016-12-31": "2319.26100", "2015-12-31": "1428.37000", "2014-12-31": "1824.44900", "2013-12-31": "1348.17900", "2012-12-31": "1258.35700", "2011-12-31": "2928.98300", "2010-12-31": "1940.82800", "2009-12-31": "1386.93100", "2008-12-31": "2056.18000", "2007-12-31": "1573.40300", "2006-12-31": "1217.37200", "2005-12-31": "1167.24800"}, "Basic Shares Outstanding": {"2019-12-31": "479.65700", "2018-12-31": "467.35000", "2017-12-31": "466.02100", "2016-12-31": "464.80700", "2015-12-31": "462.99500", "2014-12-31": "460.12600", "2013-12-31": "456.04400", "2012-12-31": "450.26400", "2011-12-31": "445.43400", "2010-12-31": "445.86500", "2009-12-31": "446.87400", "2008-12-31": "448.78600", "2007-12-31": "447.30200", "2006-12-31": "444.74300", "2005-12-31": "452.11800"}, "Shares Outstanding": {"2019-12-31": "537.96400", "2018-12-31": "525.83200", "2017-12-31": "522.59600", "2016-12-31": "484.16200", "2015-12-31": "464.69700", "2014-12-31": "462.92700", "2013-12-31": "459.16600", "2012-12-31": "452.89900", "2011-12-31": "446.86500", "2010-12-31": "446.59700", "2009-12-31": "448.59600", "2008-12-31": "460.22600", "2007-12-31": "456.83400", "2006-12-31": "452.68500", "2005-12-31": "484.13100"}, "Basic EPS": {"2019-12-31": "2.92000", "2018-12-31": "3.37000", "2017-12-31": "4.50000", "2016-12-31": "3.22000", "2015-12-31": "1.73000", "2014-12-31": "2.05000", "2013-12-31": "1.77000", "2012-12-31": "1.41000", "2011-12-31": "3.40000", "2010-12-31": "2.21000", "2009-12-31": "1.42000", "2008-12-31": "2.01000", "2007-12-31": "1.69000", "2006-12-31": "1.37000", "2005-12-31": "3.35000"}, "EPS - Earnings Per Share": {"2019-12-31": "2.60000", "2018-12-31": "3.00000", "2017-12-31": "4.07000", "2016-12-31": "3.15000", "2015-12-31": "1.73000", "2014-12-31": "2.04000", "2013-12-31": "1.76000", "2012-12-31": "1.41000", "2011-12-31": "3.39000", "2010-12-31": "2.20000", "2009-12-31": "1.42000", "2008-12-31": "1.98000", "2007-12-31": "1.68000", "2006-12-31": "1.37000", "2005-12-31": "3.22000"}}, "income statement, quarterly": {"Revenue": {"2020-09-30": "4531.59100", "2020-06-30": "3187.09000", "2020-03-31": "3217.38900", "2019-12-31": "3240.86400", "2019-09-30": "3168.36300", "2019-06-30": "3211.31200", "2019-03-31": "3187.14400", "2018-12-31": "3306.82800", "2018-09-30": "3395.14100", "2018-06-30": "3460.84500", "2018-03-31": "3458.48700", "2017-12-31": "3483.92800", "2017-09-30": "3583.45400", "2017-06-30": "3643.63200", "2017-03-31": "3680.36100", "2016-12-31": "3752.76500", "2016-09-30": "3767.47200", "2016-06-30": "3864.59100", "2016-03-31": "3827.47400", "2015-12-31": "3935.27500", "2015-09-30": "3733.56500", "2015-06-30": "3832.42500", "2015-03-31": "3724.22800", "2014-12-31": "3681.71800", "2014-09-30": "3679.35100", "2014-06-30": "3688.11900", "2014-03-31": "3594.19800", "2013-12-31": "3538.54000", "2013-09-30": "3505.02100", "2013-06-30": "3485.77400", "2013-03-31": "3375.53000", "2012-12-31": "2504.35200", "2012-09-30": "3523.34700", "2012-06-30": "3571.76600", "2012-03-31": "3581.86900", "2011-12-31": "2657.12000", "2011-09-30": "3602.65100", "2011-06-30": "3590.16100", "2011-03-31": "3224.13100", "2010-12-31": "3206.57900", "2010-09-30": "3207.72800", "2010-06-30": "3169.04200", "2010-03-31": "3057.39500", "2009-12-31": "2962.98200", "2009-09-30": "2892.14700", "2009-06-30": "2903.70100", "2009-03-31": "2905.32100", "2008-12-31": "2921.02100", "2008-09-30": "2936.78100", "2008-06-30": "2914.99000", "2008-03-31": "2844.39400", "2007-12-31": "2891.05500", "2007-09-30": "2794.32700", "2007-06-30": "2760.00800", "2007-03-31": "2644.98500", "2006-12-31": "2577.64900", "2006-09-30": "2475.29100", "2006-06-30": "2466.15500", "2006-03-31": "2299.39100", "2005-12-31": "2199.46800", "2005-09-30": "2128.22100", "2005-06-30": "2095.48600", "2005-03-31": "2024.00000"}, "Cost Of Goods Sold": {"2020-09-30": "3004.61200", "2020-06-30": "1985.46800", "2020-03-31": "2086.11700", "2019-12-31": "2996.37700", "2019-09-30": "2097.33100", "2019-06-30": "2190.04200", "2019-03-31": "2191.40900", "2018-12-31": "2957.08100", "2018-09-30": "2300.97600", "2018-06-30": "2341.59600", "2018-03-31": "2386.15100", "2017-12-31": "3486.67700", "2017-09-30": "2419.31400", "2017-06-30": "2428.89100", "2017-03-31": "2468.35300", "2016-12-31": "2488.15500", "2016-09-30": "2427.44100", "2016-06-30": "2491.53400", "2016-03-31": "2494.62200", "2015-12-31": "2448.24600", "2015-09-30": "2448.47900", "2015-06-30": "2585.62600", "2015-03-31": "2441.97900", "2014-12-31": "2343.10000", "2014-09-30": "2396.66100", "2014-06-30": "2383.66800", "2014-03-31": "2246.42100", "2013-12-31": "2300.01400", "2013-09-30": "2143.84600", "2013-06-30": "2149.35500", "2013-03-31": "2134.06100", "2012-12-31": "1678.94700", "2012-09-30": "2044.68300", "2012-06-30": "2069.98600", "2012-03-31": "2025.04700", "2011-12-31": "1471.19100", "2011-09-30": "2040.23100", "2011-06-30": "2006.40700", "2011-03-31": "1889.50100", "2010-12-31": "1714.73200", "2010-09-30": "1874.39000", "2010-06-30": "1827.40400", "2010-03-31": "1794.63100", "2009-12-31": "1797.20700", "2009-09-30": "1796.21400", "2009-06-30": "1726.87200", "2009-03-31": "1702.49100", "2008-12-31": "1746.07300", "2008-09-30": "1741.36500", "2008-06-30": "1571.91200", "2008-03-31": "1593.15900", "2007-12-31": "1610.61100", "2007-09-30": "1527.18300", "2007-06-30": "1490.65400", "2007-03-31": "1454.27000", "2006-12-31": "1417.39400", "2006-09-30": "1356.02900", "2006-06-30": "1356.42300", "2006-03-31": "1249.26800", "2005-12-31": "1218.53900", "2005-09-30": "1128.92700", "2005-06-30": "1148.29800", "2005-03-31": "1154.25800"}, "Gross Profit": {"2020-09-30": "1526.97900", "2020-06-30": "1201.62200", "2020-03-31": "1131.27200", "2019-12-31": "244.48730", "2019-09-30": "1071.03200", "2019-06-30": "1021.27000", "2019-03-31": "995.73490", "2018-12-31": "349.74780", "2018-09-30": "1094.16500", "2018-06-30": "1119.24900", "2018-03-31": "1072.33600", "2017-12-31": "-2.74850", "2017-09-30": "1164.14000", "2017-06-30": "1214.74100", "2017-03-31": "1212.00800", "2016-12-31": "1264.61000", "2016-09-30": "1340.03100", "2016-06-30": "1373.05700", "2016-03-31": "1332.85200", "2015-12-31": "1487.02900", "2015-09-30": "1285.08600", "2015-06-30": "1246.79900", "2015-03-31": "1282.24900", "2014-12-31": "1338.61800", "2014-09-30": "1282.69000", "2014-06-30": "1304.45100", "2014-03-31": "1347.77700", "2013-12-31": "1238.52600", "2013-09-30": "1361.17500", "2013-06-30": "1336.41900", "2013-03-31": "1241.46900", "2012-12-31": "825.40530", "2012-09-30": "1478.66400", "2012-06-30": "1501.78000", "2012-03-31": "1556.82200", "2011-12-31": "1185.92900", "2011-09-30": "1562.42000", "2011-06-30": "1583.75400", "2011-03-31": "1334.63000", "2010-12-31": "1491.84600", "2010-09-30": "1333.33800", "2010-06-30": "1341.63800", "2010-03-31": "1262.76400", "2009-12-31": "1165.77500", "2009-09-30": "1095.93300", "2009-06-30": "1176.82900", "2009-03-31": "1202.83000", "2008-12-31": "1174.94800", "2008-09-30": "1195.41600", "2008-06-30": "1343.07800", "2008-03-31": "1251.23500", "2007-12-31": "1280.44400", "2007-09-30": "1267.14400", "2007-06-30": "1269.35400", "2007-03-31": "1190.71500", "2006-12-31": "1160.25500", "2006-09-30": "1119.26200", "2006-06-30": "1109.73200", "2006-03-31": "1050.12300", "2005-12-31": "980.92880", "2005-09-30": "999.29390", "2005-06-30": "947.18810", "2005-03-31": "869.74210"}, "Research And Development Expenses": {"2020-09-30": "", "2020-06-30": "", "2020-03-31": "", "2019-12-31": "", "2019-09-30": "", "2019-06-30": "", "2019-03-31": "", "2018-12-31": "", "2018-09-30": "", "2018-06-30": "", "2018-03-31": "", "2017-12-31": "", "2017-09-30": "", "2017-06-30": "", "2017-03-31": "", "2016-12-31": "", "2016-09-30": "", "2016-06-30": "", "2016-03-31": "", "2015-12-31": "", "2015-09-30": "", "2015-06-30": "", "2015-03-31": "", "2014-12-31": "", "2014-09-30": "", "2014-06-30": "", "2014-03-31": "", "2013-12-31": "", "2013-09-30": "", "2013-06-30": "", "2013-03-31": "", "2012-12-31": "", "2012-09-30": "", "2012-06-30": "", "2012-03-31": "", "2011-12-31": "", "2011-09-30": "", "2011-06-30": "", "2011-03-31": "", "2010-12-31": "", "2010-09-30": "", "2010-06-30": "", "2010-03-31": "", "2009-12-31": "", "2009-09-30": "", "2009-06-30": "", "2009-03-31": "", "2008-12-31": "", "2008-09-30": "", "2008-06-30": "", "2008-03-31": "", "2007-12-31": "", "2007-09-30": "", "2007-06-30": "", "2007-03-31": "", "2006-12-31": "", "2006-09-30": "", "2006-06-30": "", "2006-03-31": "", "2005-12-31": "", "2005-09-30": "", "2005-06-30": "", "2005-03-31": ""}, "SG&A Expenses": {"2020-09-30": "516.64800", "2020-06-30": "212.12400", "2020-03-31": "218.97200", "2019-12-31": "-56.15100", "2019-09-30": "447.95900", "2019-06-30": "202.75800", "2019-03-31": "198.91400", "2018-12-31": "195.90000", "2018-09-30": "169.29900", "2018-06-30": "190.62500", "2018-03-31": "169.77700", "2017-12-31": "189.25300", "2017-09-30": "186.95400", "2017-06-30": "179.81200", "2017-03-31": "131.03500", "2016-12-31": "162.10090", "2016-09-30": "190.70700", "2016-06-30": "182.14500", "2016-03-31": "201.00100", "2015-12-31": "196.85700", "2015-09-30": "186.65400", "2015-06-30": "176.06600", "2015-03-31": "199.40800", "2014-12-31": "226.59600", "2014-09-30": "196.37600", "2014-06-30": "189.66000", "2014-03-31": "203.11300", "2013-12-31": "209.81500", "2013-09-30": "191.42700", "2013-06-30": "202.20000", "2013-03-31": "173.26900", "2012-12-31": "-312.16100", "2012-09-30": "330.36400", "2012-06-30": "327.66700", "2012-03-31": "376.17500", "2011-12-31": "-232.30100", "2011-09-30": "382.62000", "2011-06-30": "325.26200", "2011-03-31": "161.78400", "2010-12-31": "164.58200", "2010-09-30": "155.42500", "2010-06-30": "155.01600", "2010-03-31": "150.82000", "2009-12-31": "152.17700", "2009-09-30": "157.64800", "2009-06-30": "155.87900", "2009-03-31": "136.90700", "2008-12-31": "131.93200", "2008-09-30": "147.58200", "2008-06-30": "134.99100", "2008-03-31": "129.53000", "2007-12-31": "172.64000", "2007-09-30": "151.40900", "2007-06-30": "142.91500", "2007-03-31": "157.28700", "2006-12-31": "142.91600", "2006-09-30": "135.36600", "2006-06-30": "143.81800", "2006-03-31": "129.44700", "2005-12-31": "113.89200", "2005-09-30": "116.25000", "2005-06-30": "113.24100", "2005-03-31": "112.82300"}, "Other Operating Income Or Expenses": {"2020-09-30": "", "2020-06-30": "-199.72400", "2020-03-31": "-601.40200", "2019-12-31": "395.86800", "2019-09-30": "", "2019-06-30": "-238.07800", "2019-03-31": "-187.38200", "2018-12-31": "499.96800", "2018-09-30": "-186.87800", "2018-06-30": "-183.26200", "2018-03-31": "-180.08100", "2017-12-31": "643.23110", "2017-09-30": "-318.81100", "2017-06-30": "-571.15500", "2017-03-31": "-269.02300", "2016-12-31": "-299.55710", "2016-09-30": "-402.66400", "2016-06-30": "-311.04500", "2016-03-31": "-320.86700", "2015-12-31": "-1119.30900", "2015-09-30": "-404.51500", "2015-06-30": "-273.86000", "2015-03-31": "-352.76600", "2014-12-31": "-290.19200", "2014-09-30": "-427.91500", "2014-06-30": "-388.15200", "2014-03-31": "-449.14600", "2013-12-31": "-311.57600", "2013-09-30": "-496.31800", "2013-06-30": "-804.36600", "2013-03-31": "-386.41300", "2012-12-31": "-425.67810", "2012-09-30": "-1185.92600", "2012-06-30": "-406.64200", "2012-03-31": "-399.53800", "2011-12-31": "-598.91000", "2011-09-30": "-325.81500", "2011-06-30": "-303.66100", "2011-03-31": "40.20400", "2010-12-31": "-586.88390", "2010-09-30": "-480.39700", "2010-06-30": "-396.36600", "2010-03-31": "-415.30300", "2009-12-31": "-415.60790", "2009-09-30": "-515.22700", "2009-06-30": "-512.89100", "2009-03-31": "-268.06700", "2008-12-31": "-296.58400", "2008-09-30": "-384.34800", "2008-06-30": "-339.13200", "2008-03-31": "-344.16900", "2007-12-31": "-391.55700", "2007-09-30": "-375.07100", "2007-06-30": "-340.85300", "2007-03-31": "-373.11100", "2006-12-31": "-409.23410", "2006-09-30": "-405.63500", "2006-06-30": "-341.38200", "2006-03-31": "-399.90900", "2005-12-31": "-382.16600", "2005-09-30": "-378.92400", "2005-06-30": "-309.43200", "2005-03-31": "-297.60400"}, "Operating Expenses": {"2020-09-30": "3720.34300", "2020-06-30": "2549.44000", "2020-03-31": "3073.31100", "2019-12-31": "2717.91400", "2019-09-30": "2699.47100", "2019-06-30": "2780.58000", "2019-03-31": "2730.84400", "2018-12-31": "2824.07900", "2018-09-30": "2832.43800", "2018-06-30": "2888.18500", "2018-03-31": "2928.98100", "2017-12-31": "3224.63700", "2017-09-30": "3134.40300", "2017-06-30": "3391.52900", "2017-03-31": "3073.04100", "2016-12-31": "3179.86500", "2016-09-30": "3244.81000", "2016-06-30": "3224.30900", "2016-03-31": "3244.05600", "2015-12-31": "3966.47400", "2015-09-30": "3291.84500", "2015-06-30": "3298.43800", "2015-03-31": "3240.36500", "2014-12-31": "3146.82100", "2014-09-30": "3290.84200", "2014-06-30": "3233.37500", "2014-03-31": "3147.90000", "2013-12-31": "3087.58300", "2013-09-30": "3084.62700", "2013-06-30": "3460.56300", "2013-03-31": "2923.91300", "2012-12-31": "2013.72900", "2012-09-30": "3796.37600", "2012-06-30": "3103.41400", "2012-03-31": "3009.45800", "2011-12-31": "2054.11200", "2011-09-30": "2977.81200", "2011-06-30": "2872.37900", "2011-03-31": "2240.77800", "2010-12-31": "2703.19600", "2010-09-30": "2753.07100", "2010-06-30": "2643.23200", "2010-03-31": "2600.41600", "2009-12-31": "2608.03700", "2009-09-30": "2697.48400", "2009-06-30": "2640.94200", "2009-03-31": "2330.75800", "2008-12-31": "2408.55800", "2008-09-30": "2518.94100", "2008-06-30": "2294.28200", "2008-03-31": "2339.22600", "2007-12-31": "2496.01800", "2007-09-30": "2397.81300", "2007-06-30": "2318.35400", "2007-03-31": "2304.78700", "2006-12-31": "2265.92400", "2006-09-30": "2193.48100", "2006-06-30": "2116.51400", "2006-03-31": "2025.19500", "2005-12-31": "1947.73200", "2005-09-30": "1836.33700", "2005-06-30": "1762.09200", "2005-03-31": "1733.76600"}, "Operating Income": {"2020-09-30": "811.24780", "2020-06-30": "637.65010", "2020-03-31": "144.07790", "2019-12-31": "522.95070", "2019-09-30": "468.89210", "2019-06-30": "430.73190", "2019-03-31": "456.29980", "2018-12-31": "482.74980", "2018-09-30": "562.70310", "2018-06-30": "572.66020", "2018-03-31": "529.50610", "2017-12-31": "259.29050", "2017-09-30": "449.05100", "2017-06-30": "252.10330", "2017-03-31": "607.32030", "2016-12-31": "572.89970", "2016-09-30": "522.66190", "2016-06-30": "640.28200", "2016-03-31": "583.41820", "2015-12-31": "-31.19920", "2015-09-30": "441.71970", "2015-06-30": "533.98710", "2015-03-31": "483.86280", "2014-12-31": "534.89750", "2014-09-30": "388.50930", "2014-06-30": "454.74370", "2014-03-31": "446.29790", "2013-12-31": "450.95650", "2013-09-30": "420.39400", "2013-06-30": "25.21090", "2013-03-31": "451.61670", "2012-12-31": "490.62380", "2012-09-30": "-273.02910", "2012-06-30": "468.35210", "2012-03-31": "572.41090", "2011-12-31": "603.00830", "2011-09-30": "624.83890", "2011-06-30": "717.78200", "2011-03-31": "983.35350", "2010-12-31": "503.38230", "2010-09-30": "454.65700", "2010-06-30": "525.80980", "2010-03-31": "456.97900", "2009-12-31": "354.94510", "2009-09-30": "194.66280", "2009-06-30": "262.75900", "2009-03-31": "574.56320", "2008-12-31": "512.46290", "2008-09-30": "417.84010", "2008-06-30": "620.70800", "2008-03-31": "505.16800", "2007-12-31": "395.03740", "2007-09-30": "396.51390", "2007-06-30": "441.65410", "2007-03-31": "340.19800", "2006-12-31": "311.72490", "2006-09-30": "281.81010", "2006-06-30": "349.64110", "2006-03-31": "274.19600", "2005-12-31": "251.73560", "2005-09-30": "291.88400", "2005-06-30": "333.39420", "2005-03-31": "290.23410"}, "Total Non-Operating Income/Expense": {"2020-09-30": "-4.77500", "2020-06-30": "-5.90000", "2020-03-31": "0.20200", "2019-12-31": "6.58100", "2019-09-30": "24.47800", "2019-06-30": "15.65800", "2019-03-31": "18.33400", "2018-12-31": "10.23100", "2018-09-30": "30.58500", "2018-06-30": "29.18600", "2018-03-31": "-28.44800", "2017-12-31": "59.97900", "2017-09-30": "43.13100", "2017-06-30": "-10.65500", "2017-03-31": "-10.13300", "2016-12-31": "-15.84400", "2016-09-30": "-7.93500", "2016-06-30": "50.95500", "2016-03-31": "70.16600", "2015-12-31": "-41.21000", "2015-09-30": "-110.77900", "2015-06-30": "-13.65700", "2015-03-31": "-27.53000", "2014-12-31": "-140.58200", "2014-09-30": "-185.38500", "2014-06-30": "-125.72300", "2014-03-31": "-167.01900", "2013-12-31": "14.91800", "2013-09-30": "-38.93000", "2013-06-30": "-74.28800", "2013-03-31": "-112.96400", "2012-12-31": "-106.57800", "2012-09-30": "-39.68300", "2012-06-30": "-96.54500", "2012-03-31": "-20.64200", "2011-12-31": "-132.05100", "2011-09-30": "-126.77600", "2011-06-30": "-154.75700", "2011-03-31": "-102.26000", "2010-12-31": "-103.97700", "2010-09-30": "-80.02700", "2010-06-30": "-112.10400", "2010-03-31": "-102.51500", "2009-12-31": "-81.73700", "2009-09-30": "-93.18100", "2009-06-30": "-124.20400", "2009-03-31": "-74.97600", "2008-12-31": "-122.02800", "2008-09-30": "-191.24800", "2008-06-30": "-91.35900", "2008-03-31": "-82.73900", "2007-12-31": "-85.65600", "2007-09-30": "-65.30100", "2007-06-30": "-84.39000", "2007-03-31": "-87.90400", "2006-12-31": "-81.71300", "2006-09-30": "-77.55000", "2006-06-30": "-91.71500", "2006-03-31": "-43.37800", "2005-12-31": "-87.18000", "2005-09-30": "-74.01200", "2005-06-30": "-52.57200", "2005-03-31": "53.60700"}, "Pre-Tax Income": {"2020-09-30": "806.47300", "2020-06-30": "631.75000", "2020-03-31": "144.28000", "2019-12-31": "529.53300", "2019-09-30": "493.37000", "2019-06-30": "446.39000", "2019-03-31": "474.63400", "2018-12-31": "492.98290", "2018-09-30": "593.28800", "2018-06-30": "601.84600", "2018-03-31": "501.05800", "2017-12-31": "319.27000", "2017-09-30": "492.18200", "2017-06-30": "241.44800", "2017-03-31": "597.18700", "2016-12-31": "557.05490", "2016-09-30": "514.72700", "2016-06-30": "691.23700", "2016-03-31": "653.58400", "2015-12-31": "-72.40800", "2015-09-30": "330.94100", "2015-06-30": "520.33000", "2015-03-31": "456.33300", "2014-12-31": "394.31790", "2014-09-30": "203.12400", "2014-06-30": "329.02100", "2014-03-31": "279.27900", "2013-12-31": "465.87510", "2013-09-30": "381.46400", "2013-06-30": "-49.07700", "2013-03-31": "338.65300", "2012-12-31": "384.04600", "2012-09-30": "-312.71200", "2012-06-30": "371.80700", "2012-03-31": "551.76900", "2011-12-31": "470.95790", "2011-09-30": "498.06300", "2011-06-30": "563.02500", "2011-03-31": "881.09300", "2010-12-31": "399.40500", "2010-09-30": "374.63000", "2010-06-30": "413.70600", "2010-03-31": "354.46400", "2009-12-31": "273.20800", "2009-09-30": "101.48200", "2009-06-30": "138.55500", "2009-03-31": "499.58700", "2008-12-31": "390.43600", "2008-09-30": "226.59200", "2008-06-30": "529.34900", "2008-03-31": "422.42900", "2007-12-31": "309.38190", "2007-09-30": "331.21300", "2007-06-30": "357.26400", "2007-03-31": "252.29400", "2006-12-31": "230.01100", "2006-09-30": "204.26000", "2006-06-30": "257.92600", "2006-03-31": "230.81800", "2005-12-31": "164.55600", "2005-09-30": "217.87200", "2005-06-30": "280.82200", "2005-03-31": "343.84100"}, "Income Taxes": {"2020-09-30": "273.51400", "2020-06-30": "151.34400", "2020-03-31": "45.00600", "2019-12-31": "115.98600", "2019-09-30": "116.21300", "2019-06-30": "105.82400", "2019-03-31": "113.33500", "2018-12-31": "135.69700", "2018-09-30": "140.69000", "2018-06-30": "141.56000", "2018-03-31": "115.73700", "2017-12-31": "-1082.03500", "2017-09-30": "176.91700", "2017-06-30": "182.68600", "2017-03-31": "207.11200", "2016-12-31": "189.25100", "2016-09-30": "181.75200", "2016-06-30": "253.17500", "2016-03-31": "241.64000", "2015-12-31": "-26.24600", "2015-09-30": "128.33100", "2015-06-30": "188.00400", "2015-03-31": "103.08100", "2014-12-31": "-13.60300", "2014-09-30": "60.08900", "2014-06-30": "121.89200", "2014-03-31": "108.46200", "2013-12-31": "175.62400", "2013-09-30": "38.14000", "2013-06-30": "-40.35700", "2013-03-31": "126.41900", "2012-12-31": "143.52000", "2012-09-30": "-149.38300", "2012-06-30": "146.21100", "2012-03-31": "191.64300", "2011-12-31": "151.72600", "2011-09-30": "179.08500", "2011-06-30": "228.18700", "2011-03-31": "331.76700", "2010-12-31": "147.55000", "2010-09-30": "129.65200", "2010-06-30": "156.72200", "2010-03-31": "123.54900", "2009-12-31": "94.40200", "2009-09-30": "20.98900", "2009-06-30": "75.13500", "2009-03-31": "186.90300", "2008-12-31": "173.85200", "2008-09-30": "134.69700", "2008-06-30": "193.46400", "2008-03-31": "163.84600", "2007-12-31": "134.34700", "2007-09-30": "131.53300", "2007-06-30": "133.06500", "2007-03-31": "95.15400", "2006-12-31": "77.41500", "2006-09-30": "64.64400", "2006-06-30": "89.14700", "2006-03-31": "83.53700", "2005-12-31": "31.93100", "2005-09-30": "9.00800", "2005-06-30": "-574.70500", "2005-03-31": "26.31700"}, "Income After Taxes": {"2020-09-30": "532.95900", "2020-06-30": "480.40600", "2020-03-31": "99.27400", "2019-12-31": "413.54690", "2019-09-30": "377.15700", "2019-06-30": "340.56600", "2019-03-31": "361.29900", "2018-12-31": "357.28590", "2018-09-30": "452.59800", "2018-06-30": "460.28600", "2018-03-31": "385.32100", "2017-12-31": "1401.30500", "2017-09-30": "315.26500", "2017-06-30": "58.76200", "2017-03-31": "390.07500", "2016-12-31": "367.80410", "2016-09-30": "332.97500", "2016-06-30": "438.06200", "2016-03-31": "411.94400", "2015-12-31": "-46.16200", "2015-09-30": "202.61000", "2015-06-30": "332.32600", "2015-03-31": "353.25200", "2014-12-31": "407.92110", "2014-09-30": "143.03500", "2014-06-30": "207.12900", "2014-03-31": "170.81700", "2013-12-31": "290.25110", "2013-09-30": "343.32400", "2013-06-30": "-8.72000", "2013-03-31": "212.23400", "2012-12-31": "240.52590", "2012-09-30": "-163.32900", "2012-06-30": "225.59600", "2012-03-31": "360.12600", "2011-12-31": "319.23190", "2011-09-30": "318.97800", "2011-06-30": "334.83800", "2011-03-31": "549.32600", "2010-12-31": "251.85490", "2010-09-30": "244.97800", "2010-06-30": "256.98400", "2010-03-31": "230.91500", "2009-12-31": "178.80600", "2009-09-30": "80.49300", "2009-06-30": "63.42000", "2009-03-31": "312.68400", "2008-12-31": "216.58400", "2008-09-30": "91.89500", "2008-06-30": "335.88500", "2008-03-31": "258.58300", "2007-12-31": "175.03490", "2007-09-30": "199.68000", "2007-06-30": "224.19900", "2007-03-31": "157.14000", "2006-12-31": "152.59600", "2006-09-30": "139.61600", "2006-06-30": "168.77900", "2006-03-31": "147.28100", "2005-12-31": "132.62500", "2005-09-30": "208.86400", "2005-06-30": "855.52700", "2005-03-31": "317.52400"}, "Other Income": {"2020-09-30": "", "2020-06-30": "", "2020-03-31": "", "2019-12-31": "", "2019-09-30": "", "2019-06-30": "", "2019-03-31": "", "2018-12-31": "", "2018-09-30": "", "2018-06-30": "", "2018-03-31": "", "2017-12-31": "", "2017-09-30": "", "2017-06-30": "", "2017-03-31": "", "2016-12-31": "", "2016-09-30": "", "2016-06-30": "", "2016-03-31": "", "2015-12-31": "", "2015-09-30": "", "2015-06-30": "", "2015-03-31": "", "2014-12-31": "", "2014-09-30": "", "2014-06-30": "", "2014-03-31": "", "2013-12-31": "", "2013-09-30": "", "2013-06-30": "", "2013-03-31": "", "2012-12-31": "", "2012-09-30": "", "2012-06-30": "", "2012-03-31": "", "2011-12-31": "", "2011-09-30": "", "2011-06-30": "", "2011-03-31": "", "2010-12-31": "", "2010-09-30": "", "2010-06-30": "", "2010-03-31": "", "2009-12-31": "", "2009-09-30": "", "2009-06-30": "", "2009-03-31": "", "2008-12-31": "", "2008-09-30": "", "2008-06-30": "", "2008-03-31": "", "2007-12-31": "", "2007-09-30": "", "2007-06-30": "", "2007-03-31": "", "2006-12-31": "", "2006-09-30": "", "2006-06-30": "", "2006-03-31": "", "2005-12-31": "", "2005-09-30": "", "2005-06-30": "", "2005-03-31": ""}, "Income From Continuous Operations": {"2020-09-30": "532.95900", "2020-06-30": "480.40600", "2020-03-31": "99.27400", "2019-12-31": "413.54690", "2019-09-30": "377.15700", "2019-06-30": "340.56600", "2019-03-31": "361.29900", "2018-12-31": "357.28590", "2018-09-30": "452.59800", "2018-06-30": "460.28600", "2018-03-31": "385.32100", "2017-12-31": "1401.30500", "2017-09-30": "315.26500", "2017-06-30": "58.76200", "2017-03-31": "390.07500", "2016-12-31": "367.80410", "2016-09-30": "332.97500", "2016-06-30": "438.06200", "2016-03-31": "411.94400", "2015-12-31": "-46.16200", "2015-09-30": "202.61000", "2015-06-30": "332.32600", "2015-03-31": "353.25200", "2014-12-31": "407.92110", "2014-09-30": "143.03500", "2014-06-30": "207.12900", "2014-03-31": "170.81700", "2013-12-31": "290.25100", "2013-09-30": "343.32400", "2013-06-30": "-8.72000", "2013-03-31": "212.23400", "2012-12-31": "240.52610", "2012-09-30": "-163.32900", "2012-06-30": "225.59600", "2012-03-31": "360.12600", "2011-12-31": "319.23190", "2011-09-30": "318.97800", "2011-06-30": "334.83800", "2011-03-31": "549.32600", "2010-12-31": "251.85490", "2010-09-30": "244.97800", "2010-06-30": "256.98400", "2010-03-31": "230.91500", "2009-12-31": "178.80600", "2009-09-30": "80.49300", "2009-06-30": "63.42000", "2009-03-31": "312.68400", "2008-12-31": "216.58400", "2008-09-30": "91.89500", "2008-06-30": "335.88500", "2008-03-31": "258.58300", "2007-12-31": "175.03490", "2007-09-30": "199.68000", "2007-06-30": "224.19900", "2007-03-31": "157.14000", "2006-12-31": "152.59600", "2006-09-30": "139.61600", "2006-06-30": "168.77900", "2006-03-31": "147.28100", "2005-12-31": "132.62500", "2005-09-30": "208.86400", "2005-06-30": "855.52700", "2005-03-31": "317.52400"}, "Income From Discontinued Operations": {"2020-09-30": "", "2020-06-30": "", "2020-03-31": "", "2019-12-31": "", "2019-09-30": "", "2019-06-30": "", "2019-03-31": "", "2018-12-31": "", "2018-09-30": "", "2018-06-30": "", "2018-03-31": "", "2017-12-31": "", "2017-09-30": "", "2017-06-30": "", "2017-03-31": "", "2016-12-31": "", "2016-09-30": "", "2016-06-30": "", "2016-03-31": "", "2015-12-31": "", "2015-09-30": "", "2015-06-30": "", "2015-03-31": "", "2014-12-31": "", "2014-09-30": "", "2014-06-30": "", "2014-03-31": "", "2013-12-31": "-7.09700", "2013-09-30": "-32.33400", "2013-06-30": "-6.35400", "2013-03-31": "-1.55800", "2012-12-31": "", "2012-09-30": "", "2012-06-30": "", "2012-03-31": "", "2011-12-31": "", "2011-09-30": "", "2011-06-30": "", "2011-03-31": "", "2010-12-31": "", "2010-09-30": "", "2010-06-30": "", "2010-03-31": "", "2009-12-31": "", "2009-09-30": "", "2009-06-30": "", "2009-03-31": "", "2008-12-31": "", "2008-09-30": "", "2008-06-30": "", "2008-03-31": "", "2007-12-31": "", "2007-09-30": "", "2007-06-30": "", "2007-03-31": "", "2006-12-31": "", "2006-09-30": "", "2006-06-30": "", "2006-03-31": "", "2005-12-31": "", "2005-09-30": "", "2005-06-30": "", "2005-03-31": ""}, "Net Income": {"2020-09-30": "504.59900", "2020-06-30": "452.34300", "2020-03-31": "73.09900", "2019-12-31": "389.40410", "2019-09-30": "353.30400", "2019-06-30": "317.04300", "2019-03-31": "339.76100", "2018-12-31": "337.07990", "2018-09-30": "431.73400", "2018-06-30": "438.71700", "2018-03-31": "367.56000", "2017-12-31": "1385.48300", "2017-09-30": "297.37500", "2017-06-30": "40.11600", "2017-03-31": "375.71500", "2016-12-31": "355.49290", "2016-09-30": "318.45200", "2016-06-30": "424.10300", "2016-03-31": "399.89100", "2015-12-31": "-70.01300", "2015-09-30": "196.47900", "2015-06-30": "324.42300", "2015-03-31": "351.48500", "2014-12-31": "409.93000", "2014-09-30": "145.51900", "2014-06-30": "213.31300", "2014-03-31": "175.93100", "2013-12-31": "288.03800", "2013-09-30": "314.90800", "2013-06-30": "-11.05200", "2013-03-31": "215.59800", "2012-12-31": "209.10600", "2012-09-30": "-158.46100", "2012-06-30": "225.73200", "2012-03-31": "360.31000", "2011-12-31": "312.65400", "2011-09-30": "319.09900", "2011-06-30": "334.76000", "2011-03-31": "549.39400", "2010-12-31": "251.82800", "2010-09-30": "244.96400", "2010-06-30": "256.99000", "2010-03-31": "230.94700", "2009-12-31": "178.87900", "2009-09-30": "80.56200", "2009-06-30": "63.42000", "2009-03-31": "312.68400", "2008-12-31": "216.58400", "2008-09-30": "91.89500", "2008-06-30": "335.88500", "2008-03-31": "258.58300", "2007-12-31": "175.03500", "2007-09-30": "199.68000", "2007-06-30": "224.19900", "2007-03-31": "157.14000", "2006-12-31": "152.59590", "2006-09-30": "139.61600", "2006-06-30": "168.77900", "2006-03-31": "147.28100", "2005-12-31": "132.62510", "2005-09-30": "208.86400", "2005-06-30": "855.52700", "2005-03-31": "317.52400"}, "EBITDA": {"2020-09-30": "1010.33100", "2020-06-30": "789.77420", "2020-03-31": "310.89790", "2019-12-31": "696.50570", "2019-09-30": "623.07310", "2019-06-30": "580.43400", "2019-03-31": "609.43880", "2018-12-31": "653.81480", "2018-09-30": "737.98810", "2018-06-30": "745.36220", "2018-03-31": "722.47810", "2017-12-31": "451.22960", "2017-09-30": "658.37500", "2017-06-30": "463.77430", "2017-03-31": "811.95030", "2016-12-31": "802.95270", "2016-09-30": "746.65990", "2016-06-30": "879.86700", "2016-03-31": "810.98420", "2015-12-31": "170.86280", "2015-09-30": "693.91670", "2015-06-30": "796.87300", "2015-03-31": "730.07480", "2014-12-31": "821.82850", "2014-09-30": "658.39930", "2014-06-30": "726.63870", "2014-03-31": "695.51780", "2013-12-31": "717.13450", "2013-09-30": "673.43010", "2013-06-30": "329.85300", "2013-03-31": "681.78670", "2012-12-31": "711.88780", "2012-09-30": "-37.62610", "2012-06-30": "767.47110", "2012-03-31": "781.10890", "2011-12-31": "819.31930", "2011-09-30": "853.98490", "2011-06-30": "954.83100", "2011-03-31": "1213.05100", "2010-12-31": "740.38040", "2010-09-30": "697.51600", "2010-06-30": "790.25580", "2010-03-31": "696.64100", "2009-12-31": "597.99010", "2009-09-30": "423.05780", "2009-06-30": "508.05900", "2009-03-31": "797.85620", "2008-12-31": "746.43290", "2008-09-30": "663.48610", "2008-06-30": "868.95400", "2008-03-31": "777.53600", "2007-12-31": "716.24640", "2007-09-30": "740.66390", "2007-06-30": "785.58610", "2007-03-31": "660.31700", "2006-12-31": "608.10580", "2006-09-30": "578.26110", "2006-06-30": "620.17310", "2006-03-31": "525.12600", "2005-12-31": "479.48760", "2005-09-30": "505.68800", "2005-06-30": "526.76120", "2005-03-31": "460.88410"}, "EBIT": {"2020-09-30": "811.24780", "2020-06-30": "637.65010", "2020-03-31": "144.07790", "2019-12-31": "522.95120", "2019-09-30": "468.89210", "2019-06-30": "430.73190", "2019-03-31": "456.29980", "2018-12-31": "482.75070", "2018-09-30": "562.70310", "2018-06-30": "572.66020", "2018-03-31": "529.50610", "2017-12-31": "259.29000", "2017-09-30": "449.05100", "2017-06-30": "252.10330", "2017-03-31": "607.32030", "2016-12-31": "572.89870", "2016-09-30": "522.66190", "2016-06-30": "640.28200", "2016-03-31": "583.41820", "2015-12-31": "-31.19950", "2015-09-30": "441.71970", "2015-06-30": "533.98710", "2015-03-31": "483.86280", "2014-12-31": "534.89840", "2014-09-30": "388.50930", "2014-06-30": "454.74370", "2014-03-31": "446.29790", "2013-12-31": "450.95700", "2013-09-30": "420.39400", "2013-06-30": "25.21090", "2013-03-31": "451.61670", "2012-12-31": "490.62350", "2012-09-30": "-273.02910", "2012-06-30": "468.35210", "2012-03-31": "572.41090", "2011-12-31": "603.00900", "2011-09-30": "624.83890", "2011-06-30": "717.78200", "2011-03-31": "983.35350", "2010-12-31": "503.38230", "2010-09-30": "454.65700", "2010-06-30": "525.80980", "2010-03-31": "456.97900", "2009-12-31": "354.94560", "2009-09-30": "194.66280", "2009-06-30": "262.75900", "2009-03-31": "574.56320", "2008-12-31": "512.46360", "2008-09-30": "417.84010", "2008-06-30": "620.70800", "2008-03-31": "505.16800", "2007-12-31": "395.03740", "2007-09-30": "396.51390", "2007-06-30": "441.65410", "2007-03-31": "340.19800", "2006-12-31": "311.72490", "2006-09-30": "281.81010", "2006-06-30": "349.64110", "2006-03-31": "274.19600", "2005-12-31": "251.73570", "2005-09-30": "291.88400", "2005-06-30": "333.39420", "2005-03-31": "290.23410"}, "Basic Shares Outstanding": {"2020-09-30": "525.53200", "2020-06-30": "524.29200", "2020-03-31": "523.15200", "2019-12-31": "479.65700", "2019-09-30": "477.49500", "2019-06-30": "469.65500", "2019-03-31": "467.95300", "2018-12-31": "467.35000", "2018-09-30": "467.57000", "2018-06-30": "467.42500", "2018-03-31": "466.64200", "2017-12-31": "466.02100", "2017-09-30": "466.24000", "2017-06-30": "466.01900", "2017-03-31": "465.41200", "2016-12-31": "464.80700", "2016-09-30": "464.92700", "2016-06-30": "464.80300", "2016-03-31": "464.37500", "2015-12-31": "462.99500", "2015-09-30": "463.19000", "2015-06-30": "462.92900", "2015-03-31": "462.09000", "2014-12-31": "460.12600", "2014-09-30": "460.75400", "2014-06-30": "459.86300", "2014-03-31": "458.42200", "2013-12-31": "456.04400", "2013-09-30": "457.37700", "2013-06-30": "455.45200", "2013-03-31": "453.24200", "2012-12-31": "450.26400", "2012-09-30": "451.04200", "2012-06-30": "450.29200", "2012-03-31": "447.28900", "2011-12-31": "445.43400", "2011-09-30": "446.13300", "2011-06-30": "445.57900", "2011-03-31": "443.36000", "2010-12-31": "445.86500", "2010-09-30": "445.66200", "2010-06-30": "447.98600", "2010-03-31": "446.73200", "2009-12-31": "446.87400", "2009-09-30": "446.82300", "2009-06-30": "446.75200", "2009-03-31": "446.87400", "2008-12-31": "448.78600", "2008-09-30": "449.42500", "2008-06-30": "449.72400", "2008-03-31": "448.80300", "2007-12-31": "447.30200", "2007-09-30": "447.49600", "2007-06-30": "447.21700", "2007-03-31": "446.27800", "2006-12-31": "444.74300", "2006-09-30": "444.89900", "2006-06-30": "444.59700", "2006-03-31": "443.92600", "2005-12-31": "452.11800", "2005-09-30": "451.73200", "2005-06-30": "452.79500", "2005-03-31": "455.58900"}, "Shares Outstanding": {"2020-09-30": "583.95700", "2020-06-30": "582.61900", "2020-03-31": "581.38100", "2019-12-31": "537.96400", "2019-09-30": "535.74600", "2019-06-30": "527.98300", "2019-03-31": "526.21900", "2018-12-31": "525.83200", "2018-09-30": "525.99500", "2018-06-30": "525.84900", "2018-03-31": "525.30900", "2017-12-31": "522.59600", "2017-09-30": "525.24600", "2017-06-30": "466.93500", "2017-03-31": "514.44300", "2016-12-31": "484.16200", "2016-09-30": "492.96900", "2016-06-30": "465.64000", "2016-03-31": "465.21900", "2015-12-31": "464.69700", "2015-09-30": "464.70200", "2015-06-30": "464.63500", "2015-03-31": "464.04600", "2014-12-31": "462.92700", "2014-09-30": "463.20200", "2014-06-30": "462.60700", "2014-03-31": "461.36100", "2013-12-31": "459.16600", "2013-09-30": "460.71500", "2013-06-30": "455.45200", "2013-03-31": "456.19200", "2012-12-31": "452.89900", "2012-09-30": "451.04200", "2012-06-30": "453.07700", "2012-03-31": "449.88000", "2011-12-31": "446.86500", "2011-09-30": "447.73100", "2011-06-30": "447.29700", "2011-03-31": "448.85000", "2010-12-31": "446.59700", "2010-09-30": "446.33200", "2010-06-30": "448.86800", "2010-03-31": "447.53000", "2009-12-31": "448.59600", "2009-09-30": "447.43100", "2009-06-30": "447.42100", "2009-03-31": "448.03300", "2008-12-31": "460.22600", "2008-09-30": "460.04200", "2008-06-30": "460.85300", "2008-03-31": "460.21800", "2007-12-31": "456.83400", "2007-09-30": "456.54300", "2007-06-30": "456.28200", "2007-03-31": "455.20800", "2006-12-31": "452.68500", "2006-09-30": "446.39600", "2006-06-30": "453.12600", "2006-03-31": "445.61300", "2005-12-31": "484.13100", "2005-09-30": "483.79200", "2005-06-30": "484.90100", "2005-03-31": "488.04900"}, "Basic EPS": {"2020-09-30": "0.96000", "2020-06-30": "0.86000", "2020-03-31": "0.14000", "2019-12-31": "0.77000", "2019-09-30": "0.74000", "2019-06-30": "0.68000", "2019-03-31": "0.73000", "2018-12-31": "0.72000", "2018-09-30": "0.92000", "2018-06-30": "0.94000", "2018-03-31": "0.79000", "2017-12-31": "2.96000", "2017-09-30": "0.64000", "2017-06-30": "0.09000", "2017-03-31": "0.81000", "2016-12-31": "0.77000", "2016-09-30": "0.68000", "2016-06-30": "0.91000", "2016-03-31": "0.86000", "2015-12-31": "-0.15000", "2015-09-30": "0.42000", "2015-06-30": "0.70000", "2015-03-31": "0.76000", "2014-12-31": "0.89000", "2014-09-30": "0.32000", "2014-06-30": "0.46000", "2014-03-31": "0.38000", "2013-12-31": "0.62000", "2013-09-30": "0.69000", "2013-06-30": "-0.02000", "2013-03-31": "0.48000", "2012-12-31": "0.45000", "2012-09-30": "-0.35000", "2012-06-30": "0.50000", "2012-03-31": "0.81000", "2011-12-31": "0.69000", "2011-09-30": "0.72000", "2011-06-30": "0.75000", "2011-03-31": "1.24000", "2010-12-31": "0.57000", "2010-09-30": "0.55000", "2010-06-30": "0.57000", "2010-03-31": "0.52000", "2009-12-31": "0.40000", "2009-09-30": "0.18000", "2009-06-30": "0.14000", "2009-03-31": "0.70000", "2008-12-31": "0.48000", "2008-09-30": "0.20000", "2008-06-30": "0.75000", "2008-03-31": "0.58000", "2007-12-31": "0.39000", "2007-09-30": "0.45000", "2007-06-30": "0.50000", "2007-03-31": "0.35000", "2006-12-31": "0.35000", "2006-09-30": "0.31000", "2006-06-30": "0.38000", "2006-03-31": "0.33000", "2005-12-31": "0.30000", "2005-09-30": "0.46000", "2005-06-30": "1.89000", "2005-03-31": "0.70000"}, "EPS - Earnings Per Share": {"2020-09-30": "0.86000", "2020-06-30": "0.78000", "2020-03-31": "0.13000", "2019-12-31": "0.69000", "2019-09-30": "0.66000", "2019-06-30": "0.60000", "2019-03-31": "0.65000", "2018-12-31": "0.65000", "2018-09-30": "0.82000", "2018-06-30": "0.83000", "2018-03-31": "0.70000", "2017-12-31": "2.65000", "2017-09-30": "0.57000", "2017-06-30": "0.09000", "2017-03-31": "0.76000", "2016-12-31": "0.71000", "2016-09-30": "0.67000", "2016-06-30": "0.91000", "2016-03-31": "0.86000", "2015-12-31": "-0.15000", "2015-09-30": "0.42000", "2015-06-30": "0.70000", "2015-03-31": "0.76000", "2014-12-31": "0.89000", "2014-09-30": "0.31000", "2014-06-30": "0.46000", "2014-03-31": "0.38000", "2013-12-31": "0.63000", "2013-09-30": "0.68000", "2013-06-30": "-0.02000", "2013-03-31": "0.47000", "2012-12-31": "0.46000", "2012-09-30": "-0.35000", "2012-06-30": "0.50000", "2012-03-31": "0.80000", "2011-12-31": "0.71000", "2011-09-30": "0.71000", "2011-06-30": "0.75000", "2011-03-31": "1.22000", "2010-12-31": "0.56000", "2010-09-30": "0.55000", "2010-06-30": "0.57000", "2010-03-31": "0.52000", "2009-12-31": "0.40000", "2009-09-30": "0.18000", "2009-06-30": "0.14000", "2009-03-31": "0.70000", "2008-12-31": "0.48000", "2008-09-30": "0.20000", "2008-06-30": "0.73000", "2008-03-31": "0.57000", "2007-12-31": "0.39000", "2007-09-30": "0.44000", "2007-06-30": "0.50000", "2007-03-31": "0.35000", "2006-12-31": "0.35000", "2006-09-30": "0.31000", "2006-06-30": "0.38000", "2006-03-31": "0.33000", "2005-12-31": "0.28000", "2005-09-30": "0.46000", "2005-06-30": "1.79000", "2005-03-31": "0.69000"}}, "balance sheet": {"Cash On Hand": {"2019-12-31": "2860.34700", "2018-12-31": "2068.81700", "2017-12-31": "1980.67300", "2016-12-31": "5360.11900", "2015-12-31": "1611.06900", "2014-12-31": "9236.24100", "2013-12-31": "9739.40400", "2012-12-31": "7205.37900", "2011-12-31": "2040.85300", "2010-12-31": "2940.37700", "2009-12-31": "2139.33600", "2008-12-31": "559.13200", "2007-12-31": "2788.19600", "2006-12-31": "3032.57000", "2005-12-31": "1181.36000"}, "Receivables": {"2019-12-31": "588.35800", "2018-12-31": "639.85500", "2017-12-31": "653.94800", "2016-12-31": "777.90800", "2015-12-31": "864.02800", "2014-12-31": "951.49300", "2013-12-31": "1075.53900", "2012-12-31": "971.32300", "2011-12-31": "794.81700", "2010-12-31": "786.05300", "2009-12-31": "779.87100", "2008-12-31": "969.45600", "2007-12-31": "699.10100", "2006-12-31": "665.14900", "2005-12-31": "478.41400"}, "Inventory": {"2019-12-31": "322.89800", "2018-12-31": "290.73300", "2017-12-31": "321.00800", "2016-12-31": "422.34900", "2015-12-31": "390.32800", "2014-12-31": "493.75400", "2013-12-31": "512.70700", "2012-12-31": "465.58400", "2011-12-31": "707.15100", "2010-12-31": "487.57500", "2009-12-31": "295.95000", "2008-12-31": "426.67100", "2007-12-31": "306.91500", "2006-12-31": "237.50700", "2005-12-31": "221.32900"}, "Pre-Paid Expenses": {"2019-12-31": "", "2018-12-31": "", "2017-12-31": "", "2016-12-31": "", "2015-12-31": "", "2014-12-31": "", "2013-12-31": "", "2012-12-31": "", "2011-12-31": "", "2010-12-31": "", "2009-12-31": "", "2008-12-31": "", "2007-12-31": "", "2006-12-31": "", "2005-12-31": ""}, "Other Current Assets": {"2019-12-31": "243.49700", "2018-12-31": "289.80000", "2017-12-31": "329.39400", "2016-12-31": "1720.01100", "2015-12-31": "677.81800", "2014-12-31": "1870.57900", "2013-12-31": "787.69300", "2012-12-31": "85.11400", "2011-12-31": "131.98800", "2010-12-31": "142.48900", "2009-12-31": "121.08700", "2008-12-31": "56.39400", "2007-12-31": "108.11300", "2006-12-31": "115.54900", "2005-12-31": "118.86600"}, "Total Current Assets": {"2019-12-31": "4015.10000", "2018-12-31": "3289.20500", "2017-12-31": "3285.02300", "2016-12-31": "8280.38700", "2015-12-31": "3543.24300", "2014-12-31": "12552.07000", "2013-12-31": "12313.45000", "2012-12-31": "9059.15300", "2011-12-31": "3747.82300", "2010-12-31": "4573.39300", "2009-12-31": "3475.95200", "2008-12-31": "2097.98400", "2007-12-31": "4245.13800", "2006-12-31": "4599.54100", "2005-12-31": "2397.04500"}, "Property, Plant, And Equipment": {"2019-12-31": "2706.18200", "2018-12-31": "1928.18000", "2017-12-31": "2183.66100", "2016-12-31": "2654.27100", "2015-12-31": "2924.18000", "2014-12-31": "3773.53900", "2013-12-31": "4097.71100", "2012-12-31": "4366.62900", "2011-12-31": "3169.89100", "2010-12-31": "3232.34800", "2009-12-31": "3042.26200", "2008-12-31": "2663.28900", "2007-12-31": "4058.18900", "2006-12-31": "3765.59600", "2005-12-31": "3514.53900"}, "Long-Term Investments": {"2019-12-31": "221.14100", "2018-12-31": "186.58900", "2017-12-31": "185.86700", "2016-12-31": "115.60800", "2015-12-31": "327.25000", "2014-12-31": "414.23400", "2013-12-31": "246.13400", "2012-12-31": "252.69400", "2011-12-31": "1542.18100", "2010-12-31": "368.95400", "2009-12-31": "311.71700", "2008-12-31": "241.90200", "2007-12-31": "360.40600", "2006-12-31": "172.94100", "2005-12-31": "67.12000"}, "Goodwill And Intangible Assets": {"2019-12-31": "", "2018-12-31": "", "2017-12-31": "", "2016-12-31": "", "2015-12-31": "", "2014-12-31": "", "2013-12-31": "", "2012-12-31": "", "2011-12-31": "", "2010-12-31": "", "2009-12-31": "", "2008-12-31": "", "2007-12-31": "475.79200", "2006-12-31": "197.86300", "2005-12-31": "226.65000"}, "Other Long-Term Assets": {"2019-12-31": "26144.18000", "2018-12-31": "25183.04000", "2017-12-31": "24119.21000", "2016-12-31": "16864.03000", "2015-12-31": "16092.04000", "2014-12-31": "5305.70100", "2013-12-31": "3689.17400", "2012-12-31": "3661.97700", "2011-12-31": "3010.33600", "2010-12-31": "1457.45800", "2009-12-31": "1465.41200", "2008-12-31": "1456.87200", "2007-12-31": "947.00400", "2006-12-31": "1032.75500", "2005-12-31": "998.71000"}, "Total Long-Term Assets": {"2019-12-31": "29215.83000", "2018-12-31": "27297.81000", "2017-12-31": "26488.74000", "2016-12-31": "19633.90000", "2015-12-31": "19343.47000", "2014-12-31": "9493.47500", "2013-12-31": "8042.98300", "2012-12-31": "8320.45500", "2011-12-31": "7722.40800", "2010-12-31": "5058.76000", "2009-12-31": "4819.39100", "2008-12-31": "4362.06300", "2007-12-31": "5841.39100", "2006-12-31": "5169.15500", "2005-12-31": "5013.16500"}, "Total Assets": {"2019-12-31": "33230.93000", "2018-12-31": "30587.01000", "2017-12-31": "29773.77000", "2016-12-31": "27914.29000", "2015-12-31": "22886.71000", "2014-12-31": "22045.54000", "2013-12-31": "20356.43000", "2012-12-31": "17379.61000", "2011-12-31": "11470.23000", "2010-12-31": "9632.15300", "2009-12-31": "8295.34300", "2008-12-31": "6460.04700", "2007-12-31": "10086.53000", "2006-12-31": "9768.69600", "2005-12-31": "7410.21000"}, "Total Current Liabilities": {"2019-12-31": "4496.09100", "2018-12-31": "4776.13200", "2017-12-31": "4828.00400", "2016-12-31": "4592.83200", "2015-12-31": "5162.94000", "2014-12-31": "4112.52500", "2013-12-31": "4551.64900", "2012-12-31": "3924.46700", "2011-12-31": "3220.51100", "2010-12-31": "4499.30100", "2009-12-31": "3287.28100", "2008-12-31": "2980.00300", "2007-12-31": "4225.14100", "2006-12-31": "3591.47400", "2005-12-31": "2150.07100"}, "Long Term Debt": {"2019-12-31": "12968.23000", "2018-12-31": "13810.78000", "2017-12-31": "15134.44000", "2016-12-31": "15541.74000", "2015-12-31": "12221.92000", "2014-12-31": "13746.06000", "2013-12-31": "12596.79000", "2012-12-31": "11350.40000", "2011-12-31": "7458.13400", "2010-12-31": "5484.04100", "2009-12-31": "6470.04600", "2008-12-31": "4969.42300", "2007-12-31": "4575.25000", "2006-12-31": "5928.85700", "2005-12-31": "5898.83100"}, "Other Non-Current Liabilities": {"2019-12-31": "", "2018-12-31": "", "2017-12-31": "", "2016-12-31": "", "2015-12-31": "", "2014-12-31": "", "2013-12-31": "", "2012-12-31": "", "2011-12-31": "", "2010-12-31": "", "2009-12-31": "", "2008-12-31": "", "2007-12-31": "", "2006-12-31": "", "2005-12-31": ""}, "Total Long Term Liabilities": {"2019-12-31": "17170.77000", "2018-12-31": "17216.69000", "2017-12-31": "18007.86000", "2016-12-31": "18710.14000", "2015-12-31": "14975.98000", "2014-12-31": "15920.88000", "2013-12-31": "14807.78000", "2012-12-31": "13383.51000", "2011-12-31": "8668.72300", "2010-12-31": "6266.29500", "2009-12-31": "7099.75000", "2008-12-31": "5429.14900", "2007-12-31": "5221.39900", "2006-12-31": "6396.60500", "2005-12-31": "6126.76300"}, "Total Liabilities": {"2019-12-31": "21666.87000", "2018-12-31": "21992.83000", "2017-12-31": "22835.86000", "2016-12-31": "23302.97000", "2015-12-31": "20138.92000", "2014-12-31": "20033.41000", "2013-12-31": "19359.43000", "2012-12-31": "17307.98000", "2011-12-31": "11889.23000", "2010-12-31": "10765.60000", "2009-12-31": "10387.03000", "2008-12-31": "8409.15300", "2007-12-31": "9446.54000", "2006-12-31": "9988.07900", "2005-12-31": "8276.83400"}, "Common Stock Net": {"2019-12-31": "5.23000", "2018-12-31": "4.67900", "2017-12-31": "4.66400", "2016-12-31": "4.65200", "2015-12-31": "5.20300", "2014-12-31": "5.17800", "2013-12-31": "5.14400", "2012-12-31": "5.09000", "2011-12-31": "5.03100", "2010-12-31": "4.99300", "2009-12-31": "4.97300", "2008-12-31": "4.95500", "2007-12-31": "4.93500", "2006-12-31": "4.90900", "2005-12-31": "4.88500"}, "Retained Earnings (Accumulated Deficit)": {"2019-12-31": "6612.30200", "2018-12-31": "5212.79000", "2017-12-31": "3635.38000", "2016-12-31": "1536.69100", "2015-12-31": "1471.08400", "2014-12-31": "723.99200", "2013-12-31": "-220.70100", "2012-12-31": "-1028.19300", "2011-12-31": "-1211.99000", "2010-12-31": "-1834.61900", "2009-12-31": "-2760.58900", "2008-12-31": "-2492.80400", "2007-12-31": "-84.45600", "2006-12-31": "-841.01000", "2005-12-31": "-1386.93700"}, "Comprehensive Income": {"2019-12-31": "-0.01800", "2018-12-31": "-0.87400", "2017-12-31": "0.88200", "2016-12-31": "0.78100", "2015-12-31": "61.98100", "2014-12-31": "174.50700", "2013-12-31": "173.87200", "2012-12-31": "188.80300", "2011-12-31": "82.04300", "2010-12-31": "93.35700", "2009-12-31": "5.61400", "2008-12-31": "-107.99800", "2007-12-31": "46.69800", "2006-12-31": "49.87400", "2005-12-31": "4.03000"}, "Other Share Holders Equity": {"2019-12-31": "", "2018-12-31": "", "2017-12-31": "", "2016-12-31": "", "2015-12-31": "", "2014-12-31": "", "2013-12-31": "", "2012-12-31": "", "2011-12-31": "", "2010-12-31": "", "2009-12-31": "", "2008-12-31": "", "2007-12-31": "", "2006-12-31": "", "2005-12-31": ""}, "Share Holder Equity": {"2019-12-31": "11564.07000", "2018-12-31": "8594.18900", "2017-12-31": "6937.90600", "2016-12-31": "4611.32300", "2015-12-31": "2747.78700", "2014-12-31": "2012.13400", "2013-12-31": "997.00500", "2012-12-31": "71.62800", "2011-12-31": "-419.00300", "2010-12-31": "-1133.44300", "2009-12-31": "-2091.68800", "2008-12-31": "-1949.10600", "2007-12-31": "639.98900", "2006-12-31": "-219.38300", "2005-12-31": "-866.62400"}, "Total Liabilities And Share Holders Equity": {"2019-12-31": "33230.93000", "2018-12-31": "30587.01000", "2017-12-31": "29773.77000", "2016-12-31": "27914.29000", "2015-12-31": "22886.71000", "2014-12-31": "22045.54000", "2013-12-31": "20356.43000", "2012-12-31": "17379.61000", "2011-12-31": "11470.23000", "2010-12-31": "9632.15300", "2009-12-31": "8295.34300", "2008-12-31": "6460.04700", "2007-12-31": "10086.53000", "2006-12-31": "9768.69600", "2005-12-31": "7410.21000"}}, "balance sheet, quarterly": {"Cash On Hand": {"2020-09-30": "2795.16700", "2020-06-30": "2630.01900", "2020-03-31": "3387.77100", "2019-12-31": "2860.34700", "2019-09-30": "1594.39200", "2019-06-30": "2732.38200", "2019-03-31": "2393.04700", "2018-12-31": "2068.81700", "2018-09-30": "1865.14900", "2018-06-30": "1554.78800", "2018-03-31": "2279.06300", "2017-12-31": "1980.67300", "2017-09-30": "1850.64900", "2017-06-30": "2386.45300", "2017-03-31": "6802.90300", "2016-12-31": "5360.11900", "2016-09-30": "4961.23600", "2016-06-30": "3487.29300", "2016-03-31": "870.60600", "2015-12-31": "1611.06900", "2015-09-30": "1613.03200", "2015-06-30": "1095.51000", "2015-03-31": "1399.04300", "2014-12-31": "9236.24100", "2014-09-30": "9272.10500", "2014-06-30": "8903.13100", "2014-03-31": "8961.47900", "2013-12-31": "9739.40400", "2013-09-30": "10302.19000", "2013-06-30": "9527.16200", "2013-03-31": "7095.07000", "2012-12-31": "7205.37900", "2012-09-30": "6400.07600", "2012-06-30": "4839.18700", "2012-03-31": "2693.21400", "2011-12-31": "2040.85300", "2011-09-30": "3364.66200", "2011-06-30": "4592.94200", "2011-03-31": "3413.73700", "2010-12-31": "2940.37700", "2010-09-30": "2659.55100", "2010-06-30": "2594.47800", "2010-03-31": "2447.87500", "2009-12-31": "2139.33600", "2009-09-30": "2633.45200", "2009-06-30": "1320.91500", "2009-03-31": "1168.87800", "2008-12-31": "559.13200", "2008-09-30": "1537.24700", "2008-06-30": "1899.02900", "2008-03-31": "1568.64600", "2007-12-31": "2788.19600", "2007-09-30": "2801.76800", "2007-06-30": "2399.55800", "2007-03-31": "2168.41200", "2006-12-31": "3032.57000", "2006-09-30": "2788.23300", "2006-06-30": "2719.55400", "2006-03-31": "2573.85900", "2005-12-31": "1181.36000", "2005-09-30": "1517.50800", "2005-06-30": "1391.94700", "2005-03-31": "1232.27500"}, "Receivables": {"2020-09-30": "1143.50000", "2020-06-30": "531.82700", "2020-03-31": "544.10600", "2019-12-31": "588.35800", "2019-09-30": "577.79700", "2019-06-30": "584.11600", "2019-03-31": "581.68500", "2018-12-31": "639.85500", "2018-09-30": "670.82600", "2018-06-30": "641.88800", "2018-03-31": "601.67300", "2017-12-31": "653.94800", "2017-09-30": "703.63100", "2017-06-30": "737.02900", "2017-03-31": "704.24600", "2016-12-31": "777.90800", "2016-09-30": "815.87300", "2016-06-30": "861.17600", "2016-03-31": "806.09100", "2015-12-31": "864.02800", "2015-09-30": "905.14100", "2015-06-30": "1018.70900", "2015-03-31": "928.51100", "2014-12-31": "951.49300", "2014-09-30": "1081.66900", "2014-06-30": "1066.83200", "2014-03-31": "982.35910", "2013-12-31": "1075.53900", "2013-09-30": "1064.36500", "2013-06-30": "993.68600", "2013-03-31": "896.34300", "2012-12-31": "971.32300", "2012-09-30": "821.21000", "2012-06-30": "830.82600", "2012-03-31": "776.56700", "2011-12-31": "794.81700", "2011-09-30": "825.41700", "2011-06-30": "830.90600", "2011-03-31": "740.83300", "2010-12-31": "786.05300", "2010-09-30": "799.55900", "2010-06-30": "826.79300", "2010-03-31": "750.96300", "2009-12-31": "779.87100", "2009-09-30": "819.93300", "2009-06-30": "846.60400", "2009-03-31": "799.34600", "2008-12-31": "969.45600", "2008-09-30": "792.90500", "2008-06-30": "741.26500", "2008-03-31": "948.38400", "2007-12-31": "699.10100", "2007-09-30": "700.49900", "2007-06-30": "706.96200", "2007-03-31": "687.01500", "2006-12-31": "665.14900", "2006-09-30": "582.87700", "2006-06-30": "573.15700", "2006-03-31": "520.30200", "2005-12-31": "478.41400", "2005-09-30": "471.01100", "2005-06-30": "468.81600", "2005-03-31": "669.02600"}, "Inventory": {"2020-09-30": "516.21600", "2020-06-30": "315.36900", "2020-03-31": "329.38600", "2019-12-31": "322.89800", "2019-09-30": "314.62000", "2019-06-30": "331.13800", "2019-03-31": "309.25100", "2018-12-31": "290.73300", "2018-09-30": "304.94400", "2018-06-30": "329.50700", "2018-03-31": "347.74600", "2017-12-31": "321.00800", "2017-09-30": "318.89200", "2017-06-30": "373.67600", "2017-03-31": "421.51200", "2016-12-31": "422.34900", "2016-09-30": "479.40400", "2016-06-30": "475.19300", "2016-03-31": "455.25700", "2015-12-31": "390.32800", "2015-09-30": "408.62400", "2015-06-30": "466.20000", "2015-03-31": "484.74700", "2014-12-31": "493.75400", "2014-09-30": "528.01100", "2014-06-30": "528.33600", "2014-03-31": "522.89000", "2013-12-31": "512.70700", "2013-09-30": "580.71400", "2013-06-30": "577.28800", "2013-03-31": "571.38300", "2012-12-31": "465.58400", "2012-09-30": "628.81700", "2012-06-30": "647.22200", "2012-03-31": "670.00800", "2011-12-31": "707.15100", "2011-09-30": "667.49000", "2011-06-30": "568.65700", "2011-03-31": "427.69900", "2010-12-31": "487.57500", "2010-09-30": "522.83800", "2010-06-30": "464.91200", "2010-03-31": "356.14900", "2009-12-31": "295.95000", "2009-09-30": "278.11800", "2009-06-30": "323.10400", "2009-03-31": "414.83300", "2008-12-31": "426.67100", "2008-09-30": "394.65900", "2008-06-30": "335.73700", "2008-03-31": "319.62200", "2007-12-31": "306.91500", "2007-09-30": "341.40600", "2007-06-30": "289.34500", "2007-03-31": "311.64200", "2006-12-31": "237.50700", "2006-09-30": "268.12500", "2006-06-30": "250.10400", "2006-03-31": "251.43800", "2005-12-31": "221.32900", "2005-09-30": "236.32200", "2005-06-30": "232.56200", "2005-03-31": "262.86700"}, "Pre-Paid Expenses": {"2020-09-30": "", "2020-06-30": "", "2020-03-31": "", "2019-12-31": "", "2019-09-30": "", "2019-06-30": "", "2019-03-31": "", "2018-12-31": "", "2018-09-30": "", "2018-06-30": "", "2018-03-31": "", "2017-12-31": "", "2017-09-30": "", "2017-06-30": "", "2017-03-31": "", "2016-12-31": "", "2016-09-30": "", "2016-06-30": "", "2016-03-31": "", "2015-12-31": "", "2015-09-30": "", "2015-06-30": "", "2015-03-31": "", "2014-12-31": "", "2014-09-30": "", "2014-06-30": "", "2014-03-31": "", "2013-12-31": "", "2013-09-30": "", "2013-06-30": "", "2013-03-31": "", "2012-12-31": "", "2012-09-30": "", "2012-06-30": "", "2012-03-31": "", "2011-12-31": "", "2011-09-30": "", "2011-06-30": "", "2011-03-31": "", "2010-12-31": "", "2010-09-30": "", "2010-06-30": "", "2010-03-31": "", "2009-12-31": "", "2009-09-30": "", "2009-06-30": "", "2009-03-31": "", "2008-12-31": "", "2008-09-30": "", "2008-06-30": "", "2008-03-31": "", "2007-12-31": "", "2007-09-30": "", "2007-06-30": "", "2007-03-31": "", "2006-12-31": "", "2006-09-30": "", "2006-06-30": "", "2006-03-31": "", "2005-12-31": "", "2005-09-30": "", "2005-06-30": "", "2005-03-31": ""}, "Other Current Assets": {"2020-09-30": "550.58800", "2020-06-30": "631.35900", "2020-03-31": "381.02600", "2019-12-31": "243.49700", "2019-09-30": "244.58300", "2019-06-30": "270.21900", "2019-03-31": "308.23400", "2018-12-31": "289.80000", "2018-09-30": "197.99000", "2018-06-30": "217.52700", "2018-03-31": "237.07900", "2017-12-31": "329.39400", "2017-09-30": "249.37900", "2017-06-30": "215.87400", "2017-03-31": "1667.97000", "2016-12-31": "1720.01100", "2016-09-30": "1644.47500", "2016-06-30": "89.40900", "2016-03-31": "425.54700", "2015-12-31": "677.81800", "2015-09-30": "10673.35000", "2015-06-30": "10672.20000", "2015-03-31": "10575.63000", "2014-12-31": "1870.57900", "2014-09-30": "395.76300", "2014-06-30": "459.41600", "2014-03-31": "1986.09900", "2013-12-31": "787.69300", "2013-09-30": "292.49700", "2013-06-30": "963.90100", "2013-03-31": "673.91100", "2012-12-31": "85.11400", "2012-09-30": "403.79200", "2012-06-30": "135.37600", "2012-03-31": "136.67400", "2011-12-31": "131.98800", "2011-09-30": "354.29100", "2011-06-30": "189.26300", "2011-03-31": "180.84100", "2010-12-31": "142.48900", "2010-09-30": "193.77600", "2010-06-30": "71.20800", "2010-03-31": "72.91900", "2009-12-31": "121.08700", "2009-09-30": "173.76900", "2009-06-30": "182.93800", "2009-03-31": "102.12800", "2008-12-31": "56.39400", "2008-09-30": "116.84600", "2008-06-30": "836.45500", "2008-03-31": "206.79900", "2007-12-31": "108.11300", "2007-09-30": "164.69400", "2007-06-30": "160.18300", "2007-03-31": "121.57600", "2006-12-31": "115.54900", "2006-09-30": "142.47200", "2006-06-30": "130.30400", "2006-03-31": "141.88300", "2005-12-31": "118.86600", "2005-09-30": "154.40000", "2005-06-30": "134.18000", "2005-03-31": "157.79900"}, "Total Current Assets": {"2020-09-30": "5005.47100", "2020-06-30": "4108.57400", "2020-03-31": "4642.28900", "2019-12-31": "4015.10000", "2019-09-30": "2731.39200", "2019-06-30": "3917.85500", "2019-03-31": "3592.21700", "2018-12-31": "3289.20500", "2018-09-30": "3038.90900", "2018-06-30": "2743.71000", "2018-03-31": "3465.56100", "2017-12-31": "3285.02300", "2017-09-30": "3122.55100", "2017-06-30": "3713.03200", "2017-03-31": "9596.63100", "2016-12-31": "8280.38700", "2016-09-30": "7900.98800", "2016-06-30": "4913.07100", "2016-03-31": "2557.50100", "2015-12-31": "3543.24300", "2015-09-30": "13625.81000", "2015-06-30": "13278.28000", "2015-03-31": "13413.60000", "2014-12-31": "12552.07000", "2014-09-30": "11413.79000", "2014-06-30": "11093.67000", "2014-03-31": "12588.78000", "2013-12-31": "12313.45000", "2013-09-30": "12338.99000", "2013-06-30": "12161.89000", "2013-03-31": "9336.56100", "2012-12-31": "9059.15300", "2012-09-30": "8335.91800", "2012-06-30": "6497.02800", "2012-03-31": "4349.47700", "2011-12-31": "3747.82300", "2011-09-30": "5423.29200", "2011-06-30": "6412.77500", "2011-03-31": "4996.75500", "2010-12-31": "4573.39300", "2010-09-30": "4323.23400", "2010-06-30": "4101.50500", "2010-03-31": "3774.99700", "2009-12-31": "3475.95200", "2009-09-30": "4007.13900", "2009-06-30": "2784.35000", "2009-03-31": "2589.10500", "2008-12-31": "2097.98400", "2008-09-30": "2856.83600", "2008-06-30": "3948.18000", "2008-03-31": "3130.32200", "2007-12-31": "4245.13800", "2007-09-30": "4270.23400", "2007-06-30": "3943.90700", "2007-03-31": "3815.14100", "2006-12-31": "4599.54100", "2006-09-30": "4192.14200", "2006-06-30": "3963.53700", "2006-03-31": "3823.99400", "2005-12-31": "2397.04500", "2005-09-30": "2503.72400", "2005-06-30": "2358.08700", "2005-03-31": "2321.96700"}, "Property, Plant, And Equipment": {"2020-09-30": "2226.42300", "2020-06-30": "2271.42500", "2020-03-31": "2320.09500", "2019-12-31": "2706.18200", "2019-09-30": "2758.02400", "2019-06-30": "1895.33800", "2019-03-31": "1863.16700", "2018-12-31": "1928.18000", "2018-09-30": "1990.03400", "2018-06-30": "2047.92800", "2018-03-31": "2106.93100", "2017-12-31": "2183.66100", "2017-09-30": "2378.81100", "2017-06-30": "2447.94500", "2017-03-31": "2550.25900", "2016-12-31": "2654.27100", "2016-09-30": "2666.35200", "2016-06-30": "2750.80400", "2016-03-31": "2845.84000", "2015-12-31": "2924.18000", "2015-09-30": "3754.71400", "2015-06-30": "3770.46900", "2015-03-31": "3786.40000", "2014-12-31": "3773.53900", "2014-09-30": "3802.80200", "2014-06-30": "3746.74100", "2014-03-31": "3703.84600", "2013-12-31": "4097.71100", "2013-09-30": "4055.87100", "2013-06-30": "3990.02500", "2013-03-31": "4455.41500", "2012-12-31": "4366.62900", "2012-09-30": "4368.48800", "2012-06-30": "4347.67200", "2012-03-31": "4313.67800", "2011-12-31": "3169.89100", "2011-09-30": "3184.59400", "2011-06-30": "3221.68500", "2011-03-31": "3255.35600", "2010-12-31": "3232.34800", "2010-09-30": "3195.56400", "2010-06-30": "3150.96200", "2010-03-31": "3135.07700", "2009-12-31": "3042.26200", "2009-09-30": "2869.23600", "2009-06-30": "2794.36800", "2009-03-31": "2816.99800", "2008-12-31": "2663.28900", "2008-09-30": "2622.83000", "2008-06-30": "2548.58700", "2008-03-31": "2534.97300", "2007-12-31": "4058.18900", "2007-09-30": "4020.70500", "2007-06-30": "4017.08900", "2007-03-31": "3830.24900", "2006-12-31": "3765.59600", "2006-09-30": "3647.64900", "2006-06-30": "3585.59400", "2006-03-31": "3552.93500", "2005-12-31": "3514.53900", "2005-09-30": "3188.58900", "2005-06-30": "3095.60400", "2005-03-31": "2961.40600"}, "Long-Term Investments": {"2020-09-30": "256.63400", "2020-06-30": "209.21200", "2020-03-31": "223.01000", "2019-12-31": "221.14100", "2019-09-30": "220.44100", "2019-06-30": "232.33200", "2019-03-31": "229.71600", "2018-12-31": "186.58900", "2018-09-30": "176.74500", "2018-06-30": "188.84200", "2018-03-31": "188.06700", "2017-12-31": "185.86700", "2017-09-30": "184.70300", "2017-06-30": "201.18300", "2017-03-31": "204.97200", "2016-12-31": "115.60800", "2016-09-30": "406.73100", "2016-06-30": "406.74500", "2016-03-31": "406.74500", "2015-12-31": "327.25000", "2015-09-30": "409.74500", "2015-06-30": "414.23400", "2015-03-31": "414.23400", "2014-12-31": "414.23400", "2014-09-30": "557.93200", "2014-06-30": "566.61600", "2014-03-31": "565.19900", "2013-12-31": "246.13400", "2013-09-30": "237.11400", "2013-06-30": "225.15300", "2013-03-31": "216.33000", "2012-12-31": "252.69400", "2012-09-30": "248.56400", "2012-06-30": "240.48800", "2012-03-31": "255.22100", "2011-12-31": "1542.18100", "2011-09-30": "1513.90100", "2011-06-30": "1523.77600", "2011-03-31": "555.97500", "2010-12-31": "368.95400", "2010-09-30": "313.81800", "2010-06-30": "315.53600", "2010-03-31": "313.24100", "2009-12-31": "311.71700", "2009-09-30": "310.48500", "2009-06-30": "239.86600", "2009-03-31": "203.24900", "2008-12-31": "241.90200", "2008-09-30": "175.81700", "2008-06-30": "322.90600", "2008-03-31": "326.26400", "2007-12-31": "360.40600", "2007-09-30": "167.62300", "2007-06-30": "172.11400", "2007-03-31": "171.99900", "2006-12-31": "172.94100", "2006-09-30": "197.41100", "2006-06-30": "105.96700", "2006-03-31": "66.54500", "2005-12-31": "67.12000", "2005-09-30": "67.90900", "2005-06-30": "57.83100", "2005-03-31": "59.50900"}, "Goodwill And Intangible Assets": {"2020-09-30": "802.28600", "2020-06-30": "", "2020-03-31": "", "2019-12-31": "136.41500", "2019-09-30": "", "2019-06-30": "", "2019-03-31": "", "2018-12-31": "", "2018-09-30": "", "2018-06-30": "", "2018-03-31": "", "2017-12-31": "", "2017-09-30": "", "2017-06-30": "", "2017-03-31": "", "2016-12-31": "", "2016-09-30": "", "2016-06-30": "", "2016-03-31": "", "2015-12-31": "", "2015-09-30": "", "2015-06-30": "", "2015-03-31": "", "2014-12-31": "", "2014-09-30": "", "2014-06-30": "", "2014-03-31": "", "2013-12-31": "", "2013-09-30": "", "2013-06-30": "", "2013-03-31": "", "2012-12-31": "", "2012-09-30": "", "2012-06-30": "", "2012-03-31": "", "2011-12-31": "", "2011-09-30": "", "2011-06-30": "", "2011-03-31": "", "2010-12-31": "", "2010-09-30": "", "2010-06-30": "", "2010-03-31": "", "2009-12-31": "", "2009-09-30": "", "2009-06-30": "", "2009-03-31": "4.84500", "2008-12-31": "", "2008-09-30": "5.42600", "2008-06-30": "5.71700", "2008-03-31": "", "2007-12-31": "475.79200", "2007-09-30": "167.07300", "2007-06-30": "176.17500", "2007-03-31": "185.27600", "2006-12-31": "197.86300", "2006-09-30": "199.13500", "2006-06-30": "208.30600", "2006-03-31": "217.47900", "2005-12-31": "226.65000", "2005-09-30": "235.82200", "2005-06-30": "235.39400", "2005-03-31": "244.29300"}, "Other Long-Term Assets": {"2020-09-30": "27696.70000", "2020-06-30": "26794.41000", "2020-03-31": "26371.62000", "2019-12-31": "26007.77000", "2019-09-30": "25909.40000", "2019-06-30": "25559.18000", "2019-03-31": "25275.67000", "2018-12-31": "25183.04000", "2018-09-30": "24931.72000", "2018-06-30": "24669.53000", "2018-03-31": "24394.37000", "2017-12-31": "24119.21000", "2017-09-30": "23834.79000", "2017-06-30": "23555.40000", "2017-03-31": "17096.34000", "2016-12-31": "16864.03000", "2016-09-30": "16602.44000", "2016-06-30": "16040.77000", "2016-03-31": "16199.29000", "2015-12-31": "16092.04000", "2015-09-30": "5312.68700", "2015-06-30": "5299.70200", "2015-03-31": "5310.97100", "2014-12-31": "5305.70100", "2014-09-30": "5348.91000", "2014-06-30": "5361.67200", "2014-03-31": "3692.96200", "2013-12-31": "3689.17400", "2013-09-30": "3713.26700", "2013-06-30": "3688.73200", "2013-03-31": "3646.09300", "2012-12-31": "3661.97700", "2012-09-30": "3561.28700", "2012-06-30": "3435.97500", "2012-03-31": "3491.13600", "2011-12-31": "3010.33600", "2011-09-30": "2913.70300", "2011-06-30": "1669.46600", "2011-03-31": "1472.52700", "2010-12-31": "1457.45800", "2010-09-30": "1460.26700", "2010-06-30": "1463.01600", "2010-03-31": "1465.67100", "2009-12-31": "1465.41200", "2009-09-30": "1471.87900", "2009-06-30": "1447.17600", "2009-03-31": "1449.21400", "2008-12-31": "1456.87200", "2008-09-30": "1501.81700", "2008-06-30": "855.20300", "2008-03-31": "866.47900", "2007-12-31": "947.00400", "2007-09-30": "1120.32800", "2007-06-30": "1085.10000", "2007-03-31": "1063.34800", "2006-12-31": "1032.75500", "2006-09-30": "1115.24100", "2006-06-30": "1088.37600", "2006-03-31": "1085.67400", "2005-12-31": "998.71000", "2005-09-30": "1022.20700", "2005-06-30": "1024.88200", "2005-03-31": "991.80300"}, "Total Long-Term Assets": {"2020-09-30": "31094.97000", "2020-06-30": "29388.90000", "2020-03-31": "29031.01000", "2019-12-31": "29215.84000", "2019-09-30": "29040.05000", "2019-06-30": "28366.26000", "2019-03-31": "28094.16000", "2018-12-31": "27297.81000", "2018-09-30": "27098.50000", "2018-06-30": "26906.30000", "2018-03-31": "26689.37000", "2017-12-31": "26488.74000", "2017-09-30": "26398.30000", "2017-06-30": "26204.53000", "2017-03-31": "19851.57000", "2016-12-31": "19633.90000", "2016-09-30": "19675.52000", "2016-06-30": "19536.72000", "2016-03-31": "19451.87000", "2015-12-31": "19343.47000", "2015-09-30": "9477.14600", "2015-06-30": "9484.40500", "2015-03-31": "9511.60500", "2014-12-31": "9493.47500", "2014-09-30": "9709.64500", "2014-06-30": "9675.02900", "2014-03-31": "7962.00700", "2013-12-31": "8042.98300", "2013-09-30": "8006.25200", "2013-06-30": "7903.91000", "2013-03-31": "8317.83800", "2012-12-31": "8320.45500", "2012-09-30": "8178.33900", "2012-06-30": "8024.13500", "2012-03-31": "8060.03500", "2011-12-31": "7722.40800", "2011-09-30": "7612.19800", "2011-06-30": "6414.92700", "2011-03-31": "5283.85800", "2010-12-31": "5058.76000", "2010-09-30": "4969.64900", "2010-06-30": "4929.51400", "2010-03-31": "4913.98900", "2009-12-31": "4819.39100", "2009-09-30": "4651.60000", "2009-06-30": "4481.41000", "2009-03-31": "4474.30600", "2008-12-31": "4362.06300", "2008-09-30": "4320.41200", "2008-06-30": "3732.41300", "2008-03-31": "3735.11600", "2007-12-31": "5841.39100", "2007-09-30": "5475.72900", "2007-06-30": "5450.47800", "2007-03-31": "5250.87200", "2006-12-31": "5169.15500", "2006-09-30": "5159.43600", "2006-06-30": "5141.07200", "2006-03-31": "5110.67600", "2005-12-31": "5013.16500", "2005-09-30": "5029.49300", "2005-06-30": "4923.40600", "2005-03-31": "4257.01100"}, "Total Assets": {"2020-09-30": "36100.44000", "2020-06-30": "33497.47000", "2020-03-31": "33673.30000", "2019-12-31": "33230.93000", "2019-09-30": "31771.44000", "2019-06-30": "32284.12000", "2019-03-31": "31686.38000", "2018-12-31": "30587.01000", "2018-09-30": "30137.41000", "2018-06-30": "29650.01000", "2018-03-31": "30154.93000", "2017-12-31": "29773.77000", "2017-09-30": "29520.86000", "2017-06-30": "29917.56000", "2017-03-31": "29448.20000", "2016-12-31": "27914.29000", "2016-09-30": "27576.51000", "2016-06-30": "24449.79000", "2016-03-31": "22009.37000", "2015-12-31": "22886.71000", "2015-09-30": "23102.96000", "2015-06-30": "22762.69000", "2015-03-31": "22925.21000", "2014-12-31": "22045.54000", "2014-09-30": "21123.43000", "2014-06-30": "20768.70000", "2014-03-31": "20550.79000", "2013-12-31": "20356.43000", "2013-09-30": "20345.24000", "2013-06-30": "20065.80000", "2013-03-31": "17654.40000", "2012-12-31": "17379.61000", "2012-09-30": "16514.26000", "2012-06-30": "14521.16000", "2012-03-31": "12409.51000", "2011-12-31": "11470.23000", "2011-09-30": "13035.49000", "2011-06-30": "12827.70000", "2011-03-31": "10280.61000", "2010-12-31": "9632.15300", "2010-09-30": "9292.88300", "2010-06-30": "9031.01900", "2010-03-31": "8688.98600", "2009-12-31": "8295.34300", "2009-09-30": "8658.73900", "2009-06-30": "7265.76000", "2009-03-31": "7063.41100", "2008-12-31": "6460.04700", "2008-09-30": "7177.24800", "2008-06-30": "7680.59300", "2008-03-31": "6865.43800", "2007-12-31": "10086.53000", "2007-09-30": "9745.96300", "2007-06-30": "9394.38500", "2007-03-31": "9066.01300", "2006-12-31": "9768.69600", "2006-09-30": "9351.57800", "2006-06-30": "9104.60900", "2006-03-31": "8934.67000", "2005-12-31": "7410.21000", "2005-09-30": "7533.21700", "2005-06-30": "7281.49300", "2005-03-31": "6578.97800"}, "Total Current Liabilities": {"2020-09-30": "6530.12900", "2020-06-30": "5780.21000", "2020-03-31": "4630.98700", "2019-12-31": "4496.09100", "2019-09-30": "4566.65400", "2019-06-30": "6195.50100", "2019-03-31": "4955.05600", "2018-12-31": "4776.13200", "2018-09-30": "4877.59700", "2018-06-30": "3631.51600", "2018-03-31": "4692.33700", "2017-12-31": "4828.00400", "2017-09-30": "4954.35800", "2017-06-30": "5901.60500", "2017-03-31": "4570.12900", "2016-12-31": "4592.83200", "2016-09-30": "4590.14100", "2016-06-30": "3760.79300", "2016-03-31": "3844.97300", "2015-12-31": "5162.94000", "2015-09-30": "5265.91100", "2015-06-30": "5309.23500", "2015-03-31": "5924.66300", "2014-12-31": "4112.52500", "2014-09-30": "5466.74700", "2014-06-30": "5308.19100", "2014-03-31": "4636.62100", "2013-12-31": "4551.64900", "2013-09-30": "3923.07200", "2013-06-30": "4011.90000", "2013-03-31": "3872.56000", "2012-12-31": "3924.46700", "2012-09-30": "4142.06500", "2012-06-30": "3515.69700", "2012-03-31": "3571.11900", "2011-12-31": "3220.51100", "2011-09-30": "4071.90300", "2011-06-30": "4248.61000", "2011-03-31": "4291.67300", "2010-12-31": "4499.30100", "2010-09-30": "3590.11000", "2010-06-30": "3492.94300", "2010-03-31": "3469.88600", "2009-12-31": "3287.28100", "2009-09-30": "3296.57300", "2009-06-30": "3024.84000", "2009-03-31": "3011.81600", "2008-12-31": "2980.00300", "2008-09-30": "4175.03400", "2008-06-30": "4414.10200", "2008-03-31": "4730.86200", "2007-12-31": "4225.14100", "2007-09-30": "2724.54000", "2007-06-30": "2598.83900", "2007-03-31": "2664.88200", "2006-12-31": "3591.47400", "2006-09-30": "2495.89800", "2006-06-30": "2374.14500", "2006-03-31": "2385.84900", "2005-12-31": "2150.07100", "2005-09-30": "2183.17800", "2005-06-30": "2089.13700", "2005-03-31": "2174.06000"}, "Long Term Debt": {"2020-09-30": "11989.76000", "2020-06-30": "10985.85000", "2020-03-31": "12978.58000", "2019-12-31": "12968.23000", "2019-09-30": "12960.78000", "2019-06-30": "12747.01000", "2019-03-31": "13825.42000", "2018-12-31": "13810.78000", "2018-09-30": "13790.11000", "2018-06-30": "15109.60000", "2018-03-31": "15152.08000", "2017-12-31": "15134.44000", "2017-09-30": "15119.42000", "2017-06-30": "15107.05000", "2017-03-31": "16292.67000", "2016-12-31": "15541.74000", "2016-09-30": "15534.24000", "2016-06-30": "14201.56000", "2016-03-31": "12215.94000", "2015-12-31": "12221.92000", "2015-09-30": "407.33600", "2015-06-30": "12235.12000", "2015-03-31": "12240.75000", "2014-12-31": "13746.06000", "2014-09-30": "11789.61000", "2014-06-30": "11795.57000", "2014-03-31": "12570.23000", "2013-12-31": "12596.79000", "2013-09-30": "13624.29000", "2013-06-30": "13633.03000", "2013-03-31": "11343.23000", "2012-12-31": "11350.40000", "2012-09-30": "10356.80000", "2012-06-30": "9364.97200", "2012-03-31": "7474.42600", "2011-12-31": "7458.13400", "2011-09-30": "7461.59600", "2011-06-30": "7470.95400", "2011-03-31": "5478.72300", "2010-12-31": "5484.04100", "2010-09-30": "6489.20100", "2010-06-30": "6477.87600", "2010-03-31": "6462.85600", "2009-12-31": "6470.04600", "2009-09-30": "6075.62900", "2009-06-30": "5078.79000", "2009-03-31": "5084.97700", "2008-12-31": "4969.42300", "2008-09-30": "4972.79400", "2008-06-30": "4983.25200", "2008-03-31": "4231.23800", "2007-12-31": "4575.25000", "2007-09-30": "6085.80900", "2007-06-30": "6098.08500", "2007-03-31": "5919.36100", "2006-12-31": "5928.85700", "2006-09-30": "6939.40700", "2006-06-30": "6949.17900", "2006-03-31": "6945.20000", "2005-12-31": "5898.83100", "2005-09-30": "5905.18100", "2005-06-30": "5914.71200", "2005-03-31": "5927.85200"}, "Other Non-Current Liabilities": {"2020-09-30": "", "2020-06-30": "", "2020-03-31": "", "2019-12-31": "", "2019-09-30": "", "2019-06-30": "", "2019-03-31": "", "2018-12-31": "", "2018-09-30": "", "2018-06-30": "", "2018-03-31": "", "2017-12-31": "", "2017-09-30": "", "2017-06-30": "", "2017-03-31": "", "2016-12-31": "", "2016-09-30": "", "2016-06-30": "", "2016-03-31": "", "2015-12-31": "", "2015-09-30": "", "2015-06-30": "", "2015-03-31": "", "2014-12-31": "", "2014-09-30": "", "2014-06-30": "", "2014-03-31": "", "2013-12-31": "", "2013-09-30": "", "2013-06-30": "", "2013-03-31": "", "2012-12-31": "", "2012-09-30": "", "2012-06-30": "", "2012-03-31": "", "2011-12-31": "", "2011-09-30": "", "2011-06-30": "", "2011-03-31": "", "2010-12-31": "", "2010-09-30": "", "2010-06-30": "", "2010-03-31": "", "2009-12-31": "", "2009-09-30": "", "2009-06-30": "", "2009-03-31": "", "2008-12-31": "", "2008-09-30": "", "2008-06-30": "", "2008-03-31": "", "2007-12-31": "", "2007-09-30": "", "2007-06-30": "", "2007-03-31": "", "2006-12-31": "", "2006-09-30": "", "2006-06-30": "", "2006-03-31": "", "2005-12-31": "", "2005-09-30": "", "2005-06-30": "", "2005-03-31": ""}, "Total Long Term Liabilities": {"2020-09-30": "16878.79000", "2020-06-30": "15557.73000", "2020-03-31": "17382.71000", "2019-12-31": "17170.77000", "2019-09-30": "17035.76000", "2019-06-30": "16758.11000", "2019-03-31": "17780.11000", "2018-12-31": "17216.69000", "2018-09-30": "17016.78000", "2018-06-30": "18212.37000", "2018-03-31": "18137.33000", "2017-12-31": "18007.86000", "2017-09-30": "19013.26000", "2017-06-30": "18778.03000", "2017-03-31": "19722.03000", "2016-12-31": "18710.14000", "2016-09-30": "18694.35000", "2016-06-30": "17169.42000", "2016-03-31": "15042.82000", "2015-12-31": "14975.98000", "2015-09-30": "14981.53000", "2015-06-30": "14786.77000", "2015-03-31": "14712.16000", "2014-12-31": "15920.88000", "2014-09-30": "14111.79000", "2014-06-30": "14024.57000", "2014-03-31": "14769.48000", "2013-12-31": "14807.78000", "2013-09-30": "15696.33000", "2013-06-30": "15684.21000", "2013-03-31": "13461.88000", "2012-12-31": "13383.51000", "2012-09-30": "12222.61000", "2012-06-30": "10833.09000", "2012-03-31": "8893.97600", "2011-12-31": "8668.72300", "2011-09-30": "8860.25200", "2011-06-30": "8671.69700", "2011-03-31": "6491.41200", "2010-12-31": "6266.29500", "2010-09-30": "7119.28400", "2010-06-30": "7118.38300", "2010-03-31": "7069.35400", "2009-12-31": "7099.75000", "2009-09-30": "6743.53800", "2009-06-30": "5760.86900", "2009-03-31": "5718.52200", "2008-12-31": "5429.14900", "2008-09-30": "5131.71200", "2008-06-30": "5358.25200", "2008-03-31": "4572.34000", "2007-12-31": "5221.39900", "2007-09-30": "6561.60100", "2007-06-30": "6569.13600", "2007-03-31": "6431.60500", "2006-12-31": "6396.60500", "2006-09-30": "7220.56800", "2006-06-30": "7241.96700", "2006-03-31": "7239.21800", "2005-12-31": "6126.76300", "2005-09-30": "6135.21400", "2005-06-30": "6164.41600", "2005-03-31": "6234.73500"}, "Total Liabilities": {"2020-09-30": "23408.93000", "2020-06-30": "21337.93000", "2020-03-31": "22013.70000", "2019-12-31": "21666.86000", "2019-09-30": "21602.41000", "2019-06-30": "22953.61000", "2019-03-31": "22735.16000", "2018-12-31": "21992.83000", "2018-09-30": "21894.37000", "2018-06-30": "21843.88000", "2018-03-31": "22829.67000", "2017-12-31": "22835.86000", "2017-09-30": "23967.62000", "2017-06-30": "24679.63000", "2017-03-31": "24292.16000", "2016-12-31": "23302.97000", "2016-09-30": "23284.49000", "2016-06-30": "20930.21000", "2016-03-31": "18887.79000", "2015-12-31": "20138.92000", "2015-09-30": "20247.44000", "2015-06-30": "20096.01000", "2015-03-31": "20636.83000", "2014-12-31": "20033.41000", "2014-09-30": "19578.53000", "2014-06-30": "19332.77000", "2014-03-31": "19406.10000", "2013-12-31": "19359.43000", "2013-09-30": "19619.40000", "2013-06-30": "19696.11000", "2013-03-31": "17334.45000", "2012-12-31": "17307.98000", "2012-09-30": "16364.67000", "2012-06-30": "14348.79000", "2012-03-31": "12465.09000", "2011-12-31": "11889.23000", "2011-09-30": "12932.16000", "2011-06-30": "12920.31000", "2011-03-31": "10783.08000", "2010-12-31": "10765.60000", "2010-09-30": "10709.39000", "2010-06-30": "10611.33000", "2010-03-31": "10539.24000", "2009-12-31": "10387.03000", "2009-09-30": "10040.11000", "2009-06-30": "8785.70900", "2009-03-31": "8730.33800", "2008-12-31": "8409.15300", "2008-09-30": "9306.74600", "2008-06-30": "9772.35400", "2008-03-31": "9303.20200", "2007-12-31": "9446.54000", "2007-09-30": "9286.14100", "2007-06-30": "9167.97500", "2007-03-31": "9096.48700", "2006-12-31": "9988.07900", "2006-09-30": "9716.46600", "2006-06-30": "9616.11200", "2006-03-31": "9625.06700", "2005-12-31": "8276.83400", "2005-09-30": "8318.39200", "2005-06-30": "8253.55300", "2005-03-31": "8408.79500"}, "Common Stock Net": {"2020-09-30": "5.25900", "2020-06-30": "5.24600", "2020-03-31": "5.23300", "2019-12-31": "5.23000", "2019-09-30": "4.93000", "2019-06-30": "4.69900", "2019-03-31": "4.68100", "2018-12-31": "4.67900", "2018-09-30": "4.67600", "2018-06-30": "4.67500", "2018-03-31": "4.66800", "2017-12-31": "4.66400", "2017-09-30": "4.66300", "2017-06-30": "4.66100", "2017-03-31": "4.65500", "2016-12-31": "4.65200", "2016-09-30": "4.65000", "2016-06-30": "4.64800", "2016-03-31": "4.64700", "2015-12-31": "5.20300", "2015-09-30": "5.19300", "2015-06-30": "5.19200", "2015-03-31": "5.18400", "2014-12-31": "5.17800", "2014-09-30": "5.16900", "2014-06-30": "5.16700", "2014-03-31": "5.14600", "2013-12-31": "5.14400", "2013-09-30": "5.13800", "2013-06-30": "5.12100", "2013-03-31": "5.09600", "2012-12-31": "5.09000", "2012-09-30": "5.07400", "2012-06-30": "5.06600", "2012-03-31": "60.46500", "2011-12-31": "5.03100", "2011-09-30": "5.02300", "2011-06-30": "5.02100", "2011-03-31": "4.99500", "2010-12-31": "4.99300", "2010-09-30": "4.99100", "2010-06-30": "4.99000", "2010-03-31": "4.97300", "2009-12-31": "4.97300", "2009-09-30": "4.96900", "2009-06-30": "4.96900", "2009-03-31": "4.95700", "2008-12-31": "4.95500", "2008-09-30": "4.95100", "2008-06-30": "4.95000", "2008-03-31": "4.94200", "2007-12-31": "4.93500", "2007-09-30": "4.92500", "2007-06-30": "4.92400", "2007-03-31": "4.91600", "2006-12-31": "4.90900", "2006-09-30": "4.90000", "2006-06-30": "4.89700", "2006-03-31": "4.89400", "2005-12-31": "4.88500", "2005-09-30": "4.88400", "2005-06-30": "4.88100", "2005-03-31": "4.87700"}, "Retained Earnings (Accumulated Deficit)": {"2020-09-30": "7642.34300", "2020-06-30": "7137.74400", "2020-03-31": "6685.40100", "2019-12-31": "6612.30200", "2019-09-30": "6222.89800", "2019-06-30": "5869.59400", "2019-03-31": "5552.55100", "2018-12-31": "5212.79000", "2018-09-30": "4875.71100", "2018-06-30": "4443.97700", "2018-03-31": "4005.26000", "2017-12-31": "3635.38000", "2017-09-30": "2249.89700", "2017-06-30": "1952.52200", "2017-03-31": "1912.40600", "2016-12-31": "1536.69100", "2016-09-30": "1009.36700", "2016-06-30": "701.94100", "2016-03-31": "291.47700", "2015-12-31": "1471.08400", "2015-09-30": "1596.37900", "2015-06-30": "1399.90000", "2015-03-31": "1075.47700", "2014-12-31": "723.99200", "2014-09-30": "314.06200", "2014-06-30": "168.54300", "2014-03-31": "-44.77000", "2013-12-31": "-220.70100", "2013-09-30": "-508.73900", "2013-06-30": "-823.64700", "2013-03-31": "-812.59500", "2012-12-31": "-1028.19300", "2012-09-30": "-784.40900", "2012-06-30": "-625.94800", "2012-03-31": "-851.68000", "2011-12-31": "-1211.99000", "2011-09-30": "-631.36600", "2011-06-30": "-950.46500", "2011-03-31": "-1285.22500", "2010-12-31": "-1834.61900", "2010-09-30": "-2081.50400", "2010-06-30": "-2272.65200", "2010-03-31": "-2529.64200", "2009-12-31": "-2760.58900", "2009-09-30": "-2036.13800", "2009-06-30": "-2116.70000", "2009-03-31": "-2180.12000", "2008-12-31": "-2492.80400", "2008-09-30": "-2685.38800", "2008-06-30": "-2777.28400", "2008-03-31": "-3113.16900", "2007-12-31": "-84.45600", "2007-09-30": "-259.49100", "2007-06-30": "-459.17100", "2007-03-31": "-683.37000", "2006-12-31": "-841.01000", "2006-09-30": "-931.26100", "2006-06-30": "-1070.87700", "2006-03-31": "-1239.65600", "2005-12-31": "-1386.93700", "2005-09-30": "-1519.56200", "2005-06-30": "-1728.42600", "2005-03-31": "-2583.95300"}, "Comprehensive Income": {"2020-09-30": "-1.58300", "2020-06-30": "-2.66400", "2020-03-31": "0.19800", "2019-12-31": "-0.01800", "2019-09-30": "-0.25200", "2019-06-30": "0.14900", "2019-03-31": "-0.05700", "2018-12-31": "-0.87400", "2018-09-30": "-0.53700", "2018-06-30": "0.73500", "2018-03-31": "1.35900", "2017-12-31": "0.88200", "2017-09-30": "6.17400", "2017-06-30": "5.63200", "2017-03-31": "4.88400", "2016-12-31": "0.78100", "2016-09-30": "0.65700", "2016-06-30": "2.39000", "2016-03-31": "19.60700", "2015-12-31": "61.98100", "2015-09-30": "72.20000", "2015-06-30": "82.16500", "2015-03-31": "79.03100", "2014-12-31": "174.50700", "2014-09-30": "166.83200", "2014-06-30": "190.12900", "2014-03-31": "184.39700", "2013-12-31": "173.87200", "2013-09-30": "205.08100", "2013-06-30": "214.53300", "2013-03-31": "203.68900", "2012-12-31": "188.80300", "2012-09-30": "57.80900", "2012-06-30": "-19.06300", "2012-03-31": "", "2011-12-31": "82.04300", "2011-09-30": "44.87500", "2011-06-30": "177.88800", "2011-03-31": "154.86100", "2010-12-31": "93.35700", "2010-09-30": "61.46200", "2010-06-30": "0.80200", "2010-03-31": "23.60500", "2009-12-31": "5.61400", "2009-09-30": "-2.12300", "2009-06-30": "-57.71400", "2009-03-31": "-124.21100", "2008-12-31": "-107.99800", "2008-09-30": "-91.44500", "2008-06-30": "-38.63800", "2008-03-31": "-26.40800", "2007-12-31": "46.69800", "2007-09-30": "81.64800", "2007-06-30": "55.11100", "2007-03-31": "51.24700", "2006-12-31": "49.87400", "2006-09-30": "17.23000", "2006-06-30": "21.64200", "2006-03-31": "18.04000", "2005-12-31": "4.03000", "2005-09-30": "3.13300", "2005-06-30": "7.43100", "2005-03-31": "14.99500"}, "Other Share Holders Equity": {"2020-09-30": "", "2020-06-30": "", "2020-03-31": "", "2019-12-31": "", "2019-09-30": "", "2019-06-30": "", "2019-03-31": "", "2018-12-31": "", "2018-09-30": "", "2018-06-30": "", "2018-03-31": "", "2017-12-31": "", "2017-09-30": "", "2017-06-30": "", "2017-03-31": "", "2016-12-31": "", "2016-09-30": "", "2016-06-30": "", "2016-03-31": "", "2015-12-31": "", "2015-09-30": "", "2015-06-30": "", "2015-03-31": "", "2014-12-31": "", "2014-09-30": "", "2014-06-30": "", "2014-03-31": "", "2013-12-31": "", "2013-09-30": "", "2013-06-30": "", "2013-03-31": "", "2012-12-31": "", "2012-09-30": "", "2012-06-30": "", "2012-03-31": "", "2011-12-31": "", "2011-09-30": "", "2011-06-30": "", "2011-03-31": "", "2010-12-31": "", "2010-09-30": "", "2010-06-30": "", "2010-03-31": "", "2009-12-31": "", "2009-09-30": "", "2009-06-30": "", "2009-03-31": "", "2008-12-31": "", "2008-09-30": "", "2008-06-30": "", "2008-03-31": "", "2007-12-31": "", "2007-09-30": "", "2007-06-30": "", "2007-03-31": "", "2006-12-31": "", "2006-09-30": "", "2006-06-30": "", "2006-03-31": "", "2005-12-31": "", "2005-09-30": "", "2005-06-30": "", "2005-03-31": ""}, "Share Holder Equity": {"2020-09-30": "12691.51000", "2020-06-30": "12159.54000", "2020-03-31": "11659.59000", "2019-12-31": "11564.07000", "2019-09-30": "10169.03000", "2019-06-30": "9330.51100", "2019-03-31": "8951.21700", "2018-12-31": "8594.18900", "2018-09-30": "8243.03800", "2018-06-30": "7806.12700", "2018-03-31": "7325.26300", "2017-12-31": "6937.90600", "2017-09-30": "5553.23500", "2017-06-30": "5237.92500", "2017-03-31": "5156.03800", "2016-12-31": "4611.32300", "2016-09-30": "4292.01700", "2016-06-30": "3519.58500", "2016-03-31": "3121.57900", "2015-12-31": "2747.78700", "2015-09-30": "2855.51800", "2015-06-30": "2666.68000", "2015-03-31": "2288.38100", "2014-12-31": "2012.13400", "2014-09-30": "1544.89700", "2014-06-30": "1435.93100", "2014-03-31": "1144.68300", "2013-12-31": "997.00500", "2013-09-30": "725.83600", "2013-06-30": "369.68800", "2013-03-31": "319.95400", "2012-12-31": "71.62800", "2012-09-30": "149.58400", "2012-06-30": "172.37800", "2012-03-31": "-55.58300", "2011-12-31": "-419.00300", "2011-09-30": "103.33500", "2011-06-30": "-92.60500", "2011-03-31": "-502.47200", "2010-12-31": "-1133.44300", "2010-09-30": "-1416.51100", "2010-06-30": "-1580.30700", "2010-03-31": "-1850.25400", "2009-12-31": "-2091.68800", "2009-09-30": "-1381.37200", "2009-06-30": "-1519.94900", "2009-03-31": "-1666.92700", "2008-12-31": "-1949.10600", "2008-09-30": "-2129.49800", "2008-06-30": "-2091.76100", "2008-03-31": "-2437.76400", "2007-12-31": "639.98900", "2007-09-30": "459.82200", "2007-06-30": "226.41000", "2007-03-31": "-30.47400", "2006-12-31": "-219.38300", "2006-09-30": "-364.88800", "2006-06-30": "-511.50300", "2006-03-31": "-690.39700", "2005-12-31": "-866.62400", "2005-09-30": "-785.17500", "2005-06-30": "-972.06000", "2005-03-31": "-1829.81700"}, "Total Liabilities And Share Holders Equity": {"2020-09-30": "36100.44000", "2020-06-30": "33497.47000", "2020-03-31": "33673.30000", "2019-12-31": "33230.93000", "2019-09-30": "31771.44000", "2019-06-30": "32284.12000", "2019-03-31": "31686.38000", "2018-12-31": "30587.01000", "2018-09-30": "30137.41000", "2018-06-30": "29650.01000", "2018-03-31": "30154.93000", "2017-12-31": "29773.77000", "2017-09-30": "29520.86000", "2017-06-30": "29917.56000", "2017-03-31": "29448.20000", "2016-12-31": "27914.29000", "2016-09-30": "27576.51000", "2016-06-30": "24449.79000", "2016-03-31": "22009.37000", "2015-12-31": "22886.71000", "2015-09-30": "23102.96000", "2015-06-30": "22762.69000", "2015-03-31": "22925.21000", "2014-12-31": "22045.54000", "2014-09-30": "21123.43000", "2014-06-30": "20768.70000", "2014-03-31": "20550.79000", "2013-12-31": "20356.43000", "2013-09-30": "20345.24000", "2013-06-30": "20065.80000", "2013-03-31": "17654.40000", "2012-12-31": "17379.61000", "2012-09-30": "16514.26000", "2012-06-30": "14521.16000", "2012-03-31": "12409.51000", "2011-12-31": "11470.23000", "2011-09-30": "13035.49000", "2011-06-30": "12827.70000", "2011-03-31": "10280.61000", "2010-12-31": "9632.15300", "2010-09-30": "9292.88300", "2010-06-30": "9031.01900", "2010-03-31": "8688.98600", "2009-12-31": "8295.34300", "2009-09-30": "8658.73900", "2009-06-30": "7265.76000", "2009-03-31": "7063.41100", "2008-12-31": "6460.04700", "2008-09-30": "7177.24800", "2008-06-30": "7680.59300", "2008-03-31": "6865.43800", "2007-12-31": "10086.53000", "2007-09-30": "9745.96300", "2007-06-30": "9394.38500", "2007-03-31": "9066.01300", "2006-12-31": "9768.69600", "2006-09-30": "9351.57800", "2006-06-30": "9104.60900", "2006-03-31": "8934.67000", "2005-12-31": "7410.21000", "2005-09-30": "7533.21700", "2005-06-30": "7281.49300", "2005-03-31": "6578.97800"}}, "cash flow statement": {"Net Income/Loss": {"2019-12-31": "1492.56900", "2018-12-31": "1655.49100", "2017-12-31": "2165.40700", "2016-12-31": "1550.78500", "2015-12-31": "842.02600", "2014-12-31": "928.90200", "2013-12-31": "789.74600", "2012-12-31": "625.74000", "2011-12-31": "1515.57800", "2010-12-31": "984.73200", "2009-12-31": "635.40300", "2008-12-31": "902.94700", "2007-12-31": "756.05400", "2006-12-31": "608.27200", "2005-12-31": "1514.54000"}, "Total Depreciation And Amortization - Cash Flow": {"2019-12-31": "630.57700", "2018-12-31": "712.02400", "2017-12-31": "817.56400", "2016-12-31": "921.20200", "2015-12-31": "963.35700", "2014-12-31": "1077.93600", "2013-12-31": "1054.02600", "2012-12-31": "964.48400", "2011-12-31": "912.20300", "2010-12-31": "983.96500", "2009-12-31": "940.03300", "2008-12-31": "1000.23000", "2007-12-31": "1329.41000", "2006-12-31": "1114.29400", "2005-12-31": "805.57300"}, "Other Non-Cash Items": {"2019-12-31": "240.70500", "2018-12-31": "477.78200", "2017-12-31": "-412.99900", "2016-12-31": "396.18700", "2015-12-31": "83.61200", "2014-12-31": "236.82500", "2013-12-31": "218.58200", "2012-12-31": "283.49200", "2011-12-31": "574.78600", "2010-12-31": "196.36200", "2009-12-31": "31.83300", "2008-12-31": "579.74400", "2007-12-31": "472.44600", "2006-12-31": "231.73000", "2005-12-31": "-715.99400"}, "Total Non-Cash Items": {"2019-12-31": "871.28210", "2018-12-31": "1189.80600", "2017-12-31": "404.56500", "2016-12-31": "1317.38900", "2015-12-31": "1046.96900", "2014-12-31": "1314.76100", "2013-12-31": "1272.60800", "2012-12-31": "1247.97600", "2011-12-31": "1486.98900", "2010-12-31": "1180.32700", "2009-12-31": "971.86600", "2008-12-31": "1579.97400", "2007-12-31": "1801.85600", "2006-12-31": "1346.02400", "2005-12-31": "89.57900"}, "Change In Accounts Receivable": {"2019-12-31": "49.18300", "2018-12-31": "14.72400", "2017-12-31": "126.84800", "2016-12-31": "109.36400", "2015-12-31": "66.60600", "2014-12-31": "0.21700", "2013-12-31": "-97.22800", "2012-12-31": "-66.64800", "2011-12-31": "17.14400", "2010-12-31": "-17.46000", "2009-12-31": "39.75900", "2008-12-31": "-159.37200", "2007-12-31": "-25.76400", "2006-12-31": "-190.21800", "2005-12-31": "-5.65300"}, "Change In Inventories": {"2019-12-31": "-79.54200", "2018-12-31": "14.78800", "2017-12-31": "37.89500", "2016-12-31": "-43.15700", "2015-12-31": "96.31800", "2014-12-31": "0.38000", "2013-12-31": "-12.65400", "2012-12-31": "85.32100", "2011-12-31": "-61.80900", "2010-12-31": "-229.15400", "2009-12-31": "51.41100", "2008-12-31": "-158.49800", "2007-12-31": "-88.36400", "2006-12-31": "16.74300", "2005-12-31": "71.98800"}, "Change In Accounts Payable": {"2019-12-31": "46.89200", "2018-12-31": "-160.95200", "2017-12-31": "-131.39900", "2016-12-31": "33.97600", "2015-12-31": "67.08600", "2014-12-31": "-212.66400", "2013-12-31": "109.05200", "2012-12-31": "144.93900", "2011-12-31": "-47.34000", "2010-12-31": "-12.32600", "2009-12-31": "-60.50800", "2008-12-31": "176.89000", "2007-12-31": "32.01900", "2006-12-31": "47.18200", "2005-12-31": "-7.42600"}, "Change In Assets/Liabilities": {"2019-12-31": "322.12700", "2018-12-31": "-148.25400", "2017-12-31": "-98.31300", "2016-12-31": "-8.70500", "2015-12-31": "98.74200", "2014-12-31": "76.04100", "2013-12-31": "-21.37600", "2012-12-31": "15.57200", "2011-12-31": "-248.75700", "2010-12-31": "-133.79300", "2009-12-31": "-11.54400", "2008-12-31": "-100.03900", "2007-12-31": "26.43800", "2006-12-31": "140.26200", "2005-12-31": "-50.36900"}, "Total Change In Assets/Liabilities": {"2019-12-31": "206.07900", "2018-12-31": "-256.55600", "2017-12-31": "239.16700", "2016-12-31": "-23.50000", "2015-12-31": "550.38000", "2014-12-31": "27.68900", "2013-12-31": "141.77200", "2012-12-31": "129.91800", "2011-12-31": "-473.69200", "2010-12-31": "-42.97800", "2009-12-31": "574.62000", "2008-12-31": "-301.90500", "2007-12-31": "51.28100", "2006-12-31": "319.25300", "2005-12-31": "159.56800"}, "Cash Flow From Operating Activities": {"2019-12-31": "2662.40100", "2018-12-31": "2517.84100", "2017-12-31": "2779.50700", "2016-12-31": "2854.24700", "2015-12-31": "2459.12300", "2014-12-31": "2378.12400", "2013-12-31": "2272.46500", "2012-12-31": "2011.87500", "2011-12-31": "2573.87800", "2010-12-31": "2139.80200", "2009-12-31": "2194.54300", "2008-12-31": "2188.34400", "2007-12-31": "2616.72000", "2006-12-31": "2279.24200", "2005-12-31": "1774.07400"}, "Net Change In Property, Plant, And Equipment": {"2019-12-31": "-581.08100", "2018-12-31": "-393.93800", "2017-12-31": "-431.79500", "2016-12-31": "-614.05500", "2015-12-31": "-734.99800", "2014-12-31": "-1001.86100", "2013-12-31": "-1116.57300", "2012-12-31": "-945.33400", "2011-12-31": "-760.15800", "2010-12-31": "-1113.21900", "2009-12-31": "-1037.19000", "2008-12-31": "-1129.89000", "2007-12-31": "-1444.52200", "2006-12-31": "-1396.31800", "2005-12-31": "-1506.39400"}, "Net Change In Intangible Assets": {"2019-12-31": "", "2018-12-31": "", "2017-12-31": "", "2016-12-31": "", "2015-12-31": "", "2014-12-31": "", "2013-12-31": "", "2012-12-31": "", "2011-12-31": "", "2010-12-31": "", "2009-12-31": "", "2008-12-31": "", "2007-12-31": "", "2006-12-31": "", "2005-12-31": "-25.50000"}, "Net Acquisitions/Divestitures": {"2019-12-31": "-901.36700", "2018-12-31": "-922.75900", "2017-12-31": "-953.49800", "2016-12-31": "-724.32900", "2015-12-31": "", "2014-12-31": "", "2013-12-31": "", "2012-12-31": "", "2011-12-31": "-233.58400", "2010-12-31": "", "2009-12-31": "", "2008-12-31": "", "2007-12-31": "", "2006-12-31": "", "2005-12-31": ""}, "Net Change In Short-term Investments": {"2019-12-31": "", "2018-12-31": "", "2017-12-31": "", "2016-12-31": "", "2015-12-31": "", "2014-12-31": "", "2013-12-31": "", "2012-12-31": "", "2011-12-31": "", "2010-12-31": "", "2009-12-31": "", "2008-12-31": "", "2007-12-31": "", "2006-12-31": "", "2005-12-31": ""}, "Net Change In Long-Term Investments": {"2019-12-31": "770.10790", "2018-12-31": "-673.68000", "2017-12-31": "-450.48200", "2016-12-31": "523.58200", "2015-12-31": "1606.90400", "2014-12-31": "2934.61500", "2013-12-31": "-1356.49700", "2012-12-31": "-1924.80300", "2011-12-31": "-336.33840", "2010-12-31": "-258.56250", "2009-12-31": "-1509.81600", "2008-12-31": "165.60690", "2007-12-31": "-933.86400", "2006-12-31": "-745.12500", "2005-12-31": "-143.77910"}, "Net Change In Investments - Total": {"2019-12-31": "770.10790", "2018-12-31": "-673.68000", "2017-12-31": "-450.48200", "2016-12-31": "523.58200", "2015-12-31": "1606.90400", "2014-12-31": "2934.61500", "2013-12-31": "-1356.49700", "2012-12-31": "-1924.80300", "2011-12-31": "-336.33840", "2010-12-31": "-258.56250", "2009-12-31": "-1509.81600", "2008-12-31": "165.60690", "2007-12-31": "-933.86400", "2006-12-31": "-745.12500", "2005-12-31": "-143.77910"}, "Investing Activities - Other": {"2019-12-31": "-5.49600", "2018-12-31": "15.10400", "2017-12-31": "-4685.77800", "2016-12-31": "-922.26790", "2015-12-31": "-8933.98900", "2014-12-31": "-2895.83100", "2013-12-31": "-548.01400", "2012-12-31": "-149.07700", "2011-12-31": "-1365.24800", "2010-12-31": "-105.74000", "2009-12-31": "-58.55000", "2008-12-31": "-633.18800", "2007-12-31": "-92.44600", "2006-12-31": "-7.52500", "2005-12-31": "215.33100"}, "Cash Flow From Investing Activities": {"2019-12-31": "-717.83600", "2018-12-31": "-1975.27300", "2017-12-31": "-6521.55300", "2016-12-31": "-1737.07000", "2015-12-31": "-8062.08400", "2014-12-31": "-963.07700", "2013-12-31": "-3021.08400", "2012-12-31": "-3019.21400", "2011-12-31": "-2695.32800", "2010-12-31": "-1477.52100", "2009-12-31": "-2605.55600", "2008-12-31": "-1597.47100", "2007-12-31": "-2470.83200", "2006-12-31": "-2148.96800", "2005-12-31": "-1460.34200"}, "Net Long-Term Debt": {"2019-12-31": "-1358.92000", "2018-12-31": "-1151.25600", "2017-12-31": "-116.56100", "2016-12-31": "3196.97900", "2015-12-31": "-686.84700", "2014-12-31": "868.34800", "2013-12-31": "1762.13100", "2012-12-31": "4363.91000", "2011-12-31": "967.76400", "2010-12-31": "-26.91000", "2009-12-31": "1348.69900", "2008-12-31": "-760.00000", "2007-12-31": "-1043.70800", "2006-12-31": "1017.02100", "2005-12-31": "-50.15000"}, "Net Current Debt": {"2019-12-31": "", "2018-12-31": "", "2017-12-31": "", "2016-12-31": "", "2015-12-31": "", "2014-12-31": "", "2013-12-31": "", "2012-12-31": "", "2011-12-31": "", "2010-12-31": "", "2009-12-31": "", "2008-12-31": "", "2007-12-31": "", "2006-12-31": "", "2005-12-31": ""}, "Debt Issuance/Retirement Net - Total": {"2019-12-31": "-1358.92000", "2018-12-31": "-1151.25600", "2017-12-31": "-116.56100", "2016-12-31": "3196.97900", "2015-12-31": "-686.84700", "2014-12-31": "868.34800", "2013-12-31": "1762.13100", "2012-12-31": "4363.91000", "2011-12-31": "967.76400", "2010-12-31": "-26.91000", "2009-12-31": "1348.69900", "2008-12-31": "-760.00000", "2007-12-31": "-1043.70800", "2006-12-31": "1017.02100", "2005-12-31": "-50.15000"}, "Net Common Equity Issued/Repurchased": {"2019-12-31": "1034.84300", "2018-12-31": "19.98100", "2017-12-31": "28.57400", "2016-12-31": "18.62500", "2015-12-31": "33.86800", "2014-12-31": "50.93400", "2013-12-31": "76.51200", "2012-12-31": "94.85200", "2011-12-31": "", "2010-12-31": "-100.55900", "2009-12-31": "-13.17600", "2008-12-31": "-61.72200", "2007-12-31": "54.67400", "2006-12-31": "12.28000", "2005-12-31": "-352.47300"}, "Net Total Equity Issued/Repurchased": {"2019-12-31": "1034.84300", "2018-12-31": "19.98100", "2017-12-31": "28.57400", "2016-12-31": "18.62500", "2015-12-31": "33.86800", "2014-12-31": "50.93400", "2013-12-31": "76.51200", "2012-12-31": "94.85200", "2011-12-31": "39.99500", "2010-12-31": "-100.55900", "2009-12-31": "-13.17600", "2008-12-31": "-61.72200", "2007-12-31": "54.67400", "2006-12-31": "12.28000", "2005-12-31": "-352.47300"}, "Total Common And Preferred Stock Dividends Paid": {"2019-12-31": "", "2018-12-31": "", "2017-12-31": "", "2016-12-31": "", "2015-12-31": "", "2014-12-31": "", "2013-12-31": "", "2012-12-31": "-452.89000", "2011-12-31": "-893.27800", "2010-12-31": "", "2009-12-31": "-894.15000", "2008-12-31": "", "2007-12-31": "", "2006-12-31": "", "2005-12-31": ""}, "Financial Activities - Other": {"2019-12-31": "-4.09200", "2018-12-31": "-3.27000", "2017-12-31": "-15.25000", "2016-12-31": "-61.67400", "2015-12-31": "204.77900", "2014-12-31": "60.98500", "2013-12-31": "12.86200", "2012-12-31": "-3.38800", "2011-12-31": "-20.48400", "2010-12-31": "0.01600", "2009-12-31": "-23.09000", "2008-12-31": "-590.11900", "2007-12-31": "13.01800", "2006-12-31": "-7.15400", "2005-12-31": ""}, "Cash Flow From Financial Activities": {"2019-12-31": "-328.16900", "2018-12-31": "-1134.54500", "2017-12-31": "-103.23700", "2016-12-31": "3153.93000", "2015-12-31": "-448.20000", "2014-12-31": "980.26700", "2013-12-31": "1851.50500", "2012-12-31": "4002.48400", "2011-12-31": "93.99700", "2010-12-31": "-127.45300", "2009-12-31": "418.28300", "2008-12-31": "-1411.84100", "2007-12-31": "-976.01600", "2006-12-31": "1022.14700", "2005-12-31": "-402.62300"}, "Net Cash Flow": {"2019-12-31": "1616.39600", "2018-12-31": "-591.97700", "2017-12-31": "-3845.28300", "2016-12-31": "4271.10700", "2015-12-31": "-6051.16100", "2014-12-31": "2395.31400", "2013-12-31": "1103.04200", "2012-12-31": "2997.03200", "2011-12-31": "-31.56400", "2010-12-31": "534.82800", "2009-12-31": "7.27000", "2008-12-31": "-820.96800", "2007-12-31": "-830.12800", "2006-12-31": "1152.42100", "2005-12-31": "-88.89100"}, "Stock-Based Compensation": {"2019-12-31": "14.26200", "2018-12-31": "36.26100", "2017-12-31": "29.94100", "2016-12-31": "13.03700", "2015-12-31": "19.19900", "2014-12-31": "34.15300", "2013-12-31": "29.73000", "2012-12-31": "39.32700", "2011-12-31": "31.21300", "2010-12-31": "15.38700", "2009-12-31": "12.22700", "2008-12-31": "15.34900", "2007-12-31": "23.01600", "2006-12-31": "17.64500", "2005-12-31": "0.30200"}, "Common Stock Dividends Paid": {"2019-12-31": "", "2018-12-31": "", "2017-12-31": "", "2016-12-31": "", "2015-12-31": "", "2014-12-31": "", "2013-12-31": "", "2012-12-31": "-452.89000", "2011-12-31": "-893.27800", "2010-12-31": "0.00000", "2009-12-31": "-894.15000", "2008-12-31": "0.00000", "2007-12-31": "", "2006-12-31": "", "2005-12-31": ""}}, "cash flow statement, quarterly": {"Net Income/Loss": {"2020-09-30": 532.958, "2020-06-30": 480.406, "2020-03-31": "99.27400", "2019-12-31": 413.547, "2019-09-30": 377.157, "2019-06-30": 340.566, "2019-03-31": "361.29900", "2018-12-31": 357.286, "2018-09-30": 452.598, "2018-06-30": 460.286, "2018-03-31": "385.32100", "2017-12-31": 1401.305, "2017-09-30": 315.265, "2017-06-30": 58.762, "2017-03-31": "390.07500", "2016-12-31": 367.804, "2016-09-30": 332.975, "2016-06-30": 438.062, "2016-03-31": "411.94400", "2015-12-31": -46.162, "2015-09-30": 202.61, "2015-06-30": 332.326, "2015-03-31": "353.25200", "2014-12-31": 407.921, "2014-09-30": 143.035, "2014-06-30": 207.129, "2014-03-31": "170.81700", "2013-12-31": 283.154, "2013-09-30": 310.99, "2013-06-30": -15.074, "2013-03-31": "210.67600", "2012-12-31": 203.347, "2012-09-30": -163.329, "2012-06-30": 225.596, "2012-03-31": "360.12600", "2011-12-31": 312.436, "2011-09-30": 318.978, "2011-06-30": 334.838, "2011-03-31": "549.32600", "2010-12-31": 251.855, "2010-09-30": 244.978, "2010-06-30": 256.984, "2010-03-31": "230.91500", "2009-12-31": 178.806, "2009-09-30": 80.493, "2009-06-30": 63.42, "2009-03-31": "312.68400", "2008-12-31": 216.584, "2008-09-30": 91.895, "2008-06-30": 335.885, "2008-03-31": "258.58300", "2007-12-31": 175.035, "2007-09-30": 199.68, "2007-06-30": 224.199, "2007-03-31": "157.14000", "2006-12-31": 152.596, "2006-09-30": 139.616, "2006-06-30": 168.779, "2006-03-31": "147.28100", "2005-12-31": 132.625, "2005-09-30": 208.864, "2005-06-30": 855.527, "2005-03-31": "317.52400"}, "Total Depreciation And Amortization - Cash Flow": {"2020-09-30": 199.083, "2020-06-30": 152.124, "2020-03-31": "166.82000", "2019-12-31": 173.555, "2019-09-30": 154.181, "2019-06-30": 149.702, "2019-03-31": "153.13900", "2018-12-31": 171.065, "2018-09-30": 175.285, "2018-06-30": 172.702, "2018-03-31": "192.97200", "2017-12-31": 191.939, "2017-09-30": 209.324, "2017-06-30": 211.671, "2017-03-31": "204.63000", "2016-12-31": 230.053, "2016-09-30": 223.998, "2016-06-30": 239.585, "2016-03-31": "227.56600", "2015-12-31": 202.062, "2015-09-30": 252.197, "2015-06-30": 262.886, "2015-03-31": "246.21200", "2014-12-31": 286.931, "2014-09-30": 269.89, "2014-06-30": 271.895, "2014-03-31": "249.22000", "2013-12-31": 266.178, "2013-09-30": 253.036, "2013-06-30": 304.642, "2013-03-31": "230.17000", "2012-12-31": 221.264, "2012-09-30": 235.403, "2012-06-30": 299.119, "2012-03-31": "208.69800", "2011-12-31": 216.311, "2011-09-30": 229.146, "2011-06-30": 237.049, "2011-03-31": "229.69700", "2010-12-31": 236.998, "2010-09-30": 242.859, "2010-06-30": 264.446, "2010-03-31": "239.66200", "2009-12-31": 243.045, "2009-09-30": 228.395, "2009-06-30": 245.3, "2009-03-31": "223.29300", "2008-12-31": 233.97, "2008-09-30": 245.646, "2008-06-30": 248.246, "2008-03-31": "272.36800", "2007-12-31": 321.209, "2007-09-30": 344.15, "2007-06-30": 343.932, "2007-03-31": "320.11900", "2006-12-31": 296.381, "2006-09-30": 296.451, "2006-06-30": 270.532, "2006-03-31": "250.93000", "2005-12-31": 227.752, "2005-09-30": 213.804, "2005-06-30": 193.367, "2005-03-31": "170.65000"}, "Other Non-Cash Items": {"2020-09-30": 663.36, "2020-06-30": 119.843, "2020-03-31": "423.17000", "2019-12-31": 56.171, "2019-09-30": 49.205, "2019-06-30": 70.487, "2019-03-31": "64.84200", "2018-12-31": 157.428, "2018-09-30": 87.45, "2018-06-30": 95.058, "2018-03-31": "137.84600", "2017-12-31": -947.574, "2017-09-30": 179.921, "2017-06-30": 200.146, "2017-03-31": "154.50800", "2016-12-31": 212.418, "2016-09-30": 108.002, "2016-06-30": 59.54, "2016-03-31": "16.22700", "2015-12-31": 200.153, "2015-09-30": 58.936, "2015-06-30": -68.639, "2015-03-31": "-106.83800", "2014-12-31": 128.326, "2014-09-30": 66.65, "2014-06-30": 35.384, "2014-03-31": "6.46500", "2013-12-31": -35.093, "2013-09-30": -9.865, "2013-06-30": 237.837, "2013-03-31": "25.70300", "2012-12-31": 22.659, "2012-09-30": 263.589, "2012-06-30": 80.527, "2012-03-31": "-83.28300", "2011-12-31": -27.566, "2011-09-30": 170.496, "2011-06-30": 206.499, "2011-03-31": "225.35700", "2010-12-31": 105.462, "2010-09-30": 45.488, "2010-06-30": 74.541, "2010-03-31": "-29.12900", "2009-12-31": -50.522, "2009-09-30": 1.425, "2009-06-30": 51.5, "2009-03-31": "29.43000", "2008-12-31": 293.863, "2008-09-30": 246.577, "2008-06-30": 16.55, "2008-03-31": "22.75400", "2007-12-31": 142.661, "2007-09-30": 119.09, "2007-06-30": 129.307, "2007-03-31": "81.38800", "2006-12-31": 89.959, "2006-09-30": 45.737, "2006-06-30": 89.269, "2006-03-31": "6.76500", "2005-12-31": 34.172, "2005-09-30": -7.301, "2005-06-30": -614.284, "2005-03-31": "-128.58100"}, "Total Non-Cash Items": {"2020-09-30": 862.443, "2020-06-30": 271.9669, "2020-03-31": "589.99010", "2019-12-31": 229.7261, "2019-09-30": 203.386, "2019-06-30": 220.189, "2019-03-31": "217.98100", "2018-12-31": 328.4931, "2018-09-30": 262.7349, "2018-06-30": 267.76, "2018-03-31": "330.81800", "2017-12-31": -755.635, "2017-09-30": 389.245, "2017-06-30": 411.817, "2017-03-31": "359.13800", "2016-12-31": 442.471, "2016-09-30": 332, "2016-06-30": 299.125, "2016-03-31": "243.79300", "2015-12-31": 402.215, "2015-09-30": 311.133, "2015-06-30": 194.247, "2015-03-31": "139.37400", "2014-12-31": 415.257, "2014-09-30": 336.5401, "2014-06-30": 307.2789, "2014-03-31": "255.68500", "2013-12-31": 231.085, "2013-09-30": 243.1709, "2013-06-30": 542.4791, "2013-03-31": "255.87300", "2012-12-31": 243.923, "2012-09-30": 498.992, "2012-06-30": 379.646, "2012-03-31": "125.41500", "2011-12-31": 188.745, "2011-09-30": 399.642, "2011-06-30": 443.548, "2011-03-31": "455.05400", "2010-12-31": 342.4601, "2010-09-30": 288.3469, "2010-06-30": 338.987, "2010-03-31": "210.53300", "2009-12-31": 192.523, "2009-09-30": 229.8201, "2009-06-30": 296.7999, "2009-03-31": "252.72300", "2008-12-31": 527.833, "2008-09-30": 492.223, "2008-06-30": 264.796, "2008-03-31": "295.12200", "2007-12-31": 463.87, "2007-09-30": 463.24, "2007-06-30": 473.239, "2007-03-31": "401.50700", "2006-12-31": 386.3399, "2006-09-30": 342.1881, "2006-06-30": 359.801, "2006-03-31": "257.69500", "2005-12-31": 261.924, "2005-09-30": 206.503, "2005-06-30": -420.917, "2005-03-31": "42.06900"}, "Change In Accounts Receivable": {"2020-09-30": 0, "2020-06-30": 0, "2020-03-31": "", "2019-12-31": 49.183, "2019-09-30": 0, "2019-06-30": 0, "2019-03-31": "", "2018-12-31": 14.724, "2018-09-30": 0, "2018-06-30": 0, "2018-03-31": "", "2017-12-31": 126.848, "2017-09-30": 0, "2017-06-30": 0, "2017-03-31": "", "2016-12-31": 109.364, "2016-09-30": 0, "2016-06-30": 0, "2016-03-31": "", "2015-12-31": 66.606, "2015-09-30": 0, "2015-06-30": 0, "2015-03-31": "", "2014-12-31": 0.217, "2014-09-30": 0, "2014-06-30": 0, "2014-03-31": "", "2013-12-31": -97.228, "2013-09-30": 0, "2013-06-30": 0, "2013-03-31": "", "2012-12-31": -66.648, "2012-09-30": 0, "2012-06-30": 0, "2012-03-31": "", "2011-12-31": 17.144, "2011-09-30": 0, "2011-06-30": 0, "2011-03-31": "", "2010-12-31": -17.46, "2010-09-30": 0, "2010-06-30": 0, "2010-03-31": "", "2009-12-31": 39.759, "2009-09-30": 0, "2009-06-30": 0, "2009-03-31": "", "2008-12-31": -159.372, "2008-09-30": 0, "2008-06-30": 0, "2008-03-31": "", "2007-12-31": -25.764, "2007-09-30": 0, "2007-06-30": 0, "2007-03-31": "", "2006-12-31": -190.218, "2006-09-30": 0, "2006-06-30": 0, "2006-03-31": "", "2005-12-31": -5.653, "2005-09-30": 0, "2005-06-30": 0, "2005-03-31": ""}, "Change In Inventories": {"2020-09-30": 0, "2020-06-30": 0, "2020-03-31": "", "2019-12-31": -79.542, "2019-09-30": 0, "2019-06-30": 0, "2019-03-31": "", "2018-12-31": 14.788, "2018-09-30": 0, "2018-06-30": 0, "2018-03-31": "", "2017-12-31": 37.895, "2017-09-30": 0, "2017-06-30": 0, "2017-03-31": "", "2016-12-31": -43.157, "2016-09-30": 0, "2016-06-30": 0, "2016-03-31": "", "2015-12-31": 96.318, "2015-09-30": 0, "2015-06-30": 0, "2015-03-31": "", "2014-12-31": 0.38, "2014-09-30": 0, "2014-06-30": 0, "2014-03-31": "", "2013-12-31": -12.654, "2013-09-30": 0, "2013-06-30": 0, "2013-03-31": "", "2012-12-31": 85.321, "2012-09-30": 0, "2012-06-30": 0, "2012-03-31": "", "2011-12-31": -61.809, "2011-09-30": 0, "2011-06-30": 0, "2011-03-31": "", "2010-12-31": -229.154, "2010-09-30": 0, "2010-06-30": 0, "2010-03-31": "", "2009-12-31": 51.411, "2009-09-30": 0, "2009-06-30": 0, "2009-03-31": "", "2008-12-31": -158.498, "2008-09-30": 0, "2008-06-30": 0, "2008-03-31": "", "2007-12-31": -88.364, "2007-09-30": 0, "2007-06-30": 0, "2007-03-31": "", "2006-12-31": 16.743, "2006-09-30": 0, "2006-06-30": 0, "2006-03-31": "", "2005-12-31": 71.988, "2005-09-30": 0, "2005-06-30": 0, "2005-03-31": ""}, "Change In Accounts Payable": {"2020-09-30": 0, "2020-06-30": 0, "2020-03-31": "", "2019-12-31": 46.892, "2019-09-30": 0, "2019-06-30": 0, "2019-03-31": "", "2018-12-31": -160.952, "2018-09-30": 0, "2018-06-30": 0, "2018-03-31": "", "2017-12-31": -131.399, "2017-09-30": 0, "2017-06-30": 0, "2017-03-31": "", "2016-12-31": 33.976, "2016-09-30": 0, "2016-06-30": 0, "2016-03-31": "", "2015-12-31": 67.086, "2015-09-30": 0, "2015-06-30": 0, "2015-03-31": "", "2014-12-31": -212.664, "2014-09-30": 0, "2014-06-30": 0, "2014-03-31": "", "2013-12-31": 109.052, "2013-09-30": 0, "2013-06-30": 0, "2013-03-31": "", "2012-12-31": 144.939, "2012-09-30": 0, "2012-06-30": 0, "2012-03-31": "", "2011-12-31": -47.34, "2011-09-30": 0, "2011-06-30": 0, "2011-03-31": "", "2010-12-31": -12.326, "2010-09-30": 0, "2010-06-30": 0, "2010-03-31": "", "2009-12-31": -60.508, "2009-09-30": 0, "2009-06-30": 0, "2009-03-31": "", "2008-12-31": 176.89, "2008-09-30": 0, "2008-06-30": 0, "2008-03-31": "", "2007-12-31": 32.019, "2007-09-30": 0, "2007-06-30": 0, "2007-03-31": "", "2006-12-31": 47.182, "2006-09-30": 0, "2006-06-30": 0, "2006-03-31": "", "2005-12-31": -7.426, "2005-09-30": 0, "2005-06-30": 0, "2005-03-31": ""}, "Change In Assets/Liabilities": {"2020-09-30": -376.911, "2020-06-30": 129.232, "2020-03-31": "132.16000", "2019-12-31": 115.904, "2019-09-30": -19.486, "2019-06-30": 67.591, "2019-03-31": "158.11800", "2018-12-31": -82.951, "2018-09-30": -12.081, "2018-06-30": -121.06, "2018-03-31": "67.83800", "2017-12-31": -383.118, "2017-09-30": 53.217, "2017-06-30": 50.786, "2017-03-31": "180.80200", "2016-12-31": -56.676, "2016-09-30": -98.336, "2016-06-30": -116.99, "2016-03-31": "263.29700", "2015-12-31": -586.612, "2015-09-30": 294.458, "2015-06-30": 12.678, "2015-03-31": "378.21800", "2014-12-31": -196.623, "2014-09-30": 141.783, "2014-06-30": -56.806, "2014-03-31": "187.68700", "2013-12-31": -58.222, "2013-09-30": -102.298, "2013-06-30": -19.986, "2013-03-31": "159.13000", "2012-12-31": -576.122, "2012-09-30": 342.254, "2012-06-30": -117.296, "2012-03-31": "366.73600", "2011-12-31": 275.944, "2011-09-30": 3.255, "2011-06-30": -364.045, "2011-03-31": "-163.91100", "2010-12-31": -82.676, "2010-09-30": -118.784, "2010-06-30": -211.223, "2010-03-31": "278.89000", "2009-12-31": -663.216, "2009-09-30": 333.868, "2009-06-30": -16.228, "2009-03-31": "334.03200", "2008-12-31": -181.044, "2008-09-30": -103.091, "2008-06-30": -166.464, "2008-03-31": "350.56000", "2007-12-31": 54.108, "2007-09-30": 44.149, "2007-06-30": -15.971, "2007-03-31": "-55.84800", "2006-12-31": -145.717, "2006-09-30": 75.477, "2006-06-30": -14.819, "2006-03-31": "225.32100", "2005-12-31": -208.899, "2005-09-30": 86.32, "2005-06-30": -44.524, "2005-03-31": "116.73400"}, "Total Change In Assets/Liabilities": {"2020-09-30": -376.911, "2020-06-30": 129.232, "2020-03-31": "132.16000", "2019-12-31": -0.144, "2019-09-30": -19.486, "2019-06-30": 67.591, "2019-03-31": "158.11800", "2018-12-31": -191.253, "2018-09-30": -12.081, "2018-06-30": -121.06, "2018-03-31": "67.83800", "2017-12-31": -45.638, "2017-09-30": 53.217, "2017-06-30": 50.786, "2017-03-31": "180.80200", "2016-12-31": -71.471, "2016-09-30": -98.336, "2016-06-30": -116.99, "2016-03-31": "263.29700", "2015-12-31": -134.974, "2015-09-30": 294.458, "2015-06-30": 12.678, "2015-03-31": "378.21800", "2014-12-31": -244.975, "2014-09-30": 141.783, "2014-06-30": -56.806, "2014-03-31": "187.68700", "2013-12-31": 104.926, "2013-09-30": -102.298, "2013-06-30": -19.986, "2013-03-31": "159.13000", "2012-12-31": -461.776, "2012-09-30": 342.254, "2012-06-30": -117.296, "2012-03-31": "366.73600", "2011-12-31": 51.009, "2011-09-30": 3.255, "2011-06-30": -364.045, "2011-03-31": "-163.91100", "2010-12-31": 8.139, "2010-09-30": -118.784, "2010-06-30": -211.223, "2010-03-31": "278.89000", "2009-12-31": -77.052, "2009-09-30": 333.868, "2009-06-30": -16.228, "2009-03-31": "334.03200", "2008-12-31": -382.91, "2008-09-30": -103.091, "2008-06-30": -166.464, "2008-03-31": "350.56000", "2007-12-31": 78.951, "2007-09-30": 44.149, "2007-06-30": -15.971, "2007-03-31": "-55.84800", "2006-12-31": 33.274, "2006-09-30": 75.477, "2006-06-30": -14.819, "2006-03-31": "225.32100", "2005-12-31": 1.038, "2005-09-30": 86.32, "2005-06-30": -44.524, "2005-03-31": "116.73400"}, "Cash Flow From Operating Activities": {"2020-09-30": 1006.795, "2020-06-30": 834.943, "2020-03-31": "875.95300", "2019-12-31": 633.772, "2019-09-30": 682.31, "2019-06-30": 613.39, "2019-03-31": "732.92900", "2018-12-31": 502.107, "2018-09-30": 690.396, "2018-06-30": 573.787, "2018-03-31": "751.55100", "2017-12-31": 552.424, "2017-09-30": 733.987, "2017-06-30": 556.329, "2017-03-31": "936.76700", "2016-12-31": 662.785, "2016-09-30": 599.812, "2016-06-30": 663.614, "2016-03-31": "928.03600", "2015-12-31": 229.086, "2015-09-30": 780.881, "2015-06-30": 557.559, "2015-03-31": "891.59700", "2014-12-31": 621.451, "2014-09-30": 635.524, "2014-06-30": 467.251, "2014-03-31": "653.89800", "2013-12-31": 640.149, "2013-09-30": 401.049, "2013-06-30": 544.805, "2013-03-31": "686.46200", "2012-12-31": -22.167, "2012-09-30": 685.978, "2012-06-30": 489.514, "2012-03-31": "858.55000", "2011-12-31": 582.722, "2011-09-30": 732.811, "2011-06-30": 414.05, "2011-03-31": "844.29500", "2010-12-31": 605.86, "2010-09-30": 418.081, "2010-06-30": 389.847, "2010-03-31": "726.01400", "2009-12-31": 302.814, "2009-09-30": 645.886, "2009-06-30": 344.627, "2009-03-31": "901.21600", "2008-12-31": 362.957, "2008-09-30": 483.498, "2008-06-30": 436.152, "2008-03-31": "905.73700", "2007-12-31": 720.065, "2007-09-30": 707.189, "2007-06-30": 684.997, "2007-03-31": "504.46900", "2006-12-31": 573.208, "2006-09-30": 556.799, "2006-06-30": 519.116, "2006-03-31": "630.11900", "2005-12-31": 402.055, "2005-09-30": 504.594, "2005-06-30": 390.25, "2005-03-31": "477.17500"}, "Net Change In Property, Plant, And Equipment": {"2020-09-30": -112.832, "2020-06-30": -99.553, "2020-03-31": "-97.16400", "2019-12-31": -119.679, "2019-09-30": -179.68, "2019-06-30": -160.863, "2019-03-31": "-120.85900", "2018-12-31": -111.133, "2018-09-30": -114.686, "2018-06-30": -97.598, "2018-03-31": "-70.52100", "2017-12-31": -107.69, "2017-09-30": -111.718, "2017-06-30": -97.488, "2017-03-31": "-114.89900", "2016-12-31": -144.382, "2016-09-30": -149.907, "2016-06-30": -158.566, "2016-03-31": "-161.20000", "2015-12-31": -129.514, "2015-09-30": -195.632, "2015-06-30": -197.742, "2015-03-31": "-212.11000", "2014-12-31": -84.405, "2014-09-30": -316.846, "2014-06-30": -299.765, "2014-03-31": "-300.84500", "2013-12-31": -205.451, "2013-09-30": -318.57, "2013-06-30": -281.619, "2013-03-31": "-310.93300", "2012-12-31": -263.409, "2012-09-30": -261.74, "2012-06-30": -251.257, "2012-03-31": "-168.92800", "2011-12-31": -166.246, "2011-09-30": -191.168, "2011-06-30": -169.792, "2011-03-31": "-232.95200", "2010-12-31": -280.939, "2010-09-30": -295.001, "2010-06-30": -216.909, "2010-03-31": "-320.37000", "2009-12-31": -312.874, "2009-09-30": -257.583, "2009-06-30": -214.559, "2009-03-31": "-252.17400", "2008-12-31": -285.625, "2008-09-30": -315.923, "2008-06-30": -261.571, "2008-03-31": "-266.77100", "2007-12-31": -374.489, "2007-09-30": -329.938, "2007-06-30": -409.311, "2007-03-31": "-330.78400", "2006-12-31": -407.723, "2006-09-30": -376.879, "2006-06-30": -312.831, "2006-03-31": "-298.88500", "2005-12-31": -554.4, "2005-09-30": -315.187, "2005-06-30": -333.64, "2005-03-31": "-303.16700"}, "Net Change In Intangible Assets": {"2020-09-30": 0, "2020-06-30": 0, "2020-03-31": "", "2019-12-31": 0, "2019-09-30": 0, "2019-06-30": 0, "2019-03-31": "", "2018-12-31": 0, "2018-09-30": 0, "2018-06-30": 0, "2018-03-31": "", "2017-12-31": 0, "2017-09-30": 0, "2017-06-30": 0, "2017-03-31": "", "2016-12-31": 0, "2016-09-30": 0, "2016-06-30": 0, "2016-03-31": "", "2015-12-31": 0, "2015-09-30": 0, "2015-06-30": 0, "2015-03-31": "", "2014-12-31": 0, "2014-09-30": 0, "2014-06-30": 0, "2014-03-31": "", "2013-12-31": 0, "2013-09-30": 0, "2013-06-30": 0, "2013-03-31": "", "2012-12-31": 0, "2012-09-30": 0, "2012-06-30": 0, "2012-03-31": "", "2011-12-31": 0, "2011-09-30": 0, "2011-06-30": 0, "2011-03-31": "", "2010-12-31": 0, "2010-09-30": 0, "2010-06-30": 0, "2010-03-31": "", "2009-12-31": 0, "2009-09-30": 0, "2009-06-30": 0, "2009-03-31": "", "2008-12-31": 711.871, "2008-09-30": 0, "2008-06-30": -711.871, "2008-03-31": "", "2007-12-31": 0, "2007-09-30": 0, "2007-06-30": 0, "2007-03-31": "", "2006-12-31": 0, "2006-09-30": 0, "2006-06-30": 0, "2006-03-31": "", "2005-12-31": 0, "2005-09-30": -11.5, "2005-06-30": 0, "2005-03-31": "-14.00000"}, "Net Acquisitions/Divestitures": {"2020-09-30": -646.265, "2020-06-30": 0, "2020-03-31": "", "2019-12-31": -166.736, "2019-09-30": -734.631, "2019-06-30": 0, "2019-03-31": "", "2018-12-31": -922.759, "2018-09-30": 472.773, "2018-06-30": -472.773, "2018-03-31": "", "2017-12-31": -184.452, "2017-09-30": -769.046, "2017-06-30": 282.597, "2017-03-31": "-282.59700", "2016-12-31": -160.631, "2016-09-30": -563.698, "2016-06-30": 0, "2016-03-31": "", "2015-12-31": 0, "2015-09-30": 0, "2015-06-30": 0, "2015-03-31": "", "2014-12-31": 0, "2014-09-30": 0, "2014-06-30": 0, "2014-03-31": "", "2013-12-31": 0, "2013-09-30": 0, "2013-06-30": 0, "2013-03-31": "", "2012-12-31": 0, "2012-09-30": 0, "2012-06-30": 0, "2012-03-31": "", "2011-12-31": -107.061, "2011-09-30": 0, "2011-06-30": -126.523, "2011-03-31": "", "2010-12-31": 0, "2010-09-30": 0, "2010-06-30": 0, "2010-03-31": "", "2009-12-31": 0, "2009-09-30": 0, "2009-06-30": 0, "2009-03-31": "", "2008-12-31": 0, "2008-09-30": 0, "2008-06-30": 0, "2008-03-31": "", "2007-12-31": 0, "2007-09-30": 0, "2007-06-30": 0, "2007-03-31": "", "2006-12-31": 0, "2006-09-30": 0, "2006-06-30": 0, "2006-03-31": "", "2005-12-31": 0, "2005-09-30": 0, "2005-06-30": 0, "2005-03-31": ""}, "Net Change In Short-term Investments": {"2020-09-30": 0, "2020-06-30": 0, "2020-03-31": "", "2019-12-31": 0, "2019-09-30": 0, "2019-06-30": 0, "2019-03-31": "", "2018-12-31": 0, "2018-09-30": 0, "2018-06-30": 0, "2018-03-31": "", "2017-12-31": 0, "2017-09-30": 0, "2017-06-30": 0, "2017-03-31": "", "2016-12-31": 0, "2016-09-30": 0, "2016-06-30": 0, "2016-03-31": "", "2015-12-31": 0, "2015-09-30": 0, "2015-06-30": 0, "2015-03-31": "", "2014-12-31": 0, "2014-09-30": 0, "2014-06-30": 0, "2014-03-31": "", "2013-12-31": 0, "2013-09-30": 0, "2013-06-30": 0, "2013-03-31": "", "2012-12-31": 0, "2012-09-30": 0, "2012-06-30": 0, "2012-03-31": "", "2011-12-31": 0, "2011-09-30": 0, "2011-06-30": 0, "2011-03-31": "", "2010-12-31": 0, "2010-09-30": 0, "2010-06-30": 0, "2010-03-31": "", "2009-12-31": 0, "2009-09-30": 0, "2009-06-30": 0, "2009-03-31": "", "2008-12-31": 0, "2008-09-30": 0, "2008-06-30": 0, "2008-03-31": "", "2007-12-31": 0, "2007-09-30": 0, "2007-06-30": 0, "2007-03-31": "", "2006-12-31": 0, "2006-09-30": 0, "2006-06-30": 0, "2006-03-31": "", "2005-12-31": 0, "2005-09-30": 0, "2005-06-30": 0, "2005-03-31": ""}, "Net Change In Long-Term Investments": {"2020-09-30": -956.277, "2020-06-30": 519.608, "2020-03-31": "-144.21200", "2019-12-31": -223.1071, "2019-09-30": 637.888, "2019-06-30": -12.544, "2019-03-31": "367.87100", "2018-12-31": -546.926, "2018-09-30": -63.958, "2018-06-30": -367.11, "2018-03-31": "304.31400", "2017-12-31": -184.95, "2017-09-30": -195.598, "2017-06-30": 1.16, "2017-03-31": "-71.09400", "2016-12-31": 172.352, "2016-09-30": -75.974, "2016-06-30": 9.594, "2016-03-31": "417.61000", "2015-12-31": -201.285, "2015-09-30": 28.066, "2015-06-30": -8.83, "2015-03-31": "1788.95300", "2014-12-31": 2301.3467, "2014-09-30": 387.5212, "2014-06-30": -38.687, "2014-03-31": "284.43410", "2013-12-31": 445.722, "2013-09-30": 543.656, "2013-06-30": -1296.876, "2013-03-31": "-1048.99900", "2012-12-31": -210.808, "2012-09-30": -899.064, "2012-06-30": -954.063, "2012-03-31": "139.13200", "2011-12-31": -30.8316, "2011-09-30": 31.3811, "2011-06-30": -380.391, "2011-03-31": "43.50310", "2010-12-31": -396.7573, "2010-09-30": 384.3127, "2010-06-30": 41.5811, "2010-03-31": "-287.69900", "2009-12-31": 477.433, "2009-09-30": -1313.9619, "2009-06-30": -212.0151, "2009-03-31": "-461.27200", "2008-12-31": -54.1827, "2008-09-30": 661.6976, "2008-06-30": -208.724, "2008-03-31": "-233.18400", "2007-12-31": -634.9302, "2007-09-30": -47.9679, "2007-06-30": -119.4318, "2007-03-31": "-131.53410", "2006-12-31": -179.943, "2006-09-30": -287.882, "2006-06-30": -178.985, "2006-03-31": "-98.31500", "2005-12-31": -27.0741, "2005-09-30": -34.463, "2005-06-30": -102.387, "2005-03-31": "20.14500"}, "Net Change In Investments - Total": {"2020-09-30": -956.277, "2020-06-30": 519.608, "2020-03-31": "-144.21200", "2019-12-31": -223.1071, "2019-09-30": 637.888, "2019-06-30": -12.544, "2019-03-31": "367.87100", "2018-12-31": -546.926, "2018-09-30": -63.958, "2018-06-30": -367.11, "2018-03-31": "304.31400", "2017-12-31": -184.95, "2017-09-30": -195.598, "2017-06-30": 1.16, "2017-03-31": "-71.09400", "2016-12-31": 172.352, "2016-09-30": -75.974, "2016-06-30": 9.594, "2016-03-31": "417.61000", "2015-12-31": -201.285, "2015-09-30": 28.066, "2015-06-30": -8.83, "2015-03-31": "1788.95300", "2014-12-31": 2301.3467, "2014-09-30": 387.5212, "2014-06-30": -38.687, "2014-03-31": "284.43410", "2013-12-31": 445.722, "2013-09-30": 543.656, "2013-06-30": -1296.876, "2013-03-31": "-1048.99900", "2012-12-31": -210.808, "2012-09-30": -899.064, "2012-06-30": -954.063, "2012-03-31": "139.13200", "2011-12-31": -30.8316, "2011-09-30": 31.3811, "2011-06-30": -380.391, "2011-03-31": "43.50310", "2010-12-31": -396.7573, "2010-09-30": 384.3127, "2010-06-30": 41.5811, "2010-03-31": "-287.69900", "2009-12-31": 477.433, "2009-09-30": -1313.9619, "2009-06-30": -212.0151, "2009-03-31": "-461.27200", "2008-12-31": -54.1827, "2008-09-30": 661.6976, "2008-06-30": -208.724, "2008-03-31": "-233.18400", "2007-12-31": -634.9302, "2007-09-30": -47.9679, "2007-06-30": -119.4318, "2007-03-31": "-131.53410", "2006-12-31": -179.943, "2006-09-30": -287.882, "2006-06-30": -178.985, "2006-03-31": "-98.31500", "2005-12-31": -27.0741, "2005-09-30": -34.463, "2005-06-30": -102.387, "2005-03-31": "20.14500"}, "Investing Activities - Other": {"2020-09-30": -1027.568, "2020-06-30": -376.47, "2020-03-31": "-239.76000", "2019-12-31": -66.105, "2019-09-30": 495.784, "2019-06-30": -147.895, "2019-03-31": "-287.28000", "2018-12-31": 763.57, "2018-09-30": -754.691, "2018-06-30": 296.615, "2018-03-31": "-290.39000", "2017-12-31": 2.71, "2017-09-30": 464.858, "2017-06-30": -5166.91, "2017-03-31": "13.56400", "2016-12-31": 2.7521, "2016-09-30": -1091.232, "2016-06-30": 157.071, "2016-03-31": "9.14100", "2015-12-31": -74.198, "2015-09-30": -59.292, "2015-06-30": -66.064, "2015-03-31": "-8734.43500", "2014-12-31": -1617.155, "2014-09-30": 2.301, "2014-06-30": -102.79, "2014-03-31": "-1178.18700", "2013-12-31": -518.462, "2013-09-30": 90.396, "2013-06-30": -115.144, "2013-03-31": "-4.80400", "2012-12-31": -53.843, "2012-09-30": -40.89, "2012-06-30": 25.097, "2012-03-31": "-79.44100", "2011-12-31": 1083.295, "2011-09-30": -1288.667, "2011-06-30": -1032.46, "2011-03-31": "-127.41600", "2010-12-31": 1.941, "2010-09-30": -1.261, "2010-06-30": -3.415, "2010-03-31": "-103.00500", "2009-12-31": -0.069, "2009-09-30": 4.521, "2009-06-30": -63.189, "2009-03-31": "0.18700", "2008-12-31": -634.183, "2008-09-30": 3.7, "2008-06-30": -0.059, "2008-03-31": "-2.64600", "2007-12-31": -43.055, "2007-09-30": 5.603, "2007-06-30": -57.511, "2007-03-31": "2.51700", "2006-12-31": 25.596, "2006-09-30": 2.482, "2006-06-30": -38.95, "2006-03-31": "3.34700", "2005-12-31": -3.747, "2005-09-30": -16.585, "2005-06-30": 217.663, "2005-03-31": "18.00000"}, "Cash Flow From Investing Activities": {"2020-09-30": -2742.942, "2020-06-30": 43.585, "2020-03-31": "-481.13600", "2019-12-31": -575.627, "2019-09-30": 219.361, "2019-06-30": -321.302, "2019-03-31": "-40.26800", "2018-12-31": -817.248, "2018-09-30": -460.562, "2018-06-30": -640.866, "2018-03-31": "-56.59700", "2017-12-31": -474.382, "2017-09-30": -611.504, "2017-06-30": -4980.641, "2017-03-31": "-455.02600", "2016-12-31": -129.909, "2016-09-30": -1880.811, "2016-06-30": 8.099, "2016-03-31": "265.55100", "2015-12-31": -404.998, "2015-09-30": -226.858, "2015-06-30": -272.636, "2015-03-31": "-7157.59200", "2014-12-31": 599.787, "2014-09-30": 72.976, "2014-06-30": -441.242, "2014-03-31": "-1194.59800", "2013-12-31": -278.191, "2013-09-30": 315.482, "2013-06-30": -1693.639, "2013-03-31": "-1364.73600", "2012-12-31": -528.06, "2012-09-30": -1201.694, "2012-06-30": -1180.223, "2012-03-31": "-109.23700", "2011-12-31": 779.157, "2011-09-30": -1448.454, "2011-06-30": -1709.166, "2011-03-31": "-316.86500", "2010-12-31": -675.755, "2010-09-30": 88.051, "2010-06-30": -178.743, "2010-03-31": "-711.07400", "2009-12-31": 164.49, "2009-09-30": -1567.024, "2009-06-30": -489.763, "2009-03-31": "-713.25900", "2008-12-31": -262.119, "2008-09-30": 349.474, "2008-06-30": -1182.225, "2008-03-31": "-502.60100", "2007-12-31": -1052.474, "2007-09-30": -372.303, "2007-06-30": -586.254, "2007-03-31": "-459.80100", "2006-12-31": -562.07, "2006-09-30": -662.279, "2006-06-30": -530.766, "2006-03-31": "-393.85300", "2005-12-31": -585.221, "2005-09-30": -377.735, "2005-06-30": -218.364, "2005-03-31": "-279.02200"}, "Net Long-Term Debt": {"2020-09-30": 958.296, "2020-06-30": -1118.863, "2020-03-31": "-16.71300", "2019-12-31": -20.436, "2019-09-30": -1304.613, "2019-06-30": -4.874, "2019-03-31": "-28.99700", "2018-12-31": -30.213, "2018-09-30": -12.499, "2018-06-30": -1041.613, "2018-03-31": "-66.93100", "2017-12-31": -184.152, "2017-09-30": 87.677, "2017-06-30": -1010.924, "2017-03-31": "990.83800", "2016-12-31": -11.093, "2016-09-30": 2728.93, "2016-06-30": 1989.49, "2016-03-31": "-1510.34800", "2015-12-31": -13.376, "2015-09-30": -8.417, "2015-06-30": -657.938, "2015-03-31": "-7.11600", "2014-12-31": 1091.847, "2014-09-30": -106.685, "2014-06-30": -109.09, "2014-03-31": "-7.72400", "2013-12-31": -459.918, "2013-09-30": -57.573, "2013-06-30": 2288.101, "2013-03-31": "-8.47900", "2012-12-31": 1492.509, "2012-09-30": 990.35, "2012-06-30": 1889.509, "2012-03-31": "-8.45800", "2011-12-31": -920.672, "2011-09-30": -93.964, "2011-06-30": 1990.898, "2011-03-31": "-8.49800", "2010-12-31": -4.931, "2010-09-30": -9.199, "2010-06-30": -5.701, "2010-03-31": "-7.07900", "2009-12-31": 368.742, "2009-09-30": 991.771, "2009-06-30": -6.721, "2009-03-31": "-5.09300", "2008-12-31": -974.487, "2008-09-30": -530.495, "2008-06-30": 746.961, "2008-03-31": "-1.97900", "2007-12-31": -11.888, "2007-09-30": -11.59, "2007-06-30": -10.899, "2007-03-31": "-1009.33100", "2006-12-31": -9.964, "2006-09-30": -9.101, "2006-06-30": -9.558, "2006-03-31": "1045.64400", "2005-12-31": -4.494, "2005-09-30": -12.29, "2005-06-30": -16.527, "2005-03-31": "-16.83900"}, "Net Current Debt": {"2020-09-30": 0, "2020-06-30": 0, "2020-03-31": "", "2019-12-31": 0, "2019-09-30": 0, "2019-06-30": 0, "2019-03-31": "", "2018-12-31": 0, "2018-09-30": 0, "2018-06-30": 0, "2018-03-31": "", "2017-12-31": 0, "2017-09-30": 0, "2017-06-30": 0, "2017-03-31": "", "2016-12-31": 0, "2016-09-30": 0, "2016-06-30": 0, "2016-03-31": "", "2015-12-31": 0, "2015-09-30": 0, "2015-06-30": 0, "2015-03-31": "", "2014-12-31": 0, "2014-09-30": 0, "2014-06-30": 0, "2014-03-31": "", "2013-12-31": 0, "2013-09-30": 0, "2013-06-30": 0, "2013-03-31": "", "2012-12-31": 0, "2012-09-30": 0, "2012-06-30": 0, "2012-03-31": "", "2011-12-31": 0, "2011-09-30": 0, "2011-06-30": 0, "2011-03-31": "", "2010-12-31": 0, "2010-09-30": 0, "2010-06-30": 0, "2010-03-31": "", "2009-12-31": 0, "2009-09-30": 0, "2009-06-30": 0, "2009-03-31": "", "2008-12-31": 0, "2008-09-30": 0, "2008-06-30": 0, "2008-03-31": "", "2007-12-31": 0, "2007-09-30": 0, "2007-06-30": 0, "2007-03-31": "", "2006-12-31": 0, "2006-09-30": 0, "2006-06-30": 0, "2006-03-31": "", "2005-12-31": 0, "2005-09-30": 0, "2005-06-30": 0, "2005-03-31": ""}, "Debt Issuance/Retirement Net - Total": {"2020-09-30": 958.296, "2020-06-30": -1118.863, "2020-03-31": "-16.71300", "2019-12-31": -20.436, "2019-09-30": -1304.613, "2019-06-30": -4.874, "2019-03-31": "-28.99700", "2018-12-31": -30.213, "2018-09-30": -12.499, "2018-06-30": -1041.613, "2018-03-31": "-66.93100", "2017-12-31": -184.152, "2017-09-30": 87.677, "2017-06-30": -1010.924, "2017-03-31": "990.83800", "2016-12-31": -11.093, "2016-09-30": 2728.93, "2016-06-30": 1989.49, "2016-03-31": "-1510.34800", "2015-12-31": -13.376, "2015-09-30": -8.417, "2015-06-30": -657.938, "2015-03-31": "-7.11600", "2014-12-31": 1091.847, "2014-09-30": -106.685, "2014-06-30": -109.09, "2014-03-31": "-7.72400", "2013-12-31": -459.918, "2013-09-30": -57.573, "2013-06-30": 2288.101, "2013-03-31": "-8.47900", "2012-12-31": 1492.509, "2012-09-30": 990.35, "2012-06-30": 1889.509, "2012-03-31": "-8.45800", "2011-12-31": -920.672, "2011-09-30": -93.964, "2011-06-30": 1990.898, "2011-03-31": "-8.49800", "2010-12-31": -4.931, "2010-09-30": -9.199, "2010-06-30": -5.701, "2010-03-31": "-7.07900", "2009-12-31": 368.742, "2009-09-30": 991.771, "2009-06-30": -6.721, "2009-03-31": "-5.09300", "2008-12-31": -974.487, "2008-09-30": -530.495, "2008-06-30": 746.961, "2008-03-31": "-1.97900", "2007-12-31": -11.888, "2007-09-30": -11.59, "2007-06-30": -10.899, "2007-03-31": "-1009.33100", "2006-12-31": -9.964, "2006-09-30": -9.101, "2006-06-30": -9.558, "2006-03-31": "1045.64400", "2005-12-31": -4.494, "2005-09-30": -12.29, "2005-06-30": -16.527, "2005-03-31": "-16.83900"}, "Net Common Equity Issued/Repurchased": {"2020-09-30": 12.936, "2020-06-30": 3.551, "2020-03-31": "5.52500", "2019-12-31": 1002.812, "2019-09-30": 4.615, "2019-06-30": 22.666, "2019-03-31": "4.75000", "2018-12-31": 3.681, "2018-09-30": 4.57, "2018-06-30": 3.739, "2018-03-31": "7.99100", "2017-12-31": 4.403, "2017-09-30": 7.393, "2017-06-30": 10.404, "2017-03-31": "6.37400", "2016-12-31": 6.439, "2016-09-30": 4.743, "2016-06-30": 4.387, "2016-03-31": "3.05600", "2015-12-31": 12.583, "2015-09-30": 3.284, "2015-06-30": 11.656, "2015-03-31": "6.34500", "2014-12-31": 13.582, "2014-09-30": 7.656, "2014-06-30": 23.682, "2014-03-31": "6.01400", "2013-12-31": 9.914, "2013-09-30": 29.527, "2013-06-30": 26.184, "2013-03-31": "10.88700", "2012-12-31": 33.448, "2012-09-30": 11.552, "2012-06-30": 44.101, "2012-03-31": "5.75100", "2011-12-31": -26.924, "2011-09-30": 3.027, "2011-06-30": 20.301, "2011-03-31": "3.59600", "2010-12-31": 1.141, "2010-09-30": -91.039, "2010-06-30": 3.127, "2010-03-31": "-13.78800", "2009-12-31": 2.85, "2009-09-30": 0.694, "2009-06-30": 0.782, "2009-03-31": "-17.50200", "2008-12-31": 0.281, "2008-09-30": -80.481, "2008-06-30": 17.548, "2008-03-31": "0.93000", "2007-12-31": 26.592, "2007-09-30": 1.512, "2007-06-30": 20.545, "2007-03-31": "6.02500", "2006-12-31": 14.1, "2006-09-30": 5.162, "2006-06-30": 3.364, "2006-03-31": "-10.34600", "2005-12-31": -209.193, "2005-09-30": -17.526, "2005-06-30": -85.663, "2005-03-31": "-40.09100"}, "Net Total Equity Issued/Repurchased": {"2020-09-30": 12.936, "2020-06-30": 3.551, "2020-03-31": "5.52500", "2019-12-31": 1002.812, "2019-09-30": 4.615, "2019-06-30": 22.666, "2019-03-31": "4.75000", "2018-12-31": 3.681, "2018-09-30": 4.57, "2018-06-30": 3.739, "2018-03-31": "7.99100", "2017-12-31": 4.403, "2017-09-30": -992.607, "2017-06-30": 1010.404, "2017-03-31": "6.37400", "2016-12-31": 6.439, "2016-09-30": 4.743, "2016-06-30": 4.387, "2016-03-31": "3.05600", "2015-12-31": 12.583, "2015-09-30": 3.284, "2015-06-30": 11.656, "2015-03-31": "6.34500", "2014-12-31": 13.582, "2014-09-30": 7.656, "2014-06-30": 23.682, "2014-03-31": "6.01400", "2013-12-31": 9.914, "2013-09-30": 29.527, "2013-06-30": 26.184, "2013-03-31": "10.88700", "2012-12-31": 33.448, "2012-09-30": 11.552, "2012-06-30": 44.101, "2012-03-31": "5.75100", "2011-12-31": 13.071, "2011-09-30": 3.027, "2011-06-30": 20.301, "2011-03-31": "3.59600", "2010-12-31": 1.141, "2010-09-30": -91.039, "2010-06-30": 3.127, "2010-03-31": "-13.78800", "2009-12-31": 2.85, "2009-09-30": 0.694, "2009-06-30": 0.782, "2009-03-31": "-17.50200", "2008-12-31": 0.281, "2008-09-30": -80.481, "2008-06-30": 17.548, "2008-03-31": "0.93000", "2007-12-31": 26.592, "2007-09-30": 1.512, "2007-06-30": 20.545, "2007-03-31": "6.02500", "2006-12-31": 14.1, "2006-09-30": 5.162, "2006-06-30": 3.364, "2006-03-31": "-10.34600", "2005-12-31": -209.193, "2005-09-30": -17.526, "2005-06-30": -85.663, "2005-03-31": "-40.09100"}, "Total Common And Preferred Stock Dividends Paid": {"2020-09-30": 0, "2020-06-30": 0, "2020-03-31": "", "2019-12-31": 0, "2019-09-30": 0, "2019-06-30": 0, "2019-03-31": "", "2018-12-31": 0, "2018-09-30": 0, "2018-06-30": 0, "2018-03-31": "", "2017-12-31": 0, "2017-09-30": 0, "2017-06-30": 0, "2017-03-31": "", "2016-12-31": 0, "2016-09-30": 0, "2016-06-30": 0, "2016-03-31": "", "2015-12-31": 0, "2015-09-30": 0, "2015-06-30": 0, "2015-03-31": "", "2014-12-31": 0, "2014-09-30": 0, "2014-06-30": 0, "2014-03-31": "", "2013-12-31": 0, "2013-09-30": 0, "2013-06-30": 0, "2013-03-31": "", "2012-12-31": -452.89, "2012-09-30": 0, "2012-06-30": 0, "2012-03-31": "", "2011-12-31": -893.278, "2011-09-30": 0, "2011-06-30": 0, "2011-03-31": "", "2010-12-31": 0, "2010-09-30": 0, "2010-06-30": 0, "2010-03-31": "", "2009-12-31": -894.15, "2009-09-30": 0, "2009-06-30": 0, "2009-03-31": "", "2008-12-31": 0, "2008-09-30": 0, "2008-06-30": 0, "2008-03-31": "", "2007-12-31": 0, "2007-09-30": 0, "2007-06-30": 0, "2007-03-31": "", "2006-12-31": 0, "2006-09-30": 0, "2006-06-30": 0, "2006-03-31": "", "2005-12-31": 0, "2005-09-30": 0, "2005-06-30": 0, "2005-03-31": ""}, "Financial Activities - Other": {"2020-09-30": -1.67, "2020-06-30": -0.001, "2020-03-31": "0.00200", "2019-12-31": -0.02, "2019-09-30": -53.573, "2019-06-30": 20.501, "2019-03-31": "29.00000", "2018-12-31": -0.51, "2018-09-30": 0, "2018-06-30": -2.601, "2018-03-31": "-0.15900", "2017-12-31": -1.645, "2017-09-30": -0.349, "2017-06-30": 0, "2017-03-31": "-13.25600", "2016-12-31": 11.924, "2016-09-30": -17.887, "2016-06-30": -25.289, "2016-03-31": "-30.42200", "2015-12-31": -14.341, "2015-09-30": 1.242, "2015-06-30": 5.711, "2015-03-31": "212.16700", "2014-12-31": 27.273, "2014-09-30": 13.726, "2014-06-30": 18.071, "2014-03-31": "1.91500", "2013-12-31": 3.632, "2013-09-30": 11.184, "2013-06-30": -2.294, "2013-03-31": "0.34000", "2012-12-31": -4.279, "2012-09-30": 4.685, "2012-06-30": -4.839, "2012-03-31": "1.04500", "2011-12-31": 2.387, "2011-09-30": 0.366, "2011-06-30": -23.559, "2011-03-31": "0.32200", "2010-12-31": 0, "2010-09-30": 0.016, "2010-06-30": 0, "2010-03-31": "", "2009-12-31": 5.528, "2009-09-30": -28.618, "2009-06-30": 0, "2009-03-31": "", "2008-12-31": 0, "2008-09-30": 0.061, "2008-06-30": -5.033, "2008-03-31": "-585.14700", "2007-12-31": 8.611, "2007-09-30": 0.387, "2007-06-30": 3.29, "2007-03-31": "0.73000", "2006-12-31": -2.471, "2006-09-30": 1.123, "2006-06-30": 1.694, "2006-03-31": "-7.50000", "2005-12-31": 0, "2005-09-30": 0, "2005-06-30": 0, "2005-03-31": ""}, "Cash Flow From Financial Activities": {"2020-09-30": 969.562, "2020-06-30": -1115.313, "2020-03-31": "-11.18600", "2019-12-31": 982.356, "2019-09-30": -1353.571, "2019-06-30": 38.293, "2019-03-31": "4.75300", "2018-12-31": -27.042, "2018-09-30": -7.929, "2018-06-30": -1040.475, "2018-03-31": "-59.09900", "2017-12-31": -181.394, "2017-09-30": -905.279, "2017-06-30": -0.52, "2017-03-31": "983.95600", "2016-12-31": 7.27, "2016-09-30": 2715.786, "2016-06-30": 1968.588, "2016-03-31": "-1537.71400", "2015-12-31": -15.134, "2015-09-30": -3.891, "2015-06-30": -640.571, "2015-03-31": "211.39600", "2014-12-31": 1132.702, "2014-09-30": -85.303, "2014-06-30": -67.337, "2014-03-31": "0.20500", "2013-12-31": -446.372, "2013-09-30": -16.862, "2013-06-30": 2311.991, "2013-03-31": "2.74800", "2012-12-31": 1068.788, "2012-09-30": 1006.587, "2012-06-30": 1928.771, "2012-03-31": "-1.66200", "2011-12-31": -1798.492, "2011-09-30": -90.571, "2011-06-30": 1987.64, "2011-03-31": "-4.58000", "2010-12-31": -3.79, "2010-09-30": -100.222, "2010-06-30": -2.574, "2010-03-31": "-20.86700", "2009-12-31": -517.03, "2009-09-30": 963.847, "2009-06-30": -5.939, "2009-03-31": "-22.59500", "2008-12-31": -974.206, "2008-09-30": -610.915, "2008-06-30": 759.476, "2008-03-31": "-586.19600", "2007-12-31": 23.315, "2007-09-30": -9.691, "2007-06-30": 12.936, "2007-03-31": "-1002.57600", "2006-12-31": 1.665, "2006-09-30": -2.816, "2006-06-30": -4.5, "2006-03-31": "1027.79800", "2005-12-31": -213.687, "2005-09-30": -29.816, "2005-06-30": -102.19, "2005-03-31": "-56.93000"}, "Net Cash Flow": {"2020-09-30": -766.585, "2020-06-30": -236.785, "2020-03-31": "383.63100", "2019-12-31": 1040.501, "2019-09-30": -451.9, "2019-06-30": 330.381, "2019-03-31": "697.41400", "2018-12-31": -342.183, "2018-09-30": 221.905, "2018-06-30": -1107.554, "2018-03-31": "635.85500", "2017-12-31": -103.352, "2017-09-30": -782.796, "2017-06-30": -4424.832, "2017-03-31": "1465.69700", "2016-12-31": 540.146, "2016-09-30": 1434.787, "2016-06-30": 2640.301, "2016-03-31": "-344.12700", "2015-12-31": -191.046, "2015-09-30": 550.132, "2015-06-30": -355.648, "2015-03-31": "-6054.59900", "2014-12-31": 2353.94, "2014-09-30": 623.197, "2014-06-30": -41.328, "2014-03-31": "-540.49500", "2013-12-31": -84.271, "2013-09-30": 699.631, "2013-06-30": 1162.98, "2013-03-31": "-675.29800", "2012-12-31": 518.501, "2012-09-30": 491.945, "2012-06-30": 1237.026, "2012-03-31": "749.56000", "2011-12-31": -436.408, "2011-09-30": -809.734, "2011-06-30": 691.728, "2011-03-31": "522.85000", "2010-12-31": -73.685, "2010-09-30": 405.91, "2010-06-30": 208.53, "2010-03-31": "-5.92700", "2009-12-31": -49.726, "2009-09-30": 42.709, "2009-06-30": -151.075, "2009-03-31": "165.36200", "2008-12-31": -873.368, "2008-09-30": 222.057, "2008-06-30": 13.403, "2008-03-31": "-183.06000", "2007-12-31": -309.094, "2007-09-30": 325.195, "2007-06-30": 111.679, "2007-03-31": "-957.90800", "2006-12-31": 12.803, "2006-09-30": -108.296, "2006-06-30": -16.15, "2006-03-31": "1264.06400", "2005-12-31": -396.853, "2005-09-30": 97.043, "2005-06-30": 69.696, "2005-03-31": "141.22300"}, "Stock-Based Compensation": {"2020-09-30": 13.135, "2020-06-30": 18.393, "2020-03-31": "16.41800", "2019-12-31": 5.968, "2019-09-30": -15.348, "2019-06-30": 12.105, "2019-03-31": "11.53700", "2018-12-31": 11.364, "2018-09-30": 6.125, "2018-06-30": 9.712, "2018-03-31": "9.06000", "2017-12-31": 9.322, "2017-09-30": 8.756, "2017-06-30": 5.089, "2017-03-31": "6.77400", "2016-12-31": 2.507, "2016-09-30": 6.785, "2016-06-30": -0.732, "2016-03-31": "4.47700", "2015-12-31": 1.485, "2015-09-30": 2.891, "2015-06-30": 7.114, "2015-03-31": "7.70900", "2014-12-31": 9.195, "2014-09-30": 4.314, "2014-06-30": 10.781, "2014-03-31": "9.86300", "2013-12-31": 4.433, "2013-09-30": 10.651, "2013-06-30": 3.888, "2013-03-31": "10.75800", "2012-12-31": 2.37, "2012-09-30": 6.758, "2012-06-30": 7.017, "2012-03-31": "23.18200", "2011-12-31": 5.618, "2011-09-30": 6.7, "2011-06-30": 3.718, "2011-03-31": "15.17700", "2010-12-31": 3.061, "2010-09-30": 3.116, "2010-06-30": 2.894, "2010-03-31": "6.31600", "2009-12-31": 3.67, "2009-09-30": 1.282, "2009-06-30": 4.066, "2009-03-31": "3.20900", "2008-12-31": 3.659, "2008-09-30": 3.889, "2008-06-30": 4.242, "2008-03-31": "3.55900", "2007-12-31": 6.461, "2007-09-30": 5.297, "2007-06-30": 5.725, "2007-03-31": "5.53300", "2006-12-31": 4.492, "2006-09-30": 5.387, "2006-06-30": 4.507, "2006-03-31": "3.25900", "2005-12-31": 0.302, "2005-09-30": 0, "2005-06-30": 0, "2005-03-31": ""}, "Common Stock Dividends Paid": {"2020-09-30": 0, "2020-06-30": 0, "2020-03-31": "", "2019-12-31": 0, "2019-09-30": 0, "2019-06-30": 0, "2019-03-31": "", "2018-12-31": 0, "2018-09-30": 0, "2018-06-30": 0, "2018-03-31": "", "2017-12-31": 0, "2017-09-30": 0, "2017-06-30": 0, "2017-03-31": "", "2016-12-31": 0, "2016-09-30": 0, "2016-06-30": 0, "2016-03-31": "", "2015-12-31": 0, "2015-09-30": 0, "2015-06-30": 0, "2015-03-31": "", "2014-12-31": 0, "2014-09-30": 0, "2014-06-30": 0, "2014-03-31": "", "2013-12-31": 0, "2013-09-30": 0, "2013-06-30": 0, "2013-03-31": "", "2012-12-31": -452.89, "2012-09-30": 0, "2012-06-30": 0, "2012-03-31": "", "2011-12-31": -893.278, "2011-09-30": 0, "2011-06-30": 0, "2011-03-31": "", "2010-12-31": 0, "2010-09-30": 0, "2010-06-30": 0, "2010-03-31": "", "2009-12-31": -894.15, "2009-09-30": 0, "2009-06-30": 0, "2009-03-31": "", "2008-12-31": 0, "2008-09-30": 0, "2008-06-30": 0, "2008-03-31": "", "2007-12-31": 0, "2007-09-30": 0, "2007-06-30": 0, "2007-03-31": "", "2006-12-31": 0, "2006-09-30": 0, "2006-06-30": 0, "2006-03-31": "", "2005-12-31": 0, "2005-09-30": 0, "2005-06-30": 0, "2005-03-31": ""}}, "financial ratios": {"Current Ratio": {"2019-12-31": "0.89300", "2018-12-31": "0.68870", "2017-12-31": "0.68040", "2016-12-31": "1.80290", "2015-12-31": "0.68630", "2014-12-31": "3.05220", "2013-12-31": "2.70530", "2012-12-31": "2.30840", "2011-12-31": "1.16370", "2010-12-31": "1.01650", "2009-12-31": "1.05740", "2008-12-31": "0.70400", "2007-12-31": "1.00470", "2006-12-31": "1.28070", "2005-12-31": "1.11490"}, "Long-term Debt / Capital": {"2019-12-31": "0.52860", "2018-12-31": "0.61640", "2017-12-31": "0.68570", "2016-12-31": "0.77120", "2015-12-31": "0.81640", "2014-12-31": "0.87230", "2013-12-31": "0.92670", "2012-12-31": "0.99370", "2011-12-31": "1.05950", "2010-12-31": "1.26050", "2009-12-31": "1.47770", "2008-12-31": "1.64530", "2007-12-31": "0.87730", "2006-12-31": "1.03840", "2005-12-31": "1.17220"}, "Debt/Equity Ratio": {"2019-12-31": "1.22270", "2018-12-31": "1.76310", "2017-12-31": "2.33540", "2016-12-31": "3.57460", "2015-12-31": "5.00620", "2014-12-31": "7.17030", "2013-12-31": "13.67260", "2012-12-31": "165.96420", "2011-12-31": "-17.88480", "2010-12-31": "-5.74790", "2009-12-31": "-3.10590", "2008-12-31": "-2.56930", "2007-12-31": "9.57160", "2006-12-31": "-31.75870", "2005-12-31": "-6.84880"}, "Gross Margin": {"2019-12-31": "26.01970", "2018-12-31": "26.68980", "2017-12-31": "24.93260", "2016-12-31": "34.90960", "2015-12-31": "34.81770", "2014-12-31": "36.01310", "2013-12-31": "37.23580", "2012-12-31": "40.68380", "2011-12-31": "43.34330", "2010-12-31": "42.95310", "2009-12-31": "39.79170", "2008-12-31": "42.73560", "2007-12-31": "45.15320", "2006-12-31": "45.21440", "2005-12-31": "44.95180"}, "Operating Margin": {"2019-12-31": "14.66990", "2018-12-31": "15.76660", "2017-12-31": "10.89380", "2016-12-31": "15.24600", "2015-12-31": "9.38140", "2014-12-31": "12.45920", "2013-12-31": "9.69570", "2012-12-31": "9.54650", "2011-12-31": "22.40300", "2010-12-31": "15.35380", "2009-12-31": "11.89050", "2008-12-31": "17.69950", "2007-12-31": "14.18710", "2006-12-31": "12.39880", "2005-12-31": "13.81820"}, "EBIT Margin": {"2019-12-31": "14.66990", "2018-12-31": "15.76660", "2017-12-31": "10.89380", "2016-12-31": "15.24600", "2015-12-31": "9.38140", "2014-12-31": "12.45920", "2013-12-31": "9.69570", "2012-12-31": "9.54650", "2011-12-31": "22.40300", "2010-12-31": "15.35380", "2009-12-31": "11.89050", "2008-12-31": "17.69950", "2007-12-31": "14.18710", "2006-12-31": "12.39880", "2005-12-31": "13.81820"}, "EBITDA Margin": {"2019-12-31": "19.59330", "2018-12-31": "20.99390", "2017-12-31": "16.57470", "2016-12-31": "21.30160", "2015-12-31": "15.70870", "2014-12-31": "19.82050", "2013-12-31": "17.27600", "2012-12-31": "16.86360", "2011-12-31": "29.38020", "2010-12-31": "23.13780", "2009-12-31": "19.94970", "2008-12-31": "26.30940", "2007-12-31": "26.17420", "2006-12-31": "23.74770", "2005-12-31": "23.35480"}, "Pre-Tax Profit Margin": {"2019-12-31": "15.17780", "2018-12-31": "16.07170", "2017-12-31": "11.46580", "2016-12-31": "15.88590", "2015-12-31": "8.11270", "2014-12-31": "8.23400", "2013-12-31": "8.17640", "2012-12-31": "7.54790", "2011-12-31": "18.45750", "2010-12-31": "12.20030", "2009-12-31": "8.68330", "2008-12-31": "13.50420", "2007-12-31": "11.27240", "2006-12-31": "9.40080", "2005-12-31": "11.92220"}, "Net Profit Margin": {"2019-12-31": "10.92710", "2018-12-31": "11.56340", "2017-12-31": "14.58300", "2016-12-31": "9.84690", "2015-12-31": "5.26990", "2014-12-31": "6.45130", "2013-12-31": "5.80730", "2012-12-31": "4.83020", "2011-12-31": "11.59480", "2010-12-31": "7.79010", "2009-12-31": "5.44870", "2008-12-31": "7.77250", "2007-12-31": "6.81720", "2006-12-31": "6.19520", "2005-12-31": "17.92950"}, "Asset Turnover": {"2019-12-31": "0.38540", "2018-12-31": "0.44530", "2017-12-31": "0.48340", "2016-12-31": "0.54500", "2015-12-31": "0.66530", "2014-12-31": "0.66420", "2013-12-31": "0.68310", "2012-12-31": "0.75840", "2011-12-31": "1.13980", "2010-12-31": "1.31230", "2009-12-31": "1.40610", "2008-12-31": "1.79830", "2007-12-31": "1.09950", "2006-12-31": "1.00510", "2005-12-31": "1.13990"}, "Inventory Turnover Ratio": {"2019-12-31": "29.34410", "2018-12-31": "34.34700", "2017-12-31": "33.65410", "2016-12-31": "23.44450", "2015-12-31": "25.42560", "2014-12-31": "18.97680", "2013-12-31": "17.02200", "2012-12-31": "16.79320", "2011-12-31": "10.47490", "2010-12-31": "14.78980", "2009-12-31": "23.72960", "2008-12-31": "15.59170", "2007-12-31": "19.81890", "2006-12-31": "22.64820", "2005-12-31": "21.00960"}, "Receiveable Turnover": {"2019-12-31": "21.76850", "2018-12-31": "21.28810", "2017-12-31": "22.00690", "2016-12-31": "19.55540", "2015-12-31": "17.62150", "2014-12-31": "15.38990", "2013-12-31": "12.92830", "2012-12-31": "13.57050", "2011-12-31": "16.44920", "2010-12-31": "16.08130", "2009-12-31": "14.95650", "2008-12-31": "11.98320", "2007-12-31": "15.86380", "2006-12-31": "14.76130", "2005-12-31": "17.65660"}, "Days Sales In Receivables": {"2019-12-31": "16.76730", "2018-12-31": "17.14570", "2017-12-31": "16.58570", "2016-12-31": "18.66490", "2015-12-31": "20.71330", "2014-12-31": "23.71690", "2013-12-31": "28.23270", "2012-12-31": "26.89660", "2011-12-31": "22.18960", "2010-12-31": "22.69720", "2009-12-31": "24.40410", "2008-12-31": "30.45930", "2007-12-31": "23.00840", "2006-12-31": "24.72680", "2005-12-31": "20.67210"}, "ROE - Return On Equity": {"2019-12-31": "12.90700", "2018-12-31": "19.26290", "2017-12-31": "31.21120", "2016-12-31": "33.62990", "2015-12-31": "30.64380", "2014-12-31": "46.16500", "2013-12-31": "83.96030", "2012-12-31": "925.50150", "2011-12-31": "-363.33240", "2010-12-31": "-86.87970", "2009-12-31": "-30.37750", "2008-12-31": "-46.32620", "2007-12-31": "118.13550", "2006-12-31": "-277.26490", "2005-12-31": "-174.76320"}, "Return On Tangible Equity": {"2019-12-31": "12.90700", "2018-12-31": "19.26290", "2017-12-31": "31.21120", "2016-12-31": "33.62990", "2015-12-31": "30.64380", "2014-12-31": "46.16500", "2013-12-31": "83.96050", "2012-12-31": "925.51610", "2011-12-31": "-363.33260", "2010-12-31": "-86.87980", "2009-12-31": "-30.37750", "2008-12-31": "-46.32620", "2007-12-31": "460.45470", "2006-12-31": "-145.78260", "2005-12-31": "-138.53250"}, "ROA - Return On Assets": {"2019-12-31": "4.49150", "2018-12-31": "5.41240", "2017-12-31": "7.27290", "2016-12-31": "5.55550", "2015-12-31": "3.67910", "2014-12-31": "4.21360", "2013-12-31": "4.11220", "2012-12-31": "3.81440", "2011-12-31": "13.27240", "2010-12-31": "10.22340", "2009-12-31": "7.65980", "2008-12-31": "13.97740", "2007-12-31": "7.49570", "2006-12-31": "6.22670", "2005-12-31": "20.43860"}, "ROI - Return On Investment": {"2019-12-31": "6.08410", "2018-12-31": "7.38890", "2017-12-31": "9.81050", "2016-12-31": "7.69500", "2015-12-31": "5.62490", "2014-12-31": "5.89470", "2013-12-31": "6.15790", "2012-12-31": "5.80390", "2011-12-31": "21.62730", "2010-12-31": "22.63440", "2009-12-31": "14.51240", "2008-12-31": "29.89580", "2007-12-31": "14.49700", "2006-12-31": "10.65370", "2005-12-31": "30.09690"}, "Book Value Per Share": {"2019-12-31": "22.10940", "2018-12-31": "18.36820", "2017-12-31": "14.87330", "2016-12-31": "9.91160", "2015-12-31": "5.91960", "2014-12-31": "4.35790", "2013-12-31": "2.17560", "2012-12-31": "0.15810", "2011-12-31": "-0.93730", "2010-12-31": "-2.55720", "2009-12-31": "-4.67740", "2008-12-31": "-4.35650", "2007-12-31": "1.42680", "2006-12-31": "-0.49200", "2005-12-31": "-1.95230"}, "Operating Cash Flow Per Share": {"2019-12-31": 0.1607, "2018-12-31": -0.5304, "2017-12-31": -0.5765, "2016-12-31": 0.6033, "2015-12-31": 0.1548, "2014-12-31": 0.188, "2013-12-31": 0.5069, "2012-12-31": -1.3177, "2011-12-31": 0.9686, "2010-12-31": -0.1007, "2009-12-31": 0.1371, "2008-12-31": -0.973, "2007-12-31": 0.693, "2006-12-31": 1.3704, "2005-12-31": 3.6645}, "Free Cash Flow Per Share": {"2019-12-31": -0.1702, "2018-12-31": -0.4533, "2017-12-31": -0.1345, "2016-12-31": 0.9167, "2015-12-31": 0.7372, "2014-12-31": 0.4556, "2013-12-31": 0.1625, "2012-12-31": -1.7039, "2011-12-31": 1.7601, "2010-12-31": -0.2812, "2009-12-31": 0.28, "2008-12-31": -0.266, "2007-12-31": 0.6155, "2006-12-31": 1.3975, "2005-12-31": 0.5529}}, "financial ratios, quarterly": {"Current Ratio": {"2020-09-30": "0.76650", "2020-06-30": "0.71080", "2020-03-31": "1.00240", "2019-12-31": "0.89300", "2019-09-30": "0.59810", "2019-06-30": "0.63240", "2019-03-31": "0.72500", "2018-12-31": "0.68870", "2018-09-30": "0.62300", "2018-06-30": "0.75550", "2018-03-31": "0.73860", "2017-12-31": "0.68040", "2017-09-30": "0.63030", "2017-06-30": "0.62920", "2017-03-31": "2.09990", "2016-12-31": "1.80290", "2016-09-30": "1.72130", "2016-06-30": "1.30640", "2016-03-31": "0.66520", "2015-12-31": "0.68630", "2015-09-30": "2.58760", "2015-06-30": "2.50100", "2015-03-31": "2.26400", "2014-12-31": "3.05220", "2014-09-30": "2.08790", "2014-06-30": "2.08990", "2014-03-31": "2.71510", "2013-12-31": "2.70530", "2013-09-30": "3.14520", "2013-06-30": "3.03150", "2013-03-31": "2.41100", "2012-12-31": "2.30840", "2012-09-30": "2.01250", "2012-06-30": "1.84800", "2012-03-31": "1.21800", "2011-12-31": "1.16370", "2011-09-30": "1.33190", "2011-06-30": "1.50940", "2011-03-31": "1.16430", "2010-12-31": "1.01650", "2010-09-30": "1.20420", "2010-06-30": "1.17420", "2010-03-31": "1.08790", "2009-12-31": "1.05740", "2009-09-30": "1.21550", "2009-06-30": "0.92050", "2009-03-31": "0.85960", "2008-12-31": "0.70400", "2008-09-30": "0.68430", "2008-06-30": "0.89440", "2008-03-31": "0.66170", "2007-12-31": "1.00470", "2007-09-30": "1.56730", "2007-06-30": "1.51760", "2007-03-31": "1.43160", "2006-12-31": "1.28070", "2006-09-30": "1.67960", "2006-06-30": "1.66950", "2006-03-31": "1.60280", "2005-12-31": "1.11490", "2005-09-30": "1.14680", "2005-06-30": "1.12870", "2005-03-31": "1.06800"}, "Long-term Debt / Capital": {"2020-09-30": "0.48580", "2020-06-30": "0.47460", "2020-03-31": "0.52680", "2019-12-31": "0.52860", "2019-09-30": "0.56030", "2019-06-30": "0.57740", "2019-03-31": "0.60700", "2018-12-31": "0.61640", "2018-09-30": "0.62590", "2018-06-30": "0.65940", "2018-03-31": "0.67410", "2017-12-31": "0.68570", "2017-09-30": "0.73140", "2017-06-30": "0.74250", "2017-03-31": "0.75960", "2016-12-31": "0.77120", "2016-09-30": "0.78350", "2016-06-30": "0.80140", "2016-03-31": "0.79650", "2015-12-31": "0.81640", "2015-09-30": "0.12480", "2015-06-30": "0.82100", "2015-03-31": "0.84250", "2014-12-31": "0.87230", "2014-09-30": "0.88410", "2014-06-30": "0.89150", "2014-03-31": "0.91650", "2013-12-31": "0.92670", "2013-09-30": "0.94940", "2013-06-30": "0.97360", "2013-03-31": "0.97260", "2012-12-31": "0.99370", "2012-09-30": "0.98580", "2012-06-30": "0.98190", "2012-03-31": "1.00750", "2011-12-31": "1.05950", "2011-09-30": "0.98630", "2011-06-30": "1.01260", "2011-03-31": "1.10100", "2010-12-31": "1.26050", "2010-09-30": "1.27920", "2010-06-30": "1.32270", "2010-03-31": "1.40110", "2009-12-31": "1.47770", "2009-09-30": "1.29430", "2009-06-30": "1.42710", "2009-03-31": "1.48770", "2008-12-31": "1.64530", "2008-09-30": "1.74900", "2008-06-30": "1.72340", "2008-03-31": "2.35920", "2007-12-31": "0.87730", "2007-09-30": "0.92980", "2007-06-30": "0.96420", "2007-03-31": "1.00520", "2006-12-31": "1.03840", "2006-09-30": "1.05550", "2006-06-30": "1.07950", "2006-03-31": "1.11040", "2005-12-31": "1.17220", "2005-09-30": "1.15340", "2005-06-30": "1.19670", "2005-03-31": "1.44650"}, "Debt/Equity Ratio": {"2020-09-30": "1.10960", "2020-06-30": "1.07400", "2020-03-31": "1.21360", "2019-12-31": "1.22270", "2019-09-30": "1.38990", "2019-06-30": "1.62510", "2019-03-31": "1.69160", "2018-12-31": "1.76310", "2018-09-30": "1.83880", "2018-06-30": "1.94010", "2018-03-31": "2.20620", "2017-12-31": "2.33540", "2017-09-30": "2.94610", "2017-06-30": "3.29290", "2017-03-31": "3.34270", "2016-12-31": "3.57460", "2016-09-30": "3.83780", "2016-06-30": "4.04510", "2016-03-31": "3.92470", "2015-12-31": "5.00620", "2015-09-30": "0.67960", "2015-06-30": "5.16290", "2015-03-31": "6.30270", "2014-12-31": "7.17030", "2014-09-30": "8.65500", "2014-06-30": "9.37480", "2014-03-31": "11.88140", "2013-12-31": "13.67260", "2013-09-30": "19.44150", "2013-06-30": "38.32660", "2013-03-31": "37.12920", "2012-12-31": "165.96420", "2012-09-30": "69.46420", "2012-06-30": "54.52820", "2012-03-31": "-135.12060", "2011-12-31": "-17.88480", "2011-09-30": "81.36140", "2011-06-30": "-91.80330", "2011-03-31": "-12.94870", "2010-12-31": "-5.74790", "2010-09-30": "-4.59960", "2010-06-30": "-4.11730", "2010-03-31": "-3.50730", "2009-12-31": "-3.10590", "2009-09-30": "-4.43600", "2009-06-30": "-3.37290", "2009-03-31": "-3.07950", "2008-12-31": "-2.56930", "2008-09-30": "-2.80870", "2008-06-30": "-3.10460", "2008-03-31": "-2.35520", "2007-12-31": "9.57160", "2007-09-30": "13.33930", "2007-06-30": "27.14230", "2007-03-31": "-195.51010", "2006-12-31": "-31.75870", "2006-09-30": "-19.12170", "2006-06-30": "-13.65860", "2006-03-31": "-10.11150", "2005-12-31": "-6.84880", "2005-09-30": "-7.57940", "2005-06-30": "-6.13480", "2005-03-31": "-3.26810"}, "Gross Margin": {"2020-09-30": "33.69630", "2020-06-30": "37.70280", "2020-03-31": "35.16120", "2019-12-31": "7.54390", "2019-09-30": "33.80400", "2019-06-30": "31.80230", "2019-03-31": "31.24220", "2018-12-31": "10.57650", "2018-09-30": "32.22740", "2018-06-30": "32.34030", "2018-03-31": "31.00590", "2017-12-31": "-0.07890", "2017-09-30": "32.48650", "2017-06-30": "33.33880", "2017-03-31": "32.93180", "2016-12-31": "33.69810", "2016-09-30": "35.56840", "2016-06-30": "35.52920", "2016-03-31": "34.82330", "2015-12-31": "37.78720", "2015-09-30": "34.41980", "2015-06-30": "32.53290", "2015-03-31": "34.42990", "2014-12-31": "36.35850", "2014-09-30": "34.86190", "2014-06-30": "35.36900", "2014-03-31": "37.49870", "2013-12-31": "35.00110", "2013-09-30": "38.83500", "2013-06-30": "38.33920", "2013-03-31": "36.77850", "2012-12-31": "32.95880", "2012-09-30": "41.96760", "2012-06-30": "42.04590", "2012-03-31": "43.46400", "2011-12-31": "44.63210", "2011-09-30": "43.36860", "2011-06-30": "44.11370", "2011-03-31": "41.39500", "2010-12-31": "46.52460", "2010-09-30": "41.56640", "2010-06-30": "42.33580", "2010-03-31": "41.30200", "2009-12-31": "39.34470", "2009-09-30": "37.89340", "2009-06-30": "40.52860", "2009-03-31": "41.40090", "2008-12-31": "40.22390", "2008-09-30": "40.70500", "2008-06-30": "46.07490", "2008-03-31": "43.98950", "2007-12-31": "44.28980", "2007-09-30": "45.34700", "2007-06-30": "45.99100", "2007-03-31": "45.01780", "2006-12-31": "45.01220", "2006-09-30": "45.21740", "2006-06-30": "44.99850", "2006-03-31": "45.66960", "2005-12-31": "44.59850", "2005-09-30": "46.95440", "2005-06-30": "45.20140", "2005-03-31": "42.97150"}, "Operating Margin": {"2020-09-30": "17.90210", "2020-06-30": "20.00730", "2020-03-31": "4.47810", "2019-12-31": "16.13620", "2019-09-30": "14.79920", "2019-06-30": "13.41300", "2019-03-31": "14.31690", "2018-12-31": "14.59860", "2018-09-30": "16.57380", "2018-06-30": "16.54680", "2018-03-31": "15.31030", "2017-12-31": "7.44250", "2017-09-30": "12.53120", "2017-06-30": "6.91900", "2017-03-31": "16.50170", "2016-12-31": "15.26610", "2016-09-30": "13.87300", "2016-06-30": "16.56790", "2016-03-31": "15.24290", "2015-12-31": "-0.79280", "2015-09-30": "11.83100", "2015-06-30": "13.93340", "2015-03-31": "12.99230", "2014-12-31": "14.52850", "2014-09-30": "10.55920", "2014-06-30": "12.33000", "2014-03-31": "12.41720", "2013-12-31": "12.74410", "2013-09-30": "11.99410", "2013-06-30": "0.72330", "2013-03-31": "13.37910", "2012-12-31": "19.59090", "2012-09-30": "-7.74910", "2012-06-30": "13.11260", "2012-03-31": "15.98080", "2011-12-31": "22.69410", "2011-09-30": "17.34390", "2011-06-30": "19.99300", "2011-03-31": "30.49980", "2010-12-31": "15.69840", "2010-09-30": "14.17380", "2010-06-30": "16.59210", "2010-03-31": "14.94670", "2009-12-31": "11.97930", "2009-09-30": "6.73070", "2009-06-30": "9.04910", "2009-03-31": "19.77620", "2008-12-31": "17.54400", "2008-09-30": "14.22780", "2008-06-30": "21.29370", "2008-03-31": "17.76010", "2007-12-31": "13.66410", "2007-09-30": "14.19000", "2007-06-30": "16.00190", "2007-03-31": "12.86200", "2006-12-31": "12.09340", "2006-09-30": "11.38490", "2006-06-30": "14.17760", "2006-03-31": "11.92470", "2005-12-31": "11.44530", "2005-09-30": "13.71490", "2005-06-30": "15.91010", "2005-03-31": "14.33960"}, "EBIT Margin": {"2020-09-30": "17.90210", "2020-06-30": "20.00730", "2020-03-31": "4.47810", "2019-12-31": "16.13620", "2019-09-30": "14.79920", "2019-06-30": "13.41300", "2019-03-31": "14.31690", "2018-12-31": "14.59860", "2018-09-30": "16.57380", "2018-06-30": "16.54680", "2018-03-31": "15.31030", "2017-12-31": "7.44250", "2017-09-30": "12.53120", "2017-06-30": "6.91900", "2017-03-31": "16.50170", "2016-12-31": "15.26600", "2016-09-30": "13.87300", "2016-06-30": "16.56790", "2016-03-31": "15.24290", "2015-12-31": "-0.79280", "2015-09-30": "11.83100", "2015-06-30": "13.93340", "2015-03-31": "12.99230", "2014-12-31": "14.52850", "2014-09-30": "10.55920", "2014-06-30": "12.33000", "2014-03-31": "12.41720", "2013-12-31": "12.74420", "2013-09-30": "11.99410", "2013-06-30": "0.72330", "2013-03-31": "13.37910", "2012-12-31": "19.59080", "2012-09-30": "-7.74910", "2012-06-30": "13.11260", "2012-03-31": "15.98080", "2011-12-31": "22.69410", "2011-09-30": "17.34390", "2011-06-30": "19.99300", "2011-03-31": "30.49980", "2010-12-31": "15.69840", "2010-09-30": "14.17380", "2010-06-30": "16.59210", "2010-03-31": "14.94670", "2009-12-31": "11.97930", "2009-09-30": "6.73070", "2009-06-30": "9.04910", "2009-03-31": "19.77620", "2008-12-31": "17.54400", "2008-09-30": "14.22780", "2008-06-30": "21.29370", "2008-03-31": "17.76010", "2007-12-31": "13.66410", "2007-09-30": "14.19000", "2007-06-30": "16.00190", "2007-03-31": "12.86200", "2006-12-31": "12.09340", "2006-09-30": "11.38490", "2006-06-30": "14.17760", "2006-03-31": "11.92470", "2005-12-31": "11.44530", "2005-09-30": "13.71490", "2005-06-30": "15.91010", "2005-03-31": "14.33960"}, "EBITDA Margin": {"2020-09-30": "", "2020-06-30": "", "2020-03-31": "", "2019-12-31": "", "2019-09-30": "", "2019-06-30": "", "2019-03-31": "", "2018-12-31": "", "2018-09-30": "", "2018-06-30": "", "2018-03-31": "", "2017-12-31": "", "2017-09-30": "", "2017-06-30": "", "2017-03-31": "", "2016-12-31": "", "2016-09-30": "", "2016-06-30": "", "2016-03-31": "", "2015-12-31": "", "2015-09-30": "", "2015-06-30": "", "2015-03-31": "", "2014-12-31": "", "2014-09-30": "", "2014-06-30": "", "2014-03-31": "", "2013-12-31": "", "2013-09-30": "", "2013-06-30": "", "2013-03-31": "", "2012-12-31": "", "2012-09-30": "", "2012-06-30": "", "2012-03-31": "", "2011-12-31": "", "2011-09-30": "", "2011-06-30": "", "2011-03-31": "", "2010-12-31": "", "2010-09-30": "", "2010-06-30": "", "2010-03-31": "", "2009-12-31": "", "2009-09-30": "", "2009-06-30": "", "2009-03-31": "", "2008-12-31": "", "2008-09-30": "", "2008-06-30": "", "2008-03-31": "", "2007-12-31": "", "2007-09-30": "", "2007-06-30": "", "2007-03-31": "", "2006-12-31": "", "2006-09-30": "", "2006-06-30": "", "2006-03-31": "", "2005-12-31": "", "2005-09-30": "", "2005-06-30": "", "2005-03-31": ""}, "Pre-Tax Profit Margin": {"2020-09-30": "17.79670", "2020-06-30": "19.82220", "2020-03-31": "4.48440", "2019-12-31": "16.33930", "2019-09-30": "15.57180", "2019-06-30": "13.90060", "2019-03-31": "14.89210", "2018-12-31": "14.90800", "2018-09-30": "17.47460", "2018-06-30": "17.39020", "2018-03-31": "14.48780", "2017-12-31": "9.16410", "2017-09-30": "13.73490", "2017-06-30": "6.62660", "2017-03-31": "16.22630", "2016-12-31": "14.84390", "2016-09-30": "13.66240", "2016-06-30": "17.88640", "2016-03-31": "17.07610", "2015-12-31": "-1.84000", "2015-09-30": "8.86390", "2015-06-30": "13.57700", "2015-03-31": "12.25310", "2014-12-31": "10.71020", "2014-09-30": "5.52060", "2014-06-30": "8.92110", "2014-03-31": "7.77030", "2013-12-31": "13.16570", "2013-09-30": "10.88340", "2013-06-30": "-1.40790", "2013-03-31": "10.03260", "2012-12-31": "15.33510", "2012-09-30": "-8.87540", "2012-06-30": "10.40960", "2012-03-31": "15.40450", "2011-12-31": "17.72440", "2011-09-30": "13.82490", "2011-06-30": "15.68250", "2011-03-31": "27.32810", "2010-12-31": "12.45580", "2010-09-30": "11.67900", "2010-06-30": "13.05460", "2010-03-31": "11.59370", "2009-12-31": "9.22070", "2009-09-30": "3.50890", "2009-06-30": "4.77170", "2009-03-31": "17.19560", "2008-12-31": "13.36640", "2008-09-30": "7.71570", "2008-06-30": "18.15960", "2008-03-31": "14.85130", "2007-12-31": "10.70140", "2007-09-30": "11.85310", "2007-06-30": "12.94430", "2007-03-31": "9.53860", "2006-12-31": "8.92330", "2006-09-30": "8.25200", "2006-06-30": "10.45860", "2006-03-31": "10.03820", "2005-12-31": "7.48160", "2005-09-30": "10.23730", "2005-06-30": "13.40130", "2005-03-31": "16.98820"}, "Net Profit Margin": {"2020-09-30": "11.13510", "2020-06-30": "14.19300", "2020-03-31": "2.27200", "2019-12-31": "12.01540", "2019-09-30": "11.15100", "2019-06-30": "9.87270", "2019-03-31": "10.66040", "2018-12-31": "10.19350", "2018-09-30": "12.71620", "2018-06-30": "12.67660", "2018-03-31": "10.62780", "2017-12-31": "39.76790", "2017-09-30": "8.29860", "2017-06-30": "1.10100", "2017-03-31": "10.20860", "2016-12-31": "9.47280", "2016-09-30": "8.45270", "2016-06-30": "10.97410", "2016-03-31": "10.44790", "2015-12-31": "-1.77910", "2015-09-30": "5.26250", "2015-06-30": "8.46520", "2015-03-31": "9.43780", "2014-12-31": "11.13420", "2014-09-30": "3.95500", "2014-06-30": "5.78380", "2014-03-31": "4.89490", "2013-12-31": "8.14000", "2013-09-30": "8.98450", "2013-06-30": "-0.31710", "2013-03-31": "6.38710", "2012-12-31": "8.34970", "2012-09-30": "-4.49750", "2012-06-30": "6.31990", "2012-03-31": "10.05930", "2011-12-31": "11.76670", "2011-09-30": "8.85730", "2011-06-30": "9.32440", "2011-03-31": "17.04010", "2010-12-31": "7.85350", "2010-09-30": "7.63670", "2010-06-30": "8.10940", "2010-03-31": "7.55370", "2009-12-31": "6.03710", "2009-09-30": "2.78550", "2009-06-30": "2.18410", "2009-03-31": "10.76250", "2008-12-31": "7.41470", "2008-09-30": "3.12910", "2008-06-30": "11.52270", "2008-03-31": "9.09100", "2007-12-31": "6.05440", "2007-09-30": "7.14590", "2007-06-30": "8.12310", "2007-03-31": "5.94110", "2006-12-31": "5.92000", "2006-09-30": "5.64040", "2006-06-30": "6.84380", "2006-03-31": "6.40520", "2005-12-31": "6.02990", "2005-09-30": "9.81400", "2005-06-30": "40.82710", "2005-03-31": "15.68790"}, "Asset Turnover": {"2020-09-30": "0.12550", "2020-06-30": "0.09510", "2020-03-31": "0.09550", "2019-12-31": "0.09750", "2019-09-30": "0.09970", "2019-06-30": "0.09950", "2019-03-31": "0.10060", "2018-12-31": "0.10810", "2018-09-30": "0.11270", "2018-06-30": "0.11670", "2018-03-31": "0.11470", "2017-12-31": "0.11700", "2017-09-30": "0.12140", "2017-06-30": "0.12180", "2017-03-31": "0.12500", "2016-12-31": "0.13440", "2016-09-30": "0.13660", "2016-06-30": "0.15810", "2016-03-31": "0.17390", "2015-12-31": "0.17190", "2015-09-30": "0.16160", "2015-06-30": "0.16840", "2015-03-31": "0.16250", "2014-12-31": "0.16700", "2014-09-30": "0.17420", "2014-06-30": "0.17760", "2014-03-31": "0.17490", "2013-12-31": "0.17380", "2013-09-30": "0.17230", "2013-06-30": "0.17370", "2013-03-31": "0.19120", "2012-12-31": "0.14410", "2012-09-30": "0.21340", "2012-06-30": "0.24600", "2012-03-31": "0.28860", "2011-12-31": "0.23170", "2011-09-30": "0.27640", "2011-06-30": "0.27990", "2011-03-31": "0.31360", "2010-12-31": "0.33290", "2010-09-30": "0.34520", "2010-06-30": "0.35090", "2010-03-31": "0.35190", "2009-12-31": "0.35720", "2009-09-30": "0.33400", "2009-06-30": "0.39960", "2009-03-31": "0.41130", "2008-12-31": "0.45220", "2008-09-30": "0.40920", "2008-06-30": "0.37950", "2008-03-31": "0.41430", "2007-12-31": "0.28660", "2007-09-30": "0.28670", "2007-06-30": "0.29380", "2007-03-31": "0.29170", "2006-12-31": "0.26390", "2006-09-30": "0.26470", "2006-06-30": "0.27090", "2006-03-31": "0.25740", "2005-12-31": "0.29680", "2005-09-30": "0.28250", "2005-06-30": "0.28780", "2005-03-31": "0.30760"}, "Inventory Turnover Ratio": {"2020-09-30": "5.82050", "2020-06-30": "6.29570", "2020-03-31": "6.33340", "2019-12-31": "9.27960", "2019-09-30": "6.66620", "2019-06-30": "6.61370", "2019-03-31": "7.08620", "2018-12-31": "10.17110", "2018-09-30": "7.54560", "2018-06-30": "7.10640", "2018-03-31": "6.86180", "2017-12-31": "10.86170", "2017-09-30": "7.58660", "2017-06-30": "6.50000", "2017-03-31": "5.85590", "2016-12-31": "5.89120", "2016-09-30": "5.06350", "2016-06-30": "5.24320", "2016-03-31": "5.47960", "2015-12-31": "6.27230", "2015-09-30": "5.99200", "2015-06-30": "5.54620", "2015-03-31": "5.03760", "2014-12-31": "4.74550", "2014-09-30": "4.53900", "2014-06-30": "4.51170", "2014-03-31": "4.29620", "2013-12-31": "4.48600", "2013-09-30": "3.69170", "2013-06-30": "3.72320", "2013-03-31": "3.73490", "2012-12-31": "3.60610", "2012-09-30": "3.25160", "2012-06-30": "3.19830", "2012-03-31": "3.02240", "2011-12-31": "2.08040", "2011-09-30": "3.05660", "2011-06-30": "3.52830", "2011-03-31": "4.41780", "2010-12-31": "3.51690", "2010-09-30": "3.58500", "2010-06-30": "3.93060", "2010-03-31": "5.03900", "2009-12-31": "6.07270", "2009-09-30": "6.45850", "2009-06-30": "5.34460", "2009-03-31": "4.10400", "2008-12-31": "4.09230", "2008-09-30": "4.41230", "2008-06-30": "4.68200", "2008-03-31": "4.98450", "2007-12-31": "5.24770", "2007-09-30": "4.47320", "2007-06-30": "5.15180", "2007-03-31": "4.66650", "2006-12-31": "5.96780", "2006-09-30": "5.05750", "2006-06-30": "5.42340", "2006-03-31": "4.96850", "2005-12-31": "5.50560", "2005-09-30": "4.77710", "2005-06-30": "4.93760", "2005-03-31": "4.39100"}, "Receiveable Turnover": {"2020-09-30": "3.96290", "2020-06-30": "5.99270", "2020-03-31": "5.91320", "2019-12-31": "5.50830", "2019-09-30": "5.48350", "2019-06-30": "5.49770", "2019-03-31": "5.47920", "2018-12-31": "5.16810", "2018-09-30": "5.06110", "2018-06-30": "5.39170", "2018-03-31": "5.74810", "2017-12-31": "5.32750", "2017-09-30": "5.09280", "2017-06-30": "4.94370", "2017-03-31": "5.22600", "2016-12-31": "4.82420", "2016-09-30": "4.61770", "2016-06-30": "4.48760", "2016-03-31": "4.74820", "2015-12-31": "4.55460", "2015-09-30": "4.12480", "2015-06-30": "3.76200", "2015-03-31": "4.01100", "2014-12-31": "3.86940", "2014-09-30": "3.40160", "2014-06-30": "3.45710", "2014-03-31": "3.65870", "2013-12-31": "3.29000", "2013-09-30": "3.29310", "2013-06-30": "3.50790", "2013-03-31": "3.76590", "2012-12-31": "2.57830", "2012-09-30": "4.29040", "2012-06-30": "4.29910", "2012-03-31": "4.61240", "2011-12-31": "3.34310", "2011-09-30": "4.36460", "2011-06-30": "4.32080", "2011-03-31": "4.35200", "2010-12-31": "4.07930", "2010-09-30": "4.01190", "2010-06-30": "3.83290", "2010-03-31": "4.07130", "2009-12-31": "3.79930", "2009-09-30": "3.52730", "2009-06-30": "3.42980", "2009-03-31": "3.63460", "2008-12-31": "3.01310", "2008-09-30": "3.70380", "2008-06-30": "3.93250", "2008-03-31": "2.99920", "2007-12-31": "4.13540", "2007-09-30": "3.98910", "2007-06-30": "3.90400", "2007-03-31": "3.85000", "2006-12-31": "3.87530", "2006-09-30": "4.24670", "2006-06-30": "4.30280", "2006-03-31": "4.41930", "2005-12-31": "4.59740", "2005-09-30": "4.51840", "2005-06-30": "4.46970", "2005-03-31": "3.02530"}, "Days Sales In Receivables": {"2020-09-30": "22.71060", "2020-06-30": "15.01820", "2020-03-31": "15.22030", "2019-12-31": "16.33890", "2019-09-30": "16.41280", "2019-06-30": "16.37040", "2019-03-31": "16.42590", "2018-12-31": "17.41460", "2018-09-30": "17.78260", "2018-06-30": "16.69240", "2018-03-31": "15.65730", "2017-12-31": "16.89340", "2017-09-30": "17.67200", "2017-06-30": "18.20510", "2017-03-31": "17.22170", "2016-12-31": "18.65600", "2016-09-30": "19.49010", "2016-06-30": "20.05540", "2016-03-31": "18.95460", "2015-12-31": "19.76040", "2015-09-30": "21.81900", "2015-06-30": "23.92320", "2015-03-31": "22.43850", "2014-12-31": "23.25940", "2014-09-30": "26.45850", "2014-06-30": "26.03360", "2014-03-31": "24.59860", "2013-12-31": "27.35550", "2013-09-30": "27.33020", "2013-06-30": "25.65620", "2013-03-31": "23.89870", "2012-12-31": "34.90690", "2012-09-30": "20.97690", "2012-06-30": "20.93480", "2012-03-31": "19.51250", "2011-12-31": "26.92150", "2011-09-30": "20.62020", "2011-06-30": "20.82960", "2011-03-31": "20.68000", "2010-12-31": "22.06240", "2010-09-30": "22.43340", "2010-06-30": "23.48070", "2010-03-31": "22.10600", "2009-12-31": "23.68840", "2009-09-30": "25.51530", "2009-06-30": "26.24040", "2009-03-31": "24.76190", "2008-12-31": "29.87010", "2008-09-30": "24.29920", "2008-06-30": "22.88650", "2008-03-31": "30.00800", "2007-12-31": "21.76340", "2007-09-30": "22.56180", "2007-06-30": "23.05300", "2007-03-31": "23.37680", "2006-12-31": "23.22400", "2006-09-30": "21.19300", "2006-06-30": "20.91680", "2006-03-31": "20.36500", "2005-12-31": "19.57620", "2005-09-30": "19.91850", "2005-06-30": "20.13540", "2005-03-31": "29.74920"}, "ROE - Return On Equity": {"2020-09-30": "4.19930", "2020-06-30": "3.95090", "2020-03-31": "0.85140", "2019-12-31": "3.57610", "2019-09-30": "3.70890", "2019-06-30": "3.65000", "2019-03-31": "4.03630", "2018-12-31": "4.15730", "2018-09-30": "5.49070", "2018-06-30": "5.89650", "2018-03-31": "5.26020", "2017-12-31": "20.19780", "2017-09-30": "5.67710", "2017-06-30": "1.12190", "2017-03-31": "7.56540", "2016-12-31": "7.97610", "2016-09-30": "7.75800", "2016-06-30": "12.44640", "2016-03-31": "13.19670", "2015-12-31": "-1.68000", "2015-09-30": "7.09540", "2015-06-30": "12.46220", "2015-03-31": "15.43680", "2014-12-31": "20.27310", "2014-09-30": "9.25850", "2014-06-30": "14.42470", "2014-03-31": "14.92270", "2013-12-31": "29.11230", "2013-09-30": "47.30050", "2013-06-30": "-2.35870", "2013-03-31": "66.33260", "2012-12-31": "335.79860", "2012-09-30": "-109.18890", "2012-06-30": "130.87290", "2012-03-31": "-647.90820", "2011-12-31": "-76.18850", "2011-09-30": "308.68340", "2011-06-30": "-361.57680", "2011-03-31": "-109.32480", "2010-12-31": "-22.22030", "2010-09-30": "-17.29450", "2010-06-30": "-16.26170", "2010-03-31": "-12.48020", "2009-12-31": "-8.54840", "2009-09-30": "-5.82700", "2009-06-30": "-4.17250", "2009-03-31": "-18.75810", "2008-12-31": "-11.11200", "2008-09-30": "-4.31530", "2008-06-30": "-16.05750", "2008-03-31": "-10.60740", "2007-12-31": "27.34970", "2007-09-30": "43.42550", "2007-06-30": "99.02350", "2007-03-31": "-515.65370", "2006-12-31": "-69.55690", "2006-09-30": "-38.26270", "2006-06-30": "-32.99670", "2006-03-31": "-21.33280", "2005-12-31": "-15.30360", "2005-09-30": "-26.60100", "2005-06-30": "-88.01180", "2005-03-31": "-17.35280"}, "Return On Tangible Equity": {"2020-09-30": "4.48270", "2020-06-30": "3.95090", "2020-03-31": "0.85140", "2019-12-31": "3.61880", "2019-09-30": "3.70890", "2019-06-30": "3.65000", "2019-03-31": "4.03630", "2018-12-31": "4.15730", "2018-09-30": "5.49070", "2018-06-30": "5.89650", "2018-03-31": "5.26020", "2017-12-31": "20.19780", "2017-09-30": "5.67710", "2017-06-30": "1.12190", "2017-03-31": "7.56540", "2016-12-31": "7.97610", "2016-09-30": "7.75800", "2016-06-30": "12.44640", "2016-03-31": "13.19670", "2015-12-31": "-1.68000", "2015-09-30": "7.09540", "2015-06-30": "12.46220", "2015-03-31": "15.43680", "2014-12-31": "20.27310", "2014-09-30": "9.25850", "2014-06-30": "14.42470", "2014-03-31": "14.92270", "2013-12-31": "29.11230", "2013-09-30": "47.30050", "2013-06-30": "-2.35870", "2013-03-31": "66.33280", "2012-12-31": "335.80380", "2012-09-30": "-109.18810", "2012-06-30": "130.87290", "2012-03-31": "-647.90660", "2011-12-31": "-76.18850", "2011-09-30": "308.68350", "2011-06-30": "-361.57860", "2011-03-31": "-109.32480", "2010-12-31": "-22.22040", "2010-09-30": "-17.29450", "2010-06-30": "-16.26160", "2010-03-31": "-12.48020", "2009-12-31": "-8.54840", "2009-09-30": "-5.82700", "2009-06-30": "-4.17250", "2009-03-31": "-18.70380", "2008-12-31": "-11.11200", "2008-09-30": "-4.30440", "2008-06-30": "-16.01380", "2008-03-31": "-10.60740", "2007-12-31": "106.60040", "2007-09-30": "68.20850", "2007-06-30": "446.29900", "2007-03-31": "-72.83410", "2006-12-31": "-36.57220", "2006-09-30": "-24.75360", "2006-06-30": "-23.44780", "2006-03-31": "-16.22260", "2005-12-31": "-12.13100", "2005-09-30": "-20.45690", "2005-06-30": "-70.85380", "2005-03-31": "-15.30890"}, "ROA - Return On Assets": {"2020-09-30": "1.47630", "2020-06-30": "1.43420", "2020-03-31": "0.29480", "2019-12-31": "1.24450", "2019-09-30": "1.18710", "2019-06-30": "1.05490", "2019-03-31": "1.14020", "2018-12-31": "1.16810", "2018-09-30": "1.50180", "2018-06-30": "1.55240", "2018-03-31": "1.27780", "2017-12-31": "4.70650", "2017-09-30": "1.06790", "2017-06-30": "0.19640", "2017-03-31": "1.32460", "2016-12-31": "1.31760", "2016-09-30": "1.20750", "2016-06-30": "1.79170", "2016-03-31": "1.87170", "2015-12-31": "-0.20170", "2015-09-30": "0.87700", "2015-06-30": "1.46000", "2015-03-31": "1.54090", "2014-12-31": "1.85040", "2014-09-30": "0.67710", "2014-06-30": "0.99730", "2014-03-31": "0.83120", "2013-12-31": "1.42580", "2013-09-30": "1.68750", "2013-06-30": "-0.04350", "2013-03-31": "1.20220", "2012-12-31": "1.38400", "2012-09-30": "-0.98900", "2012-06-30": "1.55360", "2012-03-31": "2.90200", "2011-12-31": "2.78310", "2011-09-30": "2.44700", "2011-06-30": "2.61030", "2011-03-31": "5.34330", "2010-12-31": "2.61470", "2010-09-30": "2.63620", "2010-06-30": "2.84560", "2010-03-31": "2.65760", "2009-12-31": "2.15550", "2009-09-30": "0.92960", "2009-06-30": "0.87290", "2009-03-31": "4.42680", "2008-12-31": "3.35270", "2008-09-30": "1.28040", "2008-06-30": "4.37320", "2008-03-31": "3.76640", "2007-12-31": "1.73530", "2007-09-30": "2.04880", "2007-06-30": "2.38650", "2007-03-31": "1.73330", "2006-12-31": "1.56210", "2006-09-30": "1.49300", "2006-06-30": "1.85380", "2006-03-31": "1.64840", "2005-12-31": "1.78980", "2005-09-30": "2.77260", "2005-06-30": "11.74930", "2005-03-31": "4.82630"}, "ROI - Return On Investment": {"2020-09-30": "2.15940", "2020-06-30": "2.07560", "2020-03-31": "0.40290", "2019-12-31": "1.68570", "2019-09-30": "1.63060", "2019-06-30": "1.54260", "2019-03-31": "1.58630", "2018-12-31": "1.59470", "2018-09-30": "2.05420", "2018-06-30": "2.00860", "2018-03-31": "1.71430", "2017-12-31": "6.34870", "2017-09-30": "1.52500", "2017-06-30": "0.28880", "2017-03-31": "1.81860", "2016-12-31": "1.82510", "2016-09-30": "1.67950", "2016-06-30": "2.47200", "2016-03-31": "2.68590", "2015-12-31": "-0.30840", "2015-09-30": "6.20960", "2015-06-30": "2.23010", "2015-03-31": "2.43130", "2014-12-31": "2.58860", "2014-09-30": "1.07270", "2014-06-30": "1.56540", "2014-03-31": "1.24550", "2013-12-31": "2.13520", "2013-09-30": "2.39250", "2013-06-30": "-0.06230", "2013-03-31": "1.81970", "2012-12-31": "2.10580", "2012-09-30": "-1.55460", "2012-06-30": "2.36540", "2012-03-31": "4.85420", "2011-12-31": "4.53510", "2011-09-30": "4.21650", "2011-06-30": "4.53810", "2011-03-31": "11.03900", "2010-12-31": "5.78900", "2010-09-30": "4.82940", "2010-06-30": "5.24720", "2010-03-31": "5.00620", "2009-12-31": "4.08390", "2009-09-30": "1.71470", "2009-06-30": "1.78200", "2009-03-31": "9.14800", "2008-12-31": "7.17090", "2008-09-30": "3.23200", "2008-06-30": "11.61630", "2008-03-31": "14.41800", "2007-12-31": "3.35620", "2007-09-30": "3.05060", "2007-06-30": "3.54490", "2007-03-31": "2.66840", "2006-12-31": "2.67270", "2006-09-30": "2.12360", "2006-06-30": "2.62170", "2006-03-31": "2.35470", "2005-12-31": "2.63550", "2005-09-30": "4.07940", "2005-06-30": "17.30910", "2005-03-31": "7.74820"}, "Book Value Per Share": {"2020-09-30": "24.12990", "2020-06-30": "23.18040", "2020-03-31": "22.27860", "2019-12-31": "22.10940", "2019-09-30": "20.62440", "2019-06-30": "19.85380", "2019-03-31": "19.12340", "2018-12-31": "18.36820", "2018-09-30": "17.62570", "2018-06-30": "16.69710", "2018-03-31": "15.69260", "2017-12-31": "14.87330", "2017-09-30": "11.90780", "2017-06-30": "11.23750", "2017-03-31": "11.07630", "2016-12-31": "9.91160", "2016-09-30": "9.22990", "2016-06-30": "7.57140", "2016-03-31": "6.71720", "2015-12-31": "5.91960", "2015-09-30": "6.16430", "2015-06-30": "5.75790", "2015-03-31": "4.94970", "2014-12-31": "4.35790", "2014-09-30": "3.35230", "2014-06-30": "3.11760", "2014-03-31": "2.49640", "2013-12-31": "2.17560", "2013-09-30": "1.58560", "2013-06-30": "0.81070", "2013-03-31": "0.70560", "2012-12-31": "0.15810", "2012-09-30": "0.33150", "2012-06-30": "0.38260", "2012-03-31": "-0.12420", "2011-12-31": "-0.93730", "2011-09-30": "0.23160", "2011-06-30": "-0.20760", "2011-03-31": "-1.13310", "2010-12-31": "-2.55720", "2010-09-30": "-3.19720", "2010-06-30": "-3.52630", "2010-03-31": "-4.14460", "2009-12-31": "-4.67740", "2009-09-30": "-3.09130", "2009-06-30": "-3.40180", "2009-03-31": "-3.74080", "2008-12-31": "-4.35650", "2008-09-30": "-4.76340", "2008-06-30": "-4.64830", "2008-03-31": "-5.42650", "2007-12-31": "1.42680", "2007-09-30": "1.02750", "2007-06-30": "0.50600", "2007-03-31": "-0.06820", "2006-12-31": "-0.49200", "2006-09-30": "-0.82000", "2006-06-30": "-1.15020", "2006-03-31": "-1.55350", "2005-12-31": "-1.95230", "2005-09-30": "-1.73820", "2005-06-30": "-2.14990", "2005-03-31": "-4.02610"}, "Operating Cash Flow Per Share": {"2020-09-30": 1.7173, "2020-06-30": 1.4299, "2020-03-31": "1.50670", "2019-12-31": 1.1624, "2019-09-30": 1.2367, "2019-06-30": 1.1571, "2019-03-31": "1.39280", "2018-12-31": 0.9561, "2018-09-30": 1.3118, "2018-06-30": 1.0897, "2018-03-31": "1.43070", "2017-12-31": 1.0786, "2017-09-30": 1.0424, "2017-06-30": 1.3768, "2017-03-31": "1.82090", "2016-12-31": 1.4498, "2016-09-30": 1.0272, "2016-06-30": 1.4234, "2016-03-31": "1.99480", "2015-12-31": 0.493, "2015-09-30": 1.68, "2015-06-30": 1.1975, "2015-03-31": "1.92140", "2014-12-31": 1.3446, "2014-09-30": 1.369, "2014-06-30": 1.0062, "2014-03-31": "1.41730", "2013-12-31": 1.4061, "2013-09-30": 0.8396, "2013-06-30": 1.1986, "2013-03-31": "1.50480", "2012-12-31": -0.0675, "2012-09-30": 1.5343, "2012-06-30": 1.067, "2012-03-31": "1.90840", "2011-12-31": 1.3127, "2011-09-30": 1.634, "2011-06-30": 0.9322, "2011-03-31": "1.88100", "2010-12-31": 1.3545, "2010-09-30": 0.9509, "2010-06-30": 0.8636, "2010-03-31": "1.62230", "2009-12-31": 0.664, "2009-09-30": 1.4435, "2009-06-30": 0.773, "2009-03-31": "2.01150", "2008-12-31": 0.787, "2008-09-30": 1.0561, "2008-06-30": 0.9437, "2008-03-31": "1.96810", "2007-12-31": 1.5735, "2007-09-30": 1.5475, "2007-06-30": 1.4987, "2007-03-31": "1.10820", "2006-12-31": 1.2131, "2006-09-30": 1.2856, "2006-06-30": 1.1221, "2006-03-31": "1.41410", "2005-12-31": 0.8285, "2005-09-30": 1.0471, "2005-06-30": 0.8112, "2005-03-31": "0.97770"}, "Free Cash Flow Per Share": {"2020-09-30": 1.5249, "2020-06-30": 1.2593, "2020-03-31": "1.33960", "2019-12-31": 0.9436, "2019-09-30": 0.909, "2019-06-30": 0.8532, "2019-03-31": "1.16310", "2018-12-31": 0.7445, "2018-09-30": 1.0939, "2018-06-30": 0.9043, "2018-03-31": "1.29640", "2017-12-31": 0.8694, "2017-09-30": 0.8802, "2017-06-30": 1.1452, "2017-03-31": "1.59760", "2016-12-31": 1.1342, "2016-09-30": 0.7612, "2016-06-30": 1.0832, "2016-03-31": "1.64830", "2015-12-31": 0.2143, "2015-09-30": 1.2591, "2015-06-30": 0.7725, "2015-03-31": "1.46430", "2014-12-31": 1.1612, "2014-09-30": 0.6866, "2014-06-30": 0.36, "2014-03-31": "0.76520", "2013-12-31": 0.952, "2013-09-30": 0.163, "2013-06-30": 0.5792, "2013-03-31": "0.82320", "2012-12-31": -0.6429, "2012-09-30": 0.9498, "2012-06-30": 0.5151, "2012-03-31": "1.53290", "2011-12-31": 0.9381, "2011-09-30": 1.2079, "2011-06-30": 0.5508, "2011-03-31": "1.36200", "2010-12-31": 0.7266, "2010-09-30": 0.2831, "2010-06-30": 0.3826, "2010-03-31": "0.90640", "2009-12-31": -0.0292, "2009-09-30": 0.8678, "2009-06-30": 0.2927, "2009-03-31": "1.44860", "2008-12-31": 0.1672, "2008-09-30": 0.3674, "2008-06-30": 0.3769, "2008-03-31": "1.38840", "2007-12-31": 0.7553, "2007-09-30": 0.8257, "2007-06-30": 0.6033, "2007-03-31": "0.38160", "2006-12-31": 0.3432, "2006-09-30": 0.421, "2006-06-30": 0.4429, "2006-03-31": "0.74330", "2005-12-31": -0.3153, "2005-09-30": 0.3926, "2005-06-30": 0.1191, "2005-03-31": "0.35650"}}, "revenue": {"DISH Network Annual Revenue (Millions of US $)": {"2019": "$12,808", "2018": "$13,621", "2017": "$14,391", "2016": "$15,212", "2015": "$15,225", "2014": "$14,643", "2013": "$13,905", "2012": "$13,181", "2011": "$13,074", "2010": "$12,641", "2009": "$11,664", "2008": "$11,617", "2007": "$11,090", "2006": "$9,818", "2005": "$8,447"}, "DISH Network Quarterly Revenue (Millions of US $)": {"2020-09-30": "$4,532", "2020-06-30": "$3,187", "2020-03-31": "$3,217", "2019-12-31": "$3,241", "2019-09-30": "$3,168", "2019-06-30": "$3,211", "2019-03-31": "$3,187", "2018-12-31": "$3,307", "2018-09-30": "$3,395", "2018-06-30": "$3,461", "2018-03-31": "$3,458", "2017-12-31": "$3,484", "2017-09-30": "$3,583", "2017-06-30": "$3,644", "2017-03-31": "$3,680", "2016-12-31": "$3,753", "2016-09-30": "$3,767", "2016-06-30": "$3,865", "2016-03-31": "$3,827", "2015-12-31": "$3,935", "2015-09-30": "$3,734", "2015-06-30": "$3,832", "2015-03-31": "$3,724", "2014-12-31": "$3,682", "2014-09-30": "$3,679", "2014-06-30": "$3,688", "2014-03-31": "$3,594", "2013-12-31": "$3,539", "2013-09-30": "$3,505", "2013-06-30": "$3,486", "2013-03-31": "$3,376", "2012-12-31": "$2,504", "2012-09-30": "$3,523", "2012-06-30": "$3,572", "2012-03-31": "$3,582", "2011-12-31": "$2,657", "2011-09-30": "$3,603", "2011-06-30": "$3,590", "2011-03-31": "$3,224", "2010-12-31": "$3,207", "2010-09-30": "$3,208", "2010-06-30": "$3,169", "2010-03-31": "$3,057", "2009-12-31": "$2,963", "2009-09-30": "$2,892", "2009-06-30": "$2,904", "2009-03-31": "$2,905", "2008-12-31": "$2,921", "2008-09-30": "$2,937", "2008-06-30": "$2,915", "2008-03-31": "$2,844", "2007-12-31": "$2,891", "2007-09-30": "$2,794", "2007-06-30": "$2,760", "2007-03-31": "$2,645", "2006-12-31": "$2,578", "2006-09-30": "$2,475", "2006-06-30": "$2,466", "2006-03-31": "$2,299", "2005-12-31": "$2,199", "2005-09-30": "$2,128", "2005-06-30": "$2,095", "2005-03-31": "$2,024"}}, "gross-profit": {"DISH Network Annual Gross Profit (Millions of US $)": {"2019": "$3,333", "2018": "$3,635", "2017": "$3,588", "2016": "$5,311", "2015": "$5,301", "2014": "$5,274", "2013": "$5,178", "2012": "$5,363", "2011": "$5,667", "2010": "$5,430", "2009": "$4,641", "2008": "$4,965", "2007": "$5,008", "2006": "$4,439", "2005": "$3,797"}, "DISH Network Quarterly Gross Profit (Millions of US $)": {"2020-09-30": "$1,527", "2020-06-30": "$1,202", "2020-03-31": "$1,131", "2019-12-31": "$244", "2019-09-30": "$1,071", "2019-06-30": "$1,021", "2019-03-31": "$996", "2018-12-31": "$350", "2018-09-30": "$1,094", "2018-06-30": "$1,119", "2018-03-31": "$1,072", "2017-12-31": "$-3", "2017-09-30": "$1,164", "2017-06-30": "$1,215", "2017-03-31": "$1,212", "2016-12-31": "$1,265", "2016-09-30": "$1,340", "2016-06-30": "$1,373", "2016-03-31": "$1,333", "2015-12-31": "$1,487", "2015-09-30": "$1,285", "2015-06-30": "$1,247", "2015-03-31": "$1,282", "2014-12-31": "$1,339", "2014-09-30": "$1,283", "2014-06-30": "$1,304", "2014-03-31": "$1,348", "2013-12-31": "$1,239", "2013-09-30": "$1,361", "2013-06-30": "$1,336", "2013-03-31": "$1,241", "2012-12-31": "$825", "2012-09-30": "$1,479", "2012-06-30": "$1,502", "2012-03-31": "$1,557", "2011-12-31": "$1,186", "2011-09-30": "$1,562", "2011-06-30": "$1,584", "2011-03-31": "$1,335", "2010-12-31": "$1,492", "2010-09-30": "$1,333", "2010-06-30": "$1,342", "2010-03-31": "$1,263", "2009-12-31": "$1,166", "2009-09-30": "$1,096", "2009-06-30": "$1,177", "2009-03-31": "$1,203", "2008-12-31": "$1,175", "2008-09-30": "$1,195", "2008-06-30": "$1,343", "2008-03-31": "$1,251", "2007-12-31": "$1,280", "2007-09-30": "$1,267", "2007-06-30": "$1,269", "2007-03-31": "$1,191", "2006-12-31": "$1,160", "2006-09-30": "$1,119", "2006-06-30": "$1,110", "2006-03-31": "$1,050", "2005-12-31": "$981", "2005-09-30": "$999", "2005-06-30": "$947", "2005-03-31": "$870"}}, "operating-income": {"DISH Network Annual Operating Income (Millions of US $)": {"2019": "$1,879", "2018": "$2,148", "2017": "$1,568", "2016": "$2,319", "2015": "$1,428", "2014": "$1,824", "2013": "$1,348", "2012": "$1,258", "2011": "$2,929", "2010": "$1,941", "2009": "$1,387", "2008": "$2,056", "2007": "$1,573", "2006": "$1,217", "2005": "$1,167"}, "DISH Network Quarterly Operating Income (Millions of US $)": {"2020-09-30": "$811", "2020-06-30": "$638", "2020-03-31": "$144", "2019-12-31": "$523", "2019-09-30": "$469", "2019-06-30": "$431", "2019-03-31": "$456", "2018-12-31": "$483", "2018-09-30": "$563", "2018-06-30": "$573", "2018-03-31": "$530", "2017-12-31": "$259", "2017-09-30": "$449", "2017-06-30": "$252", "2017-03-31": "$607", "2016-12-31": "$573", "2016-09-30": "$523", "2016-06-30": "$640", "2016-03-31": "$583", "2015-12-31": "$-31", "2015-09-30": "$442", "2015-06-30": "$534", "2015-03-31": "$484", "2014-12-31": "$535", "2014-09-30": "$389", "2014-06-30": "$455", "2014-03-31": "$446", "2013-12-31": "$451", "2013-09-30": "$420", "2013-06-30": "$25", "2013-03-31": "$452", "2012-12-31": "$491", "2012-09-30": "$-273", "2012-06-30": "$468", "2012-03-31": "$572", "2011-12-31": "$603", "2011-09-30": "$625", "2011-06-30": "$718", "2011-03-31": "$983", "2010-12-31": "$503", "2010-09-30": "$455", "2010-06-30": "$526", "2010-03-31": "$457", "2009-12-31": "$355", "2009-09-30": "$195", "2009-06-30": "$263", "2009-03-31": "$575", "2008-12-31": "$512", "2008-09-30": "$418", "2008-06-30": "$621", "2008-03-31": "$505", "2007-12-31": "$395", "2007-09-30": "$397", "2007-06-30": "$442", "2007-03-31": "$340", "2006-12-31": "$312", "2006-09-30": "$282", "2006-06-30": "$350", "2006-03-31": "$274", "2005-12-31": "$252", "2005-09-30": "$292", "2005-06-30": "$333", "2005-03-31": "$290"}}, "ebitda": {"DISH Network Annual EBITDA (Millions of US $)": {"2019": "$2,509", "2018": "$2,860", "2017": "$2,385", "2016": "$3,240", "2015": "$2,392", "2014": "$2,902", "2013": "$2,402", "2012": "$2,223", "2011": "$3,841", "2010": "$2,925", "2009": "$2,327", "2008": "$3,056", "2007": "$2,903", "2006": "$2,332", "2005": "$1,973"}, "DISH Network Quarterly EBITDA (Millions of US $)": {"2020-09-30": "$1,010", "2020-06-30": "$790", "2020-03-31": "$311", "2019-12-31": "$697", "2019-09-30": "$623", "2019-06-30": "$580", "2019-03-31": "$609", "2018-12-31": "$654", "2018-09-30": "$738", "2018-06-30": "$745", "2018-03-31": "$722", "2017-12-31": "$451", "2017-09-30": "$658", "2017-06-30": "$464", "2017-03-31": "$812", "2016-12-31": "$803", "2016-09-30": "$747", "2016-06-30": "$880", "2016-03-31": "$811", "2015-12-31": "$171", "2015-09-30": "$694", "2015-06-30": "$797", "2015-03-31": "$730", "2014-12-31": "$822", "2014-09-30": "$658", "2014-06-30": "$727", "2014-03-31": "$696", "2013-12-31": "$717", "2013-09-30": "$673", "2013-06-30": "$330", "2013-03-31": "$682", "2012-12-31": "$712", "2012-09-30": "$-38", "2012-06-30": "$767", "2012-03-31": "$781", "2011-12-31": "$819", "2011-09-30": "$854", "2011-06-30": "$955", "2011-03-31": "$1,213", "2010-12-31": "$740", "2010-09-30": "$698", "2010-06-30": "$790", "2010-03-31": "$697", "2009-12-31": "$598", "2009-09-30": "$423", "2009-06-30": "$508", "2009-03-31": "$798", "2008-12-31": "$746", "2008-09-30": "$663", "2008-06-30": "$869", "2008-03-31": "$778", "2007-12-31": "$716", "2007-09-30": "$741", "2007-06-30": "$786", "2007-03-31": "$660", "2006-12-31": "$608", "2006-09-30": "$578", "2006-06-30": "$620", "2006-03-31": "$525", "2005-12-31": "$479", "2005-09-30": "$506", "2005-06-30": "$527", "2005-03-31": "$461"}}, "net-income": {"DISH Network Annual Net Income (Millions of US $)": {"2019": "$1,400", "2018": "$1,575", "2017": "$2,099", "2016": "$1,498", "2015": "$802", "2014": "$945", "2013": "$807", "2012": "$637", "2011": "$1,516", "2010": "$985", "2009": "$636", "2008": "$903", "2007": "$756", "2006": "$608", "2005": "$1,515"}, "DISH Network Quarterly Net Income (Millions of US $)": {"2020-09-30": "$505", "2020-06-30": "$452", "2020-03-31": "$73", "2019-12-31": "$389", "2019-09-30": "$353", "2019-06-30": "$317", "2019-03-31": "$340", "2018-12-31": "$337", "2018-09-30": "$432", "2018-06-30": "$439", "2018-03-31": "$368", "2017-12-31": "$1,385", "2017-09-30": "$297", "2017-06-30": "$40", "2017-03-31": "$376", "2016-12-31": "$355", "2016-09-30": "$318", "2016-06-30": "$424", "2016-03-31": "$400", "2015-12-31": "$-70", "2015-09-30": "$196", "2015-06-30": "$324", "2015-03-31": "$351", "2014-12-31": "$410", "2014-09-30": "$146", "2014-06-30": "$213", "2014-03-31": "$176", "2013-12-31": "$288", "2013-09-30": "$315", "2013-06-30": "$-11", "2013-03-31": "$216", "2012-12-31": "$209", "2012-09-30": "$-158", "2012-06-30": "$226", "2012-03-31": "$360", "2011-12-31": "$313", "2011-09-30": "$319", "2011-06-30": "$335", "2011-03-31": "$549", "2010-12-31": "$252", "2010-09-30": "$245", "2010-06-30": "$257", "2010-03-31": "$231", "2009-12-31": "$179", "2009-09-30": "$81", "2009-06-30": "$63", "2009-03-31": "$313", "2008-12-31": "$217", "2008-09-30": "$92", "2008-06-30": "$336", "2008-03-31": "$259", "2007-12-31": "$175", "2007-09-30": "$200", "2007-06-30": "$224", "2007-03-31": "$157", "2006-12-31": "$153", "2006-09-30": "$140", "2006-06-30": "$169", "2006-03-31": "$147", "2005-12-31": "$133", "2005-09-30": "$209", "2005-06-30": "$856", "2005-03-31": "$318"}}, "eps-earnings-per-share-diluted": {"DISH Network Annual EPS": {"2019": "$2.60", "2018": "$3.00", "2017": "$4.07", "2016": "$3.15", "2015": "$1.73", "2014": "$2.04", "2013": "$1.76", "2012": "$1.41", "2011": "$3.39", "2010": "$2.20", "2009": "$1.42", "2008": "$1.98", "2007": "$1.68", "2006": "$1.37", "2005": "$3.22"}, "DISH Network Quarterly EPS": {"2020-09-30": "$0.86", "2020-06-30": "$0.78", "2020-03-31": "$0.13", "2019-12-31": "$0.69", "2019-09-30": "$0.66", "2019-06-30": "$0.60", "2019-03-31": "$0.65", "2018-12-31": "$0.65", "2018-09-30": "$0.82", "2018-06-30": "$0.83", "2018-03-31": "$0.70", "2017-12-31": "$2.65", "2017-09-30": "$0.57", "2017-06-30": "$0.09", "2017-03-31": "$0.76", "2016-12-31": "$0.71", "2016-09-30": "$0.67", "2016-06-30": "$0.91", "2016-03-31": "$0.86", "2015-12-31": "$-0.15", "2015-09-30": "$0.42", "2015-06-30": "$0.70", "2015-03-31": "$0.76", "2014-12-31": "$0.89", "2014-09-30": "$0.31", "2014-06-30": "$0.46", "2014-03-31": "$0.38", "2013-12-31": "$0.63", "2013-09-30": "$0.68", "2013-06-30": "$-0.02", "2013-03-31": "$0.47", "2012-12-31": "$0.46", "2012-09-30": "$-0.35", "2012-06-30": "$0.50", "2012-03-31": "$0.80", "2011-12-31": "$0.71", "2011-09-30": "$0.71", "2011-06-30": "$0.75", "2011-03-31": "$1.22", "2010-12-31": "$0.56", "2010-09-30": "$0.55", "2010-06-30": "$0.57", "2010-03-31": "$0.52", "2009-12-31": "$0.40", "2009-09-30": "$0.18", "2009-06-30": "$0.14", "2009-03-31": "$0.70", "2008-12-31": "$0.48", "2008-09-30": "$0.20", "2008-06-30": "$0.73", "2008-03-31": "$0.57", "2007-12-31": "$0.39", "2007-09-30": "$0.44", "2007-06-30": "$0.50", "2007-03-31": "$0.35", "2006-12-31": "$0.35", "2006-09-30": "$0.31", "2006-06-30": "$0.38", "2006-03-31": "$0.33", "2005-12-31": "$0.28", "2005-09-30": "$0.46", "2005-06-30": "$1.79", "2005-03-31": "$0.69"}}, "shares-outstanding": {"DISH Network Annual Shares Outstanding (Millions of Shares)": {"2019": "538", "2018": "526", "2017": "523", "2016": "484", "2015": "465", "2014": "463", "2013": "459", "2012": "453", "2011": "447", "2010": "447", "2009": "449", "2008": "460", "2007": "457", "2006": "453", "2005": "484"}, "DISH Network Quarterly Shares Outstanding (Millions of Shares)": {"2020-09-30": "584", "2020-06-30": "583", "2020-03-31": "581", "2019-12-31": "538", "2019-09-30": "536", "2019-06-30": "528", "2019-03-31": "526", "2018-12-31": "526", "2018-09-30": "526", "2018-06-30": "526", "2018-03-31": "525", "2017-12-31": "523", "2017-09-30": "525", "2017-06-30": "467", "2017-03-31": "514", "2016-12-31": "484", "2016-09-30": "493", "2016-06-30": "466", "2016-03-31": "465", "2015-12-31": "465", "2015-09-30": "465", "2015-06-30": "465", "2015-03-31": "464", "2014-12-31": "463", "2014-09-30": "463", "2014-06-30": "463", "2014-03-31": "461", "2013-12-31": "459", "2013-09-30": "461", "2013-06-30": "455", "2013-03-31": "456", "2012-12-31": "453", "2012-09-30": "451", "2012-06-30": "453", "2012-03-31": "450", "2011-12-31": "447", "2011-09-30": "448", "2011-06-30": "447", "2011-03-31": "449", "2010-12-31": "447", "2010-09-30": "446", "2010-06-30": "449", "2010-03-31": "448", "2009-12-31": "449", "2009-09-30": "447", "2009-06-30": "447", "2009-03-31": "448", "2008-12-31": "460", "2008-09-30": "460", "2008-06-30": "461", "2008-03-31": "460", "2007-12-31": "457", "2007-09-30": "457", "2007-06-30": "456", "2007-03-31": "455", "2006-12-31": "453", "2006-09-30": "446", "2006-06-30": "453", "2006-03-31": "446", "2005-12-31": "484", "2005-09-30": "484", "2005-06-30": "485", "2005-03-31": "488"}}, "total-assets": {"DISH Network Annual Total Assets (Millions of US $)": {"2019": "$33,231", "2018": "$30,587", "2017": "$29,774", "2016": "$27,914", "2015": "$22,887", "2014": "$22,046", "2013": "$20,356", "2012": "$17,380", "2011": "$11,470", "2010": "$9,632", "2009": "$8,295", "2008": "$6,460", "2007": "$10,087", "2006": "$9,769", "2005": "$7,410"}, "DISH Network Quarterly Total Assets (Millions of US $)": {"2020-09-30": "$36,100", "2020-06-30": "$33,497", "2020-03-31": "$33,673", "2019-12-31": "$33,231", "2019-09-30": "$31,771", "2019-06-30": "$32,284", "2019-03-31": "$31,686", "2018-12-31": "$30,587", "2018-09-30": "$30,137", "2018-06-30": "$29,650", "2018-03-31": "$30,155", "2017-12-31": "$29,774", "2017-09-30": "$29,521", "2017-06-30": "$29,918", "2017-03-31": "$29,448", "2016-12-31": "$27,914", "2016-09-30": "$27,577", "2016-06-30": "$24,450", "2016-03-31": "$22,009", "2015-12-31": "$22,887", "2015-09-30": "$23,103", "2015-06-30": "$22,763", "2015-03-31": "$22,925", "2014-12-31": "$22,046", "2014-09-30": "$21,123", "2014-06-30": "$20,769", "2014-03-31": "$20,551", "2013-12-31": "$20,356", "2013-09-30": "$20,345", "2013-06-30": "$20,066", "2013-03-31": "$17,654", "2012-12-31": "$17,380", "2012-09-30": "$16,514", "2012-06-30": "$14,521", "2012-03-31": "$12,410", "2011-12-31": "$11,470", "2011-09-30": "$13,035", "2011-06-30": "$12,828", "2011-03-31": "$10,281", "2010-12-31": "$9,632", "2010-09-30": "$9,293", "2010-06-30": "$9,031", "2010-03-31": "$8,689", "2009-12-31": "$8,295", "2009-09-30": "$8,659", "2009-06-30": "$7,266", "2009-03-31": "$7,063", "2008-12-31": "$6,460", "2008-09-30": "$7,177", "2008-06-30": "$7,681", "2008-03-31": "$6,865", "2007-12-31": "$10,087", "2007-09-30": "$9,746", "2007-06-30": "$9,394", "2007-03-31": "$9,066", "2006-12-31": "$9,769", "2006-09-30": "$9,352", "2006-06-30": "$9,105", "2006-03-31": "$8,935", "2005-12-31": "$7,410", "2005-09-30": "$7,533", "2005-06-30": "$7,281", "2005-03-31": "$6,579"}}, "cash-on-hand": {"DISH Network Annual Cash on Hand (Millions of US $)": {"2019": "$2,860", "2018": "$2,069", "2017": "$1,981", "2016": "$5,360", "2015": "$1,611", "2014": "$9,236", "2013": "$9,739", "2012": "$7,205", "2011": "$2,041", "2010": "$2,940", "2009": "$2,139", "2008": "$559", "2007": "$2,788", "2006": "$3,033", "2005": "$1,181"}, "DISH Network Quarterly Cash on Hand (Millions of US $)": {"2020-09-30": "$2,795", "2020-06-30": "$2,630", "2020-03-31": "$3,388", "2019-12-31": "$2,860", "2019-09-30": "$1,594", "2019-06-30": "$2,732", "2019-03-31": "$2,393", "2018-12-31": "$2,069", "2018-09-30": "$1,865", "2018-06-30": "$1,555", "2018-03-31": "$2,279", "2017-12-31": "$1,981", "2017-09-30": "$1,851", "2017-06-30": "$2,386", "2017-03-31": "$6,803", "2016-12-31": "$5,360", "2016-09-30": "$4,961", "2016-06-30": "$3,487", "2016-03-31": "$871", "2015-12-31": "$1,611", "2015-09-30": "$1,613", "2015-06-30": "$1,096", "2015-03-31": "$1,399", "2014-12-31": "$9,236", "2014-09-30": "$9,272", "2014-06-30": "$8,903", "2014-03-31": "$8,961", "2013-12-31": "$9,739", "2013-09-30": "$10,302", "2013-06-30": "$9,527", "2013-03-31": "$7,095", "2012-12-31": "$7,205", "2012-09-30": "$6,400", "2012-06-30": "$4,839", "2012-03-31": "$2,693", "2011-12-31": "$2,041", "2011-09-30": "$3,365", "2011-06-30": "$4,593", "2011-03-31": "$3,414", "2010-12-31": "$2,940", "2010-09-30": "$2,660", "2010-06-30": "$2,594", "2010-03-31": "$2,448", "2009-12-31": "$2,139", "2009-09-30": "$2,633", "2009-06-30": "$1,321", "2009-03-31": "$1,169", "2008-12-31": "$559", "2008-09-30": "$1,537", "2008-06-30": "$1,899", "2008-03-31": "$1,569", "2007-12-31": "$2,788", "2007-09-30": "$2,802", "2007-06-30": "$2,400", "2007-03-31": "$2,168", "2006-12-31": "$3,033", "2006-09-30": "$2,788", "2006-06-30": "$2,720", "2006-03-31": "$2,574", "2005-12-31": "$1,181", "2005-09-30": "$1,518", "2005-06-30": "$1,392", "2005-03-31": "$1,232"}}, "long-term-debt": {"DISH Network Annual Long Term Debt (Millions of US $)": {"2019": "$12,968", "2018": "$13,811", "2017": "$15,134", "2016": "$15,542", "2015": "$12,222", "2014": "$13,746", "2013": "$12,597", "2012": "$11,350", "2011": "$7,458", "2010": "$5,484", "2009": "$6,470", "2008": "$4,969", "2007": "$4,575", "2006": "$5,929", "2005": "$5,899"}, "DISH Network Quarterly Long Term Debt (Millions of US $)": {"2020-09-30": "$11,990", "2020-06-30": "$10,986", "2020-03-31": "$12,979", "2019-12-31": "$12,968", "2019-09-30": "$12,961", "2019-06-30": "$12,747", "2019-03-31": "$13,825", "2018-12-31": "$13,811", "2018-09-30": "$13,790", "2018-06-30": "$15,110", "2018-03-31": "$15,152", "2017-12-31": "$15,134", "2017-09-30": "$15,119", "2017-06-30": "$15,107", "2017-03-31": "$16,293", "2016-12-31": "$15,542", "2016-09-30": "$15,534", "2016-06-30": "$14,202", "2016-03-31": "$12,216", "2015-12-31": "$12,222", "2015-09-30": "$407", "2015-06-30": "$12,235", "2015-03-31": "$12,241", "2014-12-31": "$13,746", "2014-09-30": "$11,790", "2014-06-30": "$11,796", "2014-03-31": "$12,570", "2013-12-31": "$12,597", "2013-09-30": "$13,624", "2013-06-30": "$13,633", "2013-03-31": "$11,343", "2012-12-31": "$11,350", "2012-09-30": "$10,357", "2012-06-30": "$9,365", "2012-03-31": "$7,474", "2011-12-31": "$7,458", "2011-09-30": "$7,462", "2011-06-30": "$7,471", "2011-03-31": "$5,479", "2010-12-31": "$5,484", "2010-09-30": "$6,489", "2010-06-30": "$6,478", "2010-03-31": "$6,463", "2009-12-31": "$6,470", "2009-09-30": "$6,076", "2009-06-30": "$5,079", "2009-03-31": "$5,085", "2008-12-31": "$4,969", "2008-09-30": "$4,973", "2008-06-30": "$4,983", "2008-03-31": "$4,231", "2007-12-31": "$4,575", "2007-09-30": "$6,086", "2007-06-30": "$6,098", "2007-03-31": "$5,919", "2006-12-31": "$5,929", "2006-09-30": "$6,939", "2006-06-30": "$6,949", "2006-03-31": "$6,945", "2005-12-31": "$5,899", "2005-09-30": "$5,905", "2005-06-30": "$5,915", "2005-03-31": "$5,928"}}, "total-liabilities": {"DISH Network Annual Total Liabilities (Millions of US $)": {"2019": "$21,667", "2018": "$21,993", "2017": "$22,836", "2016": "$23,303", "2015": "$20,139", "2014": "$20,033", "2013": "$19,359", "2012": "$17,308", "2011": "$11,889", "2010": "$10,766", "2009": "$10,387", "2008": "$8,409", "2007": "$9,447", "2006": "$9,988", "2005": "$8,277"}, "DISH Network Quarterly Total Liabilities (Millions of US $)": {"2020-09-30": "$23,409", "2020-06-30": "$21,338", "2020-03-31": "$22,014", "2019-12-31": "$21,667", "2019-09-30": "$21,602", "2019-06-30": "$22,954", "2019-03-31": "$22,735", "2018-12-31": "$21,993", "2018-09-30": "$21,894", "2018-06-30": "$21,844", "2018-03-31": "$22,830", "2017-12-31": "$22,836", "2017-09-30": "$23,968", "2017-06-30": "$24,680", "2017-03-31": "$24,292", "2016-12-31": "$23,303", "2016-09-30": "$23,284", "2016-06-30": "$20,930", "2016-03-31": "$18,888", "2015-12-31": "$20,139", "2015-09-30": "$20,247", "2015-06-30": "$20,096", "2015-03-31": "$20,637", "2014-12-31": "$20,033", "2014-09-30": "$19,579", "2014-06-30": "$19,333", "2014-03-31": "$19,406", "2013-12-31": "$19,359", "2013-09-30": "$19,619", "2013-06-30": "$19,696", "2013-03-31": "$17,334", "2012-12-31": "$17,308", "2012-09-30": "$16,365", "2012-06-30": "$14,349", "2012-03-31": "$12,465", "2011-12-31": "$11,889", "2011-09-30": "$12,932", "2011-06-30": "$12,920", "2011-03-31": "$10,783", "2010-12-31": "$10,766", "2010-09-30": "$10,709", "2010-06-30": "$10,611", "2010-03-31": "$10,539", "2009-12-31": "$10,387", "2009-09-30": "$10,040", "2009-06-30": "$8,786", "2009-03-31": "$8,730", "2008-12-31": "$8,409", "2008-09-30": "$9,307", "2008-06-30": "$9,772", "2008-03-31": "$9,303", "2007-12-31": "$9,447", "2007-09-30": "$9,286", "2007-06-30": "$9,168", "2007-03-31": "$9,096", "2006-12-31": "$9,988", "2006-09-30": "$9,716", "2006-06-30": "$9,616", "2006-03-31": "$9,625", "2005-12-31": "$8,277", "2005-09-30": "$8,318", "2005-06-30": "$8,254", "2005-03-31": "$8,409"}}, "total-share-holder-equity": {"DISH Network Annual Share Holder Equity (Millions of US $)": {"2019": "$11,564", "2018": "$8,594", "2017": "$6,938", "2016": "$4,611", "2015": "$2,748", "2014": "$2,012", "2013": "$997", "2012": "$72", "2011": "$-419", "2010": "$-1,133", "2009": "$-2,092", "2008": "$-1,949", "2007": "$640", "2006": "$-219", "2005": "$-867"}, "DISH Network Quarterly Share Holder Equity (Millions of US $)": {"2020-09-30": "$12,692", "2020-06-30": "$12,160", "2020-03-31": "$11,660", "2019-12-31": "$11,564", "2019-09-30": "$10,169", "2019-06-30": "$9,331", "2019-03-31": "$8,951", "2018-12-31": "$8,594", "2018-09-30": "$8,243", "2018-06-30": "$7,806", "2018-03-31": "$7,325", "2017-12-31": "$6,938", "2017-09-30": "$5,553", "2017-06-30": "$5,238", "2017-03-31": "$5,156", "2016-12-31": "$4,611", "2016-09-30": "$4,292", "2016-06-30": "$3,520", "2016-03-31": "$3,122", "2015-12-31": "$2,748", "2015-09-30": "$2,856", "2015-06-30": "$2,667", "2015-03-31": "$2,288", "2014-12-31": "$2,012", "2014-09-30": "$1,545", "2014-06-30": "$1,436", "2014-03-31": "$1,145", "2013-12-31": "$997", "2013-09-30": "$726", "2013-06-30": "$370", "2013-03-31": "$320", "2012-12-31": "$72", "2012-09-30": "$150", "2012-06-30": "$172", "2012-03-31": "$-56", "2011-12-31": "$-419", "2011-09-30": "$103", "2011-06-30": "$-93", "2011-03-31": "$-502", "2010-12-31": "$-1,133", "2010-09-30": "$-1,417", "2010-06-30": "$-1,580", "2010-03-31": "$-1,850", "2009-12-31": "$-2,092", "2009-09-30": "$-1,381", "2009-06-30": "$-1,520", "2009-03-31": "$-1,667", "2008-12-31": "$-1,949", "2008-09-30": "$-2,129", "2008-06-30": "$-2,092", "2008-03-31": "$-2,438", "2007-12-31": "$640", "2007-09-30": "$460", "2007-06-30": "$226", "2007-03-31": "$-30", "2006-12-31": "$-219", "2006-09-30": "$-365", "2006-06-30": "$-512", "2006-03-31": "$-690", "2005-12-31": "$-867", "2005-09-30": "$-785", "2005-06-30": "$-972", "2005-03-31": "$-1,830"}}, "profit-margins": {"current": "10.01%"}, "gross margin": {"2020-09-30": "28.95%", "2020-06-30": "28.47%", "2020-03-31": "27.01%", "2019-12-31": "26.02%", "2019-09-30": "26.71%", "2019-06-30": "26.42%", "2019-03-31": "26.66%", "2018-12-31": "26.69%", "2018-09-30": "23.79%", "2018-06-30": "23.97%", "2018-03-31": "24.33%", "2017-12-31": "24.93%", "2017-09-30": "33.12%", "2017-06-30": "33.90%", "2017-03-31": "34.45%", "2016-12-31": "34.91%", "2016-09-30": "35.94%", "2016-06-30": "35.66%", "2016-03-31": "34.92%", "2015-12-31": "34.82%", "2015-09-30": "34.42%", "2015-06-30": "34.53%", "2015-03-31": "35.25%", "2014-12-31": "36.02%", "2014-09-30": "35.68%", "2014-06-30": "36.66%", "2014-03-31": "37.41%", "2013-12-31": "37.23%", "2013-09-30": "37.01%", "2013-06-30": "37.87%", "2013-03-31": "38.90%", "2012-12-31": "40.69%", "2012-09-30": "42.93%", "2012-06-30": "43.29%", "2012-03-31": "43.84%", "2011-12-31": "43.35%", "2011-09-30": "43.84%", "2011-06-30": "43.42%", "2011-03-31": "42.96%", "2010-12-31": "42.96%", "2010-09-30": "41.17%", "2010-06-30": "40.29%", "2010-03-31": "39.79%", "2009-12-31": "39.80%", "2009-09-30": "40.02%", "2009-06-30": "40.71%", "2009-03-31": "42.10%", "2008-12-31": "42.73%", "2008-09-30": "43.75%", "2008-06-30": "44.92%", "2008-03-31": "44.88%", "2007-12-31": "45.15%", "2007-09-30": "45.35%", "2007-06-30": "45.31%", "2007-03-31": "45.06%", "2006-12-31": "45.21%", "2006-09-30": "45.13%", "2006-06-30": "45.53%", "2006-03-31": "45.60%", "2005-12-31": "44.96%"}, "operating margin": {"2020-09-30": "14.93%", "2020-06-30": "13.85%", "2020-03-31": "12.21%", "2019-12-31": "14.67%", "2019-09-30": "14.29%", "2019-06-30": "14.76%", "2019-03-31": "15.54%", "2018-12-31": "15.78%", "2018-09-30": "13.95%", "2018-06-30": "12.95%", "2018-03-31": "10.52%", "2017-12-31": "10.89%", "2017-09-30": "12.83%", "2017-06-30": "13.17%", "2017-03-31": "15.55%", "2016-12-31": "15.24%", "2016-09-30": "11.14%", "2016-06-30": "10.64%", "2016-03-31": "9.97%", "2015-12-31": "9.39%", "2015-09-30": "13.32%", "2015-06-30": "13.02%", "2015-03-31": "12.61%", "2014-12-31": "12.46%", "2014-09-30": "12.01%", "2014-06-30": "12.37%", "2014-03-31": "9.50%", "2013-12-31": "9.69%", "2013-09-30": "10.78%", "2013-06-30": "5.39%", "2013-03-31": "8.77%", "2012-12-31": "9.54%", "2012-09-30": "10.27%", "2012-06-30": "16.91%", "2012-03-31": "18.75%", "2011-12-31": "22.40%", "2011-09-30": "20.76%", "2011-06-30": "20.10%", "2011-03-31": "19.26%", "2010-12-31": "15.35%", "2010-09-30": "14.46%", "2010-06-30": "12.69%", "2010-03-31": "10.75%", "2009-12-31": "11.90%", "2009-09-30": "13.29%", "2009-06-30": "15.15%", "2009-03-31": "18.21%", "2008-12-31": "17.70%", "2008-09-30": "16.73%", "2008-06-30": "16.76%", "2008-03-31": "15.40%", "2007-12-31": "14.19%", "2007-09-30": "13.84%", "2007-06-30": "13.16%", "2007-03-31": "12.63%", "2006-12-31": "12.41%", "2006-09-30": "12.27%", "2006-06-30": "12.85%", "2006-03-31": "13.20%", "2005-12-31": "13.82%"}, "ebitda margin": {"2020-09-30": "19.81%", "2020-06-30": "18.89%", "2020-03-31": "17.22%", "2019-12-31": "19.59%", "2019-09-30": "19.16%", "2019-06-30": "19.70%", "2019-03-31": "20.57%", "2018-12-31": "20.99%", "2018-09-30": "19.25%", "2018-06-30": "18.42%", "2018-03-31": "16.20%", "2017-12-31": "16.57%", "2017-09-30": "18.67%", "2017-06-30": "19.04%", "2017-03-31": "21.52%", "2016-12-31": "21.31%", "2016-09-30": "16.95%", "2016-06-30": "16.64%", "2016-03-31": "16.13%", "2015-12-31": "15.71%", "2015-09-30": "20.32%", "2015-06-30": "20.16%", "2015-03-31": "19.88%", "2014-12-31": "19.83%", "2014-09-30": "19.30%", "2014-06-30": "19.64%", "2014-03-31": "17.11%", "2013-12-31": "17.27%", "2013-09-30": "18.62%", "2013-06-30": "13.08%", "2013-03-31": "16.36%", "2012-12-31": "16.86%", "2012-09-30": "17.47%", "2012-06-30": "24.01%", "2012-03-31": "25.38%", "2011-12-31": "29.38%", "2011-09-30": "27.61%", "2011-06-30": "27.26%", "2011-03-31": "26.87%", "2010-12-31": "23.14%", "2010-09-30": "22.45%", "2010-06-30": "20.76%", "2010-03-31": "18.84%", "2009-12-31": "19.95%", "2009-09-30": "21.30%", "2009-06-30": "23.27%", "2009-03-31": "26.34%", "2008-12-31": "26.31%", "2008-09-30": "26.12%", "2008-06-30": "27.12%", "2008-03-31": "26.76%", "2007-12-31": "26.18%", "2007-09-30": "25.93%", "2007-06-30": "25.17%", "2007-03-31": "24.26%", "2006-12-31": "23.74%", "2006-09-30": "23.33%", "2006-06-30": "23.43%", "2006-03-31": "23.36%", "2005-12-31": "23.36%"}, "pre tax profit margin": {"2020-09-30": "14.90%", "2020-06-30": "14.04%", "2020-03-31": "12.57%", "2019-12-31": "15.18%", "2019-09-30": "14.81%", "2019-06-30": "15.32%", "2019-03-31": "16.20%", "2018-12-31": "16.07%", "2018-09-30": "14.60%", "2018-06-30": "13.69%", "2018-03-31": "10.96%", "2017-12-31": "11.46%", "2017-09-30": "12.87%", "2017-06-30": "12.87%", "2017-03-31": "15.67%", "2016-12-31": "15.89%", "2016-09-30": "11.61%", "2016-06-30": "10.44%", "2016-03-31": "9.35%", "2015-12-31": "8.11%", "2015-09-30": "11.36%", "2015-06-30": "10.55%", "2015-03-31": "9.35%", "2014-12-31": "8.23%", "2014-09-30": "8.81%", "2014-06-30": "10.16%", "2014-03-31": "7.63%", "2013-12-31": "8.18%", "2013-09-30": "8.20%", "2013-06-30": "2.80%", "2013-03-31": "6.03%", "2012-12-31": "7.55%", "2012-09-30": "8.11%", "2012-06-30": "14.11%", "2012-03-31": "15.52%", "2011-12-31": "18.46%", "2011-09-30": "17.18%", "2011-06-30": "16.77%", "2011-03-31": "16.15%", "2010-12-31": "12.20%", "2010-09-30": "11.42%", "2010-06-30": "9.45%", "2010-03-31": "7.34%", "2009-12-31": "8.68%", "2009-09-30": "9.72%", "2009-06-30": "10.77%", "2009-03-31": "14.09%", "2008-12-31": "13.50%", "2008-09-30": "12.83%", "2008-06-30": "13.90%", "2008-03-31": "12.57%", "2007-12-31": "11.26%", "2007-09-30": "10.86%", "2007-06-30": "9.97%", "2007-03-31": "9.29%", "2006-12-31": "9.40%", "2006-09-30": "9.09%", "2006-06-30": "9.59%", "2006-03-31": "10.26%", "2005-12-31": "11.93%"}, "net profit margin": {"2020-09-30": "10.01%", "2020-06-30": "9.89%", "2020-03-31": "8.82%", "2019-12-31": "10.92%", "2019-09-30": "10.46%", "2019-06-30": "10.89%", "2019-03-31": "11.60%", "2018-12-31": "11.57%", "2018-09-30": "19.02%", "2018-06-30": "17.80%", "2018-03-31": "14.75%", "2017-12-31": "14.58%", "2017-09-30": "7.29%", "2017-06-30": "7.34%", "2017-03-31": "9.78%", "2016-12-31": "9.84%", "2016-09-30": "6.96%", "2016-06-30": "6.18%", "2016-03-31": "5.55%", "2015-12-31": "5.26%", "2015-09-30": "8.56%", "2015-06-30": "8.25%", "2015-03-31": "7.58%", "2014-12-31": "6.45%", "2014-09-30": "5.68%", "2014-06-30": "6.92%", "2014-03-31": "5.44%", "2013-12-31": "5.81%", "2013-09-30": "5.66%", "2013-06-30": "1.99%", "2013-03-31": "3.80%", "2012-12-31": "4.83%", "2012-09-30": "5.56%", "2012-06-30": "9.08%", "2012-03-31": "9.88%", "2011-12-31": "11.60%", "2011-09-30": "10.68%", "2011-06-30": "10.44%", "2011-03-31": "10.17%", "2010-12-31": "7.79%", "2010-09-30": "7.36%", "2010-06-30": "6.19%", "2010-03-31": "4.69%", "2009-12-31": "5.45%", "2009-09-30": "5.80%", "2009-06-30": "5.87%", "2009-03-31": "8.20%", "2008-12-31": "7.78%", "2008-09-30": "7.44%", "2008-06-30": "8.48%", "2008-03-31": "7.60%", "2007-12-31": "6.82%", "2007-09-30": "6.81%", "2007-06-30": "6.44%", "2007-03-31": "6.09%", "2006-12-31": "6.20%", "2006-09-30": "6.24%", "2006-06-30": "7.24%", "2006-03-31": "15.42%", "2005-12-31": "17.95%"}, "pe ratio": {"current": "12.69", "2021-02-05": "12.69", "2020-09-30": "11.80", "2020-06-30": "15.27", "2020-03-31": "9.61", "2019-12-31": "13.64", "2019-09-30": "13.36", "2019-06-30": "14.17", "2019-03-31": "10.78", "2018-12-31": "8.35", "2018-09-30": "7.17", "2018-06-30": "7.09", "2018-03-31": "9.47", "2017-12-31": "11.76", "2017-09-30": "25.58", "2017-06-30": "28.66", "2017-03-31": "21.31", "2016-12-31": "18.93", "2016-09-30": "26.21", "2016-06-30": "28.02", "2016-03-31": "27.37", "2015-12-31": "35.52", "2015-09-30": "21.14", "2015-06-30": "25.55", "2015-03-31": "29.07", "2014-12-31": "35.91", "2014-09-30": "36.28", "2014-06-30": "30.27", "2014-03-31": "37.25", "2013-12-31": "32.91", "2013-09-30": "28.31", "2013-06-30": "75.93", "2013-03-31": "35.09", "2012-12-31": "25.82", "2012-09-30": "18.06", "2012-06-30": "10.26", "2012-03-31": "10.83", "2011-12-31": "8.20", "2011-09-30": "6.95", "2011-06-30": "8.95", "2011-03-31": "7.55", "2010-12-31": "8.03", "2010-09-30": "8.47", "2010-06-30": "9.77", "2010-03-31": "15.10", "2009-12-31": "13.15", "2009-09-30": "10.49", "2009-06-30": "8.71", "2009-03-31": "4.30", "2008-12-31": "4.58", "2008-09-30": "9.08", "2008-06-30": "11.23", "2008-03-31": "12.35", "2007-12-31": "16.42", "2007-09-30": "20.87", "2007-06-30": "21.00", "2007-03-31": "22.85", "2006-12-31": "20.30"}, "price sales": {"2021-02-05": "1.26", "2020-09-30": "1.17", "2020-06-30": "1.50", "2020-03-31": "0.85", "2019-12-31": "1.47", "2019-09-30": "1.40", "2019-06-30": "1.54", "2019-03-31": "1.25", "2018-12-31": "0.96", "2018-09-30": "1.36", "2018-06-30": "1.26", "2018-03-31": "1.36", "2017-12-31": "1.68", "2017-09-30": "1.84", "2017-06-30": "2.07", "2017-03-31": "2.06", "2016-12-31": "1.81", "2016-09-30": "1.68", "2016-06-30": "1.59", "2016-03-31": "1.40", "2015-12-31": "1.74", "2015-09-30": "1.81", "2015-06-30": "2.10", "2015-03-31": "2.20", "2014-12-31": "2.30", "2014-09-30": "2.06", "2014-06-30": "2.09", "2014-03-31": "2.02", "2013-12-31": "1.91", "2013-09-30": "1.60", "2013-06-30": "1.50", "2013-03-31": "1.32", "2012-12-31": "1.25", "2012-09-30": "1.01", "2012-06-30": "0.93", "2012-03-31": "1.07", "2011-12-31": "0.95", "2011-09-30": "0.74", "2011-06-30": "0.93", "2011-03-31": "0.77", "2010-12-31": "0.63", "2010-09-30": "0.62", "2010-06-30": "0.61", "2010-03-31": "0.71", "2009-12-31": "0.72", "2009-09-30": "0.61", "2009-06-30": "0.52", "2009-03-31": "0.36", "2008-12-31": "0.36", "2008-09-30": "0.68", "2008-06-30": "0.96", "2008-03-31": "0.95", "2007-12-31": "1.13", "2007-09-30": "1.45", "2007-06-30": "1.37", "2007-03-31": "1.41", "2006-12-31": "1.27"}, "price book": {"current": "1.29", "2021-02-05": "1.29", "2020-09-30": "1.20", "2020-06-30": "1.49", "2020-03-31": "0.90", "2019-12-31": "1.60", "2019-09-30": "1.65", "2019-06-30": "1.93", "2019-03-31": "1.66", "2018-12-31": "1.36", "2018-09-30": "2.03", "2018-06-30": "2.01", "2018-03-31": "2.41", "2017-12-31": "3.21", "2017-09-30": "4.55", "2017-06-30": "5.58", "2017-03-31": "5.73", "2016-12-31": "5.84", "2016-09-30": "5.94", "2016-06-30": "6.92", "2016-03-31": "6.89", "2015-12-31": "9.66", "2015-09-30": "9.46", "2015-06-30": "11.76", "2015-03-31": "14.15", "2014-12-31": "16.73", "2014-09-30": "19.26", "2014-06-30": "20.88", "2014-03-31": "24.92", "2013-12-31": "26.62", "2013-09-30": "28.39", "2013-06-30": "52.45", "2013-03-31": "53.71", "2012-12-31": "230.23", "2012-09-30": "89.89", "2012-06-30": "72.64", "2012-03-31": "-258.10", "2011-12-31": "-29.58", "2011-09-30": "97.25", "2011-06-30": "-132.83", "2011-03-31": "-19.33", "2010-12-31": "-6.91", "2010-09-30": "-5.40", "2010-06-30": "-4.63", "2010-03-31": "-4.52", "2009-12-31": "-3.99", "2009-09-30": "-5.09", "2009-06-30": "-3.89", "2009-03-31": "-2.43", "2008-12-31": "-2.08", "2008-09-30": "-3.60", "2008-06-30": "-5.15", "2008-03-31": "-4.33", "2007-12-31": "19.33", "2007-09-30": "33.31", "2007-06-30": "62.68", "2007-03-31": "-465.66", "2006-12-31": "-56.52", "2006-09-30": "-29.20", "2006-06-30": "-19.59", "2006-03-31": "-14.06"}, "price fcf": {"2021-02-05": "", "2020-09-30": "$5.07", "2020-06-30": "$4.45", "2020-03-31": "$4.05", "2019-12-31": "$3.87", "2019-09-30": "$3.67", "2019-06-30": "$3.85", "2019-03-31": "$3.91", "2018-12-31": "$4.04", "2018-09-30": "$4.16", "2018-06-30": "$3.95", "2018-03-31": "$4.19", "2017-12-31": "$4.49", "2017-09-30": "$4.76", "2017-06-30": "$4.64", "2017-03-31": "$4.58", "2016-12-31": "$4.63", "2016-09-30": "$3.71", "2016-06-30": "$4.20", "2016-03-31": "$3.89", "2015-12-31": "$3.71", "2015-09-30": "$4.66", "2015-06-30": "$4.08", "2015-03-31": "$3.67", "2014-12-31": "$2.97", "2014-09-30": "$2.76", "2014-06-30": "$2.24", "2014-03-31": "$2.46", "2013-12-31": "$2.52", "2013-09-30": "$0.92", "2013-06-30": "$1.71", "2013-03-31": "$1.65", "2012-12-31": "$2.35", "2012-09-30": "$3.94", "2012-06-30": "$4.19", "2012-03-31": "$4.23", "2011-12-31": "$4.06", "2011-09-30": "$3.85", "2011-06-30": "$2.92", "2011-03-31": "$2.75", "2010-12-31": "$2.30", "2010-09-30": "$1.54", "2010-06-30": "$2.13", "2010-03-31": "$2.04", "2009-12-31": "$2.58", "2009-09-30": "$2.78", "2009-06-30": "$2.28", "2009-03-31": "$2.36", "2008-12-31": "$2.30", "2008-09-30": "$2.89", "2008-06-30": "$3.35", "2008-03-31": "$3.57", "2007-12-31": "$2.57", "2007-09-30": "$2.15", "2007-06-30": "$1.75", "2007-03-31": "$1.59", "2006-12-31": "$1.95"}, "net worth": {"value": "$16.42B"}, "current ratio": {"current": "0.77", "2020-09-30": "0.77", "2020-06-30": "0.71", "2020-03-31": "1.00", "2019-12-31": "0.89", "2019-09-30": "0.60", "2019-06-30": "0.63", "2019-03-31": "0.73", "2018-12-31": "0.69", "2018-09-30": "0.62", "2018-06-30": "0.76", "2018-03-31": "0.74", "2017-12-31": "0.68", "2017-09-30": "0.63", "2017-06-30": "0.63", "2017-03-31": "2.10", "2016-12-31": "1.80", "2016-09-30": "1.72", "2016-06-30": "1.31", "2016-03-31": "0.67", "2015-12-31": "0.69", "2015-09-30": "2.59", "2015-06-30": "2.50", "2015-03-31": "2.26", "2014-12-31": "3.05", "2014-09-30": "2.09", "2014-06-30": "2.09", "2014-03-31": "2.72", "2013-12-31": "2.71", "2013-09-30": "3.15", "2013-06-30": "3.03", "2013-03-31": "2.41", "2012-12-31": "2.31", "2012-09-30": "2.01", "2012-06-30": "1.85", "2012-03-31": "1.22", "2011-12-31": "1.16", "2011-09-30": "1.33", "2011-06-30": "1.51", "2011-03-31": "1.16", "2010-12-31": "1.02", "2010-09-30": "1.20", "2010-06-30": "1.17", "2010-03-31": "1.09", "2009-12-31": "1.06", "2009-09-30": "1.22", "2009-06-30": "0.92", "2009-03-31": "0.86", "2008-12-31": "0.70", "2008-09-30": "0.68", "2008-06-30": "0.89", "2008-03-31": "0.66", "2007-12-31": "1.01", "2007-09-30": "1.57", "2007-06-30": "1.52", "2007-03-31": "1.43", "2006-12-31": "1.28", "2006-09-30": "1.68", "2006-06-30": "1.67", "2006-03-31": "1.60", "2005-12-31": "1.12", "2005-09-30": "1.15", "2005-06-30": "1.13", "2005-03-31": "1.07"}, "quick ratio": {"2020-09-30": "0.69", "2020-06-30": "0.66", "2020-03-31": "0.93", "2019-12-31": "0.82", "2019-09-30": "0.53", "2019-06-30": "0.58", "2019-03-31": "0.66", "2018-12-31": "0.63", "2018-09-30": "0.56", "2018-06-30": "0.67", "2018-03-31": "0.66", "2017-12-31": "0.61", "2017-09-30": "0.57", "2017-06-30": "0.57", "2017-03-31": "2.01", "2016-12-31": "1.71", "2016-09-30": "1.62", "2016-06-30": "1.18", "2016-03-31": "0.55", "2015-12-31": "0.61", "2015-09-30": "2.51", "2015-06-30": "2.41", "2015-03-31": "2.18", "2014-12-31": "2.93", "2014-09-30": "1.99", "2014-06-30": "1.99", "2014-03-31": "2.60", "2013-12-31": "2.59", "2013-09-30": "3.00", "2013-06-30": "2.89", "2013-03-31": "2.26", "2012-12-31": "2.19", "2012-09-30": "1.86", "2012-06-30": "1.66", "2012-03-31": "1.03", "2011-12-31": "0.94", "2011-09-30": "1.17", "2011-06-30": "1.38", "2011-03-31": "1.07", "2010-12-31": "0.91", "2010-09-30": "1.06", "2010-06-30": "1.04", "2010-03-31": "0.99", "2009-12-31": "0.97", "2009-09-30": "1.13", "2009-06-30": "0.81", "2009-03-31": "0.72", "2008-12-31": "0.56", "2008-09-30": "0.59", "2008-06-30": "0.82", "2008-03-31": "0.59", "2007-12-31": "0.93", "2007-09-30": "1.44", "2007-06-30": "1.41", "2007-03-31": "1.32", "2006-12-31": "1.22", "2006-09-30": "1.57", "2006-06-30": "1.56", "2006-03-31": "1.50", "2005-12-31": "1.01", "2005-09-30": "1.04", "2005-06-30": "1.02", "2005-03-31": "0.95"}, "debt equity ratio": {"current": "0.94", "2020-09-30": "1.84", "2020-06-30": "1.76", "2020-03-31": "1.89", "2019-12-31": "1.87", "2019-09-30": "2.12", "2019-06-30": "2.46", "2019-03-31": "2.54", "2018-12-31": "2.56", "2018-09-30": "2.66", "2018-06-30": "2.80", "2018-03-31": "3.12", "2017-12-31": "3.29", "2017-09-30": "4.32", "2017-06-30": "4.71", "2017-03-31": "4.71", "2016-12-31": "5.05", "2016-09-30": "5.43", "2016-06-30": "5.95", "2016-03-31": "6.05", "2015-12-31": "7.33", "2015-09-30": "7.09", "2015-06-30": "7.54", "2015-03-31": "9.02", "2014-12-31": "9.96", "2014-09-30": "12.67", "2014-06-30": "13.46", "2014-03-31": "16.95", "2013-12-31": "19.42", "2013-09-30": "27.03", "2013-06-30": "53.28", "2013-03-31": "54.18", "2012-12-31": "241.64", "2012-09-30": "109.40", "2012-06-30": "83.24", "2012-03-31": "-224.26", "2011-12-31": "-28.38", "2011-09-30": "125.15", "2011-06-30": "-139.52", "2011-03-31": "-21.46", "2010-12-31": "-9.50", "2010-09-30": "-7.56", "2010-06-30": "-6.72", "2010-03-31": "-5.70", "2009-12-31": "-4.97", "2009-09-30": "-7.27", "2009-06-30": "-5.78", "2009-03-31": "-5.24", "2008-12-31": "-4.31", "2008-09-30": "-4.37", "2008-06-30": "-4.67", "2008-03-31": "-3.82", "2007-12-31": "14.76", "2007-09-30": "20.20", "2007-06-30": "40.49", "2007-03-31": "-298.50", "2006-12-31": "-45.53", "2006-09-30": "-26.63", "2006-06-30": "-18.80", "2006-03-31": "-13.94", "2005-12-31": "-9.55", "2005-09-30": "-10.59", "2005-06-30": "-8.49", "2005-03-31": "-4.60"}, "return on equity": {"2020-09-30": "11.81%", "2020-06-30": "11.13%", "2020-03-31": "10.60%", "2019-12-31": "13.98%", "2019-09-30": "14.54%", "2019-06-30": "16.24%", "2019-03-31": "18.43%", "2018-12-31": "19.72%", "2018-09-30": "34.63%", "2018-06-30": "36.04%", "2018-03-31": "33.37%", "2017-12-31": "36.67%", "2017-09-30": "20.78%", "2017-06-30": "22.57%", "2017-03-31": "33.52%", "2016-12-31": "38.52%", "2016-09-30": "31.34%", "2016-06-30": "31.03%", "2016-03-31": "29.84%", "2015-12-31": "30.34%", "2015-09-30": "52.16%", "2015-06-30": "57.85%", "2015-03-31": "61.53%", "2014-12-31": "61.58%", "2014-09-30": "64.26%", "2014-06-30": "92.19%", "2014-03-31": "94.87%", "2013-12-31": "133.94%", "2013-09-30": "195.97%", "2013-06-30": "112.28%", "2013-03-31": "276.19%", "2012-12-31": "753.85%", "2012-09-30": "-1937.25%", "2012-06-30": "-2436.00%", "2012-03-31": "-1141.51%", "2011-12-31": "-665.64%", "2011-09-30": "-358.15%", "2011-06-30": "-175.64%", "2011-03-31": "-112.52%", "2010-12-31": "-65.89%", "2010-09-30": "-52.57%", "2010-06-30": "-43.34%", "2010-03-31": "-32.38%", "2009-12-31": "-38.20%", "2009-09-30": "-41.37%", "2009-06-30": "-37.72%", "2009-03-31": "-48.90%", "2008-12-31": "-42.01%", "2008-09-30": "-57.29%", "2008-06-30": "-113.12%", "2008-03-31": "-308.63%", "2007-12-31": "233.33%", "2007-09-30": "671.85%", "2007-06-30": "-694.85%", "2007-03-31": "-219.89%", "2006-12-31": "-136.39%", "2006-09-30": "-96.80%", "2006-06-30": "-92.22%", "2006-03-31": "-162.34%", "2005-12-31": "-136.15%"}, "return on assets": {"2020-09-30": "4.16%", "2020-06-30": "3.83%", "2020-03-31": "3.46%", "2019-12-31": "4.34%", "2019-09-30": "4.27%", "2019-06-30": "4.57%", "2019-03-31": "5.07%", "2018-12-31": "5.23%", "2018-09-30": "8.77%", "2018-06-30": "8.36%", "2018-03-31": "7.00%", "2017-12-31": "7.07%", "2017-09-30": "3.66%", "2017-06-30": "3.79%", "2017-03-31": "5.39%", "2016-12-31": "5.87%", "2016-09-30": "4.42%", "2016-06-30": "4.11%", "2016-03-31": "3.75%", "2015-12-31": "3.49%", "2015-09-30": "5.64%", "2015-06-30": "5.54%", "2015-03-31": "5.16%", "2014-12-31": "4.47%", "2014-09-30": "3.98%", "2014-06-30": "4.84%", "2014-03-31": "3.78%", "2013-12-31": "4.12%", "2013-09-30": "3.87%", "2013-06-30": "1.43%", "2013-03-31": "2.98%", "2012-12-31": "4.19%", "2012-09-30": "5.40%", "2012-06-30": "9.47%", "2012-03-31": "10.67%", "2011-12-31": "12.74%", "2011-09-30": "12.71%", "2011-06-30": "13.14%", "2011-03-31": "13.63%", "2010-12-31": "10.75%", "2010-09-30": "10.33%", "2010-06-30": "8.63%", "2010-03-31": "6.73%", "2009-12-31": "8.13%", "2009-09-30": "9.16%", "2009-06-30": "9.80%", "2009-03-31": "13.50%", "2008-12-31": "12.83%", "2008-09-30": "10.84%", "2008-06-30": "11.29%", "2008-03-31": "9.51%", "2007-12-31": "7.90%", "2007-09-30": "7.73%", "2007-06-30": "7.17%", "2007-03-31": "6.64%", "2006-12-31": "6.56%", "2006-09-30": "6.77%", "2006-06-30": "7.98%", "2006-03-31": "17.27%", "2005-12-31": "21.05%"}, "return on investments": {"2020-09-30": "8.73%", "2020-06-30": "7.43%", "2020-03-31": "6.64%", "2019-12-31": "8.12%", "2019-09-30": "8.14%", "2019-06-30": "8.66%", "2019-03-31": "9.21%", "2018-12-31": "9.57%", "2018-09-30": "8.60%", "2018-06-30": "8.22%", "2018-03-31": "6.97%", "2017-12-31": "7.41%", "2017-09-30": "9.11%", "2017-06-30": "9.56%", "2017-03-31": "11.84%", "2016-12-31": "12.70%", "2016-09-30": "10.11%", "2016-06-30": "12.74%", "2016-03-31": "12.61%", "2015-12-31": "11.99%", "2015-09-30": "16.47%", "2015-06-30": "13.27%", "2015-03-31": "13.11%", "2014-12-31": "13.03%", "2014-09-30": "12.93%", "2014-06-30": "12.91%", "2014-03-31": "9.64%", "2013-12-31": "10.06%", "2013-09-30": "10.79%", "2013-06-30": "5.84%", "2013-03-31": "10.55%", "2012-12-31": "12.94%", "2012-09-30": "15.88%", "2012-06-30": "28.75%", "2012-03-31": "34.26%", "2011-12-31": "43.46%", "2011-09-30": "46.63%", "2011-06-30": "48.84%", "2011-03-31": "51.13%", "2010-12-31": "41.00%", "2010-09-30": "37.82%", "2010-06-30": "33.00%", "2010-03-31": "29.46%", "2009-12-31": "34.59%", "2009-09-30": "42.07%", "2009-06-30": "55.08%", "2009-03-31": "69.87%", "2008-12-31": "77.97%", "2008-09-30": "60.87%", "2008-06-30": "46.65%", "2008-03-31": "34.99%", "2007-12-31": "26.26%", "2007-09-30": "24.37%", "2007-06-30": "22.47%", "2007-03-31": "20.87%", "2006-12-31": "19.51%", "2006-09-30": "19.06%", "2006-06-30": "20.45%", "2006-03-31": "21.56%", "2005-12-31": "24.32%"}, "return on tangible equity": {"2020-09-30": "12.04%", "2020-06-30": "11.16%", "2020-03-31": "10.63%", "2019-12-31": "14.03%", "2019-09-30": "14.54%", "2019-06-30": "16.24%", "2019-03-31": "18.43%", "2018-12-31": "19.72%", "2018-09-30": "34.63%", "2018-06-30": "36.04%", "2018-03-31": "33.37%", "2017-12-31": "36.67%", "2017-09-30": "20.78%", "2017-06-30": "22.57%", "2017-03-31": "33.52%", "2016-12-31": "38.52%", "2016-09-30": "31.34%", "2016-06-30": "31.03%", "2016-03-31": "29.84%", "2015-12-31": "30.34%", "2015-09-30": "52.16%", "2015-06-30": "57.85%", "2015-03-31": "61.53%", "2014-12-31": "61.58%", "2014-09-30": "64.26%", "2014-06-30": "92.19%", "2014-03-31": "94.87%", "2013-12-31": "133.94%", "2013-09-30": "195.97%", "2013-06-30": "112.28%", "2013-03-31": "276.19%", "2012-12-31": "753.85%", "2012-09-30": "-1937.25%", "2012-06-30": "-2436.00%", "2012-03-31": "-1141.51%", "2011-12-31": "-665.64%", "2011-09-30": "-358.15%", "2011-06-30": "-175.64%", "2011-03-31": "-112.52%", "2010-12-31": "-65.89%", "2010-09-30": "-52.57%", "2010-06-30": "-43.34%", "2010-03-31": "-32.38%", "2009-12-31": "-38.17%", "2009-09-30": "-41.34%", "2009-06-30": "-37.66%", "2009-03-31": "-48.80%", "2008-12-31": "-41.95%", "2008-09-30": "-53.00%", "2008-06-30": "-95.14%", "2008-03-31": "-177.73%", "2007-12-31": "1039.18%", "2007-09-30": "-1012.41%", "2007-06-30": "-235.05%", "2007-03-31": "-129.16%", "2006-12-31": "-93.37%", "2006-09-30": "-71.72%", "2006-06-30": "-70.34%", "2006-03-31": "-127.22%", "2005-12-31": "-112.40%"}, "dividend yield history": {"last payout": "$0.00", "last yield": "0.00%"}}