{"ticker": "DHC", "price": {"title": "Diversified Healthcare Trust Historical Annual Stock Price Data", "value": 4.43, "historical": {"2020": {"Average Stock Price": "4.4708", "Year Open": "8.2500", "Year High": "8.7900", "Year Low": "2.1200", "Year Close": "4.1200", "Annual % Change": "-51.18%"}, "2019": {"Average Stock Price": "9.5126", "Year Open": "11.6000", "Year High": "14.2500", "Year Low": "7.1150", "Year Close": "8.4400", "Annual % Change": "-27.99%"}, "2018": {"Average Stock Price": "16.5891", "Year Open": "19.2400", "Year High": "19.2400", "Year Low": "11.3100", "Year Close": "11.7200", "Annual % Change": "-38.80%"}, "2017": {"Average Stock Price": "19.8987", "Year Open": "19.0600", "Year High": "22.4400", "Year Low": "18.3300", "Year Close": "19.1500", "Annual % Change": "1.16%"}, "2016": {"Average Stock Price": "18.9748", "Year Open": "15.1100", "Year High": "23.7400", "Year Low": "13.6200", "Year Close": "18.9300", "Annual % Change": "27.56%"}, "2015": {"Average Stock Price": "18.5112", "Year Open": "22.4800", "Year High": "23.6400", "Year Low": "13.8700", "Year Close": "14.8400", "Annual % Change": "-32.88%"}, "2014": {"Average Stock Price": "22.6591", "Year Open": "22.1000", "Year High": "24.5000", "Year Low": "20.9200", "Year Close": "22.1100", "Annual % Change": "-0.54%"}, "2013": {"Average Stock Price": "25.0145", "Year Open": "23.9900", "Year High": "29.6700", "Year Low": "21.8500", "Year Close": "22.2300", "Annual % Change": "-5.96%"}, "2012": {"Average Stock Price": "22.0747", "Year Open": "22.5800", "Year High": "23.7000", "Year Low": "19.9400", "Year Close": "23.6400", "Annual % Change": "5.35%"}, "2011": {"Average Stock Price": "22.6706", "Year Open": "22.2600", "Year High": "24.5400", "Year Low": "19.0900", "Year Close": "22.4400", "Annual % Change": "2.28%"}, "2010": {"Average Stock Price": "22.1783", "Year Open": "21.6700", "Year High": "25.1900", "Year Low": "19.4800", "Year Close": "21.9400", "Annual % Change": "0.32%"}, "2009": {"Average Stock Price": "17.4791", "Year Open": "16.4300", "Year High": "22.5800", "Year Low": "11.3900", "Year Close": "21.8700", "Annual % Change": "22.04%"}, "2008": {"Average Stock Price": "20.4157", "Year Open": "23.0100", "Year High": "25.0100", "Year Low": "10.2800", "Year Close": "17.9200", "Annual % Change": "-20.99%"}, "2007": {"Average Stock Price": "22.4475", "Year Open": "24.4000", "Year High": "26.7500", "Year Low": "17.1600", "Year Close": "22.6800", "Annual % Change": "-7.35%"}, "2006": {"Average Stock Price": "19.3053", "Year Open": "16.9900", "Year High": "24.4800", "Year Low": "16.8000", "Year Close": "24.4800", "Annual % Change": "44.77%"}, "2005": {"Average Stock Price": "18.0602", "Year Open": "18.5900", "Year High": "20.0000", "Year Low": "16.5000", "Year Close": "16.9100", "Annual % Change": "-10.72%"}, "2004": {"Average Stock Price": "17.7288", "Year Open": "17.3800", "Year High": "20.3100", "Year Low": "14.5200", "Year Close": "18.9400", "Annual % Change": "9.92%"}, "2003": {"Average Stock Price": "13.5104", "Year Open": "10.6800", "Year High": "17.6000", "Year Low": "10.6800", "Year Close": "17.2300", "Annual % Change": "62.39%"}, "2002": {"Average Stock Price": "12.7775", "Year Open": "13.4500", "Year High": "15.7000", "Year Low": "9.8500", "Year Close": "10.6100", "Annual % Change": "-23.72%"}, "2001": {"Average Stock Price": "12.2243", "Year Open": "9.7500", "Year High": "13.9500", "Year Low": "9.7500", "Year Close": "13.9100", "Annual % Change": "49.41%"}, "2000": {"Average Stock Price": "8.9669", "Year Open": "8.3800", "Year High": "10.3100", "Year Low": "7.3300", "Year Close": "9.3100", "Annual % Change": "0.00%"}}}, "market cap": {"value": "$1.06B"}, "income statement": {"Revenue": {"2019-12-31": "1040.15500", "2018-12-31": "1117.16400", "2017-12-31": "1074.72900", "2016-12-31": "1058.02200", "2015-12-31": "998.77300", "2014-12-31": "844.88700", "2013-12-31": "761.43800", "2012-12-31": "634.80000", "2011-12-31": "440.03100", "2010-12-31": "340.11300", "2009-12-31": "297.39900", "2008-12-31": "233.21000", "2007-12-31": "188.02200", "2006-12-31": "179.80600", "2005-12-31": "163.18700"}, "Cost Of Goods Sold": {"2019-12-31": "489.07000", "2018-12-31": "451.58100", "2017-12-31": "413.49200", "2016-12-31": "399.79000", "2015-12-31": "377.57900", "2014-12-31": "324.56400", "2013-12-31": "299.87800", "2012-12-31": "197.69600", "2011-12-31": "65.40000", "2010-12-31": "20.16900", "2009-12-31": "14.90100", "2008-12-31": "2.79200", "2007-12-31": "", "2006-12-31": "", "2005-12-31": ""}, "Gross Profit": {"2019-12-31": "551.08500", "2018-12-31": "665.58290", "2017-12-31": "661.23700", "2016-12-31": "658.23190", "2015-12-31": "621.19400", "2014-12-31": "520.32300", "2013-12-31": "461.56000", "2012-12-31": "437.10400", "2011-12-31": "374.63100", "2010-12-31": "319.94400", "2009-12-31": "282.49800", "2008-12-31": "230.41800", "2007-12-31": "188.02200", "2006-12-31": "179.80600", "2005-12-31": "163.18700"}, "Research And Development Expenses": {"2019-12-31": "", "2018-12-31": "", "2017-12-31": "", "2016-12-31": "", "2015-12-31": "", "2014-12-31": "", "2013-12-31": "", "2012-12-31": "", "2011-12-31": "", "2010-12-31": "", "2009-12-31": "", "2008-12-31": "", "2007-12-31": "", "2006-12-31": "", "2005-12-31": ""}, "SG&A Expenses": {"2019-12-31": "37.02800", "2018-12-31": "85.88500", "2017-12-31": "103.69400", "2016-12-31": "46.55900", "2015-12-31": "42.83000", "2014-12-31": "38.94600", "2013-12-31": "32.65700", "2012-12-31": "31.51700", "2011-12-31": "26.04100", "2010-12-31": "21.67700", "2009-12-31": "19.82500", "2008-12-31": "16.87300", "2007-12-31": "14.15400", "2006-12-31": "14.64500", "2005-12-31": "13.11700"}, "Other Operating Income Or Expenses": {"2019-12-31": "-115.20100", "2018-12-31": "-66.34600", "2017-12-31": "-5.08200", "2016-12-31": "-18.67400", "2015-12-31": "-0.19400", "2014-12-31": "0.01000", "2013-12-31": "-7.98900", "2012-12-31": "-3.07100", "2011-12-31": "-1.99000", "2010-12-31": "-5.96500", "2009-12-31": "", "2008-12-31": "", "2007-12-31": "", "2006-12-31": "", "2005-12-31": ""}, "Operating Expenses": {"2019-12-31": "943.42600", "2018-12-31": "890.24100", "2017-12-31": "799.53200", "2016-12-31": "754.93900", "2015-12-31": "685.23900", "2014-12-31": "553.49800", "2013-12-31": "496.92800", "2012-12-31": "380.72000", "2011-12-31": "216.62900", "2010-12-31": "141.83000", "2009-12-31": "116.63600", "2008-12-31": "80.49600", "2007-12-31": "61.53800", "2006-12-31": "58.71800", "2005-12-31": "56.81100"}, "Operating Income": {"2019-12-31": "96.72910", "2018-12-31": "226.92300", "2017-12-31": "275.19700", "2016-12-31": "303.08290", "2015-12-31": "313.53400", "2014-12-31": "291.38900", "2013-12-31": "264.51000", "2012-12-31": "254.08000", "2011-12-31": "223.40200", "2010-12-31": "198.28300", "2009-12-31": "180.76300", "2008-12-31": "152.71400", "2007-12-31": "126.48400", "2006-12-31": "121.08800", "2005-12-31": "106.37600"}, "Total Non-Operating Income/Expense": {"2019-12-31": "-179.57100", "2018-12-31": "65.45100", "2017-12-31": "-123.54800", "2016-12-31": "-161.50100", "2015-12-31": "-188.06000", "2014-12-31": "-134.70100", "2013-12-31": "-117.90500", "2012-12-31": "-122.09700", "2011-12-31": "-97.09900", "2010-12-31": "-81.49800", "2009-12-31": "-70.73600", "2008-12-31": "-45.94000", "2007-12-31": "-41.18100", "2006-12-31": "-54.96600", "2005-12-31": "-48.39500"}, "Pre-Tax Income": {"2019-12-31": "-82.84200", "2018-12-31": "292.37400", "2017-12-31": "151.64900", "2016-12-31": "141.58200", "2015-12-31": "125.47400", "2014-12-31": "156.68800", "2013-12-31": "146.60500", "2012-12-31": "131.98300", "2011-12-31": "126.30300", "2010-12-31": "116.78500", "2009-12-31": "110.02700", "2008-12-31": "106.77400", "2007-12-31": "85.30300", "2006-12-31": "66.12200", "2005-12-31": "57.98100"}, "Income Taxes": {"2019-12-31": "0.43600", "2018-12-31": "0.47600", "2017-12-31": "0.45400", "2016-12-31": "0.42400", "2015-12-31": "0.57400", "2014-12-31": "0.57600", "2013-12-31": "0.60000", "2012-12-31": "0.37500", "2011-12-31": "0.31200", "2010-12-31": "0.30000", "2009-12-31": "0.31200", "2008-12-31": "0.26300", "2007-12-31": "", "2006-12-31": "", "2005-12-31": ""}, "Income After Taxes": {"2019-12-31": "-83.27800", "2018-12-31": "291.89800", "2017-12-31": "151.19500", "2016-12-31": "141.15800", "2015-12-31": "124.90000", "2014-12-31": "156.11200", "2013-12-31": "146.00500", "2012-12-31": "131.60800", "2011-12-31": "125.99100", "2010-12-31": "116.48500", "2009-12-31": "109.71500", "2008-12-31": "106.51100", "2007-12-31": "85.30300", "2006-12-31": "66.12200", "2005-12-31": "57.98100"}, "Other Income": {"2019-12-31": "", "2018-12-31": "", "2017-12-31": "", "2016-12-31": "", "2015-12-31": "", "2014-12-31": "", "2013-12-31": "", "2012-12-31": "", "2011-12-31": "", "2010-12-31": "", "2009-12-31": "", "2008-12-31": "", "2007-12-31": "", "2006-12-31": "", "2005-12-31": ""}, "Income From Continuous Operations": {"2019-12-31": "-82.87800", "2018-12-31": "292.41400", "2017-12-31": "151.80300", "2016-12-31": "141.29500", "2015-12-31": "124.92000", "2014-12-31": "156.19900", "2013-12-31": "146.33900", "2012-12-31": "131.92400", "2011-12-31": "125.99100", "2010-12-31": "116.48500", "2009-12-31": "109.71500", "2008-12-31": "106.51100", "2007-12-31": "85.30300", "2006-12-31": "66.12200", "2005-12-31": "57.98100"}, "Income From Discontinued Operations": {"2019-12-31": "", "2018-12-31": "", "2017-12-31": "", "2016-12-31": "", "2015-12-31": "-0.95200", "2014-12-31": "2.43800", "2013-12-31": "4.82500", "2012-12-31": "3.96000", "2011-12-31": "25.42800", "2010-12-31": "", "2009-12-31": "", "2008-12-31": "", "2007-12-31": "", "2006-12-31": "-0.02100", "2005-12-31": "5.93100"}, "Net Income": {"2019-12-31": "-88.23400", "2018-12-31": "286.87200", "2017-12-31": "147.61000", "2016-12-31": "141.29500", "2015-12-31": "123.96800", "2014-12-31": "158.63700", "2013-12-31": "151.16400", "2012-12-31": "135.88400", "2011-12-31": "151.41900", "2010-12-31": "116.48500", "2009-12-31": "109.71500", "2008-12-31": "106.51100", "2007-12-31": "85.30300", "2006-12-31": "66.10100", "2005-12-31": "63.91200"}, "EBITDA": {"2019-12-31": "384.99510", "2018-12-31": "513.59190", "2017-12-31": "551.99100", "2016-12-31": "591.70190", "2015-12-31": "573.19900", "2014-12-31": "480.77700", "2013-12-31": "428.03300", "2012-12-31": "402.46000", "2011-12-31": "341.64100", "2010-12-31": "292.07900", "2009-12-31": "262.91500", "2008-12-31": "215.72200", "2007-12-31": "175.97600", "2006-12-31": "167.01300", "2005-12-31": "152.28200"}, "EBIT": {"2019-12-31": "96.72910", "2018-12-31": "226.92300", "2017-12-31": "275.19700", "2016-12-31": "303.08290", "2015-12-31": "313.53400", "2014-12-31": "291.38900", "2013-12-31": "264.51000", "2012-12-31": "254.08000", "2011-12-31": "223.40200", "2010-12-31": "198.28300", "2009-12-31": "180.76300", "2008-12-31": "152.71400", "2007-12-31": "126.48400", "2006-12-31": "121.08800", "2005-12-31": "106.37600"}, "Basic Shares Outstanding": {"2019-12-31": "237.60400", "2018-12-31": "237.51100", "2017-12-31": "237.42000", "2016-12-31": "237.34500", "2015-12-31": "232.93100", "2014-12-31": "198.86800", "2013-12-31": "187.27100", "2012-12-31": "169.50800", "2011-12-31": "149.57700", "2010-12-31": "128.09200", "2009-12-31": "121.86300", "2008-12-31": "105.15300", "2007-12-31": "83.16800", "2006-12-31": "72.52900", "2005-12-31": "68.75700"}, "Shares Outstanding": {"2019-12-31": "237.60400", "2018-12-31": "237.54600", "2017-12-31": "237.45200", "2016-12-31": "237.38200", "2015-12-31": "232.96300", "2014-12-31": "198.89400", "2013-12-31": "187.41400", "2012-12-31": "169.67100", "2011-12-31": "149.57700", "2010-12-31": "128.09200", "2009-12-31": "121.86300", "2008-12-31": "105.15300", "2007-12-31": "83.16800", "2006-12-31": "72.52900", "2005-12-31": "68.75700"}, "Basic EPS": {"2019-12-31": "-0.37000", "2018-12-31": "1.21000", "2017-12-31": "0.62000", "2016-12-31": "0.60000", "2015-12-31": "0.53000", "2014-12-31": "0.80000", "2013-12-31": "0.81000", "2012-12-31": "0.80000", "2011-12-31": "1.01000", "2010-12-31": "0.91000", "2009-12-31": "0.90000", "2008-12-31": "1.01000", "2007-12-31": "1.03000", "2006-12-31": "0.91000", "2005-12-31": "0.93000"}, "EPS - Earnings Per Share": {"2019-12-31": "-0.37000", "2018-12-31": "1.21000", "2017-12-31": "0.62000", "2016-12-31": "0.60000", "2015-12-31": "0.53000", "2014-12-31": "0.80000", "2013-12-31": "0.81000", "2012-12-31": "0.80000", "2011-12-31": "1.01000", "2010-12-31": "0.91000", "2009-12-31": "0.90000", "2008-12-31": "1.01000", "2007-12-31": "1.03000", "2006-12-31": "0.91000", "2005-12-31": "0.93000"}}, "income statement, quarterly": {"Revenue": {"2020-09-30": "394.33900", "2020-06-30": "410.31100", "2020-03-31": "442.46700", "2019-12-31": "256.03900", "2019-09-30": "255.82700", "2019-06-30": "262.00300", "2019-03-31": "266.28600", "2018-12-31": "285.22290", "2018-09-30": "278.96900", "2018-06-30": "277.20200", "2018-03-31": "275.77000", "2017-12-31": "278.48200", "2017-09-30": "266.67300", "2017-06-30": "265.01300", "2017-03-31": "264.56100", "2016-12-31": "274.29690", "2016-09-30": "263.98300", "2016-06-30": "261.36700", "2016-03-31": "258.37500", "2015-12-31": "267.51910", "2015-09-30": "255.27500", "2015-06-30": "247.40200", "2015-03-31": "228.57700", "2014-12-31": "229.80900", "2014-09-30": "216.87300", "2014-06-30": "206.70800", "2014-03-31": "191.49700", "2013-12-31": "200.33700", "2013-09-30": "187.26500", "2013-06-30": "186.92800", "2013-03-31": "186.90800", "2012-12-31": "189.22600", "2012-09-30": "156.10800", "2012-06-30": "144.39300", "2012-03-31": "145.07300", "2011-12-31": "126.61700", "2011-09-30": "113.70000", "2011-06-30": "101.16200", "2011-03-31": "98.55200", "2010-12-31": "97.94000", "2010-09-30": "80.96100", "2010-06-30": "80.76500", "2010-03-31": "80.44700", "2009-12-31": "87.61300", "2009-09-30": "72.01000", "2009-06-30": "69.39900", "2009-03-31": "68.37700", "2008-12-31": "70.59400", "2008-09-30": "59.67300", "2008-06-30": "53.39000", "2008-03-31": "49.55300", "2007-12-31": "53.08400", "2007-09-30": "45.22400", "2007-06-30": "44.96200", "2007-03-31": "44.75200", "2006-12-31": "55.04400", "2006-09-30": "42.31700", "2006-06-30": "41.27600", "2006-03-31": "41.16900", "2005-12-31": "44.11100", "2005-09-30": "40.24400", "2005-06-30": "39.60500", "2005-03-31": "39.22700"}, "Cost Of Goods Sold": {"2020-09-30": "315.65000", "2020-06-30": "301.91500", "2020-03-31": "316.58500", "2019-12-31": "126.57200", "2019-09-30": "125.08300", "2019-06-30": "120.19300", "2019-03-31": "117.22200", "2018-12-31": "117.44000", "2018-09-30": "115.98700", "2018-06-30": "110.05600", "2018-03-31": "108.09800", "2017-12-31": "104.95100", "2017-09-30": "104.68900", "2017-06-30": "102.79500", "2017-03-31": "101.05700", "2016-12-31": "101.02000", "2016-09-30": "103.34700", "2016-06-30": "97.47400", "2016-03-31": "97.94900", "2015-12-31": "101.26600", "2015-09-30": "96.92700", "2015-06-30": "93.59200", "2015-03-31": "85.79400", "2014-12-31": "84.27000", "2014-09-30": "82.70600", "2014-06-30": "79.78600", "2014-03-31": "77.80200", "2013-12-31": "76.98600", "2013-09-30": "74.72900", "2013-06-30": "74.48400", "2013-03-31": "73.67900", "2012-12-31": "71.73900", "2012-09-30": "46.80500", "2012-06-30": "39.81800", "2012-03-31": "39.33400", "2011-12-31": "23.51200", "2011-09-30": "20.15300", "2011-06-30": "11.30200", "2011-03-31": "10.43300", "2010-12-31": "7.03100", "2010-09-30": "4.59900", "2010-06-30": "4.15400", "2010-03-31": "4.38500", "2009-12-31": "4.61500", "2009-09-30": "4.11200", "2009-06-30": "3.21900", "2009-03-31": "2.95500", "2008-12-31": "1.66800", "2008-09-30": "1.02400", "2008-06-30": "0.10000", "2008-03-31": "", "2007-12-31": "", "2007-09-30": "", "2007-06-30": "", "2007-03-31": "", "2006-12-31": "", "2006-09-30": "", "2006-06-30": "", "2006-03-31": "", "2005-12-31": "", "2005-09-30": "", "2005-06-30": "", "2005-03-31": ""}, "Gross Profit": {"2020-09-30": "78.68900", "2020-06-30": "108.39600", "2020-03-31": "125.88200", "2019-12-31": "129.46700", "2019-09-30": "130.74400", "2019-06-30": "141.81000", "2019-03-31": "149.06400", "2018-12-31": "167.78290", "2018-09-30": "162.98200", "2018-06-30": "167.14600", "2018-03-31": "167.67200", "2017-12-31": "173.53100", "2017-09-30": "161.98400", "2017-06-30": "162.21800", "2017-03-31": "163.50400", "2016-12-31": "173.27690", "2016-09-30": "160.63600", "2016-06-30": "163.89300", "2016-03-31": "160.42600", "2015-12-31": "166.25310", "2015-09-30": "158.34800", "2015-06-30": "153.81000", "2015-03-31": "142.78300", "2014-12-31": "145.53900", "2014-09-30": "134.16700", "2014-06-30": "126.92200", "2014-03-31": "113.69500", "2013-12-31": "123.35100", "2013-09-30": "112.53600", "2013-06-30": "112.44400", "2013-03-31": "113.22900", "2012-12-31": "117.48700", "2012-09-30": "109.30300", "2012-06-30": "104.57500", "2012-03-31": "105.73900", "2011-12-31": "103.10500", "2011-09-30": "93.54700", "2011-06-30": "89.86000", "2011-03-31": "88.11900", "2010-12-31": "90.90900", "2010-09-30": "76.36200", "2010-06-30": "76.61100", "2010-03-31": "76.06200", "2009-12-31": "82.99800", "2009-09-30": "67.89800", "2009-06-30": "66.18000", "2009-03-31": "65.42200", "2008-12-31": "68.92600", "2008-09-30": "58.64900", "2008-06-30": "53.29000", "2008-03-31": "49.55300", "2007-12-31": "53.08400", "2007-09-30": "45.22400", "2007-06-30": "44.96200", "2007-03-31": "44.75200", "2006-12-31": "55.04400", "2006-09-30": "42.31700", "2006-06-30": "41.27600", "2006-03-31": "41.16900", "2005-12-31": "44.11100", "2005-09-30": "40.24400", "2005-06-30": "39.60500", "2005-03-31": "39.22700"}, "Research And Development Expenses": {"2020-09-30": "", "2020-06-30": "", "2020-03-31": "", "2019-12-31": "", "2019-09-30": "", "2019-06-30": "", "2019-03-31": "", "2018-12-31": "", "2018-09-30": "", "2018-06-30": "", "2018-03-31": "", "2017-12-31": "", "2017-09-30": "", "2017-06-30": "", "2017-03-31": "", "2016-12-31": "", "2016-09-30": "", "2016-06-30": "", "2016-03-31": "", "2015-12-31": "", "2015-09-30": "", "2015-06-30": "", "2015-03-31": "", "2014-12-31": "", "2014-09-30": "", "2014-06-30": "", "2014-03-31": "", "2013-12-31": "", "2013-09-30": "", "2013-06-30": "", "2013-03-31": "", "2012-12-31": "", "2012-09-30": "", "2012-06-30": "", "2012-03-31": "", "2011-12-31": "", "2011-09-30": "", "2011-06-30": "", "2011-03-31": "", "2010-12-31": "", "2010-09-30": "", "2010-06-30": "", "2010-03-31": "", "2009-12-31": "", "2009-09-30": "", "2009-06-30": "", "2009-03-31": "", "2008-12-31": "", "2008-09-30": "", "2008-06-30": "", "2008-03-31": "", "2007-12-31": "", "2007-09-30": "", "2007-06-30": "", "2007-03-31": "", "2006-12-31": "", "2006-09-30": "", "2006-06-30": "", "2006-03-31": "", "2005-12-31": "", "2005-09-30": "", "2005-06-30": "", "2005-03-31": ""}, "SG&A Expenses": {"2020-09-30": "6.98800", "2020-06-30": "7.31200", "2020-03-31": "8.83200", "2019-12-31": "8.74100", "2019-09-30": "9.60400", "2019-06-30": "8.86700", "2019-03-31": "9.81600", "2018-12-31": "0.65700", "2018-09-30": "31.03200", "2018-06-30": "29.07800", "2018-03-31": "25.11800", "2017-12-31": "45.80600", "2017-09-30": "19.88300", "2017-06-30": "22.92200", "2017-03-31": "15.08300", "2016-12-31": "11.62400", "2016-09-30": "12.10700", "2016-06-30": "11.96500", "2016-03-31": "10.86300", "2015-12-31": "10.26600", "2015-09-30": "10.31600", "2015-06-30": "11.67400", "2015-03-31": "10.57400", "2014-12-31": "10.69500", "2014-09-30": "10.38400", "2014-06-30": "9.57700", "2014-03-31": "8.29000", "2013-12-31": "8.04300", "2013-09-30": "7.79800", "2013-06-30": "8.16800", "2013-03-31": "8.64800", "2012-12-31": "7.41200", "2012-09-30": "8.35200", "2012-06-30": "8.06800", "2012-03-31": "7.68500", "2011-12-31": "6.52800", "2011-09-30": "6.56400", "2011-06-30": "6.79300", "2011-03-31": "6.15600", "2010-12-31": "5.23800", "2010-09-30": "5.54500", "2010-06-30": "5.40300", "2010-03-31": "5.49100", "2009-12-31": "4.82600", "2009-09-30": "5.19200", "2009-06-30": "5.05600", "2009-03-31": "4.75100", "2008-12-31": "4.34100", "2008-09-30": "4.30300", "2008-06-30": "4.53300", "2008-03-31": "3.69600", "2007-12-31": "3.42200", "2007-09-30": "3.56700", "2007-06-30": "3.44900", "2007-03-31": "3.71600", "2006-12-31": "3.77400", "2006-09-30": "4.08800", "2006-06-30": "3.38300", "2006-03-31": "3.40000", "2005-12-31": "3.35600", "2005-09-30": "3.28100", "2005-06-30": "3.08700", "2005-03-31": "3.39300"}, "Other Operating Income Or Expenses": {"2020-09-30": "-64.20200", "2020-06-30": "-31.17500", "2020-03-31": "-11.23400", "2019-12-31": "-73.68300", "2019-09-30": "-33.09900", "2019-06-30": "-2.21300", "2019-03-31": "-6.20600", "2018-12-31": "-61.27300", "2018-09-30": "-4.52500", "2018-06-30": "-0.54800", "2018-03-31": "", "2017-12-31": "", "2017-09-30": "", "2017-06-30": "-5.08200", "2017-03-31": "", "2016-12-31": "-1.74500", "2016-09-30": "-4.57800", "2016-06-30": "-4.96100", "2016-03-31": "-7.39000", "2015-12-31": "-0.29200", "2015-09-30": "0.09800", "2015-06-30": "", "2015-03-31": "", "2014-12-31": "", "2014-09-30": "", "2014-06-30": "", "2014-03-31": "", "2013-12-31": "-2.31400", "2013-09-30": "", "2013-06-30": "-4.37100", "2013-03-31": "-1.30400", "2012-12-31": "", "2012-09-30": "", "2012-06-30": "", "2012-03-31": "-3.07100", "2011-12-31": "-0.96200", "2011-09-30": "-1.02800", "2011-06-30": "", "2011-03-31": "", "2010-12-31": "", "2010-09-30": "", "2010-06-30": "", "2010-03-31": "", "2009-12-31": "", "2009-09-30": "", "2009-06-30": "", "2009-03-31": "", "2008-12-31": "", "2008-09-30": "", "2008-06-30": "", "2008-03-31": "", "2007-12-31": "", "2007-09-30": "", "2007-06-30": "", "2007-03-31": "", "2006-12-31": "", "2006-09-30": "", "2006-06-30": "", "2006-03-31": "", "2005-12-31": "", "2005-09-30": "", "2005-06-30": "", "2005-03-31": ""}, "Operating Expenses": {"2020-09-30": "454.10400", "2020-06-30": "409.31400", "2020-03-31": "405.74400", "2019-12-31": "280.39200", "2019-09-30": "243.64600", "2019-06-30": "206.10000", "2019-03-31": "213.28800", "2018-12-31": "251.36100", "2018-09-30": "223.25600", "2018-06-30": "212.04900", "2018-03-31": "203.57500", "2017-12-31": "218.24700", "2017-09-30": "191.21000", "2017-06-30": "200.46800", "2017-03-31": "189.60700", "2016-12-31": "187.92300", "2016-09-30": "193.20000", "2016-06-30": "185.95200", "2016-03-31": "187.86400", "2015-12-31": "183.70900", "2015-09-30": "177.90300", "2015-06-30": "172.39400", "2015-03-31": "151.23300", "2014-12-31": "147.17200", "2014-09-30": "143.17900", "2014-06-30": "138.57800", "2014-03-31": "124.56900", "2013-12-31": "126.68400", "2013-09-30": "121.39600", "2013-06-30": "125.61100", "2013-03-31": "123.23700", "2012-12-31": "117.49600", "2012-09-30": "94.73000", "2012-06-30": "84.33900", "2012-03-31": "84.15500", "2011-12-31": "65.53300", "2011-09-30": "59.18900", "2011-06-30": "47.84400", "2011-03-31": "44.06300", "2010-12-31": "44.38900", "2010-09-30": "32.93500", "2010-06-30": "32.30600", "2010-03-31": "32.20000", "2009-12-31": "32.72700", "2009-09-30": "29.51000", "2009-06-30": "28.19200", "2009-03-31": "26.20700", "2008-12-31": "23.63100", "2008-09-30": "21.18600", "2008-06-30": "18.96000", "2008-03-31": "16.71900", "2007-12-31": "15.68600", "2007-09-30": "15.38800", "2007-06-30": "15.15300", "2007-03-31": "15.31100", "2006-12-31": "15.21600", "2006-09-30": "15.06600", "2006-06-30": "14.30500", "2006-03-31": "14.13100", "2005-12-31": "14.62200", "2005-09-30": "14.20400", "2005-06-30": "13.84600", "2005-03-31": "14.13900"}, "Operating Income": {"2020-09-30": "-59.76500", "2020-06-30": "0.99700", "2020-03-31": "36.72300", "2019-12-31": "-24.35300", "2019-09-30": "12.18100", "2019-06-30": "55.90300", "2019-03-31": "52.99800", "2018-12-31": "33.86200", "2018-09-30": "55.71300", "2018-06-30": "65.15300", "2018-03-31": "72.19500", "2017-12-31": "60.23510", "2017-09-30": "75.46300", "2017-06-30": "64.54500", "2017-03-31": "74.95400", "2016-12-31": "86.37390", "2016-09-30": "70.78300", "2016-06-30": "75.41500", "2016-03-31": "70.51100", "2015-12-31": "83.81010", "2015-09-30": "77.37200", "2015-06-30": "75.00800", "2015-03-31": "77.34400", "2014-12-31": "82.63710", "2014-09-30": "73.69400", "2014-06-30": "68.13000", "2014-03-31": "66.92800", "2013-12-31": "73.65300", "2013-09-30": "65.86900", "2013-06-30": "61.31700", "2013-03-31": "63.67100", "2012-12-31": "71.72990", "2012-09-30": "61.37800", "2012-06-30": "60.05400", "2012-03-31": "60.91800", "2011-12-31": "61.08400", "2011-09-30": "54.51100", "2011-06-30": "53.31800", "2011-03-31": "54.48900", "2010-12-31": "53.55100", "2010-09-30": "48.02600", "2010-06-30": "48.45900", "2010-03-31": "48.24700", "2009-12-31": "54.88600", "2009-09-30": "42.50000", "2009-06-30": "41.20700", "2009-03-31": "42.17000", "2008-12-31": "46.96300", "2008-09-30": "38.48700", "2008-06-30": "34.43000", "2008-03-31": "32.83400", "2007-12-31": "37.39800", "2007-09-30": "29.83600", "2007-06-30": "29.80900", "2007-03-31": "29.44100", "2006-12-31": "39.82800", "2006-09-30": "27.25100", "2006-06-30": "26.97100", "2006-03-31": "27.03800", "2005-12-31": "29.48900", "2005-09-30": "26.04000", "2005-06-30": "25.75900", "2005-03-31": "25.08800"}, "Total Non-Operating Income/Expense": {"2020-09-30": "-45.65800", "2020-06-30": "-24.61300", "2020-03-31": "-26.02300", "2019-12-31": "-25.56700", "2019-09-30": "-40.35600", "2019-06-30": "-91.88400", "2019-03-31": "-21.76400", "2018-12-31": "-150.64500", "2018-09-30": "-9.26300", "2018-06-30": "59.93300", "2018-03-31": "165.42600", "2017-12-31": "6.17100", "2017-09-30": "-39.59200", "2017-06-30": "-47.41800", "2017-03-31": "-42.70900", "2016-12-31": "-39.35300", "2016-09-30": "-42.77400", "2016-06-30": "-40.15200", "2016-03-31": "-39.22200", "2015-12-31": "-74.02700", "2015-09-30": "-38.95300", "2015-06-30": "-37.80400", "2015-03-31": "-37.27600", "2014-12-31": "-35.82500", "2014-09-30": "-36.12300", "2014-06-30": "-33.95800", "2014-03-31": "-28.79500", "2013-12-31": "-29.26000", "2013-09-30": "-30.05500", "2013-06-30": "-29.27500", "2013-03-31": "-29.31500", "2012-12-31": "-29.31000", "2012-09-30": "-36.60800", "2012-06-30": "-27.81700", "2012-03-31": "-28.36200", "2011-12-31": "-47.96500", "2011-09-30": "-24.30800", "2011-06-30": "-2.18300", "2011-03-31": "-22.64300", "2010-12-31": "-19.61000", "2010-09-30": "-19.87900", "2010-06-30": "-23.82400", "2010-03-31": "-18.18500", "2009-12-31": "-22.67200", "2009-09-30": "-26.86600", "2009-06-30": "-10.63000", "2009-03-31": "-10.56800", "2008-12-31": "-14.06600", "2008-09-30": "-9.60600", "2008-06-30": "-12.75000", "2008-03-31": "-9.51800", "2007-12-31": "-10.87900", "2007-09-30": "-9.22300", "2007-06-30": "-9.16000", "2007-03-31": "-11.91900", "2006-12-31": "-12.27000", "2006-09-30": "-11.83300", "2006-06-30": "-14.28500", "2006-03-31": "-16.57800", "2005-12-31": "-13.81800", "2005-09-30": "-11.91100", "2005-06-30": "-11.44300", "2005-03-31": "-11.22300"}, "Pre-Tax Income": {"2020-09-30": "-105.42300", "2020-06-30": "-23.61600", "2020-03-31": "10.70000", "2019-12-31": "-49.92000", "2019-09-30": "-28.17500", "2019-06-30": "-35.98100", "2019-03-31": "31.23400", "2018-12-31": "-116.78300", "2018-09-30": "46.45000", "2018-06-30": "125.08600", "2018-03-31": "237.62100", "2017-12-31": "66.40600", "2017-09-30": "35.87100", "2017-06-30": "17.12700", "2017-03-31": "32.24500", "2016-12-31": "47.02100", "2016-09-30": "28.00900", "2016-06-30": "35.26300", "2016-03-31": "31.28900", "2015-12-31": "9.78300", "2015-09-30": "38.41900", "2015-06-30": "37.20400", "2015-03-31": "40.06800", "2014-12-31": "46.81200", "2014-09-30": "37.57100", "2014-06-30": "34.17200", "2014-03-31": "38.13300", "2013-12-31": "44.39300", "2013-09-30": "35.81400", "2013-06-30": "32.04200", "2013-03-31": "34.35600", "2012-12-31": "42.42000", "2012-09-30": "24.77000", "2012-06-30": "32.23700", "2012-03-31": "32.55600", "2011-12-31": "13.11900", "2011-09-30": "30.20300", "2011-06-30": "51.13500", "2011-03-31": "31.84600", "2010-12-31": "33.94100", "2010-09-30": "28.14700", "2010-06-30": "24.63500", "2010-03-31": "30.06200", "2009-12-31": "32.21400", "2009-09-30": "15.63400", "2009-06-30": "30.57700", "2009-03-31": "31.60200", "2008-12-31": "32.89700", "2008-09-30": "28.88100", "2008-06-30": "21.68000", "2008-03-31": "23.31600", "2007-12-31": "26.51900", "2007-09-30": "20.61300", "2007-06-30": "20.64900", "2007-03-31": "17.52200", "2006-12-31": "27.55800", "2006-09-30": "15.41800", "2006-06-30": "12.68600", "2006-03-31": "10.46000", "2005-12-31": "15.67100", "2005-09-30": "14.12900", "2005-06-30": "14.31600", "2005-03-31": "13.86500"}, "Income Taxes": {"2020-09-30": "0.36500", "2020-06-30": "1.12600", "2020-03-31": "-0.44300", "2019-12-31": "0.48300", "2019-09-30": "-0.14600", "2019-06-30": "-0.03500", "2019-03-31": "0.13400", "2018-12-31": "0.03200", "2018-09-30": "0.07900", "2018-06-30": "0.10500", "2018-03-31": "0.26000", "2017-12-31": "0.15400", "2017-09-30": "0.10900", "2017-06-30": "0.09900", "2017-03-31": "0.09200", "2016-12-31": "0.10300", "2016-09-30": "0.11900", "2016-06-30": "0.10800", "2016-03-31": "0.09400", "2015-12-31": "0.18900", "2015-09-30": "0.14600", "2015-06-30": "0.12900", "2015-03-31": "0.11000", "2014-12-31": "0.07400", "2014-09-30": "0.15600", "2014-06-30": "0.15500", "2014-03-31": "0.19100", "2013-12-31": "0.19500", "2013-09-30": "0.12500", "2013-06-30": "0.14000", "2013-03-31": "0.14000", "2012-12-31": "0.08500", "2012-09-30": "0.04300", "2012-06-30": "0.04300", "2012-03-31": "0.20400", "2011-12-31": "-0.05300", "2011-09-30": "0.20700", "2011-06-30": "0.08700", "2011-03-31": "0.07100", "2010-12-31": "0.07700", "2010-09-30": "0.06900", "2010-06-30": "0.07600", "2010-03-31": "0.07800", "2009-12-31": "0.10800", "2009-09-30": "0.06900", "2009-06-30": "0.06600", "2009-03-31": "0.06900", "2008-12-31": "", "2008-09-30": "", "2008-06-30": "", "2008-03-31": "", "2007-12-31": "", "2007-09-30": "", "2007-06-30": "", "2007-03-31": "", "2006-12-31": "", "2006-09-30": "", "2006-06-30": "", "2006-03-31": "", "2005-12-31": "", "2005-09-30": "", "2005-06-30": "", "2005-03-31": ""}, "Income After Taxes": {"2020-09-30": "-105.78800", "2020-06-30": "-24.74200", "2020-03-31": "11.14300", "2019-12-31": "-50.40300", "2019-09-30": "-28.02900", "2019-06-30": "-35.94600", "2019-03-31": "31.10000", "2018-12-31": "-116.81500", "2018-09-30": "46.37100", "2018-06-30": "124.98100", "2018-03-31": "237.36100", "2017-12-31": "66.25200", "2017-09-30": "35.76200", "2017-06-30": "17.02800", "2017-03-31": "32.15300", "2016-12-31": "46.91800", "2016-09-30": "27.89000", "2016-06-30": "35.15500", "2016-03-31": "31.19500", "2015-12-31": "9.59400", "2015-09-30": "38.27300", "2015-06-30": "37.07500", "2015-03-31": "39.95800", "2014-12-31": "46.73800", "2014-09-30": "37.41500", "2014-06-30": "34.01700", "2014-03-31": "37.94200", "2013-12-31": "44.19800", "2013-09-30": "35.68900", "2013-06-30": "31.90200", "2013-03-31": "34.21600", "2012-12-31": "42.33500", "2012-09-30": "24.72700", "2012-06-30": "32.19400", "2012-03-31": "32.35200", "2011-12-31": "13.17200", "2011-09-30": "29.99600", "2011-06-30": "51.04800", "2011-03-31": "31.77500", "2010-12-31": "33.86400", "2010-09-30": "28.07800", "2010-06-30": "24.55900", "2010-03-31": "29.98400", "2009-12-31": "32.10600", "2009-09-30": "15.56500", "2009-06-30": "30.51100", "2009-03-31": "31.53300", "2008-12-31": "32.63400", "2008-09-30": "28.88100", "2008-06-30": "21.68000", "2008-03-31": "23.31600", "2007-12-31": "26.51900", "2007-09-30": "20.61300", "2007-06-30": "20.64900", "2007-03-31": "17.52200", "2006-12-31": "27.55800", "2006-09-30": "15.41800", "2006-06-30": "12.68600", "2006-03-31": "10.46000", "2005-12-31": "15.67100", "2005-09-30": "14.12900", "2005-06-30": "14.31600", "2005-03-31": "13.86500"}, "Other Income": {"2020-09-30": "", "2020-06-30": "", "2020-03-31": "", "2019-12-31": "", "2019-09-30": "", "2019-06-30": "", "2019-03-31": "", "2018-12-31": "", "2018-09-30": "", "2018-06-30": "", "2018-03-31": "", "2017-12-31": "", "2017-09-30": "", "2017-06-30": "", "2017-03-31": "", "2016-12-31": "", "2016-09-30": "", "2016-06-30": "", "2016-03-31": "", "2015-12-31": "", "2015-09-30": "", "2015-06-30": "", "2015-03-31": "", "2014-12-31": "", "2014-09-30": "", "2014-06-30": "", "2014-03-31": "", "2013-12-31": "", "2013-09-30": "", "2013-06-30": "", "2013-03-31": "", "2012-12-31": "", "2012-09-30": "", "2012-06-30": "", "2012-03-31": "", "2011-12-31": "", "2011-09-30": "", "2011-06-30": "", "2011-03-31": "", "2010-12-31": "", "2010-09-30": "", "2010-06-30": "", "2010-03-31": "", "2009-12-31": "", "2009-09-30": "", "2009-06-30": "", "2009-03-31": "", "2008-12-31": "", "2008-09-30": "", "2008-06-30": "", "2008-03-31": "", "2007-12-31": "", "2007-09-30": "", "2007-06-30": "", "2007-03-31": "", "2006-12-31": "", "2006-09-30": "", "2006-06-30": "", "2006-03-31": "", "2005-12-31": "", "2005-09-30": "", "2005-06-30": "", "2005-03-31": ""}, "Income From Continuous Operations": {"2020-09-30": "-105.78800", "2020-06-30": "-24.74200", "2020-03-31": "11.14300", "2019-12-31": "-50.62000", "2019-09-30": "-27.94600", "2019-06-30": "-35.81600", "2019-03-31": "31.50400", "2018-12-31": "-117.18100", "2018-09-30": "47.20200", "2018-06-30": "124.98800", "2018-03-31": "237.40500", "2017-12-31": "66.32700", "2017-09-30": "35.79300", "2017-06-30": "17.40200", "2017-03-31": "32.28100", "2016-12-31": "46.94800", "2016-09-30": "27.90300", "2016-06-30": "35.17200", "2016-03-31": "31.27200", "2015-12-31": "9.54300", "2015-09-30": "38.24900", "2015-06-30": "37.09800", "2015-03-31": "40.03000", "2014-12-31": "46.76600", "2014-09-30": "37.45300", "2014-06-30": "34.13500", "2014-03-31": "37.84500", "2013-12-31": "44.38900", "2013-09-30": "35.75300", "2013-06-30": "31.98100", "2013-03-31": "34.21600", "2012-12-31": "42.65100", "2012-09-30": "24.72700", "2012-06-30": "32.19400", "2012-03-31": "32.35200", "2011-12-31": "13.17200", "2011-09-30": "29.99600", "2011-06-30": "51.04800", "2011-03-31": "31.77500", "2010-12-31": "33.86400", "2010-09-30": "28.07800", "2010-06-30": "24.55900", "2010-03-31": "29.98400", "2009-12-31": "32.10600", "2009-09-30": "15.56500", "2009-06-30": "30.51100", "2009-03-31": "31.53300", "2008-12-31": "32.63400", "2008-09-30": "28.88100", "2008-06-30": "21.68000", "2008-03-31": "23.31600", "2007-12-31": "26.51900", "2007-09-30": "20.61300", "2007-06-30": "20.64900", "2007-03-31": "17.52200", "2006-12-31": "27.55800", "2006-09-30": "15.41800", "2006-06-30": "12.68600", "2006-03-31": "10.46000", "2005-12-31": "15.67100", "2005-09-30": "14.12900", "2005-06-30": "14.31600", "2005-03-31": "13.86500"}, "Income From Discontinued Operations": {"2020-09-30": "", "2020-06-30": "", "2020-03-31": "", "2019-12-31": "", "2019-09-30": "", "2019-06-30": "", "2019-03-31": "", "2018-12-31": "", "2018-09-30": "", "2018-06-30": "", "2018-03-31": "", "2017-12-31": "", "2017-09-30": "", "2017-06-30": "", "2017-03-31": "", "2016-12-31": "", "2016-09-30": "", "2016-06-30": "4.06100", "2016-03-31": "", "2015-12-31": "", "2015-09-30": "", "2015-06-30": "-0.71100", "2015-03-31": "-0.24100", "2014-12-31": "-1.48000", "2014-09-30": "-0.34100", "2014-06-30": "3.52400", "2014-03-31": "0.73500", "2013-12-31": "27.81700", "2013-09-30": "2.37200", "2013-06-30": "-26.38300", "2013-03-31": "1.01900", "2012-12-31": "1.98400", "2012-09-30": "0.91900", "2012-06-30": "1.05700", "2012-03-31": "", "2011-12-31": "", "2011-09-30": "", "2011-06-30": "", "2011-03-31": "", "2010-12-31": "", "2010-09-30": "", "2010-06-30": "", "2010-03-31": "", "2009-12-31": "", "2009-09-30": "", "2009-06-30": "", "2009-03-31": "", "2008-12-31": "", "2008-09-30": "0.26600", "2008-06-30": "", "2008-03-31": "", "2007-12-31": "", "2007-09-30": "", "2007-06-30": "", "2007-03-31": "", "2006-12-31": "", "2006-09-30": "", "2006-06-30": "", "2006-03-31": "", "2005-12-31": "5.21400", "2005-09-30": "", "2005-06-30": "0.71700", "2005-03-31": ""}, "Net Income": {"2020-09-30": "-106.88800", "2020-06-30": "-26.07200", "2020-03-31": "9.73500", "2019-12-31": "-51.69700", "2019-09-30": "-29.39000", "2019-06-30": "-37.22900", "2019-03-31": "30.08200", "2018-12-31": "-118.54200", "2018-09-30": "45.80500", "2018-06-30": "123.58700", "2018-03-31": "236.02200", "2017-12-31": "64.99900", "2017-09-30": "34.41400", "2017-06-30": "16.04200", "2017-03-31": "32.15500", "2016-12-31": "42.88700", "2016-09-30": "27.90300", "2016-06-30": "39.23300", "2016-03-31": "31.27200", "2015-12-31": "9.54300", "2015-09-30": "38.24900", "2015-06-30": "36.38700", "2015-03-31": "39.78900", "2014-12-31": "45.28600", "2014-09-30": "37.11200", "2014-06-30": "37.65900", "2014-03-31": "38.58000", "2013-12-31": "72.20600", "2013-09-30": "38.12500", "2013-06-30": "5.59800", "2013-03-31": "35.23500", "2012-12-31": "44.63500", "2012-09-30": "25.64600", "2012-06-30": "33.25100", "2012-03-31": "32.35200", "2011-12-31": "38.60000", "2011-09-30": "29.99600", "2011-06-30": "51.04800", "2011-03-31": "31.77500", "2010-12-31": "33.86400", "2010-09-30": "28.07800", "2010-06-30": "24.55900", "2010-03-31": "29.98400", "2009-12-31": "32.10600", "2009-09-30": "15.56500", "2009-06-30": "30.51100", "2009-03-31": "31.53300", "2008-12-31": "32.36800", "2008-09-30": "29.14700", "2008-06-30": "21.68000", "2008-03-31": "23.31600", "2007-12-31": "26.51900", "2007-09-30": "20.61300", "2007-06-30": "20.64900", "2007-03-31": "17.52200", "2006-12-31": "27.53700", "2006-09-30": "15.41800", "2006-06-30": "12.68600", "2006-03-31": "10.46000", "2005-12-31": "20.88500", "2005-09-30": "14.12900", "2005-06-30": "15.03300", "2005-03-31": "13.86500"}, "EBITDA": {"2020-09-30": "8.03800", "2020-06-30": "69.60900", "2020-03-31": "104.78900", "2019-12-31": "44.72100", "2019-09-30": "85.12800", "2019-06-30": "129.79100", "2019-03-31": "125.35500", "2018-12-31": "105.94190", "2018-09-30": "127.50700", "2018-06-30": "137.57900", "2018-03-31": "142.56400", "2017-12-31": "127.47910", "2017-09-30": "141.97600", "2017-06-30": "134.23900", "2017-03-31": "148.29700", "2016-12-31": "159.57790", "2016-09-30": "143.37900", "2016-06-30": "146.90900", "2016-03-31": "141.83600", "2015-12-31": "156.16110", "2015-09-30": "147.74800", "2015-06-30": "137.78700", "2015-03-31": "131.50300", "2014-12-31": "133.29410", "2014-09-30": "124.20300", "2014-06-30": "115.81900", "2014-03-31": "107.46100", "2013-12-31": "114.55000", "2013-09-30": "107.69400", "2013-06-30": "101.75600", "2013-03-31": "104.03300", "2012-12-31": "110.38290", "2012-09-30": "99.64400", "2012-06-30": "96.03700", "2012-03-31": "96.39600", "2011-12-31": "94.27100", "2011-09-30": "84.49400", "2011-06-30": "81.17100", "2011-03-31": "81.70500", "2010-12-31": "77.60600", "2010-09-30": "71.40200", "2010-06-30": "71.70200", "2010-03-31": "71.36900", "2009-12-31": "77.80400", "2009-09-30": "63.22300", "2009-06-30": "60.62900", "2009-03-31": "61.25900", "2008-12-31": "65.78300", "2008-09-30": "54.33600", "2008-06-30": "49.25100", "2008-03-31": "46.35200", "2007-12-31": "50.16900", "2007-09-30": "42.17400", "2007-06-30": "42.05500", "2007-03-31": "41.57800", "2006-12-31": "49.91500", "2006-09-30": "38.67500", "2006-06-30": "38.34700", "2006-03-31": "38.22400", "2005-12-31": "39.02700", "2005-09-30": "37.63000", "2005-06-30": "37.04800", "2005-03-31": "36.36500"}, "EBIT": {"2020-09-30": "-59.76500", "2020-06-30": "0.99700", "2020-03-31": "36.72300", "2019-12-31": "-24.35300", "2019-09-30": "12.18100", "2019-06-30": "55.90300", "2019-03-31": "52.99800", "2018-12-31": "33.86200", "2018-09-30": "55.71300", "2018-06-30": "65.15300", "2018-03-31": "72.19500", "2017-12-31": "60.23500", "2017-09-30": "75.46300", "2017-06-30": "64.54500", "2017-03-31": "74.95400", "2016-12-31": "86.37400", "2016-09-30": "70.78300", "2016-06-30": "75.41500", "2016-03-31": "70.51100", "2015-12-31": "83.81000", "2015-09-30": "77.37200", "2015-06-30": "75.00800", "2015-03-31": "77.34400", "2014-12-31": "82.63700", "2014-09-30": "73.69400", "2014-06-30": "68.13000", "2014-03-31": "66.92800", "2013-12-31": "73.65300", "2013-09-30": "65.86900", "2013-06-30": "61.31700", "2013-03-31": "63.67100", "2012-12-31": "71.73000", "2012-09-30": "61.37800", "2012-06-30": "60.05400", "2012-03-31": "60.91800", "2011-12-31": "61.08400", "2011-09-30": "54.51100", "2011-06-30": "53.31800", "2011-03-31": "54.48900", "2010-12-31": "53.55100", "2010-09-30": "48.02600", "2010-06-30": "48.45900", "2010-03-31": "48.24700", "2009-12-31": "54.88600", "2009-09-30": "42.50000", "2009-06-30": "41.20700", "2009-03-31": "42.17000", "2008-12-31": "46.96300", "2008-09-30": "38.48700", "2008-06-30": "34.43000", "2008-03-31": "32.83400", "2007-12-31": "37.39800", "2007-09-30": "29.83600", "2007-06-30": "29.80900", "2007-03-31": "29.44100", "2006-12-31": "39.82800", "2006-09-30": "27.25100", "2006-06-30": "26.97100", "2006-03-31": "27.03800", "2005-12-31": "29.48900", "2005-09-30": "26.04000", "2005-06-30": "25.75900", "2005-03-31": "25.08800"}, "Basic Shares Outstanding": {"2020-09-30": "237.75200", "2020-06-30": "237.70000", "2020-03-31": "237.66900", "2019-12-31": "237.60400", "2019-09-30": "237.60800", "2019-06-30": "237.58000", "2019-03-31": "237.56800", "2018-12-31": "237.51100", "2018-09-30": "237.51100", "2018-06-30": "237.48700", "2018-03-31": "237.47800", "2017-12-31": "237.42000", "2017-09-30": "237.42100", "2017-06-30": "237.39900", "2017-03-31": "237.39100", "2016-12-31": "237.34500", "2016-09-30": "237.34700", "2016-06-30": "237.32500", "2016-03-31": "237.31500", "2015-12-31": "232.93100", "2015-09-30": "237.26300", "2015-06-30": "235.54900", "2015-03-31": "221.37500", "2014-12-31": "198.86800", "2014-09-30": "203.64700", "2014-06-30": "199.83000", "2014-03-31": "188.02600", "2013-12-31": "187.27100", "2013-09-30": "188.10200", "2013-06-30": "188.08100", "2013-03-31": "184.60500", "2012-12-31": "169.50800", "2012-09-30": "174.69000", "2012-06-30": "162.67000", "2012-03-31": "162.64700", "2011-12-31": "149.57700", "2011-09-30": "153.38500", "2011-06-30": "141.86900", "2011-03-31": "141.85500", "2010-12-31": "128.09200", "2010-09-30": "127.42300", "2010-06-30": "127.40800", "2010-03-31": "127.38000", "2009-12-31": "121.86300", "2009-09-30": "121.66500", "2009-06-30": "120.45500", "2009-03-31": "117.85300", "2008-12-31": "105.15300", "2008-09-30": "114.49300", "2008-06-30": "100.30200", "2008-03-31": "91.08000", "2007-12-31": "83.16800", "2007-09-30": "83.65900", "2007-06-30": "83.64900", "2007-03-31": "80.81500", "2006-12-31": "72.52900", "2006-09-30": "71.82400", "2006-06-30": "71.81700", "2006-03-31": "71.81200", "2005-12-31": "68.75700", "2005-09-30": "68.54300", "2005-06-30": "68.53700", "2005-03-31": "68.49600"}, "Shares Outstanding": {"2020-09-30": "237.75200", "2020-06-30": "237.70000", "2020-03-31": "237.66900", "2019-12-31": "237.60400", "2019-09-30": "237.60800", "2019-06-30": "237.58000", "2019-03-31": "237.60000", "2018-12-31": "237.54600", "2018-09-30": "237.56200", "2018-06-30": "237.52900", "2018-03-31": "237.49300", "2017-12-31": "237.45200", "2017-09-30": "237.46000", "2017-06-30": "237.44500", "2017-03-31": "237.41600", "2016-12-31": "237.38200", "2016-09-30": "237.39600", "2016-06-30": "237.36300", "2016-03-31": "237.32900", "2015-12-31": "232.96300", "2015-09-30": "237.29300", "2015-06-30": "235.59200", "2015-03-31": "221.39700", "2014-12-31": "198.89400", "2014-09-30": "203.67500", "2014-06-30": "199.86700", "2014-03-31": "188.04500", "2013-12-31": "187.41400", "2013-09-30": "188.10200", "2013-06-30": "188.08100", "2013-03-31": "184.60500", "2012-12-31": "169.67100", "2012-09-30": "174.69000", "2012-06-30": "162.67000", "2012-03-31": "162.64700", "2011-12-31": "149.57700", "2011-09-30": "153.38500", "2011-06-30": "141.86900", "2011-03-31": "141.85500", "2010-12-31": "128.09200", "2010-09-30": "127.42300", "2010-06-30": "127.40800", "2010-03-31": "127.38000", "2009-12-31": "121.86300", "2009-09-30": "121.66500", "2009-06-30": "120.45500", "2009-03-31": "117.85300", "2008-12-31": "105.15300", "2008-09-30": "114.49300", "2008-06-30": "100.30200", "2008-03-31": "91.08000", "2007-12-31": "83.16800", "2007-09-30": "83.65900", "2007-06-30": "83.64900", "2007-03-31": "80.81500", "2006-12-31": "72.52900", "2006-09-30": "71.82400", "2006-06-30": "71.81700", "2006-03-31": "71.81200", "2005-12-31": "68.75700", "2005-09-30": "68.54300", "2005-06-30": "68.53700", "2005-03-31": "68.49600"}, "Basic EPS": {"2020-09-30": "-0.45000", "2020-06-30": "-0.11000", "2020-03-31": "0.04000", "2019-12-31": "-0.22000", "2019-09-30": "-0.12000", "2019-06-30": "-0.16000", "2019-03-31": "0.13000", "2018-12-31": "-0.49000", "2018-09-30": "0.19000", "2018-06-30": "0.52000", "2018-03-31": "0.99000", "2017-12-31": "0.27000", "2017-09-30": "0.14000", "2017-06-30": "0.07000", "2017-03-31": "0.14000", "2016-12-31": "0.18000", "2016-09-30": "0.12000", "2016-06-30": "0.17000", "2016-03-31": "0.13000", "2015-12-31": "0.04000", "2015-09-30": "0.16000", "2015-06-30": "0.15000", "2015-03-31": "0.18000", "2014-12-31": "0.22000", "2014-09-30": "0.18000", "2014-06-30": "0.19000", "2014-03-31": "0.21000", "2013-12-31": "0.39000", "2013-09-30": "0.20000", "2013-06-30": "0.03000", "2013-03-31": "0.19000", "2012-12-31": "0.25000", "2012-09-30": "0.15000", "2012-06-30": "0.20000", "2012-03-31": "0.20000", "2011-12-31": "0.23000", "2011-09-30": "0.20000", "2011-06-30": "0.36000", "2011-03-31": "0.22000", "2010-12-31": "0.26000", "2010-09-30": "0.22000", "2010-06-30": "0.19000", "2010-03-31": "0.24000", "2009-12-31": "0.25000", "2009-09-30": "0.13000", "2009-06-30": "0.25000", "2009-03-31": "0.27000", "2008-12-31": "0.28000", "2008-09-30": "0.25000", "2008-06-30": "0.22000", "2008-03-31": "0.26000", "2007-12-31": "0.31000", "2007-09-30": "0.25000", "2007-06-30": "0.25000", "2007-03-31": "0.22000", "2006-12-31": "0.37000", "2006-09-30": "0.21000", "2006-06-30": "0.18000", "2006-03-31": "0.15000", "2005-12-31": "0.30000", "2005-09-30": "0.21000", "2005-06-30": "0.22000", "2005-03-31": "0.20000"}, "EPS - Earnings Per Share": {"2020-09-30": "-0.45000", "2020-06-30": "-0.11000", "2020-03-31": "0.04000", "2019-12-31": "-0.22000", "2019-09-30": "-0.12000", "2019-06-30": "-0.16000", "2019-03-31": "0.13000", "2018-12-31": "-0.49000", "2018-09-30": "0.19000", "2018-06-30": "0.52000", "2018-03-31": "0.99000", "2017-12-31": "0.27000", "2017-09-30": "0.14000", "2017-06-30": "0.07000", "2017-03-31": "0.14000", "2016-12-31": "0.18000", "2016-09-30": "0.12000", "2016-06-30": "0.17000", "2016-03-31": "0.13000", "2015-12-31": "0.04000", "2015-09-30": "0.16000", "2015-06-30": "0.15000", "2015-03-31": "0.18000", "2014-12-31": "0.22000", "2014-09-30": "0.18000", "2014-06-30": "0.19000", "2014-03-31": "0.21000", "2013-12-31": "0.39000", "2013-09-30": "0.20000", "2013-06-30": "0.03000", "2013-03-31": "0.19000", "2012-12-31": "0.25000", "2012-09-30": "0.15000", "2012-06-30": "0.20000", "2012-03-31": "0.20000", "2011-12-31": "0.23000", "2011-09-30": "0.20000", "2011-06-30": "0.36000", "2011-03-31": "0.22000", "2010-12-31": "0.26000", "2010-09-30": "0.22000", "2010-06-30": "0.19000", "2010-03-31": "0.24000", "2009-12-31": "0.25000", "2009-09-30": "0.13000", "2009-06-30": "0.25000", "2009-03-31": "0.27000", "2008-12-31": "0.28000", "2008-09-30": "0.25000", "2008-06-30": "0.22000", "2008-03-31": "0.26000", "2007-12-31": "0.31000", "2007-09-30": "0.25000", "2007-06-30": "0.25000", "2007-03-31": "0.22000", "2006-12-31": "0.37000", "2006-09-30": "0.21000", "2006-06-30": "0.18000", "2006-03-31": "0.15000", "2005-12-31": "0.30000", "2005-09-30": "0.21000", "2005-06-30": "0.22000", "2005-03-31": "0.20000"}}, "balance sheet": {"Cash On Hand": {"2019-12-31": "52.22400", "2018-12-31": "70.07100", "2017-12-31": "47.32100", "2016-12-31": "35.57800", "2015-12-31": "43.81100", "2014-12-31": "38.13800", "2013-12-31": "51.74700", "2012-12-31": "51.81400", "2011-12-31": "30.68800", "2010-12-31": "15.86000", "2009-12-31": "14.71600", "2008-12-31": "10.33400", "2007-12-31": "47.16300", "2006-12-31": "7.89900", "2005-12-31": "17.17100"}, "Receivables": {"2019-12-31": "1.99000", "2018-12-31": "18.70100", "2017-12-31": "18.53900", "2016-12-31": "18.43900", "2015-12-31": "17.91200", "2014-12-31": "18.29600", "2013-12-31": "19.61800", "2012-12-31": "18.33100", "2011-12-31": "56.45000", "2010-12-31": "17.58700", "2009-12-31": "17.64500", "2008-12-31": "15.04200", "2007-12-31": "11.38800", "2006-12-31": "10.11100", "2005-12-31": "8.84500"}, "Inventory": {"2019-12-31": "", "2018-12-31": "", "2017-12-31": "", "2016-12-31": "", "2015-12-31": "", "2014-12-31": "", "2013-12-31": "", "2012-12-31": "", "2011-12-31": "", "2010-12-31": "", "2009-12-31": "", "2008-12-31": "", "2007-12-31": "", "2006-12-31": "", "2005-12-31": ""}, "Pre-Paid Expenses": {"2019-12-31": "", "2018-12-31": "", "2017-12-31": "", "2016-12-31": "", "2015-12-31": "", "2014-12-31": "", "2013-12-31": "", "2012-12-31": "", "2011-12-31": "", "2010-12-31": "", "2009-12-31": "", "2008-12-31": "", "2007-12-31": "", "2006-12-31": "", "2005-12-31": ""}, "Other Current Assets": {"2019-12-31": "", "2018-12-31": "", "2017-12-31": "", "2016-12-31": "", "2015-12-31": "", "2014-12-31": "", "2013-12-31": "", "2012-12-31": "", "2011-12-31": "", "2010-12-31": "", "2009-12-31": "", "2008-12-31": "", "2007-12-31": "", "2006-12-31": "", "2005-12-31": ""}, "Total Current Assets": {"2019-12-31": "54.21400", "2018-12-31": "88.77200", "2017-12-31": "65.86000", "2016-12-31": "54.01700", "2015-12-31": "61.72300", "2014-12-31": "56.43400", "2013-12-31": "71.36500", "2012-12-31": "70.14500", "2011-12-31": "87.13800", "2010-12-31": "33.44700", "2009-12-31": "32.36100", "2008-12-31": "25.37600", "2007-12-31": "58.55100", "2006-12-31": "18.01000", "2005-12-31": "26.01600"}, "Property, Plant, And Equipment": {"2019-12-31": "5890.78500", "2018-12-31": "6341.90800", "2017-12-31": "6370.28600", "2016-12-31": "6346.83100", "2015-12-31": "6309.40000", "2014-12-31": "5249.15500", "2013-12-31": "4422.86500", "2012-12-31": "4304.92800", "2011-12-31": "4091.33000", "2010-12-31": "3222.84000", "2009-12-31": "2863.66600", "2008-12-31": "2425.91700", "2007-12-31": "1616.45600", "2006-12-31": "1537.85100", "2005-12-31": "1447.13800"}, "Long-Term Investments": {"2019-12-31": "", "2018-12-31": "", "2017-12-31": "", "2016-12-31": "", "2015-12-31": "", "2014-12-31": "", "2013-12-31": "", "2012-12-31": "", "2011-12-31": "", "2010-12-31": "", "2009-12-31": "", "2008-12-31": "", "2007-12-31": "", "2006-12-31": "", "2005-12-31": ""}, "Goodwill And Intangible Assets": {"2019-12-31": "", "2018-12-31": "", "2017-12-31": "", "2016-12-31": "", "2015-12-31": "", "2014-12-31": "", "2013-12-31": "", "2012-12-31": "", "2011-12-31": "", "2010-12-31": "", "2009-12-31": "", "2008-12-31": "", "2007-12-31": "", "2006-12-31": "", "2005-12-31": ""}, "Other Long-Term Assets": {"2019-12-31": "708.82700", "2018-12-31": "729.74600", "2017-12-31": "857.87300", "2016-12-31": "826.90600", "2015-12-31": "788.96700", "2014-12-31": "632.13100", "2013-12-31": "242.46100", "2012-12-31": "343.51900", "2011-12-31": "179.14600", "2010-12-31": "120.10700", "2009-12-31": "77.01700", "2008-12-31": "40.51300", "2007-12-31": "20.91300", "2006-12-31": "20.86300", "2005-12-31": "16.52600"}, "Total Long-Term Assets": {"2019-12-31": "6599.61200", "2018-12-31": "7071.65400", "2017-12-31": "7228.15900", "2016-12-31": "7173.73700", "2015-12-31": "7098.36700", "2014-12-31": "5911.83400", "2013-12-31": "4693.30100", "2012-12-31": "4677.85700", "2011-12-31": "4295.91000", "2010-12-31": "3359.20900", "2009-12-31": "2955.56500", "2008-12-31": "2471.49800", "2007-12-31": "1643.34300", "2006-12-31": "1566.88700", "2005-12-31": "1474.62500"}, "Total Assets": {"2019-12-31": "6653.82600", "2018-12-31": "7160.42600", "2017-12-31": "7294.01900", "2016-12-31": "7227.75400", "2015-12-31": "7160.09000", "2014-12-31": "5968.26900", "2013-12-31": "4764.66600", "2012-12-31": "4748.00200", "2011-12-31": "4383.04800", "2010-12-31": "3392.65600", "2009-12-31": "2987.92600", "2008-12-31": "2496.87400", "2007-12-31": "1701.89400", "2006-12-31": "1584.89700", "2005-12-31": "1500.64100"}, "Total Current Liabilities": {"2019-12-31": "32.83900", "2018-12-31": "80.48100", "2017-12-31": "84.39800", "2016-12-31": "40.76700", "2015-12-31": "31.98200", "2014-12-31": "31.72100", "2013-12-31": "27.71500", "2012-12-31": "27.28400", "2011-12-31": "25.83400", "2010-12-31": "17.29400", "2009-12-31": "16.22800", "2008-12-31": "13.40800", "2007-12-31": "12.34500", "2006-12-31": "13.31800", "2005-12-31": "13.87500"}, "Long Term Debt": {"2019-12-31": "3501.66100", "2018-12-31": "3648.41700", "2017-12-31": "3674.52600", "2016-12-31": "3714.46500", "2015-12-31": "3479.13600", "2014-12-31": "2800.70400", "2013-12-31": "1892.76400", "2012-12-31": "2006.53000", "2011-12-31": "1827.38500", "2010-12-31": "1204.89000", "2009-12-31": "1042.21900", "2008-12-31": "730.43300", "2007-12-31": "426.85200", "2006-12-31": "545.08500", "2005-12-31": "556.32000"}, "Other Non-Current Liabilities": {"2019-12-31": "242.27600", "2018-12-31": "251.65800", "2017-12-31": "257.90700", "2016-12-31": "273.11700", "2015-12-31": "289.21200", "2014-12-31": "183.43700", "2013-12-31": "67.19800", "2012-12-31": "67.62000", "2011-12-31": "57.22300", "2010-12-31": "42.49500", "2009-12-31": "28.82900", "2008-12-31": "21.67500", "2007-12-31": "13.28700", "2006-12-31": "7.02800", "2005-12-31": "7.26200"}, "Total Long Term Liabilities": {"2019-12-31": "3743.93700", "2018-12-31": "3900.07500", "2017-12-31": "3932.43300", "2016-12-31": "3987.58200", "2015-12-31": "3768.34800", "2014-12-31": "2984.14100", "2013-12-31": "1959.96200", "2012-12-31": "2074.15000", "2011-12-31": "1884.60800", "2010-12-31": "1247.38500", "2009-12-31": "1071.04800", "2008-12-31": "752.10800", "2007-12-31": "440.13900", "2006-12-31": "552.11300", "2005-12-31": "563.58200"}, "Total Liabilities": {"2019-12-31": "3776.77600", "2018-12-31": "3980.55600", "2017-12-31": "4016.83100", "2016-12-31": "4028.34900", "2015-12-31": "3800.33000", "2014-12-31": "3015.86200", "2013-12-31": "1987.67700", "2012-12-31": "2101.43400", "2011-12-31": "1910.44200", "2010-12-31": "1264.67900", "2009-12-31": "1087.27600", "2008-12-31": "765.51600", "2007-12-31": "452.48400", "2006-12-31": "565.43100", "2005-12-31": "577.45700"}, "Common Stock Net": {"2019-12-31": "2.37900", "2018-12-31": "2.37700", "2017-12-31": "2.37600", "2016-12-31": "2.37500", "2015-12-31": "2.37500", "2014-12-31": "2.03900", "2013-12-31": "1.88100", "2012-12-31": "1.76500", "2011-12-31": "1.62600", "2010-12-31": "1.41800", "2009-12-31": "1.27300", "2008-12-31": "1.14500", "2007-12-31": "0.88700", "2006-12-31": "0.77600", "2005-12-31": "0.71800"}, "Retained Earnings (Accumulated Deficit)": {"2019-12-31": "-1878.37100", "2018-12-31": "-1590.41800", "2017-12-31": "-1593.97300", "2016-12-31": "-1370.97500", "2015-12-31": "-1141.78100", "2014-12-31": "-878.02400", "2013-12-31": "-730.89400", "2012-12-31": "-593.11290", "2011-12-31": "-469.46000", "2010-12-31": "-397.35000", "2009-12-31": "-329.07800", "2008-12-31": "-267.32100", "2007-12-31": "-229.41800", "2006-12-31": "-202.15900", "2005-12-31": "-174.88600"}, "Comprehensive Income": {"2019-12-31": "", "2018-12-31": "-0.26600", "2017-12-31": "87.23100", "2016-12-31": "34.54900", "2015-12-31": "-32.53700", "2014-12-31": "3.32900", "2013-12-31": "8.41200", "2012-12-31": "4.56200", "2011-12-31": "-3.77200", "2010-12-31": "13.53600", "2009-12-31": "1.98100", "2008-12-31": "-3.33100", "2007-12-31": "1.26600", "2006-12-31": "5.98600", "2005-12-31": "3.87200"}, "Other Share Holders Equity": {"2019-12-31": "", "2018-12-31": "", "2017-12-31": "", "2016-12-31": "", "2015-12-31": "", "2014-12-31": "", "2013-12-31": "", "2012-12-31": "", "2011-12-31": "", "2010-12-31": "", "2009-12-31": "", "2008-12-31": "", "2007-12-31": "", "2006-12-31": "", "2005-12-31": ""}, "Share Holder Equity": {"2019-12-31": "2877.05000", "2018-12-31": "3179.87000", "2017-12-31": "3277.18800", "2016-12-31": "3199.40500", "2015-12-31": "3359.76000", "2014-12-31": "2952.40700", "2013-12-31": "2776.98900", "2012-12-31": "2646.56800", "2011-12-31": "2472.60600", "2010-12-31": "2127.97700", "2009-12-31": "1900.65000", "2008-12-31": "1731.35800", "2007-12-31": "1249.41000", "2006-12-31": "1019.46600", "2005-12-31": "923.18400"}, "Total Liabilities And Share Holders Equity": {"2019-12-31": "6653.82600", "2018-12-31": "7160.42600", "2017-12-31": "7294.01900", "2016-12-31": "7227.75400", "2015-12-31": "7160.09000", "2014-12-31": "5968.26900", "2013-12-31": "4764.66600", "2012-12-31": "4748.00200", "2011-12-31": "4383.04800", "2010-12-31": "3392.65600", "2009-12-31": "2987.92600", "2008-12-31": "2496.87400", "2007-12-31": "1701.89400", "2006-12-31": "1584.89700", "2005-12-31": "1500.64100"}}, "balance sheet, quarterly": {"Cash On Hand": {"2020-09-30": "98.37500", "2020-06-30": "93.76800", "2020-03-31": "85.23600", "2019-12-31": "52.22400", "2019-09-30": "63.44900", "2019-06-30": "61.16600", "2019-03-31": "54.75200", "2018-12-31": "70.07100", "2018-09-30": "155.99200", "2018-06-30": "139.36100", "2018-03-31": "53.24100", "2017-12-31": "47.32100", "2017-09-30": "42.95800", "2017-06-30": "40.93600", "2017-03-31": "35.39800", "2016-12-31": "35.57800", "2016-09-30": "47.09800", "2016-06-30": "32.65900", "2016-03-31": "46.05200", "2015-12-31": "43.81100", "2015-09-30": "69.58700", "2015-06-30": "61.35200", "2015-03-31": "85.47900", "2014-12-31": "38.13800", "2014-09-30": "91.73600", "2014-06-30": "90.35200", "2014-03-31": "43.46900", "2013-12-31": "51.74700", "2013-09-30": "62.30400", "2013-06-30": "49.74100", "2013-03-31": "50.86500", "2012-12-31": "51.81400", "2012-09-30": "32.36200", "2012-06-30": "30.44900", "2012-03-31": "35.59800", "2011-12-31": "30.68800", "2011-09-30": "34.01400", "2011-06-30": "33.79400", "2011-03-31": "19.96800", "2010-12-31": "15.86000", "2010-09-30": "13.87600", "2010-06-30": "30.16000", "2010-03-31": "10.12900", "2009-12-31": "14.71600", "2009-09-30": "77.21500", "2009-06-30": "9.96200", "2009-03-31": "10.34300", "2008-12-31": "10.33400", "2008-09-30": "11.63400", "2008-06-30": "189.49500", "2008-03-31": "9.14900", "2007-12-31": "47.16300", "2007-09-30": "6.65500", "2007-06-30": "11.40200", "2007-03-31": "19.97800", "2006-12-31": "7.89900", "2006-09-30": "23.38700", "2006-06-30": "4.89400", "2006-03-31": "3.10500", "2005-12-31": "17.17100", "2005-09-30": "4.35700", "2005-06-30": "9.29400", "2005-03-31": "10.09100"}, "Receivables": {"2020-09-30": "", "2020-06-30": "", "2020-03-31": "", "2019-12-31": "", "2019-09-30": "", "2019-06-30": "", "2019-03-31": "", "2018-12-31": "18.70100", "2018-09-30": "", "2018-06-30": "", "2018-03-31": "", "2017-12-31": "18.53900", "2017-09-30": "", "2017-06-30": "", "2017-03-31": "", "2016-12-31": "18.43900", "2016-09-30": "", "2016-06-30": "", "2016-03-31": "", "2015-12-31": "17.91200", "2015-09-30": "", "2015-06-30": "", "2015-03-31": "", "2014-12-31": "18.29600", "2014-09-30": "", "2014-06-30": "", "2014-03-31": "", "2013-12-31": "19.61800", "2013-09-30": "", "2013-06-30": "", "2013-03-31": "", "2012-12-31": "18.33100", "2012-09-30": "", "2012-06-30": "", "2012-03-31": "38.00000", "2011-12-31": "56.45000", "2011-09-30": "48.00000", "2011-06-30": "9.00000", "2011-03-31": "", "2010-12-31": "17.58700", "2010-09-30": "", "2010-06-30": "", "2010-03-31": "", "2009-12-31": "17.64500", "2009-09-30": "", "2009-06-30": "", "2009-03-31": "", "2008-12-31": "15.04200", "2008-09-30": "", "2008-06-30": "", "2008-03-31": "", "2007-12-31": "11.38800", "2007-09-30": "", "2007-06-30": "", "2007-03-31": "", "2006-12-31": "10.11100", "2006-09-30": "", "2006-06-30": "", "2006-03-31": "", "2005-12-31": "8.84500", "2005-09-30": "", "2005-06-30": "", "2005-03-31": ""}, "Inventory": {"2020-09-30": "", "2020-06-30": "", "2020-03-31": "", "2019-12-31": "", "2019-09-30": "", "2019-06-30": "", "2019-03-31": "", "2018-12-31": "", "2018-09-30": "", "2018-06-30": "", "2018-03-31": "", "2017-12-31": "", "2017-09-30": "", "2017-06-30": "", "2017-03-31": "", "2016-12-31": "", "2016-09-30": "", "2016-06-30": "", "2016-03-31": "", "2015-12-31": "", "2015-09-30": "", "2015-06-30": "", "2015-03-31": "", "2014-12-31": "", "2014-09-30": "", "2014-06-30": "", "2014-03-31": "", "2013-12-31": "", "2013-09-30": "", "2013-06-30": "", "2013-03-31": "", "2012-12-31": "", "2012-09-30": "", "2012-06-30": "", "2012-03-31": "", "2011-12-31": "", "2011-09-30": "", "2011-06-30": "", "2011-03-31": "", "2010-12-31": "", "2010-09-30": "", "2010-06-30": "", "2010-03-31": "", "2009-12-31": "", "2009-09-30": "", "2009-06-30": "", "2009-03-31": "", "2008-12-31": "", "2008-09-30": "", "2008-06-30": "", "2008-03-31": "", "2007-12-31": "", "2007-09-30": "", "2007-06-30": "", "2007-03-31": "", "2006-12-31": "", "2006-09-30": "", "2006-06-30": "", "2006-03-31": "", "2005-12-31": "", "2005-09-30": "", "2005-06-30": "", "2005-03-31": ""}, "Pre-Paid Expenses": {"2020-09-30": "", "2020-06-30": "", "2020-03-31": "", "2019-12-31": "", "2019-09-30": "", "2019-06-30": "", "2019-03-31": "", "2018-12-31": "", "2018-09-30": "", "2018-06-30": "", "2018-03-31": "", "2017-12-31": "", "2017-09-30": "", "2017-06-30": "", "2017-03-31": "", "2016-12-31": "", "2016-09-30": "", "2016-06-30": "", "2016-03-31": "", "2015-12-31": "", "2015-09-30": "", "2015-06-30": "", "2015-03-31": "", "2014-12-31": "", "2014-09-30": "", "2014-06-30": "", "2014-03-31": "", "2013-12-31": "", "2013-09-30": "", "2013-06-30": "", "2013-03-31": "", "2012-12-31": "", "2012-09-30": "", "2012-06-30": "", "2012-03-31": "", "2011-12-31": "", "2011-09-30": "", "2011-06-30": "", "2011-03-31": "", "2010-12-31": "", "2010-09-30": "", "2010-06-30": "", "2010-03-31": "", "2009-12-31": "", "2009-09-30": "", "2009-06-30": "", "2009-03-31": "", "2008-12-31": "", "2008-09-30": "", "2008-06-30": "", "2008-03-31": "", "2007-12-31": "", "2007-09-30": "", "2007-06-30": "", "2007-03-31": "", "2006-12-31": "", "2006-09-30": "", "2006-06-30": "", "2006-03-31": "", "2005-12-31": "", "2005-09-30": "", "2005-06-30": "", "2005-03-31": ""}, "Other Current Assets": {"2020-09-30": "", "2020-06-30": "", "2020-03-31": "", "2019-12-31": "", "2019-09-30": "", "2019-06-30": "", "2019-03-31": "", "2018-12-31": "", "2018-09-30": "", "2018-06-30": "", "2018-03-31": "", "2017-12-31": "", "2017-09-30": "", "2017-06-30": "", "2017-03-31": "", "2016-12-31": "", "2016-09-30": "", "2016-06-30": "", "2016-03-31": "", "2015-12-31": "", "2015-09-30": "", "2015-06-30": "", "2015-03-31": "", "2014-12-31": "", "2014-09-30": "", "2014-06-30": "", "2014-03-31": "", "2013-12-31": "", "2013-09-30": "", "2013-06-30": "", "2013-03-31": "", "2012-12-31": "", "2012-09-30": "", "2012-06-30": "", "2012-03-31": "", "2011-12-31": "", "2011-09-30": "", "2011-06-30": "", "2011-03-31": "", "2010-12-31": "", "2010-09-30": "", "2010-06-30": "", "2010-03-31": "", "2009-12-31": "", "2009-09-30": "", "2009-06-30": "", "2009-03-31": "", "2008-12-31": "", "2008-09-30": "", "2008-06-30": "", "2008-03-31": "", "2007-12-31": "", "2007-09-30": "", "2007-06-30": "", "2007-03-31": "", "2006-12-31": "", "2006-09-30": "", "2006-06-30": "", "2006-03-31": "", "2005-12-31": "", "2005-09-30": "", "2005-06-30": "", "2005-03-31": ""}, "Total Current Assets": {"2020-09-30": "98.37500", "2020-06-30": "93.76800", "2020-03-31": "85.23600", "2019-12-31": "52.22400", "2019-09-30": "63.44900", "2019-06-30": "61.16600", "2019-03-31": "54.75200", "2018-12-31": "88.77200", "2018-09-30": "155.99200", "2018-06-30": "139.36100", "2018-03-31": "53.24100", "2017-12-31": "65.86000", "2017-09-30": "42.95800", "2017-06-30": "40.93600", "2017-03-31": "35.39800", "2016-12-31": "54.01700", "2016-09-30": "47.09800", "2016-06-30": "32.65900", "2016-03-31": "46.05200", "2015-12-31": "61.72300", "2015-09-30": "69.58700", "2015-06-30": "61.35200", "2015-03-31": "85.47900", "2014-12-31": "56.43400", "2014-09-30": "91.73600", "2014-06-30": "90.35200", "2014-03-31": "43.46900", "2013-12-31": "71.36500", "2013-09-30": "62.30400", "2013-06-30": "49.74100", "2013-03-31": "50.86500", "2012-12-31": "70.14500", "2012-09-30": "32.36200", "2012-06-30": "30.44900", "2012-03-31": "73.59800", "2011-12-31": "87.13800", "2011-09-30": "82.01400", "2011-06-30": "42.79400", "2011-03-31": "19.96800", "2010-12-31": "33.44700", "2010-09-30": "13.87600", "2010-06-30": "30.16000", "2010-03-31": "10.12900", "2009-12-31": "32.36100", "2009-09-30": "77.21500", "2009-06-30": "9.96200", "2009-03-31": "10.34300", "2008-12-31": "25.37600", "2008-09-30": "11.63400", "2008-06-30": "189.49500", "2008-03-31": "9.14900", "2007-12-31": "58.55100", "2007-09-30": "6.65500", "2007-06-30": "11.40200", "2007-03-31": "19.97800", "2006-12-31": "18.01000", "2006-09-30": "23.38700", "2006-06-30": "4.89400", "2006-03-31": "3.10500", "2005-12-31": "26.01600", "2005-09-30": "4.35700", "2005-06-30": "9.29400", "2005-03-31": "10.09100"}, "Property, Plant, And Equipment": {"2020-09-30": "5719.86700", "2020-06-30": "5853.33100", "2020-03-31": "5822.34400", "2019-12-31": "5890.78500", "2019-09-30": "6189.67100", "2019-06-30": "6324.30800", "2019-03-31": "6298.98600", "2018-12-31": "6341.90800", "2018-09-30": "6409.61200", "2018-06-30": "6431.97800", "2018-03-31": "6452.84700", "2017-12-31": "6370.28600", "2017-09-30": "6362.08800", "2017-06-30": "6373.43800", "2017-03-31": "6390.85800", "2016-12-31": "6346.83100", "2016-09-30": "6387.14100", "2016-06-30": "6418.92300", "2016-03-31": "6296.56600", "2015-12-31": "6309.40000", "2015-09-30": "6337.65400", "2015-06-30": "6325.53500", "2015-03-31": "5694.10300", "2014-12-31": "5249.15500", "2014-09-30": "5237.50200", "2014-06-30": "5258.67100", "2014-03-31": "4410.17800", "2013-12-31": "4422.86500", "2013-09-30": "4389.73500", "2013-06-30": "4390.56300", "2013-03-31": "4479.22900", "2012-12-31": "4304.92800", "2012-09-30": "4372.44100", "2012-06-30": "4177.98300", "2012-03-31": "4078.69600", "2011-12-31": "4091.33000", "2011-09-30": "3691.51200", "2011-06-30": "3499.12000", "2011-03-31": "3310.50900", "2010-12-31": "3222.84000", "2010-09-30": "2861.75800", "2010-06-30": "2852.02400", "2010-03-31": "2848.89400", "2009-12-31": "2863.66600", "2009-09-30": "2766.23400", "2009-06-30": "2480.03700", "2009-03-31": "2439.80500", "2008-12-31": "2425.91700", "2008-09-30": "2280.90200", "2008-06-30": "1962.50800", "2008-03-31": "1892.37700", "2007-12-31": "1616.45600", "2007-09-30": "1535.56500", "2007-06-30": "1531.71900", "2007-03-31": "1535.90000", "2006-12-31": "1537.85100", "2006-09-30": "1501.98200", "2006-06-30": "1445.11500", "2006-03-31": "1441.73600", "2005-12-31": "1447.13800", "2005-09-30": "1400.89500", "2005-06-30": "1408.03600", "2005-03-31": "1394.71500"}, "Long-Term Investments": {"2020-09-30": "", "2020-06-30": "", "2020-03-31": "", "2019-12-31": "", "2019-09-30": "", "2019-06-30": "", "2019-03-31": "", "2018-12-31": "", "2018-09-30": "", "2018-06-30": "", "2018-03-31": "", "2017-12-31": "", "2017-09-30": "", "2017-06-30": "", "2017-03-31": "", "2016-12-31": "", "2016-09-30": "", "2016-06-30": "", "2016-03-31": "", "2015-12-31": "", "2015-09-30": "", "2015-06-30": "", "2015-03-31": "", "2014-12-31": "", "2014-09-30": "", "2014-06-30": "", "2014-03-31": "", "2013-12-31": "", "2013-09-30": "", "2013-06-30": "", "2013-03-31": "", "2012-12-31": "", "2012-09-30": "", "2012-06-30": "", "2012-03-31": "", "2011-12-31": "", "2011-09-30": "", "2011-06-30": "", "2011-03-31": "", "2010-12-31": "", "2010-09-30": "", "2010-06-30": "", "2010-03-31": "", "2009-12-31": "", "2009-09-30": "", "2009-06-30": "", "2009-03-31": "", "2008-12-31": "", "2008-09-30": "", "2008-06-30": "", "2008-03-31": "", "2007-12-31": "", "2007-09-30": "", "2007-06-30": "", "2007-03-31": "", "2006-12-31": "", "2006-09-30": "", "2006-06-30": "", "2006-03-31": "", "2005-12-31": "", "2005-09-30": "", "2005-06-30": "", "2005-03-31": ""}, "Goodwill And Intangible Assets": {"2020-09-30": "", "2020-06-30": "", "2020-03-31": "", "2019-12-31": "", "2019-09-30": "", "2019-06-30": "", "2019-03-31": "", "2018-12-31": "", "2018-09-30": "", "2018-06-30": "", "2018-03-31": "", "2017-12-31": "", "2017-09-30": "", "2017-06-30": "", "2017-03-31": "", "2016-12-31": "", "2016-09-30": "", "2016-06-30": "", "2016-03-31": "", "2015-12-31": "", "2015-09-30": "", "2015-06-30": "", "2015-03-31": "", "2014-12-31": "", "2014-09-30": "", "2014-06-30": "", "2014-03-31": "", "2013-12-31": "", "2013-09-30": "", "2013-06-30": "", "2013-03-31": "", "2012-12-31": "", "2012-09-30": "", "2012-06-30": "", "2012-03-31": "", "2011-12-31": "", "2011-09-30": "", "2011-06-30": "", "2011-03-31": "", "2010-12-31": "", "2010-09-30": "", "2010-06-30": "", "2010-03-31": "", "2009-12-31": "", "2009-09-30": "", "2009-06-30": "", "2009-03-31": "", "2008-12-31": "", "2008-09-30": "", "2008-06-30": "", "2008-03-31": "", "2007-12-31": "", "2007-09-30": "", "2007-06-30": "", "2007-03-31": "", "2006-12-31": "", "2006-09-30": "", "2006-06-30": "", "2006-03-31": "", "2005-12-31": "", "2005-09-30": "", "2005-06-30": "", "2005-03-31": ""}, "Other Long-Term Assets": {"2020-09-30": "716.87600", "2020-06-30": "653.42400", "2020-03-31": "796.14300", "2019-12-31": "710.81700", "2019-09-30": "663.87000", "2019-06-30": "713.23600", "2019-03-31": "792.16200", "2018-12-31": "729.74600", "2018-09-30": "887.84000", "2018-06-30": "864.29700", "2018-03-31": "877.97600", "2017-12-31": "857.87300", "2017-09-30": "782.69500", "2017-06-30": "769.24600", "2017-03-31": "793.94800", "2016-12-31": "826.90600", "2016-09-30": "795.85900", "2016-06-30": "814.18500", "2016-03-31": "811.53300", "2015-12-31": "788.96700", "2015-09-30": "916.26900", "2015-06-30": "933.44800", "2015-03-31": "727.86400", "2014-12-31": "632.13100", "2014-09-30": "627.86300", "2014-06-30": "634.33200", "2014-03-31": "298.21100", "2013-12-31": "242.46100", "2013-09-30": "326.22800", "2013-06-30": "281.10600", "2013-03-31": "252.76600", "2012-12-31": "343.51900", "2012-09-30": "211.16400", "2012-06-30": "234.64100", "2012-03-31": "207.12500", "2011-12-31": "179.14600", "2011-09-30": "206.94300", "2011-06-30": "167.78600", "2011-03-31": "177.55900", "2010-12-31": "120.10700", "2010-09-30": "108.09300", "2010-06-30": "94.56500", "2010-03-31": "92.05700", "2009-12-31": "77.01700", "2009-09-30": "96.88400", "2009-06-30": "63.85900", "2009-03-31": "53.09100", "2008-12-31": "40.51300", "2008-09-30": "51.40800", "2008-06-30": "42.06300", "2008-03-31": "29.96000", "2007-12-31": "20.91300", "2007-09-30": "28.25700", "2007-06-30": "34.56100", "2007-03-31": "27.60000", "2006-12-31": "20.86300", "2006-09-30": "26.96700", "2006-06-30": "32.73100", "2006-03-31": "26.16500", "2005-12-31": "16.52600", "2005-09-30": "23.83900", "2005-06-30": "47.68700", "2005-03-31": "23.15700"}, "Total Long-Term Assets": {"2020-09-30": "6436.74300", "2020-06-30": "6506.75500", "2020-03-31": "6618.48700", "2019-12-31": "6601.60200", "2019-09-30": "6853.54100", "2019-06-30": "7037.54400", "2019-03-31": "7091.14800", "2018-12-31": "7071.65400", "2018-09-30": "7297.45200", "2018-06-30": "7296.27500", "2018-03-31": "7330.82300", "2017-12-31": "7228.15900", "2017-09-30": "7144.78300", "2017-06-30": "7142.68400", "2017-03-31": "7184.80600", "2016-12-31": "7173.73700", "2016-09-30": "7183.00000", "2016-06-30": "7233.10800", "2016-03-31": "7108.09900", "2015-12-31": "7098.36700", "2015-09-30": "7283.40900", "2015-06-30": "7286.67400", "2015-03-31": "6451.61600", "2014-12-31": "5911.83400", "2014-09-30": "5897.38600", "2014-06-30": "5926.50300", "2014-03-31": "4735.19900", "2013-12-31": "4693.30100", "2013-09-30": "4745.02600", "2013-06-30": "4698.89000", "2013-03-31": "4760.40400", "2012-12-31": "4677.85700", "2012-09-30": "4613.93300", "2012-06-30": "4436.10300", "2012-03-31": "4310.22300", "2011-12-31": "4295.91000", "2011-09-30": "3921.29900", "2011-06-30": "3690.62400", "2011-03-31": "3505.44000", "2010-12-31": "3359.20900", "2010-09-30": "2985.83600", "2010-06-30": "2963.06700", "2010-03-31": "2955.89300", "2009-12-31": "2955.56500", "2009-09-30": "2877.82100", "2009-06-30": "2550.23600", "2009-03-31": "2498.19900", "2008-12-31": "2471.49800", "2008-09-30": "2337.40800", "2008-06-30": "2009.57000", "2008-03-31": "1927.82300", "2007-12-31": "1643.34300", "2007-09-30": "1570.28300", "2007-06-30": "1573.22900", "2007-03-31": "1570.95400", "2006-12-31": "1566.88700", "2006-09-30": "1536.35800", "2006-06-30": "1485.66300", "2006-03-31": "1477.45200", "2005-12-31": "1474.62500", "2005-09-30": "1436.04600", "2005-06-30": "1464.11900", "2005-03-31": "1426.75700"}, "Total Assets": {"2020-09-30": "6535.11800", "2020-06-30": "6600.52300", "2020-03-31": "6703.72300", "2019-12-31": "6653.82600", "2019-09-30": "6916.99000", "2019-06-30": "7098.71000", "2019-03-31": "7145.90000", "2018-12-31": "7160.42600", "2018-09-30": "7453.44400", "2018-06-30": "7435.63600", "2018-03-31": "7384.06400", "2017-12-31": "7294.01900", "2017-09-30": "7187.74100", "2017-06-30": "7183.62000", "2017-03-31": "7220.20400", "2016-12-31": "7227.75400", "2016-09-30": "7230.09800", "2016-06-30": "7265.76700", "2016-03-31": "7154.15100", "2015-12-31": "7160.09000", "2015-09-30": "7352.99600", "2015-06-30": "7348.02600", "2015-03-31": "6537.09500", "2014-12-31": "5968.26900", "2014-09-30": "5989.12200", "2014-06-30": "6016.85500", "2014-03-31": "4778.66800", "2013-12-31": "4764.66600", "2013-09-30": "4807.33000", "2013-06-30": "4748.63100", "2013-03-31": "4811.26900", "2012-12-31": "4748.00200", "2012-09-30": "4646.29500", "2012-06-30": "4466.55200", "2012-03-31": "4383.82100", "2011-12-31": "4383.04800", "2011-09-30": "4003.31300", "2011-06-30": "3733.41800", "2011-03-31": "3525.40800", "2010-12-31": "3392.65600", "2010-09-30": "2999.71200", "2010-06-30": "2993.22700", "2010-03-31": "2966.02200", "2009-12-31": "2987.92600", "2009-09-30": "2955.03600", "2009-06-30": "2560.19800", "2009-03-31": "2508.54200", "2008-12-31": "2496.87400", "2008-09-30": "2349.04200", "2008-06-30": "2199.06500", "2008-03-31": "1936.97200", "2007-12-31": "1701.89400", "2007-09-30": "1576.93800", "2007-06-30": "1584.63100", "2007-03-31": "1590.93200", "2006-12-31": "1584.89700", "2006-09-30": "1559.74500", "2006-06-30": "1490.55700", "2006-03-31": "1480.55700", "2005-12-31": "1500.64100", "2005-09-30": "1440.40300", "2005-06-30": "1473.41300", "2005-03-31": "1436.84800"}, "Total Current Liabilities": {"2020-09-30": "53.68100", "2020-06-30": "27.16200", "2020-03-31": "29.23600", "2019-12-31": "24.06000", "2019-09-30": "30.30800", "2019-06-30": "25.41700", "2019-03-31": "35.24100", "2018-12-31": "80.48100", "2018-09-30": "34.72700", "2018-06-30": "26.01500", "2018-03-31": "35.07500", "2017-12-31": "84.39800", "2017-09-30": "32.18500", "2017-06-30": "17.48600", "2017-03-31": "33.52200", "2016-12-31": "40.76700", "2016-09-30": "33.13000", "2016-06-30": "18.43300", "2016-03-31": "33.62800", "2015-12-31": "31.98200", "2015-09-30": "33.66200", "2015-06-30": "21.25800", "2015-03-31": "31.98400", "2014-12-31": "31.72100", "2014-09-30": "32.55500", "2014-06-30": "20.40100", "2014-03-31": "21.89900", "2013-12-31": "27.71500", "2013-09-30": "21.76300", "2013-06-30": "15.69400", "2013-03-31": "21.59500", "2012-12-31": "27.28400", "2012-09-30": "22.01800", "2012-06-30": "13.31500", "2012-03-31": "19.60400", "2011-12-31": "25.83400", "2011-09-30": "15.93300", "2011-06-30": "20.09300", "2011-03-31": "16.06300", "2010-12-31": "17.29400", "2010-09-30": "13.35800", "2010-06-30": "14.60900", "2010-03-31": "10.83600", "2009-12-31": "16.22800", "2009-09-30": "10.89400", "2009-06-30": "10.86600", "2009-03-31": "8.18000", "2008-12-31": "13.40800", "2008-09-30": "8.09800", "2008-06-30": "10.69500", "2008-03-31": "8.12900", "2007-12-31": "12.34500", "2007-09-30": "8.15600", "2007-06-30": "10.72200", "2007-03-31": "7.93100", "2006-12-31": "13.31800", "2006-09-30": "8.59800", "2006-06-30": "12.24800", "2006-03-31": "8.82900", "2005-12-31": "13.87500", "2005-09-30": "10.36100", "2005-06-30": "12.70200", "2005-03-31": "10.58200"}, "Long Term Debt": {"2020-09-30": "3497.84800", "2020-06-30": "3497.10900", "2020-03-31": "3549.55600", "2019-12-31": "3501.66100", "2019-09-30": "3656.40300", "2019-06-30": "3757.26200", "2019-03-31": "3734.36500", "2018-12-31": "3648.41700", "2018-09-30": "3704.24900", "2018-06-30": "3670.35200", "2018-03-31": "3644.79500", "2017-12-31": "3674.52600", "2017-09-30": "3558.68900", "2017-06-30": "3522.72700", "2017-03-31": "3482.52600", "2016-12-31": "3714.46500", "2016-09-30": "3652.72800", "2016-06-30": "3664.16300", "2016-03-31": "3497.52100", "2015-12-31": "3479.13600", "2015-09-30": "3501.56500", "2015-06-30": "3439.55200", "2015-03-31": "2719.11400", "2014-12-31": "2800.70400", "2014-09-30": "2762.28300", "2014-06-30": "2765.65400", "2014-03-31": "1934.32600", "2013-12-31": "1892.76400", "2013-09-30": "1921.07400", "2013-06-30": "1842.92600", "2013-03-31": "1826.60100", "2012-12-31": "2006.53000", "2012-09-30": "1868.31100", "2012-06-30": "1964.92800", "2012-03-31": "1851.79900", "2011-12-31": "1827.38500", "2011-09-30": "1604.77700", "2011-06-30": "1552.16100", "2011-03-31": "1347.06700", "2010-12-31": "1204.89000", "2010-09-30": "1091.01700", "2010-06-30": "1080.99300", "2010-03-31": "1038.05800", "2009-12-31": "1042.21900", "2009-09-30": "984.24000", "2009-06-30": "707.02000", "2009-03-31": "653.71800", "2008-12-31": "730.43300", "2008-09-30": "567.09300", "2008-06-30": "413.46000", "2008-03-31": "541.37400", "2007-12-31": "426.85200", "2007-09-30": "411.98000", "2007-06-30": "412.36000", "2007-03-31": "412.74200", "2006-12-31": "545.08500", "2006-09-30": "642.47500", "2006-06-30": "561.76300", "2006-03-31": "545.44400", "2005-12-31": "556.32000", "2005-09-30": "551.75700", "2005-06-30": "577.17500", "2005-03-31": "535.74800"}, "Other Non-Current Liabilities": {"2020-09-30": "341.88300", "2020-06-30": "321.41200", "2020-03-31": "337.76200", "2019-12-31": "251.05500", "2019-09-30": "262.05700", "2019-06-30": "279.32200", "2019-03-31": "262.85600", "2018-12-31": "251.65800", "2018-09-30": "319.98800", "2018-06-30": "295.69600", "2018-03-31": "288.07700", "2017-12-31": "257.90700", "2017-09-30": "309.31200", "2017-06-30": "302.62800", "2017-03-31": "285.13200", "2016-12-31": "273.11700", "2016-09-30": "305.27200", "2016-06-30": "297.60300", "2016-03-31": "300.25800", "2015-12-31": "289.21200", "2015-09-30": "312.22900", "2015-06-30": "320.99500", "2015-03-31": "211.20400", "2014-12-31": "183.43700", "2014-09-30": "210.06900", "2014-06-30": "201.21900", "2014-03-31": "81.72500", "2013-12-31": "67.19800", "2013-09-30": "88.05000", "2013-06-30": "77.79400", "2013-03-31": "78.92800", "2012-12-31": "67.62000", "2012-09-30": "85.15500", "2012-06-30": "72.15000", "2012-03-31": "66.58300", "2011-12-31": "57.22300", "2011-09-30": "73.07900", "2011-06-30": "58.14200", "2011-03-31": "51.36000", "2010-12-31": "42.49500", "2010-09-30": "42.56500", "2010-06-30": "35.06600", "2010-03-31": "31.81100", "2009-12-31": "28.82900", "2009-09-30": "43.83700", "2009-06-30": "32.73900", "2009-03-31": "27.24500", "2008-12-31": "21.67500", "2008-09-30": "31.23100", "2008-06-30": "21.73400", "2008-03-31": "17.43500", "2007-12-31": "13.28700", "2007-09-30": "11.26500", "2007-06-30": "8.17200", "2007-03-31": "7.23600", "2006-12-31": "7.02800", "2006-09-30": "14.23900", "2006-06-30": "14.72200", "2006-03-31": "14.12500", "2005-12-31": "7.26200", "2005-09-30": "10.19900", "2005-06-30": "7.90200", "2005-03-31": "8.82600"}, "Total Long Term Liabilities": {"2020-09-30": "3839.73100", "2020-06-30": "3818.52100", "2020-03-31": "3887.31800", "2019-12-31": "3752.71600", "2019-09-30": "3918.46000", "2019-06-30": "4036.58400", "2019-03-31": "3997.22100", "2018-12-31": "3900.07500", "2018-09-30": "4024.23700", "2018-06-30": "3966.04800", "2018-03-31": "3932.87200", "2017-12-31": "3932.43300", "2017-09-30": "3868.00100", "2017-06-30": "3825.35500", "2017-03-31": "3767.65800", "2016-12-31": "3987.58200", "2016-09-30": "3958.00000", "2016-06-30": "3961.76600", "2016-03-31": "3797.77900", "2015-12-31": "3768.34800", "2015-09-30": "3813.79400", "2015-06-30": "3760.54700", "2015-03-31": "2930.31800", "2014-12-31": "2984.14100", "2014-09-30": "2972.35200", "2014-06-30": "2966.87300", "2014-03-31": "2016.05100", "2013-12-31": "1959.96200", "2013-09-30": "2009.12400", "2013-06-30": "1920.72000", "2013-03-31": "1905.52900", "2012-12-31": "2074.15000", "2012-09-30": "1953.46600", "2012-06-30": "2037.07800", "2012-03-31": "1918.38200", "2011-12-31": "1884.60800", "2011-09-30": "1677.85600", "2011-06-30": "1610.30300", "2011-03-31": "1398.42700", "2010-12-31": "1247.38500", "2010-09-30": "1133.58200", "2010-06-30": "1116.05900", "2010-03-31": "1069.86900", "2009-12-31": "1071.04800", "2009-09-30": "1028.07700", "2009-06-30": "739.75900", "2009-03-31": "680.96300", "2008-12-31": "752.10800", "2008-09-30": "598.32400", "2008-06-30": "435.19400", "2008-03-31": "558.80900", "2007-12-31": "440.13900", "2007-09-30": "423.24500", "2007-06-30": "420.53200", "2007-03-31": "419.97800", "2006-12-31": "552.11300", "2006-09-30": "656.71410", "2006-06-30": "576.48500", "2006-03-31": "559.56900", "2005-12-31": "563.58200", "2005-09-30": "561.95600", "2005-06-30": "585.07700", "2005-03-31": "544.57400"}, "Total Liabilities": {"2020-09-30": "3893.41200", "2020-06-30": "3845.68300", "2020-03-31": "3916.55400", "2019-12-31": "3776.77600", "2019-09-30": "3948.76800", "2019-06-30": "4062.00100", "2019-03-31": "4032.46200", "2018-12-31": "3980.55600", "2018-09-30": "4058.96400", "2018-06-30": "3992.06300", "2018-03-31": "3967.94700", "2017-12-31": "4016.83100", "2017-09-30": "3900.18600", "2017-06-30": "3842.84100", "2017-03-31": "3801.18000", "2016-12-31": "4028.34900", "2016-09-30": "3991.13000", "2016-06-30": "3980.19900", "2016-03-31": "3831.40700", "2015-12-31": "3800.33000", "2015-09-30": "3847.45600", "2015-06-30": "3781.80500", "2015-03-31": "2962.30200", "2014-12-31": "3015.86200", "2014-09-30": "3004.90700", "2014-06-30": "2987.27400", "2014-03-31": "2037.95000", "2013-12-31": "1987.67700", "2013-09-30": "2030.88700", "2013-06-30": "1936.41400", "2013-03-31": "1927.12400", "2012-12-31": "2101.43400", "2012-09-30": "1975.48400", "2012-06-30": "2050.39300", "2012-03-31": "1937.98600", "2011-12-31": "1910.44200", "2011-09-30": "1693.78900", "2011-06-30": "1630.39600", "2011-03-31": "1414.49000", "2010-12-31": "1264.67900", "2010-09-30": "1146.94000", "2010-06-30": "1130.66800", "2010-03-31": "1080.70500", "2009-12-31": "1087.27600", "2009-09-30": "1038.97100", "2009-06-30": "750.62500", "2009-03-31": "689.14300", "2008-12-31": "765.51600", "2008-09-30": "606.42200", "2008-06-30": "445.88900", "2008-03-31": "566.93800", "2007-12-31": "452.48400", "2007-09-30": "431.40100", "2007-06-30": "431.25400", "2007-03-31": "427.90900", "2006-12-31": "565.43100", "2006-09-30": "665.31200", "2006-06-30": "588.73300", "2006-03-31": "568.39800", "2005-12-31": "577.45700", "2005-09-30": "572.31700", "2005-06-30": "597.77900", "2005-03-31": "555.15600"}, "Common Stock Net": {"2020-09-30": "2.38300", "2020-06-30": "2.38000", "2020-03-31": "2.37900", "2019-12-31": "2.37900", "2019-09-30": "2.37900", "2019-06-30": "2.37700", "2019-03-31": "2.37700", "2018-12-31": "2.37700", "2018-09-30": "2.37700", "2018-06-30": "2.37600", "2018-03-31": "2.37600", "2017-12-31": "2.37600", "2017-09-30": "2.37600", "2017-06-30": "2.37600", "2017-03-31": "2.37500", "2016-12-31": "2.37500", "2016-09-30": "2.37500", "2016-06-30": "2.37500", "2016-03-31": "2.37500", "2015-12-31": "2.37500", "2015-09-30": "2.37500", "2015-06-30": "2.37400", "2015-03-31": "2.35000", "2014-12-31": "2.03900", "2014-09-30": "2.03900", "2014-06-30": "2.03700", "2014-03-31": "1.88200", "2013-12-31": "1.88100", "2013-09-30": "1.88100", "2013-06-30": "1.88000", "2013-03-31": "1.88000", "2012-12-31": "1.76500", "2012-09-30": "1.76600", "2012-06-30": "1.62700", "2012-03-31": "1.62700", "2011-12-31": "1.62600", "2011-09-30": "1.53400", "2011-06-30": "1.41900", "2011-03-31": "1.41900", "2010-12-31": "1.41800", "2010-09-30": "1.27500", "2010-06-30": "1.27400", "2010-03-31": "1.27400", "2009-12-31": "1.27300", "2009-09-30": "1.27400", "2009-06-30": "1.20500", "2009-03-31": "1.20400", "2008-12-31": "1.14500", "2008-09-30": "1.14500", "2008-06-30": "1.14500", "2008-03-31": "0.94900", "2007-12-31": "0.88700", "2007-09-30": "0.83700", "2007-06-30": "0.83700", "2007-03-31": "0.83600", "2006-12-31": "0.77600", "2006-09-30": "0.71800", "2006-06-30": "0.71800", "2006-03-31": "0.71800", "2005-12-31": "0.71800", "2005-09-30": "0.68500", "2005-06-30": "0.68500", "2005-03-31": "0.68500"}, "Retained Earnings (Accumulated Deficit)": {"2020-09-30": "-2101.84000", "2020-06-30": "-1992.57200", "2020-03-31": "-1964.12100", "2019-12-31": "-1878.37100", "2019-09-30": "-1790.98900", "2019-06-30": "-1725.93800", "2019-03-31": "-1653.05000", "2018-12-31": "-1590.41800", "2018-09-30": "-1379.16100", "2018-06-30": "-1332.28500", "2018-03-31": "-1364.05200", "2017-12-31": "-1593.97300", "2017-09-30": "-1566.29700", "2017-06-30": "-1508.06200", "2017-03-31": "-1431.46200", "2016-12-31": "-1370.97500", "2016-09-30": "-1321.21700", "2016-06-30": "-1256.50200", "2016-03-31": "-1203.12300", "2015-12-31": "-1141.78100", "2015-09-30": "-1027.36900", "2015-06-30": "-973.03310", "2015-03-31": "-917.76600", "2014-12-31": "-878.02400", "2014-09-30": "-843.79690", "2014-06-30": "-801.43990", "2014-03-31": "-765.70200", "2013-12-31": "-730.89400", "2013-09-30": "-729.71510", "2013-06-30": "-694.48600", "2013-03-31": "-626.73400", "2012-12-31": "-593.11290", "2012-09-30": "-568.89200", "2012-06-30": "-527.47600", "2012-03-31": "-498.91400", "2011-12-31": "-469.46000", "2011-09-30": "-446.25510", "2011-06-30": "-419.50300", "2011-03-31": "-418.06100", "2010-12-31": "-397.35000", "2010-09-30": "-384.04600", "2010-06-30": "-366.25600", "2010-03-31": "-344.95000", "2009-12-31": "-329.07800", "2009-09-30": "-315.32800", "2009-06-30": "-287.52600", "2009-03-31": "-275.87800", "2008-12-31": "-267.32100", "2008-09-30": "-259.60300", "2008-06-30": "-248.67900", "2008-03-31": "-237.14400", "2007-12-31": "-229.41800", "2007-09-30": "-226.64500", "2007-06-30": "-218.81600", "2007-03-31": "-211.02600", "2006-12-31": "-202.15900", "2006-09-30": "-205.98300", "2006-06-30": "-197.70000", "2006-03-31": "-187.40600", "2005-12-31": "-174.88600", "2005-09-30": "-173.83900", "2005-06-30": "-166.03700", "2005-03-31": "-159.13000"}, "Comprehensive Income": {"2020-09-30": "", "2020-06-30": "", "2020-03-31": "", "2019-12-31": "", "2019-09-30": "-0.17500", "2019-06-30": "-0.12900", "2019-03-31": "-0.20000", "2018-12-31": "-0.26600", "2018-09-30": "-0.10800", "2018-06-30": "-0.28100", "2018-03-31": "0.56500", "2017-12-31": "87.23100", "2017-09-30": "66.31000", "2017-06-30": "58.86100", "2017-03-31": "58.71600", "2016-12-31": "34.54900", "2016-09-30": "24.31800", "2016-06-30": "7.67600", "2016-03-31": "-8.29800", "2015-12-31": "-32.53700", "2015-09-30": "-1.16900", "2015-06-30": "6.14600", "2015-03-31": "4.82300", "2014-12-31": "3.32900", "2014-09-30": "1.73600", "2014-06-30": "7.17300", "2014-03-31": "6.51100", "2013-12-31": "8.41200", "2013-09-30": "6.68900", "2013-06-30": "8.84100", "2013-03-31": "13.31800", "2012-12-31": "4.56200", "2012-09-30": "4.67500", "2012-06-30": "-2.86000", "2012-03-31": "-1.54200", "2011-12-31": "-3.77200", "2011-09-30": "-5.32500", "2011-06-30": "10.39600", "2011-03-31": "17.08400", "2010-12-31": "13.53600", "2010-09-30": "7.02300", "2010-06-30": "0.26600", "2010-03-31": "1.93200", "2009-12-31": "1.98100", "2009-09-30": "3.64600", "2009-06-30": "-2.62700", "2009-03-31": "-3.52800", "2008-12-31": "-3.33100", "2008-09-30": "0.26700", "2008-06-30": "0.18100", "2008-03-31": "0.19800", "2007-12-31": "1.26600", "2007-09-30": "3.42400", "2007-06-30": "3.92500", "2007-03-31": "5.90600", "2006-12-31": "5.98600", "2006-09-30": "5.57300", "2006-06-30": "5.19400", "2006-03-31": "5.36700", "2005-12-31": "3.87200", "2005-09-30": "5.89700", "2005-06-30": "5.93100", "2005-03-31": "5.45100"}, "Other Share Holders Equity": {"2020-09-30": "", "2020-06-30": "", "2020-03-31": "", "2019-12-31": "", "2019-09-30": "", "2019-06-30": "", "2019-03-31": "", "2018-12-31": "", "2018-09-30": "", "2018-06-30": "", "2018-03-31": "", "2017-12-31": "", "2017-09-30": "", "2017-06-30": "", "2017-03-31": "", "2016-12-31": "", "2016-09-30": "", "2016-06-30": "", "2016-03-31": "", "2015-12-31": "", "2015-09-30": "", "2015-06-30": "", "2015-03-31": "", "2014-12-31": "", "2014-09-30": "", "2014-06-30": "", "2014-03-31": "", "2013-12-31": "", "2013-09-30": "", "2013-06-30": "", "2013-03-31": "", "2012-12-31": "", "2012-09-30": "", "2012-06-30": "", "2012-03-31": "", "2011-12-31": "", "2011-09-30": "", "2011-06-30": "", "2011-03-31": "", "2010-12-31": "", "2010-09-30": "", "2010-06-30": "", "2010-03-31": "", "2009-12-31": "", "2009-09-30": "", "2009-06-30": "", "2009-03-31": "", "2008-12-31": "", "2008-09-30": "", "2008-06-30": "", "2008-03-31": "", "2007-12-31": "", "2007-09-30": "", "2007-06-30": "", "2007-03-31": "", "2006-12-31": "", "2006-09-30": "", "2006-06-30": "", "2006-03-31": "", "2005-12-31": "", "2005-09-30": "", "2005-06-30": "", "2005-03-31": ""}, "Share Holder Equity": {"2020-09-30": "2641.70600", "2020-06-30": "2754.84000", "2020-03-31": "2787.16900", "2019-12-31": "2877.05000", "2019-09-30": "2968.22200", "2019-06-30": "3036.70900", "2019-03-31": "3113.43800", "2018-12-31": "3179.87000", "2018-09-30": "3394.48000", "2018-06-30": "3443.57300", "2018-03-31": "3416.11700", "2017-12-31": "3277.18800", "2017-09-30": "3287.55500", "2017-06-30": "3340.77900", "2017-03-31": "3419.02400", "2016-12-31": "3199.40500", "2016-09-30": "3238.96800", "2016-06-30": "3285.56800", "2016-03-31": "3322.74400", "2015-12-31": "3359.76000", "2015-09-30": "3505.54000", "2015-06-30": "3566.22100", "2015-03-31": "3574.79300", "2014-12-31": "2952.40700", "2014-09-30": "2984.21500", "2014-06-30": "3029.58100", "2014-03-31": "2740.71800", "2013-12-31": "2776.98900", "2013-09-30": "2776.44300", "2013-06-30": "2812.21700", "2013-03-31": "2884.14500", "2012-12-31": "2646.56800", "2012-09-30": "2670.81100", "2012-06-30": "2416.15900", "2012-03-31": "2445.83500", "2011-12-31": "2472.60600", "2011-09-30": "2309.52400", "2011-06-30": "2103.02200", "2011-03-31": "2110.91800", "2010-12-31": "2127.97700", "2010-09-30": "1852.77200", "2010-06-30": "1862.55900", "2010-03-31": "1885.31700", "2009-12-31": "1900.65000", "2009-09-30": "1916.06500", "2009-06-30": "1809.57300", "2009-03-31": "1819.39900", "2008-12-31": "1731.35800", "2008-09-30": "1742.62000", "2008-06-30": "1753.17600", "2008-03-31": "1370.03400", "2007-12-31": "1249.41000", "2007-09-30": "1145.53700", "2007-06-30": "1153.37700", "2007-03-31": "1163.02300", "2006-12-31": "1019.46600", "2006-09-30": "894.43300", "2006-06-30": "901.82400", "2006-03-31": "912.15900", "2005-12-31": "923.18400", "2005-09-30": "868.08600", "2005-06-30": "875.63400", "2005-03-31": "881.69200"}, "Total Liabilities And Share Holders Equity": {"2020-09-30": "6535.11800", "2020-06-30": "6600.52300", "2020-03-31": "6703.72300", "2019-12-31": "6653.82600", "2019-09-30": "6916.99000", "2019-06-30": "7098.71000", "2019-03-31": "7145.90000", "2018-12-31": "7160.42600", "2018-09-30": "7453.44400", "2018-06-30": "7435.63600", "2018-03-31": "7384.06400", "2017-12-31": "7294.01900", "2017-09-30": "7187.74100", "2017-06-30": "7183.62000", "2017-03-31": "7220.20400", "2016-12-31": "7227.75400", "2016-09-30": "7230.09800", "2016-06-30": "7265.76700", "2016-03-31": "7154.15100", "2015-12-31": "7160.09000", "2015-09-30": "7352.99600", "2015-06-30": "7348.02600", "2015-03-31": "6537.09500", "2014-12-31": "5968.26900", "2014-09-30": "5989.12200", "2014-06-30": "6016.85500", "2014-03-31": "4778.66800", "2013-12-31": "4764.66600", "2013-09-30": "4807.33000", "2013-06-30": "4748.63100", "2013-03-31": "4811.26900", "2012-12-31": "4748.00200", "2012-09-30": "4646.29500", "2012-06-30": "4466.55200", "2012-03-31": "4383.82100", "2011-12-31": "4383.04800", "2011-09-30": "4003.31300", "2011-06-30": "3733.41800", "2011-03-31": "3525.40800", "2010-12-31": "3392.65600", "2010-09-30": "2999.71200", "2010-06-30": "2993.22700", "2010-03-31": "2966.02200", "2009-12-31": "2987.92600", "2009-09-30": "2955.03600", "2009-06-30": "2560.19800", "2009-03-31": "2508.54200", "2008-12-31": "2496.87400", "2008-09-30": "2349.04200", "2008-06-30": "2199.06500", "2008-03-31": "1936.97200", "2007-12-31": "1701.89400", "2007-09-30": "1576.93800", "2007-06-30": "1584.63100", "2007-03-31": "1590.93200", "2006-12-31": "1584.89700", "2006-09-30": "1559.74500", "2006-06-30": "1490.55700", "2006-03-31": "1480.55700", "2005-12-31": "1500.64100", "2005-09-30": "1440.40300", "2005-06-30": "1473.41300", "2005-03-31": "1436.84800"}}, "cash flow statement": {"Net Income/Loss": {"2019-12-31": "-82.87800", "2018-12-31": "292.41400", "2017-12-31": "151.80300", "2016-12-31": "141.29500", "2015-12-31": "123.96800", "2014-12-31": "158.63700", "2013-12-31": "151.16400", "2012-12-31": "135.88400", "2011-12-31": "151.41900", "2010-12-31": "116.48500", "2009-12-31": "109.71500", "2008-12-31": "106.51100", "2007-12-31": "85.30300", "2006-12-31": "66.10100", "2005-12-31": "63.91200"}, "Total Depreciation And Amortization - Cash Flow": {"2019-12-31": "288.26600", "2018-12-31": "286.66900", "2017-12-31": "276.79400", "2016-12-31": "288.61900", "2015-12-31": "259.66500", "2014-12-31": "189.38800", "2013-12-31": "163.52300", "2012-12-31": "148.38000", "2011-12-31": "118.23900", "2010-12-31": "93.79600", "2009-12-31": "82.15200", "2008-12-31": "63.00800", "2007-12-31": "49.49200", "2006-12-31": "45.92500", "2005-12-31": "45.90600"}, "Other Non-Cash Items": {"2019-12-31": "111.34200", "2018-12-31": "-189.33900", "2017-12-31": "-51.68400", "2016-12-31": "-6.37400", "2015-12-31": "20.85200", "2014-12-31": "-10.83300", "2013-12-31": "1.59000", "2012-12-31": "-5.01900", "2011-12-31": "-30.49400", "2010-12-31": "2.19700", "2009-12-31": "15.26700", "2008-12-31": "8.11300", "2007-12-31": "3.42600", "2006-12-31": "7.96700", "2005-12-31": "-4.16900"}, "Total Non-Cash Items": {"2019-12-31": "399.60800", "2018-12-31": "97.33000", "2017-12-31": "225.11000", "2016-12-31": "282.24500", "2015-12-31": "280.51700", "2014-12-31": "178.55500", "2013-12-31": "165.11300", "2012-12-31": "143.36100", "2011-12-31": "87.74500", "2010-12-31": "95.99300", "2009-12-31": "97.41900", "2008-12-31": "71.12100", "2007-12-31": "52.91800", "2006-12-31": "53.89200", "2005-12-31": "41.73700"}, "Change In Accounts Receivable": {"2019-12-31": "", "2018-12-31": "", "2017-12-31": "", "2016-12-31": "", "2015-12-31": "", "2014-12-31": "", "2013-12-31": "", "2012-12-31": "", "2011-12-31": "", "2010-12-31": "", "2009-12-31": "", "2008-12-31": "", "2007-12-31": "", "2006-12-31": "", "2005-12-31": ""}, "Change In Inventories": {"2019-12-31": "", "2018-12-31": "", "2017-12-31": "", "2016-12-31": "", "2015-12-31": "", "2014-12-31": "", "2013-12-31": "", "2012-12-31": "", "2011-12-31": "", "2010-12-31": "", "2009-12-31": "", "2008-12-31": "", "2007-12-31": "", "2006-12-31": "", "2005-12-31": ""}, "Change In Accounts Payable": {"2019-12-31": "", "2018-12-31": "", "2017-12-31": "", "2016-12-31": "", "2015-12-31": "", "2014-12-31": "", "2013-12-31": "", "2012-12-31": "", "2011-12-31": "", "2010-12-31": "", "2009-12-31": "", "2008-12-31": "", "2007-12-31": "", "2006-12-31": "", "2005-12-31": ""}, "Change In Assets/Liabilities": {"2019-12-31": "-48.78000", "2018-12-31": "-5.09900", "2017-12-31": "42.87500", "2016-12-31": "-0.55600", "2015-12-31": "4.10800", "2014-12-31": "9.50200", "2013-12-31": "-9.65600", "2012-12-31": "10.58100", "2011-12-31": "7.78400", "2010-12-31": "0.02100", "2009-12-31": "-0.31400", "2008-12-31": "6.55600", "2007-12-31": "-1.47800", "2006-12-31": "-2.12900", "2005-12-31": "-1.99700"}, "Total Change In Assets/Liabilities": {"2019-12-31": "-50.88500", "2018-12-31": "3.09600", "2017-12-31": "42.39100", "2016-12-31": "0.94100", "2015-12-31": "1.03600", "2014-12-31": "13.70900", "2013-12-31": "-9.57400", "2012-12-31": "4.05700", "2011-12-31": "15.07200", "2010-12-31": "1.32100", "2009-12-31": "2.25800", "2008-12-31": "6.82800", "2007-12-31": "-2.32300", "2006-12-31": "-3.52400", "2005-12-31": "-1.42700"}, "Cash Flow From Operating Activities": {"2019-12-31": "265.84500", "2018-12-31": "392.84000", "2017-12-31": "419.30400", "2016-12-31": "424.48100", "2015-12-31": "405.52100", "2014-12-31": "350.90100", "2013-12-31": "306.70300", "2012-12-31": "283.30200", "2011-12-31": "254.23600", "2010-12-31": "213.79900", "2009-12-31": "209.39200", "2008-12-31": "184.46000", "2007-12-31": "135.89800", "2006-12-31": "116.46900", "2005-12-31": "104.22200"}, "Net Change In Property, Plant, And Equipment": {"2019-12-31": "-18.81200", "2018-12-31": "99.09100", "2017-12-31": "-221.43500", "2016-12-31": "-292.86900", "2015-12-31": "-1202.38000", "2014-12-31": "-1263.19900", "2013-12-31": "-153.02300", "2012-12-31": "-366.90000", "2011-12-31": "-39.30900", "2010-12-31": "-34.43800", "2009-12-31": "", "2008-12-31": "-862.90800", "2007-12-31": "-110.23800", "2006-12-31": "-120.34700", "2005-12-31": "-97.48000"}, "Net Change In Intangible Assets": {"2019-12-31": "", "2018-12-31": "", "2017-12-31": "", "2016-12-31": "", "2015-12-31": "", "2014-12-31": "", "2013-12-31": "", "2012-12-31": "", "2011-12-31": "", "2010-12-31": "", "2009-12-31": "", "2008-12-31": "", "2007-12-31": "", "2006-12-31": "", "2005-12-31": ""}, "Net Acquisitions/Divestitures": {"2019-12-31": "", "2018-12-31": "", "2017-12-31": "", "2016-12-31": "", "2015-12-31": "", "2014-12-31": "", "2013-12-31": "", "2012-12-31": "", "2011-12-31": "-797.11300", "2010-12-31": "-431.49700", "2009-12-31": "-547.60300", "2008-12-31": "", "2007-12-31": "", "2006-12-31": "", "2005-12-31": ""}, "Net Change In Short-term Investments": {"2019-12-31": "", "2018-12-31": "", "2017-12-31": "", "2016-12-31": "", "2015-12-31": "", "2014-12-31": "", "2013-12-31": "", "2012-12-31": "", "2011-12-31": "", "2010-12-31": "", "2009-12-31": "", "2008-12-31": "", "2007-12-31": "", "2006-12-31": "", "2005-12-31": ""}, "Net Change In Long-Term Investments": {"2019-12-31": "6.42600", "2018-12-31": "", "2017-12-31": "", "2016-12-31": "", "2015-12-31": "-10.71500", "2014-12-31": "-0.82500", "2013-12-31": "", "2012-12-31": "1.04100", "2011-12-31": "33.66300", "2010-12-31": "1.37400", "2009-12-31": "-9.19600", "2008-12-31": "21.33600", "2007-12-31": "", "2006-12-31": "6.87900", "2005-12-31": "12.53700"}, "Net Change In Investments - Total": {"2019-12-31": "6.42600", "2018-12-31": "", "2017-12-31": "", "2016-12-31": "", "2015-12-31": "-10.71500", "2014-12-31": "-0.82500", "2013-12-31": "", "2012-12-31": "1.04100", "2011-12-31": "33.66300", "2010-12-31": "1.37400", "2009-12-31": "-9.19600", "2008-12-31": "21.33600", "2007-12-31": "", "2006-12-31": "6.87900", "2005-12-31": "12.53700"}, "Investing Activities - Other": {"2019-12-31": "98.55700", "2018-12-31": "", "2017-12-31": "", "2016-12-31": "", "2015-12-31": "", "2014-12-31": "", "2013-12-31": "", "2012-12-31": "38.00000", "2011-12-31": "-38.00000", "2010-12-31": "", "2009-12-31": "", "2008-12-31": "", "2007-12-31": "", "2006-12-31": "", "2005-12-31": ""}, "Cash Flow From Investing Activities": {"2019-12-31": "86.17100", "2018-12-31": "99.09100", "2017-12-31": "-221.43500", "2016-12-31": "-292.86900", "2015-12-31": "-1213.09500", "2014-12-31": "-1264.02400", "2013-12-31": "-153.02300", "2012-12-31": "-327.85900", "2011-12-31": "-840.75900", "2010-12-31": "-464.56100", "2009-12-31": "-556.79900", "2008-12-31": "-841.57200", "2007-12-31": "-110.23800", "2006-12-31": "-113.46800", "2005-12-31": "-84.94300"}, "Net Long-Term Debt": {"2019-12-31": "-546.34500", "2018-12-31": "384.44400", "2017-12-31": "-313.96400", "2016-12-31": "691.58200", "2015-12-31": "-175.87900", "2014-12-31": "912.48300", "2013-12-31": "-36.37100", "2012-12-31": "-141.52800", "2011-12-31": "532.27300", "2010-12-31": "90.56600", "2009-12-31": "508.64300", "2008-12-31": "-14.84500", "2007-12-31": "-23.48800", "2006-12-31": "-86.36400", "2005-12-31": "-1.85100"}, "Net Current Debt": {"2019-12-31": "398.50000", "2018-12-31": "-457.00000", "2017-12-31": "269.00000", "2016-12-31": "-448.00000", "2015-12-31": "695.00010", "2014-12-31": "-20.00000", "2013-12-31": "-90.00000", "2012-12-31": "190.00000", "2011-12-31": "-128.00000", "2010-12-31": "68.00000", "2009-12-31": "-197.00000", "2008-12-31": "257.00000", "2007-12-31": "-112.00000", "2006-12-31": "48.00000", "2005-12-31": "27.00000"}, "Debt Issuance/Retirement Net - Total": {"2019-12-31": "-147.84500", "2018-12-31": "-72.55600", "2017-12-31": "-44.96400", "2016-12-31": "243.58200", "2015-12-31": "519.12110", "2014-12-31": "892.48300", "2013-12-31": "-126.37100", "2012-12-31": "48.47200", "2011-12-31": "404.27300", "2010-12-31": "158.56600", "2009-12-31": "311.64300", "2008-12-31": "242.15500", "2007-12-31": "-135.48800", "2006-12-31": "-38.36400", "2005-12-31": "25.14900"}, "Net Common Equity Issued/Repurchased": {"2019-12-31": "-0.29900", "2018-12-31": "-0.41100", "2017-12-31": "-0.34100", "2016-12-31": "-0.45200", "2015-12-31": "659.28400", "2014-12-31": "322.80700", "2013-12-31": "261.81300", "2012-12-31": "287.05200", "2011-12-31": "432.23300", "2010-12-31": "281.98600", "2009-12-31": "223.97300", "2008-12-31": "522.90700", "2007-12-31": "260.44700", "2006-12-31": "120.78100", "2005-12-31": "58.17000"}, "Net Total Equity Issued/Repurchased": {"2019-12-31": "-0.29900", "2018-12-31": "-0.41100", "2017-12-31": "-0.34100", "2016-12-31": "-0.45200", "2015-12-31": "659.28400", "2014-12-31": "322.80700", "2013-12-31": "261.81300", "2012-12-31": "287.05200", "2011-12-31": "432.23300", "2010-12-31": "281.98600", "2009-12-31": "223.97300", "2008-12-31": "522.90700", "2007-12-31": "260.44700", "2006-12-31": "120.78100", "2005-12-31": "58.17000"}, "Total Common And Preferred Stock Dividends Paid": {"2019-12-31": "-199.71900", "2018-12-31": "-370.74600", "2017-12-31": "-370.60800", "2016-12-31": "-370.48900", "2015-12-31": "-356.39000", "2014-12-31": "-305.76700", "2013-12-31": "-288.94500", "2012-12-31": "-259.53700", "2011-12-31": "-223.52900", "2010-12-31": "-184.75700", "2009-12-31": "-171.47200", "2008-12-31": "-144.41400", "2007-12-31": "-112.56200", "2006-12-31": "-93.37400", "2005-12-31": "-87.72200"}, "Financial Activities - Other": {"2019-12-31": "-22.00000", "2018-12-31": "-25.46800", "2017-12-31": "229.78700", "2016-12-31": "-12.48600", "2015-12-31": "-4.37900", "2014-12-31": "-8.03900", "2013-12-31": "-3.32600", "2012-12-31": "-12.60800", "2011-12-31": "-13.76000", "2010-12-31": "-4.66100", "2009-12-31": "-12.23300", "2008-12-31": "-1.06700", "2007-12-31": "", "2006-12-31": "-1.22200", "2005-12-31": "-3.64300"}, "Cash Flow From Financial Activities": {"2019-12-31": "-369.86300", "2018-12-31": "-469.18100", "2017-12-31": "-186.12600", "2016-12-31": "-139.84500", "2015-12-31": "817.63600", "2014-12-31": "901.48400", "2013-12-31": "-156.82900", "2012-12-31": "63.37900", "2011-12-31": "599.21700", "2010-12-31": "251.13400", "2009-12-31": "351.91100", "2008-12-31": "619.58100", "2007-12-31": "12.39700", "2006-12-31": "-12.17900", "2005-12-31": "-8.04600"}, "Net Cash Flow": {"2019-12-31": "-17.84700", "2018-12-31": "22.75000", "2017-12-31": "11.74300", "2016-12-31": "-8.23300", "2015-12-31": "10.06200", "2014-12-31": "-11.63900", "2013-12-31": "-3.14900", "2012-12-31": "18.82200", "2011-12-31": "12.69400", "2010-12-31": "0.37200", "2009-12-31": "4.50400", "2008-12-31": "-37.53100", "2007-12-31": "38.05700", "2006-12-31": "-9.17800", "2005-12-31": "11.23300"}, "Stock-Based Compensation": {"2019-12-31": "", "2018-12-31": "", "2017-12-31": "", "2016-12-31": "", "2015-12-31": "", "2014-12-31": "", "2013-12-31": "", "2012-12-31": "", "2011-12-31": "", "2010-12-31": "", "2009-12-31": "", "2008-12-31": "", "2007-12-31": "", "2006-12-31": "", "2005-12-31": ""}, "Common Stock Dividends Paid": {"2019-12-31": "-199.71900", "2018-12-31": "-370.74600", "2017-12-31": "-370.60800", "2016-12-31": "-370.48900", "2015-12-31": "-356.39000", "2014-12-31": "-305.76700", "2013-12-31": "-288.94500", "2012-12-31": "-259.53700", "2011-12-31": "-223.52900", "2010-12-31": "-184.75700", "2009-12-31": "-171.47200", "2008-12-31": "-144.41400", "2007-12-31": "-112.56200", "2006-12-31": "-93.37400", "2005-12-31": "-87.72200"}}, "cash flow statement, quarterly": {"Net Income/Loss": {"2020-09-30": -105.788, "2020-06-30": -24.742, "2020-03-31": "11.14300", "2019-12-31": -50.62, "2019-09-30": -27.946, "2019-06-30": -35.816, "2019-03-31": "31.50400", "2018-12-31": -117.182, "2018-09-30": 47.203, "2018-06-30": 124.988, "2018-03-31": "237.40500", "2017-12-31": 66.328, "2017-09-30": 35.792, "2017-06-30": 17.402, "2017-03-31": "32.28100", "2016-12-31": 42.886, "2016-09-30": 27.902, "2016-06-30": 39.235, "2016-03-31": "31.27200", "2015-12-31": 9.543, "2015-09-30": 38.249, "2015-06-30": 36.387, "2015-03-31": "39.78900", "2014-12-31": 45.287, "2014-09-30": 37.114, "2014-06-30": 37.656, "2014-03-31": "38.58000", "2013-12-31": 72.207, "2013-09-30": 38.124, "2013-06-30": 5.598, "2013-03-31": "35.23500", "2012-12-31": 44.636, "2012-09-30": 25.645, "2012-06-30": 33.251, "2012-03-31": "32.35200", "2011-12-31": 38.6, "2011-09-30": 29.996, "2011-06-30": 51.048, "2011-03-31": "31.77500", "2010-12-31": 33.864, "2010-09-30": 28.078, "2010-06-30": 24.559, "2010-03-31": "29.98400", "2009-12-31": 32.106, "2009-09-30": 15.565, "2009-06-30": 30.511, "2009-03-31": "31.53300", "2008-12-31": 32.368, "2008-09-30": 29.147, "2008-06-30": 21.68, "2008-03-31": "23.31600", "2007-12-31": 26.519, "2007-09-30": 20.613, "2007-06-30": 20.649, "2007-03-31": "17.52200", "2006-12-31": 27.538, "2006-09-30": 15.417, "2006-06-30": 12.686, "2006-03-31": "10.46000", "2005-12-31": 20.893, "2005-09-30": 14.13, "2005-06-30": 15.024, "2005-03-31": "13.86500"}, "Total Depreciation And Amortization - Cash Flow": {"2020-09-30": 67.803, "2020-06-30": 68.612, "2020-03-31": "68.06600", "2019-12-31": 69.074, "2019-09-30": 72.947, "2019-06-30": 73.888, "2019-03-31": "72.35700", "2018-12-31": 72.08, "2018-09-30": 71.794, "2018-06-30": 72.426, "2018-03-31": "70.36900", "2017-12-31": 67.244, "2017-09-30": 66.513, "2017-06-30": 69.694, "2017-03-31": "73.34300", "2016-12-31": 73.204, "2016-09-30": 72.596, "2016-06-30": 71.494, "2016-03-31": "71.32500", "2015-12-31": 72.351, "2015-09-30": 70.376, "2015-06-30": 62.779, "2015-03-31": "54.15900", "2014-12-31": 50.657, "2014-09-30": 50.509, "2014-06-30": 47.689, "2014-03-31": "40.53300", "2013-12-31": 40.897, "2013-09-30": 41.825, "2013-06-30": 40.439, "2013-03-31": "40.36200", "2012-12-31": 38.653, "2012-09-30": 38.266, "2012-06-30": 35.983, "2012-03-31": "35.47800", "2011-12-31": 33.187, "2011-09-30": 29.983, "2011-06-30": 27.853, "2011-03-31": "27.21600", "2010-12-31": 24.055, "2010-09-30": 23.376, "2010-06-30": 23.243, "2010-03-31": "23.12200", "2009-12-31": 22.918, "2009-09-30": 20.723, "2009-06-30": 19.422, "2009-03-31": "19.08900", "2008-12-31": 18.82, "2008-09-30": 15.849, "2008-06-30": 14.821, "2008-03-31": "13.51800", "2007-12-31": 12.771, "2007-09-30": 12.338, "2007-06-30": 12.246, "2007-03-31": "12.13700", "2006-12-31": 10.087, "2006-09-30": 11.424, "2006-06-30": 11.376, "2006-03-31": "11.18600", "2005-12-31": 9.538, "2005-09-30": 11.59, "2005-06-30": 11.289, "2005-03-31": "11.27700"}, "Other Non-Cash Items": {"2020-09-30": 51.635, "2020-06-30": 17.068, "2020-03-31": "-6.57200", "2019-12-31": 57.219, "2019-09-30": 26.664, "2019-06-30": 47.344, "2019-03-31": "-19.88500", "2018-12-31": 165.342, "2018-09-30": -34.977, "2018-06-30": -107.459, "2018-03-31": "-212.24500", "2017-12-31": -50.546, "2017-09-30": -4.319, "2017-06-30": 7.681, "2017-03-31": "-4.50000", "2016-12-31": -2.8, "2016-09-30": -0.584, "2016-06-30": -4.763, "2016-03-31": "1.77300", "2015-12-31": 34.473, "2015-09-30": -6.296, "2015-06-30": -5.048, "2015-03-31": "-2.27700", "2014-12-31": -1.525, "2014-09-30": -3.131, "2014-06-30": -5.256, "2014-03-31": "-0.92100", "2013-12-31": -26.162, "2013-09-30": -2.071, "2013-06-30": 30.428, "2013-03-31": "-0.60500", "2012-12-31": -4.16, "2012-09-30": 2.253, "2012-06-30": -3.28, "2012-03-31": "0.16800", "2011-12-31": -2.313, "2011-09-30": -1.651, "2011-06-30": -23.79, "2011-03-31": "-2.74000", "2010-12-31": -1.239, "2010-09-30": -0.144, "2010-06-30": 3.552, "2010-03-31": "0.02800", "2009-12-31": 3.886, "2009-09-30": 11.272, "2009-06-30": 0.109, "2009-03-31": "", "2008-12-31": 5.439, "2008-09-30": -0.266, "2008-06-30": 2.94, "2008-03-31": "", "2007-12-31": 1.4, "2007-09-30": 0, "2007-06-30": 0, "2007-03-31": "2.02600", "2006-12-31": 0.021, "2006-09-30": 0, "2006-06-30": 6.873, "2006-03-31": "1.07300", "2005-12-31": -3.452, "2005-09-30": 0, "2005-06-30": -0.717, "2005-03-31": ""}, "Total Non-Cash Items": {"2020-09-30": 119.438, "2020-06-30": 85.68, "2020-03-31": "61.49400", "2019-12-31": 126.293, "2019-09-30": 99.611, "2019-06-30": 121.232, "2019-03-31": "52.47200", "2018-12-31": 237.422, "2018-09-30": 36.817, "2018-06-30": -35.033, "2018-03-31": "-141.87600", "2017-12-31": 16.698, "2017-09-30": 62.194, "2017-06-30": 77.375, "2017-03-31": "68.84300", "2016-12-31": 70.404, "2016-09-30": 72.012, "2016-06-30": 66.731, "2016-03-31": "73.09800", "2015-12-31": 106.824, "2015-09-30": 64.08, "2015-06-30": 57.731, "2015-03-31": "51.88200", "2014-12-31": 49.132, "2014-09-30": 47.378, "2014-06-30": 42.433, "2014-03-31": "39.61200", "2013-12-31": 14.735, "2013-09-30": 39.754, "2013-06-30": 70.867, "2013-03-31": "39.75700", "2012-12-31": 34.493, "2012-09-30": 40.519, "2012-06-30": 32.703, "2012-03-31": "35.64600", "2011-12-31": 30.874, "2011-09-30": 28.332, "2011-06-30": 4.063, "2011-03-31": "24.47600", "2010-12-31": 22.816, "2010-09-30": 23.232, "2010-06-30": 26.795, "2010-03-31": "23.15000", "2009-12-31": 26.804, "2009-09-30": 31.995, "2009-06-30": 19.531, "2009-03-31": "19.08900", "2008-12-31": 24.259, "2008-09-30": 15.583, "2008-06-30": 17.761, "2008-03-31": "13.51800", "2007-12-31": 14.171, "2007-09-30": 12.338, "2007-06-30": 12.246, "2007-03-31": "14.16300", "2006-12-31": 2.141, "2006-09-30": 11.424, "2006-06-30": 18.249, "2006-03-31": "12.25900", "2005-12-31": 10.255, "2005-09-30": 11.59, "2005-06-30": 10.572, "2005-03-31": "11.27700"}, "Change In Accounts Receivable": {"2020-09-30": 0, "2020-06-30": 0, "2020-03-31": "", "2019-12-31": 0, "2019-09-30": 0, "2019-06-30": 0, "2019-03-31": "", "2018-12-31": 0, "2018-09-30": 0, "2018-06-30": 0, "2018-03-31": "", "2017-12-31": 0, "2017-09-30": 0, "2017-06-30": 0, "2017-03-31": "", "2016-12-31": 0, "2016-09-30": 0, "2016-06-30": 0, "2016-03-31": "", "2015-12-31": 0, "2015-09-30": 0, "2015-06-30": 0, "2015-03-31": "", "2014-12-31": 0, "2014-09-30": 0, "2014-06-30": 0, "2014-03-31": "", "2013-12-31": 0, "2013-09-30": 0, "2013-06-30": 0, "2013-03-31": "", "2012-12-31": 0, "2012-09-30": 0, "2012-06-30": 0, "2012-03-31": "", "2011-12-31": 0, "2011-09-30": 0, "2011-06-30": 0, "2011-03-31": "", "2010-12-31": 0, "2010-09-30": 0, "2010-06-30": 0, "2010-03-31": "", "2009-12-31": 0, "2009-09-30": 0, "2009-06-30": 0, "2009-03-31": "", "2008-12-31": 0, "2008-09-30": 0, "2008-06-30": 0, "2008-03-31": "", "2007-12-31": 0, "2007-09-30": 0, "2007-06-30": 0, "2007-03-31": "", "2006-12-31": 0, "2006-09-30": 0, "2006-06-30": 0, "2006-03-31": "", "2005-12-31": 0, "2005-09-30": 0, "2005-06-30": 0, "2005-03-31": ""}, "Change In Inventories": {"2020-09-30": 0, "2020-06-30": 0, "2020-03-31": "", "2019-12-31": 0, "2019-09-30": 0, "2019-06-30": 0, "2019-03-31": "", "2018-12-31": 0, "2018-09-30": 0, "2018-06-30": 0, "2018-03-31": "", "2017-12-31": 0, "2017-09-30": 0, "2017-06-30": 0, "2017-03-31": "", "2016-12-31": 0, "2016-09-30": 0, "2016-06-30": 0, "2016-03-31": "", "2015-12-31": 0, "2015-09-30": 0, "2015-06-30": 0, "2015-03-31": "", "2014-12-31": 0, "2014-09-30": 0, "2014-06-30": 0, "2014-03-31": "", "2013-12-31": 0, "2013-09-30": 0, "2013-06-30": 0, "2013-03-31": "", "2012-12-31": 0, "2012-09-30": 0, "2012-06-30": 0, "2012-03-31": "", "2011-12-31": 0, "2011-09-30": 0, "2011-06-30": 0, "2011-03-31": "", "2010-12-31": 0, "2010-09-30": 0, "2010-06-30": 0, "2010-03-31": "", "2009-12-31": 0, "2009-09-30": 0, "2009-06-30": 0, "2009-03-31": "", "2008-12-31": 0, "2008-09-30": 0, "2008-06-30": 0, "2008-03-31": "", "2007-12-31": 0, "2007-09-30": 0, "2007-06-30": 0, "2007-03-31": "", "2006-12-31": 0, "2006-09-30": 0, "2006-06-30": 0, "2006-03-31": "", "2005-12-31": 0, "2005-09-30": 0, "2005-06-30": 0, "2005-03-31": ""}, "Change In Accounts Payable": {"2020-09-30": 0, "2020-06-30": 0, "2020-03-31": "", "2019-12-31": 0, "2019-09-30": 0, "2019-06-30": 0, "2019-03-31": "", "2018-12-31": 0, "2018-09-30": 0, "2018-06-30": 0, "2018-03-31": "", "2017-12-31": 0, "2017-09-30": 0, "2017-06-30": 0, "2017-03-31": "", "2016-12-31": 0, "2016-09-30": 0, "2016-06-30": 0, "2016-03-31": "", "2015-12-31": 0, "2015-09-30": 0, "2015-06-30": 0, "2015-03-31": "", "2014-12-31": 0, "2014-09-30": 0, "2014-06-30": 0, "2014-03-31": "", "2013-12-31": 0, "2013-09-30": 0, "2013-06-30": 0, "2013-03-31": "", "2012-12-31": 0, "2012-09-30": 0, "2012-06-30": 0, "2012-03-31": "", "2011-12-31": 0, "2011-09-30": 0, "2011-06-30": 0, "2011-03-31": "", "2010-12-31": 0, "2010-09-30": 0, "2010-06-30": 0, "2010-03-31": "", "2009-12-31": 0, "2009-09-30": 0, "2009-06-30": 0, "2009-03-31": "", "2008-12-31": 0, "2008-09-30": 0, "2008-06-30": 0, "2008-03-31": "", "2007-12-31": 0, "2007-09-30": 0, "2007-06-30": 0, "2007-03-31": "", "2006-12-31": 0, "2006-09-30": 0, "2006-06-30": 0, "2006-03-31": "", "2005-12-31": 0, "2005-09-30": 0, "2005-06-30": 0, "2005-03-31": ""}, "Change In Assets/Liabilities": {"2020-09-30": 8.137, "2020-06-30": -4.495, "2020-03-31": "-21.49200", "2019-12-31": 0.733, "2019-09-30": -6.76, "2019-06-30": 8.767, "2019-03-31": "-51.52000", "2018-12-31": -4.877, "2018-09-30": 14.166, "2018-06-30": 14.195, "2018-03-31": "-28.58300", "2017-12-31": 15.827, "2017-09-30": 10.467, "2017-06-30": 18.681, "2017-03-31": "-2.10000", "2016-12-31": -16.546, "2016-09-30": 11.614, "2016-06-30": 2.589, "2016-03-31": "1.78700", "2015-12-31": -14.999, "2015-09-30": -10.427, "2015-06-30": 27.597, "2015-03-31": "1.93700", "2014-12-31": -12.532, "2014-09-30": 5.875, "2014-06-30": 10.294, "2014-03-31": "5.86500", "2013-12-31": -22.495, "2013-09-30": 13.301, "2013-06-30": 6.672, "2013-03-31": "-7.13400", "2012-12-31": -28.578, "2012-09-30": 17.616, "2012-06-30": 14.49, "2012-03-31": "7.05300", "2011-12-31": 10.571, "2011-09-30": -18.056, "2011-06-30": 7.816, "2011-03-31": "7.45300", "2010-12-31": -5.927, "2010-09-30": 4.65, "2010-06-30": -0.434, "2010-03-31": "1.73200", "2009-12-31": -12.856, "2009-09-30": 5.031, "2009-06-30": 2.551, "2009-03-31": "4.96000", "2008-12-31": -8.915, "2008-09-30": 8.234, "2008-06-30": 3.598, "2008-03-31": "3.63900", "2007-12-31": -5.119, "2007-09-30": 8.861, "2007-06-30": -7.689, "2007-03-31": "2.46900", "2006-12-31": -9.441, "2006-09-30": 6.161, "2006-06-30": -6.299, "2006-03-31": "7.45000", "2005-12-31": -9.906, "2005-09-30": 1.985, "2005-06-30": 3.836, "2005-03-31": "2.08800"}, "Total Change In Assets/Liabilities": {"2020-09-30": 34.656, "2020-06-30": -6.577, "2020-03-31": "-16.32500", "2019-12-31": -5.498, "2019-09-30": -1.869, "2019-06-30": -1.057, "2019-03-31": "-42.46100", "2018-12-31": -13.422, "2018-09-30": 22.878, "2018-06-30": 5.135, "2018-03-31": "-11.49500", "2017-12-31": 1.629, "2017-09-30": 25.166, "2017-06-30": 2.645, "2017-03-31": "12.95100", "2016-12-31": -31.205, "2016-09-30": 26.311, "2016-06-30": -12.606, "2016-03-31": "18.44100", "2015-12-31": -31.687, "2015-09-30": 1.977, "2015-06-30": 16.871, "2015-03-31": "13.87500", "2014-12-31": -25.041, "2014-09-30": 18.029, "2014-06-30": 8.796, "2014-03-31": "11.92500", "2013-12-31": -28.419, "2013-09-30": 19.37, "2013-06-30": 0.771, "2013-03-31": "-1.29600", "2012-12-31": -34.839, "2012-09-30": 26.319, "2012-06-30": 8.201, "2012-03-31": "4.37600", "2011-12-31": 16.919, "2011-09-30": -22.216, "2011-06-30": 11.846, "2011-03-31": "8.52300", "2010-12-31": -4.292, "2010-09-30": 3.399, "2010-06-30": 3.339, "2010-03-31": "-1.12500", "2009-12-31": -10.057, "2009-09-30": 5.059, "2009-06-30": 5.237, "2009-03-31": "2.01900", "2008-12-31": -5.892, "2008-09-30": 5.637, "2008-06-30": 6.164, "2008-03-31": "0.91900", "2007-12-31": -2.426, "2007-09-30": 6.295, "2007-06-30": -4.898, "2007-03-31": "-1.29400", "2006-12-31": -6.345, "2006-09-30": 2.511, "2006-06-30": -2.88, "2006-03-31": "3.19000", "2005-12-31": -7.178, "2005-09-30": -0.356, "2005-06-30": 5.956, "2005-03-31": "0.15100"}, "Cash Flow From Operating Activities": {"2020-09-30": 48.306, "2020-06-30": 54.361, "2020-03-31": "56.31200", "2019-12-31": 70.175, "2019-09-30": 69.796, "2019-06-30": 84.359, "2019-03-31": "41.51500", "2018-12-31": 106.818, "2018-09-30": 106.898, "2018-06-30": 95.09, "2018-03-31": "84.03400", "2017-12-31": 84.655, "2017-09-30": 123.152, "2017-06-30": 97.422, "2017-03-31": "114.07500", "2016-12-31": 82.085, "2016-09-30": 126.225, "2016-06-30": 93.36, "2016-03-31": "122.81100", "2015-12-31": 84.68, "2015-09-30": 104.306, "2015-06-30": 110.989, "2015-03-31": "105.54600", "2014-12-31": 69.378, "2014-09-30": 102.521, "2014-06-30": 88.885, "2014-03-31": "90.11700", "2013-12-31": 58.523, "2013-09-30": 97.248, "2013-06-30": 77.236, "2013-03-31": "73.69600", "2012-12-31": 44.29, "2012-09-30": 92.483, "2012-06-30": 74.155, "2012-03-31": "72.37400", "2011-12-31": 86.393, "2011-09-30": 36.112, "2011-06-30": 66.957, "2011-03-31": "64.77400", "2010-12-31": 52.388, "2010-09-30": 54.709, "2010-06-30": 54.693, "2010-03-31": "52.00900", "2009-12-31": 48.853, "2009-09-30": 52.619, "2009-06-30": 55.279, "2009-03-31": "52.64100", "2008-12-31": 50.735, "2008-09-30": 50.367, "2008-06-30": 45.605, "2008-03-31": "37.75300", "2007-12-31": 38.264, "2007-09-30": 39.246, "2007-06-30": 27.997, "2007-03-31": "30.39100", "2006-12-31": -39.243, "2006-09-30": 29.352, "2006-06-30": 28.055, "2006-03-31": "25.90900", "2005-12-31": -38.515, "2005-09-30": 25.364, "2005-06-30": 31.552, "2005-03-31": "25.29300"}, "Net Change In Property, Plant, And Equipment": {"2020-09-30": -34.739, "2020-06-30": 18.957, "2020-03-31": "-26.64100", "2019-12-31": 105.979, "2019-09-30": -23.157, "2019-06-30": -58.326, "2019-03-31": "-43.30800", "2018-12-31": -37.852, "2018-09-30": -24.892, "2018-06-30": 81.486, "2018-03-31": "80.34900", "2017-12-31": -97.498, "2017-09-30": -51.724, "2017-06-30": -27.716, "2017-03-31": "-44.49700", "2016-12-31": -61.07, "2016-09-30": -5.271, "2016-06-30": -180.348, "2016-03-31": "-46.18000", "2015-12-31": -16.392, "2015-09-30": -48.684, "2015-06-30": -616.17, "2015-03-31": "-521.13400", "2014-12-31": -63.162, "2014-09-30": -37.263, "2014-06-30": -1098.023, "2014-03-31": "-64.75100", "2013-12-31": 32.572, "2013-09-30": -86.92, "2013-06-30": -22.004, "2013-03-31": "-76.67100", "2012-12-31": -337.255, "2012-09-30": 114.237, "2012-06-30": -141.305, "2012-03-31": "-2.57700", "2011-12-31": -13.982, "2011-09-30": -8.865, "2011-06-30": 131.776, "2011-03-31": "-148.23800", "2010-12-31": -34.438, "2010-09-30": 0, "2010-06-30": 0, "2010-03-31": "", "2009-12-31": -3.171, "2009-09-30": 3.171, "2009-06-30": 0, "2009-03-31": "", "2008-12-31": -862.908, "2008-09-30": 0, "2008-06-30": 0, "2008-03-31": "", "2007-12-31": -110.238, "2007-09-30": 0, "2007-06-30": 0, "2007-03-31": "", "2006-12-31": -133.132, "2006-09-30": 0, "2006-06-30": 0, "2006-03-31": "", "2005-12-31": -97.48, "2005-09-30": 0, "2005-06-30": 0, "2005-03-31": ""}, "Net Change In Intangible Assets": {"2020-09-30": 0, "2020-06-30": 0, "2020-03-31": "", "2019-12-31": 0, "2019-09-30": 0, "2019-06-30": 0, "2019-03-31": "", "2018-12-31": 0, "2018-09-30": 0, "2018-06-30": 0, "2018-03-31": "", "2017-12-31": 0, "2017-09-30": 0, "2017-06-30": 0, "2017-03-31": "", "2016-12-31": 0, "2016-09-30": 0, "2016-06-30": 0, "2016-03-31": "", "2015-12-31": 0, "2015-09-30": 0, "2015-06-30": 0, "2015-03-31": "", "2014-12-31": 0, "2014-09-30": 0, "2014-06-30": 0, "2014-03-31": "", "2013-12-31": 0, "2013-09-30": 0, "2013-06-30": 0, "2013-03-31": "", "2012-12-31": 0, "2012-09-30": 0, "2012-06-30": 0, "2012-03-31": "", "2011-12-31": 0, "2011-09-30": 0, "2011-06-30": 0, "2011-03-31": "", "2010-12-31": 0, "2010-09-30": 0, "2010-06-30": 0, "2010-03-31": "", "2009-12-31": 0, "2009-09-30": 0, "2009-06-30": 0, "2009-03-31": "", "2008-12-31": 0, "2008-09-30": 0, "2008-06-30": 0, "2008-03-31": "", "2007-12-31": 0, "2007-09-30": 0, "2007-06-30": 0, "2007-03-31": "", "2006-12-31": 0, "2006-09-30": 0, "2006-06-30": 0, "2006-03-31": "", "2005-12-31": 0, "2005-09-30": 0, "2005-06-30": 0, "2005-03-31": ""}, "Net Acquisitions/Divestitures": {"2020-09-30": 0, "2020-06-30": 0, "2020-03-31": "", "2019-12-31": 0, "2019-09-30": 0, "2019-06-30": 0, "2019-03-31": "", "2018-12-31": 0, "2018-09-30": 0, "2018-06-30": 0, "2018-03-31": "", "2017-12-31": 0, "2017-09-30": 0, "2017-06-30": 0, "2017-03-31": "", "2016-12-31": 0, "2016-09-30": 0, "2016-06-30": 0, "2016-03-31": "", "2015-12-31": 0, "2015-09-30": 0, "2015-06-30": 0, "2015-03-31": "", "2014-12-31": 0, "2014-09-30": 0, "2014-06-30": 0, "2014-03-31": "", "2013-12-31": 0, "2013-09-30": 0, "2013-06-30": 0, "2013-03-31": "", "2012-12-31": 255.769, "2012-09-30": -255.769, "2012-06-30": 30.273, "2012-03-31": "-30.27300", "2011-12-31": -286.697, "2011-09-30": -203.597, "2011-06-30": -306.819, "2011-03-31": "", "2010-12-31": -363.361, "2010-09-30": -36.847, "2010-06-30": -24.927, "2010-03-31": "-6.36200", "2009-12-31": -123.737, "2009-09-30": -328.609, "2009-06-30": -63.005, "2009-03-31": "-32.25200", "2008-12-31": 688.821, "2008-09-30": -302.465, "2008-06-30": -97.412, "2008-03-31": "-288.94400", "2007-12-31": 32.834, "2007-09-30": -15.667, "2007-06-30": -7.523, "2007-03-31": "-9.64400", "2006-12-31": 78.921, "2006-09-30": -67.845, "2006-06-30": -5.746, "2006-03-31": "-5.33000", "2005-12-31": 35.486, "2005-09-30": -3.782, "2005-06-30": -27.963, "2005-03-31": "-3.74100"}, "Net Change In Short-term Investments": {"2020-09-30": 0, "2020-06-30": 0, "2020-03-31": "", "2019-12-31": 0, "2019-09-30": 0, "2019-06-30": 0, "2019-03-31": "", "2018-12-31": 0, "2018-09-30": 0, "2018-06-30": 0, "2018-03-31": "", "2017-12-31": 0, "2017-09-30": 0, "2017-06-30": 0, "2017-03-31": "", "2016-12-31": 0, "2016-09-30": 0, "2016-06-30": 0, "2016-03-31": "", "2015-12-31": 0, "2015-09-30": 0, "2015-06-30": 0, "2015-03-31": "", "2014-12-31": 0, "2014-09-30": 0, "2014-06-30": 0, "2014-03-31": "", "2013-12-31": 0, "2013-09-30": 0, "2013-06-30": 0, "2013-03-31": "", "2012-12-31": 0, "2012-09-30": 0, "2012-06-30": 0, "2012-03-31": "", "2011-12-31": 0, "2011-09-30": 0, "2011-06-30": 0, "2011-03-31": "", "2010-12-31": 0, "2010-09-30": 0, "2010-06-30": 0, "2010-03-31": "", "2009-12-31": 0, "2009-09-30": 0, "2009-06-30": 0, "2009-03-31": "", "2008-12-31": 0, "2008-09-30": 0, "2008-06-30": 0, "2008-03-31": "", "2007-12-31": 0, "2007-09-30": 0, "2007-06-30": 0, "2007-03-31": "", "2006-12-31": 0, "2006-09-30": 0, "2006-06-30": 0, "2006-03-31": "", "2005-12-31": 0, "2005-09-30": 0, "2005-06-30": 0, "2005-03-31": ""}, "Net Change In Long-Term Investments": {"2020-09-30": 0, "2020-06-30": 0.287, "2020-03-31": "", "2019-12-31": 6.426, "2019-09-30": 0, "2019-06-30": 0, "2019-03-31": "", "2018-12-31": 0, "2018-09-30": 0, "2018-06-30": 0, "2018-03-31": "", "2017-12-31": 0, "2017-09-30": 0, "2017-06-30": 0, "2017-03-31": "", "2016-12-31": 0, "2016-09-30": 0, "2016-06-30": 0, "2016-03-31": "", "2015-12-31": -0.698, "2015-09-30": -0.06, "2015-06-30": -9.957, "2015-03-31": "", "2014-12-31": -18.575, "2014-09-30": 18.575, "2014-06-30": -0.825, "2014-03-31": "", "2013-12-31": -2.55, "2013-09-30": 2.55, "2013-06-30": 0, "2013-03-31": "", "2012-12-31": 0, "2012-09-30": 1.041, "2012-06-30": 0, "2012-03-31": "", "2011-12-31": 0, "2011-09-30": 0, "2011-06-30": 33.663, "2011-03-31": "", "2010-12-31": -0.001, "2010-09-30": 1.419, "2010-06-30": -0.024, "2010-03-31": "-0.02000", "2009-12-31": -4.086, "2009-09-30": -3.126, "2009-06-30": -1.984, "2009-03-31": "", "2008-12-31": 0, "2008-09-30": 21.336, "2008-06-30": 0, "2008-03-31": "", "2007-12-31": 0, "2007-09-30": 0, "2007-06-30": 0, "2007-03-31": "", "2006-12-31": 6.879, "2006-09-30": 0, "2006-06-30": 0, "2006-03-31": "", "2005-12-31": 7.937, "2005-09-30": 0, "2005-06-30": 4.6, "2005-03-31": ""}, "Net Change In Investments - Total": {"2020-09-30": 0, "2020-06-30": 0.287, "2020-03-31": "", "2019-12-31": 6.426, "2019-09-30": 0, "2019-06-30": 0, "2019-03-31": "", "2018-12-31": 0, "2018-09-30": 0, "2018-06-30": 0, "2018-03-31": "", "2017-12-31": 0, "2017-09-30": 0, "2017-06-30": 0, "2017-03-31": "", "2016-12-31": 0, "2016-09-30": 0, "2016-06-30": 0, "2016-03-31": "", "2015-12-31": -0.698, "2015-09-30": -0.06, "2015-06-30": -9.957, "2015-03-31": "", "2014-12-31": -18.575, "2014-09-30": 18.575, "2014-06-30": -0.825, "2014-03-31": "", "2013-12-31": -2.55, "2013-09-30": 2.55, "2013-06-30": 0, "2013-03-31": "", "2012-12-31": 0, "2012-09-30": 1.041, "2012-06-30": 0, "2012-03-31": "", "2011-12-31": 0, "2011-09-30": 0, "2011-06-30": 33.663, "2011-03-31": "", "2010-12-31": -0.001, "2010-09-30": 1.419, "2010-06-30": -0.024, "2010-03-31": "-0.02000", "2009-12-31": -4.086, "2009-09-30": -3.126, "2009-06-30": -1.984, "2009-03-31": "", "2008-12-31": 0, "2008-09-30": 21.336, "2008-06-30": 0, "2008-03-31": "", "2007-12-31": 0, "2007-09-30": 0, "2007-06-30": 0, "2007-03-31": "", "2006-12-31": 6.879, "2006-09-30": 0, "2006-06-30": 0, "2006-03-31": "", "2005-12-31": 7.937, "2005-09-30": 0, "2005-06-30": 4.6, "2005-03-31": ""}, "Investing Activities - Other": {"2020-09-30": 0, "2020-06-30": 0, "2020-03-31": "", "2019-12-31": 0, "2019-09-30": 98.557, "2019-06-30": 0, "2019-03-31": "", "2018-12-31": 0, "2018-09-30": 0, "2018-06-30": 0, "2018-03-31": "", "2017-12-31": 0, "2017-09-30": 0, "2017-06-30": 0, "2017-03-31": "", "2016-12-31": 0, "2016-09-30": 0, "2016-06-30": 0, "2016-03-31": "", "2015-12-31": 0, "2015-09-30": 0, "2015-06-30": 0, "2015-03-31": "", "2014-12-31": 0, "2014-09-30": 0, "2014-06-30": 0, "2014-03-31": "", "2013-12-31": 0, "2013-09-30": 0, "2013-06-30": 0, "2013-03-31": "", "2012-12-31": 0, "2012-09-30": 0, "2012-06-30": 38, "2012-03-31": "", "2011-12-31": 10, "2011-09-30": -39, "2011-06-30": -9, "2011-03-31": "", "2010-12-31": 0, "2010-09-30": 0, "2010-06-30": 0, "2010-03-31": "", "2009-12-31": 8.96, "2009-09-30": -8.96, "2009-06-30": 0, "2009-03-31": "", "2008-12-31": 0, "2008-09-30": 0, "2008-06-30": 0, "2008-03-31": "", "2007-12-31": 0, "2007-09-30": 0, "2007-06-30": 0, "2007-03-31": "", "2006-12-31": 0, "2006-09-30": 0, "2006-06-30": 0, "2006-03-31": "", "2005-12-31": 0, "2005-09-30": 24, "2005-06-30": -24, "2005-03-31": ""}, "Cash Flow From Investing Activities": {"2020-09-30": -34.739, "2020-06-30": 19.244, "2020-03-31": "-26.64100", "2019-12-31": 112.405, "2019-09-30": 75.4, "2019-06-30": -58.326, "2019-03-31": "-43.30800", "2018-12-31": -37.852, "2018-09-30": -24.892, "2018-06-30": 81.486, "2018-03-31": "80.34900", "2017-12-31": -97.498, "2017-09-30": -51.724, "2017-06-30": -27.716, "2017-03-31": "-44.49700", "2016-12-31": -61.07, "2016-09-30": -5.271, "2016-06-30": -180.348, "2016-03-31": "-46.18000", "2015-12-31": -17.09, "2015-09-30": -48.744, "2015-06-30": -626.127, "2015-03-31": "-521.13400", "2014-12-31": -81.737, "2014-09-30": -18.688, "2014-06-30": -1098.848, "2014-03-31": "-64.75100", "2013-12-31": 30.022, "2013-09-30": -84.37, "2013-06-30": -22.004, "2013-03-31": "-76.67100", "2012-12-31": -81.486, "2012-09-30": -140.491, "2012-06-30": -73.032, "2012-03-31": "-32.85000", "2011-12-31": -290.679, "2011-09-30": -251.462, "2011-06-30": -150.38, "2011-03-31": "-148.23800", "2010-12-31": -397.8, "2010-09-30": -35.428, "2010-06-30": -24.951, "2010-03-31": "-6.38200", "2009-12-31": -122.034, "2009-09-30": -337.524, "2009-06-30": -64.989, "2009-03-31": "-32.25200", "2008-12-31": -174.087, "2008-09-30": -281.129, "2008-06-30": -97.412, "2008-03-31": "-288.94400", "2007-12-31": -77.404, "2007-09-30": -15.667, "2007-06-30": -7.523, "2007-03-31": "-9.64400", "2006-12-31": -54.211, "2006-09-30": -67.845, "2006-06-30": -5.746, "2006-03-31": "-5.33000", "2005-12-31": -66.594, "2005-09-30": 20.218, "2005-06-30": -47.363, "2005-03-31": "-3.74100"}, "Net Long-Term Debt": {"2020-09-30": -0.734, "2020-06-30": 533.011, "2020-03-31": "-2.46600", "2019-12-31": -100.907, "2019-09-30": -0.886, "2019-06-30": -443.243, "2019-03-31": "-1.30900", "2018-12-31": -1.078, "2018-09-30": -98.206, "2018-06-30": -1.666, "2018-03-31": "485.39400", "2017-12-31": -10, "2017-09-30": -1.488, "2017-06-30": -299.547, "2017-03-31": "-2.92900", "2016-12-31": -51.216, "2016-09-30": 524.586, "2016-06-30": -21.831, "2016-03-31": "240.04300", "2015-12-31": -305.792, "2015-09-30": 196.344, "2015-06-30": -33.991, "2015-03-31": "-32.44000", "2014-12-31": -41.127, "2014-09-30": -3.103, "2014-06-30": 959.959, "2014-03-31": "-3.24600", "2013-12-31": -3.11, "2013-09-30": -16.599, "2013-06-30": -13.463, "2013-03-31": "-3.19900", "2012-12-31": -7.128, "2012-09-30": 145.489, "2012-06-30": -38.982, "2012-03-31": "-240.90700", "2011-12-31": 291.959, "2011-09-30": -2.472, "2011-06-30": -2.188, "2011-03-31": "244.97400", "2010-12-31": -2.213, "2010-09-30": -2.061, "2010-06-30": 97.036, "2010-03-31": "-2.19600", "2009-12-31": -2.057, "2009-09-30": 512.185, "2009-06-30": -0.734, "2009-03-31": "-0.75100", "2008-12-31": -0.696, "2008-09-30": -0.685, "2008-06-30": -12.95, "2008-03-31": "-0.51400", "2007-12-31": -0.469, "2007-09-30": -0.416, "2007-06-30": -0.419, "2007-03-31": "-22.18400", "2006-12-31": -0.214, "2006-09-30": -0.327, "2006-06-30": -32.829, "2006-03-31": "-52.99400", "2005-12-31": 3.693, "2005-09-30": -0.459, "2005-06-30": -4.614, "2005-03-31": "-0.47100"}, "Net Current Debt": {"2020-09-30": 0, "2020-06-30": -585, "2020-03-31": "47.50000", "2019-12-31": -51.5, "2019-09-30": -101, "2019-06-30": 465, "2019-03-31": "86.00000", "2018-12-31": -56, "2018-09-30": 131, "2018-06-30": 9, "2018-03-31": "-541.00000", "2017-12-31": 125, "2017-09-30": 37, "2017-06-30": 337, "2017-03-31": "-230.00000", "2016-12-31": 112, "2016-09-30": -534, "2016-06-30": 188, "2016-03-31": "-214.00000", "2015-12-31": 307.2431, "2015-09-30": -147.243, "2015-06-30": 615, "2015-03-31": "-80.00000", "2014-12-31": 80, "2014-09-30": 0, "2014-06-30": -145, "2014-03-31": "45.00000", "2013-12-31": -25, "2013-09-30": 95, "2013-06-30": 30, "2013-03-31": "-190.00000", "2012-12-31": 135, "2012-09-30": -305, "2012-06-30": 95, "2012-03-31": "265.00000", "2011-12-31": -210, "2011-09-30": 26, "2011-06-30": 159, "2011-03-31": "-103.00000", "2010-12-31": 116, "2010-09-30": 12, "2010-06-30": -58, "2010-03-31": "-2.00000", "2009-12-31": 60, "2009-09-30": -235, "2009-06-30": 54, "2009-03-31": "-76.00000", "2008-12-31": 164, "2008-09-30": 93, "2008-06-30": -115, "2008-03-31": "115.00000", "2007-12-31": 0, "2007-09-30": 0, "2007-06-30": 0, "2007-03-31": "-112.00000", "2006-12-31": -90.3, "2006-09-30": 61.3, "2006-06-30": 35, "2006-03-31": "42.00000", "2005-12-31": 5, "2005-09-30": -25, "2005-06-30": 46, "2005-03-31": "1.00000"}, "Debt Issuance/Retirement Net - Total": {"2020-09-30": -0.734, "2020-06-30": -51.989, "2020-03-31": "45.03400", "2019-12-31": -152.407, "2019-09-30": -101.886, "2019-06-30": 21.757, "2019-03-31": "84.69100", "2018-12-31": -57.078, "2018-09-30": 32.794, "2018-06-30": 7.334, "2018-03-31": "-55.60600", "2017-12-31": 115, "2017-09-30": 35.512, "2017-06-30": 37.453, "2017-03-31": "-232.92900", "2016-12-31": 60.784, "2016-09-30": -9.414, "2016-06-30": 166.169, "2016-03-31": "26.04300", "2015-12-31": 1.4511, "2015-09-30": 49.101, "2015-06-30": 581.009, "2015-03-31": "-112.44000", "2014-12-31": 38.873, "2014-09-30": -3.103, "2014-06-30": 814.959, "2014-03-31": "41.75400", "2013-12-31": -28.11, "2013-09-30": 78.401, "2013-06-30": 16.537, "2013-03-31": "-193.19900", "2012-12-31": 127.872, "2012-09-30": -159.511, "2012-06-30": 56.018, "2012-03-31": "24.09300", "2011-12-31": 81.959, "2011-09-30": 23.528, "2011-06-30": 156.812, "2011-03-31": "141.97400", "2010-12-31": 113.787, "2010-09-30": 9.939, "2010-06-30": 39.036, "2010-03-31": "-4.19600", "2009-12-31": 57.943, "2009-09-30": 277.185, "2009-06-30": 53.266, "2009-03-31": "-76.75100", "2008-12-31": 163.304, "2008-09-30": 92.315, "2008-06-30": -127.95, "2008-03-31": "114.48600", "2007-12-31": -0.469, "2007-09-30": -0.416, "2007-06-30": -0.419, "2007-03-31": "-134.18400", "2006-12-31": -4.15, "2006-09-30": 60.973, "2006-06-30": 2.171, "2006-03-31": "-10.99400", "2005-12-31": 10.544, "2005-09-30": -25.459, "2005-06-30": 41.386, "2005-03-31": "0.52900"}, "Net Common Equity Issued/Repurchased": {"2020-09-30": -0.142, "2020-06-30": -0.008, "2020-03-31": "-0.02100", "2019-12-31": -0.007, "2019-09-30": -0.259, "2019-06-30": -0.033, "2019-03-31": "", "2018-12-31": -0.004, "2018-09-30": -0.317, "2018-06-30": 0, "2018-03-31": "-0.09000", "2017-12-31": 0, "2017-09-30": -0.33, "2017-06-30": -0.011, "2017-03-31": "", "2016-12-31": -0.036, "2016-09-30": -0.416, "2016-06-30": 0, "2016-03-31": "", "2015-12-31": 0, "2015-09-30": -0.218, "2015-06-30": -0.248, "2015-03-31": "659.75000", "2014-12-31": -0.155, "2014-09-30": 0.098, "2014-06-30": 322.864, "2014-03-31": "", "2013-12-31": 0, "2013-09-30": 0, "2013-06-30": -0.046, "2013-03-31": "261.85900", "2012-12-31": 0, "2012-09-30": 287.052, "2012-06-30": 0, "2012-03-31": "", "2011-12-31": 184.734, "2011-09-30": 247.602, "2011-06-30": 0, "2011-03-31": "-0.10300", "2010-12-31": 281.986, "2010-09-30": 0, "2010-06-30": 0, "2010-03-31": "", "2009-12-31": -0.001, "2009-09-30": 127.257, "2009-06-30": -0.05, "2009-03-31": "96.76700", "2008-12-31": 0, "2008-09-30": -0.231, "2008-06-30": 393.72, "2008-03-31": "129.41800", "2007-12-31": 108.777, "2007-09-30": 0, "2007-06-30": -0.05, "2007-03-31": "151.72000", "2006-12-31": 120.781, "2006-09-30": 0, "2006-06-30": 0, "2006-03-31": "", "2005-12-31": 58.17, "2005-09-30": 0, "2005-06-30": 0, "2005-03-31": ""}, "Net Total Equity Issued/Repurchased": {"2020-09-30": -0.142, "2020-06-30": -0.008, "2020-03-31": "-0.02100", "2019-12-31": -0.007, "2019-09-30": -0.259, "2019-06-30": -0.033, "2019-03-31": "", "2018-12-31": -0.004, "2018-09-30": -0.317, "2018-06-30": 0, "2018-03-31": "-0.09000", "2017-12-31": 0, "2017-09-30": -0.33, "2017-06-30": -0.011, "2017-03-31": "", "2016-12-31": -0.036, "2016-09-30": -0.416, "2016-06-30": 0, "2016-03-31": "", "2015-12-31": 0, "2015-09-30": -0.218, "2015-06-30": -0.248, "2015-03-31": "659.75000", "2014-12-31": -0.155, "2014-09-30": 0.098, "2014-06-30": 322.864, "2014-03-31": "", "2013-12-31": 0, "2013-09-30": 0, "2013-06-30": -0.046, "2013-03-31": "261.85900", "2012-12-31": 0, "2012-09-30": 287.052, "2012-06-30": 0, "2012-03-31": "", "2011-12-31": 184.734, "2011-09-30": 247.602, "2011-06-30": 0, "2011-03-31": "-0.10300", "2010-12-31": 281.986, "2010-09-30": 0, "2010-06-30": 0, "2010-03-31": "", "2009-12-31": -0.001, "2009-09-30": 127.257, "2009-06-30": -0.05, "2009-03-31": "96.76700", "2008-12-31": 0, "2008-09-30": -0.231, "2008-06-30": 393.72, "2008-03-31": "129.41800", "2007-12-31": 108.777, "2007-09-30": 0, "2007-06-30": -0.05, "2007-03-31": "151.72000", "2006-12-31": 120.781, "2006-09-30": 0, "2006-06-30": 0, "2006-03-31": "", "2005-12-31": 58.17, "2005-09-30": 0, "2005-06-30": 0, "2005-03-31": ""}, "Total Common And Preferred Stock Dividends Paid": {"2020-09-30": -2.38, "2020-06-30": -2.379, "2020-03-31": "-35.68400", "2019-12-31": -35.685, "2019-09-30": -35.661, "2019-06-30": -35.659, "2019-03-31": "-92.71400", "2018-12-31": -92.715, "2018-09-30": -92.681, "2018-06-30": -92.676, "2018-03-31": "-92.67400", "2017-12-31": -84.089, "2017-09-30": -101.235, "2017-06-30": -92.642, "2017-03-31": "-92.64200", "2016-12-31": -92.643, "2016-09-30": -92.618, "2016-06-30": -92.614, "2016-03-31": "-92.61400", "2015-12-31": -92.62, "2015-09-30": -92.585, "2015-06-30": -91.655, "2015-03-31": "-79.53000", "2014-12-31": -79.515, "2014-09-30": -79.469, "2014-06-30": -73.397, "2014-03-31": "-73.38600", "2013-12-31": -73.386, "2013-09-30": -73.353, "2013-06-30": -73.349, "2013-03-31": "-68.85700", "2012-12-31": -68.857, "2012-09-30": -67.061, "2012-06-30": -61.813, "2012-03-31": "-61.80600", "2011-12-31": -61.805, "2011-09-30": -56.748, "2011-06-30": -52.49, "2011-03-31": "-52.48600", "2010-12-31": -47.168, "2010-09-30": -45.868, "2010-06-30": -45.865, "2010-03-31": "-45.85600", "2009-12-31": -45.856, "2009-09-30": -43.367, "2009-06-30": -42.159, "2009-03-31": "-40.09000", "2008-12-31": -40.086, "2008-09-30": -40.071, "2008-06-30": -33.215, "2008-03-31": "-31.04200", "2007-12-31": -29.292, "2007-09-30": -28.442, "2007-06-30": -28.439, "2007-03-31": "-26.38900", "2006-12-31": -23.714, "2006-09-30": -23.7, "2006-06-30": -22.98, "2006-03-31": "-22.98000", "2005-12-31": -21.94, "2005-09-30": -21.932, "2005-06-30": -21.931, "2005-03-31": "-21.91900"}, "Financial Activities - Other": {"2020-09-30": -5.704, "2020-06-30": -10.697, "2020-03-31": "-5.98800", "2019-12-31": -5.706, "2019-09-30": -5.107, "2019-06-30": -5.684, "2019-03-31": "-5.50300", "2018-12-31": -5.09, "2018-09-30": -5.171, "2018-06-30": -5.114, "2018-03-31": "-10.09300", "2017-12-31": -13.705, "2017-09-30": -3.353, "2017-06-30": -8.968, "2017-03-31": "255.81300", "2016-12-31": -0.47, "2016-09-30": -3.366, "2016-06-30": -0.133, "2016-03-31": "-8.51700", "2015-12-31": -0.173, "2015-09-30": -2.683, "2015-06-30": 0.469, "2015-03-31": "-1.99200", "2014-12-31": 0, "2014-09-30": -0.001, "2014-06-30": -8.038, "2014-03-31": "", "2013-12-31": -0.074, "2013-09-30": -3.004, "2013-06-30": -0.027, "2013-03-31": "-0.22100", "2012-12-31": -0.422, "2012-09-30": -11.892, "2012-06-30": -0.225, "2012-03-31": "-0.06900", "2011-12-31": -3.887, "2011-09-30": -0.269, "2011-06-30": -7.627, "2011-03-31": "-1.97700", "2010-12-31": -0.84, "2010-09-30": -0.069, "2010-06-30": -3.169, "2010-03-31": "-0.58300", "2009-12-31": -0.898, "2009-09-30": -9.056, "2009-06-30": -1.54, "2009-03-31": "-0.73900", "2008-12-31": -1.067, "2008-09-30": 0, "2008-06-30": 0, "2008-03-31": "", "2007-12-31": 0, "2007-09-30": 0, "2007-06-30": 0, "2007-03-31": "", "2006-12-31": -1.222, "2006-09-30": 0, "2006-06-30": 0, "2006-03-31": "", "2005-12-31": -0.093, "2005-09-30": -3.542, "2005-06-30": 0, "2005-03-31": "-0.00800"}, "Cash Flow From Financial Activities": {"2020-09-30": -8.96, "2020-06-30": -65.073, "2020-03-31": "3.34100", "2019-12-31": -193.805, "2019-09-30": -142.913, "2019-06-30": -19.619, "2019-03-31": "-13.52600", "2018-12-31": -154.887, "2018-09-30": -65.375, "2018-06-30": -90.456, "2018-03-31": "-158.46300", "2017-12-31": 17.206, "2017-09-30": -69.406, "2017-06-30": -64.168, "2017-03-31": "-69.75800", "2016-12-31": -32.365, "2016-09-30": -105.814, "2016-06-30": 73.422, "2016-03-31": "-75.08800", "2015-12-31": -91.342, "2015-09-30": -46.385, "2015-06-30": 489.575, "2015-03-31": "465.78800", "2014-12-31": -40.797, "2014-09-30": -82.475, "2014-06-30": 1056.388, "2014-03-31": "-31.63200", "2013-12-31": -101.57, "2013-09-30": 2.044, "2013-06-30": -56.885, "2013-03-31": "-0.41800", "2012-12-31": 58.593, "2012-09-30": 48.588, "2012-06-30": -6.02, "2012-03-31": "-37.78200", "2011-12-31": 201.001, "2011-09-30": 214.113, "2011-06-30": 96.695, "2011-03-31": "87.40800", "2010-12-31": 347.765, "2010-09-30": -35.998, "2010-06-30": -9.998, "2010-03-31": "-50.63500", "2009-12-31": 11.188, "2009-09-30": 352.019, "2009-06-30": 9.517, "2009-03-31": "-20.81300", "2008-12-31": 122.151, "2008-09-30": 52.013, "2008-06-30": 232.555, "2008-03-31": "212.86200", "2007-12-31": 79.016, "2007-09-30": -28.858, "2007-06-30": -28.908, "2007-03-31": "-8.85300", "2006-12-31": -27.864, "2006-09-30": 37.273, "2006-06-30": -20.809, "2006-03-31": "-33.97400", "2005-12-31": -7.846, "2005-09-30": -50.933, "2005-06-30": 19.455, "2005-03-31": "-21.39800"}, "Net Cash Flow": {"2020-09-30": 4.607, "2020-06-30": 8.532, "2020-03-31": "33.01200", "2019-12-31": -11.225, "2019-09-30": 2.283, "2019-06-30": 6.414, "2019-03-31": "-15.31900", "2018-12-31": -85.921, "2018-09-30": 16.631, "2018-06-30": 86.12, "2018-03-31": "5.92000", "2017-12-31": 4.363, "2017-09-30": 2.022, "2017-06-30": 5.538, "2017-03-31": "-0.18000", "2016-12-31": -11.35, "2016-09-30": 15.14, "2016-06-30": -13.566, "2016-03-31": "1.54300", "2015-12-31": -23.752, "2015-09-30": 9.177, "2015-06-30": -25.563, "2015-03-31": "50.20000", "2014-12-31": -53.156, "2014-09-30": 1.358, "2014-06-30": 46.425, "2014-03-31": "-6.26600", "2013-12-31": -13.025, "2013-09-30": 14.922, "2013-06-30": -1.653, "2013-03-31": "-3.39300", "2012-12-31": 21.397, "2012-09-30": 0.58, "2012-06-30": -4.897, "2012-03-31": "1.74200", "2011-12-31": -3.285, "2011-09-30": -1.237, "2011-06-30": 13.272, "2011-03-31": "3.94400", "2010-12-31": 2.353, "2010-09-30": -16.717, "2010-06-30": 19.744, "2010-03-31": "-5.00800", "2009-12-31": -61.993, "2009-09-30": 67.114, "2009-06-30": -0.193, "2009-03-31": "-0.42400", "2008-12-31": -1.201, "2008-09-30": -178.749, "2008-06-30": 180.748, "2008-03-31": "-38.32900", "2007-12-31": 39.876, "2007-09-30": -5.279, "2007-06-30": -8.434, "2007-03-31": "11.89400", "2006-12-31": -121.318, "2006-09-30": -1.22, "2006-06-30": 1.5, "2006-03-31": "-13.39500", "2005-12-31": -112.955, "2005-09-30": -5.351, "2005-06-30": 3.643, "2005-03-31": "0.15500"}, "Stock-Based Compensation": {"2020-09-30": 0, "2020-06-30": 0, "2020-03-31": "", "2019-12-31": 0, "2019-09-30": 0, "2019-06-30": 0, "2019-03-31": "", "2018-12-31": 0, "2018-09-30": 0, "2018-06-30": 0, "2018-03-31": "", "2017-12-31": 0, "2017-09-30": 0, "2017-06-30": 0, "2017-03-31": "", "2016-12-31": 0, "2016-09-30": 0, "2016-06-30": 0, "2016-03-31": "", "2015-12-31": 0, "2015-09-30": 0, "2015-06-30": 0, "2015-03-31": "", "2014-12-31": 0, "2014-09-30": 0, "2014-06-30": 0, "2014-03-31": "", "2013-12-31": 0, "2013-09-30": 0, "2013-06-30": 0, "2013-03-31": "", "2012-12-31": 0, "2012-09-30": 0, "2012-06-30": 0, "2012-03-31": "", "2011-12-31": 0, "2011-09-30": 0, "2011-06-30": 0, "2011-03-31": "", "2010-12-31": 0, "2010-09-30": 0, "2010-06-30": 0, "2010-03-31": "", "2009-12-31": 0, "2009-09-30": 0, "2009-06-30": 0, "2009-03-31": "", "2008-12-31": 0, "2008-09-30": 0, "2008-06-30": 0, "2008-03-31": "", "2007-12-31": 0, "2007-09-30": 0, "2007-06-30": 0, "2007-03-31": "", "2006-12-31": 0, "2006-09-30": 0, "2006-06-30": 0, "2006-03-31": "", "2005-12-31": 0, "2005-09-30": 0, "2005-06-30": 0, "2005-03-31": ""}, "Common Stock Dividends Paid": {"2020-09-30": -2.38, "2020-06-30": -2.379, "2020-03-31": "-35.68400", "2019-12-31": -35.685, "2019-09-30": -35.661, "2019-06-30": -35.659, "2019-03-31": "-92.71400", "2018-12-31": -92.715, "2018-09-30": -92.681, "2018-06-30": -92.676, "2018-03-31": "-92.67400", "2017-12-31": -84.089, "2017-09-30": -101.235, "2017-06-30": -92.642, "2017-03-31": "-92.64200", "2016-12-31": -92.643, "2016-09-30": -92.618, "2016-06-30": -92.614, "2016-03-31": "-92.61400", "2015-12-31": -92.62, "2015-09-30": -92.585, "2015-06-30": -91.655, "2015-03-31": "-79.53000", "2014-12-31": -79.515, "2014-09-30": -79.469, "2014-06-30": -73.397, "2014-03-31": "-73.38600", "2013-12-31": -73.386, "2013-09-30": -73.353, "2013-06-30": -73.349, "2013-03-31": "-68.85700", "2012-12-31": -68.857, "2012-09-30": -67.061, "2012-06-30": -61.813, "2012-03-31": "-61.80600", "2011-12-31": -61.805, "2011-09-30": -56.748, "2011-06-30": -52.49, "2011-03-31": "-52.48600", "2010-12-31": -47.168, "2010-09-30": -45.868, "2010-06-30": -45.865, "2010-03-31": "-45.85600", "2009-12-31": -45.856, "2009-09-30": -43.367, "2009-06-30": -42.159, "2009-03-31": "-40.09000", "2008-12-31": -40.086, "2008-09-30": -40.071, "2008-06-30": -33.215, "2008-03-31": "-31.04200", "2007-12-31": -29.292, "2007-09-30": -28.442, "2007-06-30": -28.439, "2007-03-31": "-26.38900", "2006-12-31": -23.714, "2006-09-30": -23.7, "2006-06-30": -22.98, "2006-03-31": "-22.98000", "2005-12-31": -21.94, "2005-09-30": -21.932, "2005-06-30": -21.931, "2005-03-31": "-21.91900"}}, "financial ratios": {"Current Ratio": {"2019-12-31": "", "2018-12-31": "", "2017-12-31": "", "2016-12-31": "", "2015-12-31": "", "2014-12-31": "", "2013-12-31": "", "2012-12-31": "", "2011-12-31": "", "2010-12-31": "", "2009-12-31": "", "2008-12-31": "", "2007-12-31": "", "2006-12-31": "", "2005-12-31": ""}, "Long-term Debt / Capital": {"2019-12-31": "0.54900", "2018-12-31": "0.53430", "2017-12-31": "0.52860", "2016-12-31": "0.53720", "2015-12-31": "0.50870", "2014-12-31": "0.48680", "2013-12-31": "0.40530", "2012-12-31": "0.43120", "2011-12-31": "0.42500", "2010-12-31": "0.36150", "2009-12-31": "0.35420", "2008-12-31": "0.29670", "2007-12-31": "0.25460", "2006-12-31": "0.34840", "2005-12-31": "0.37600"}, "Debt/Equity Ratio": {"2019-12-31": "1.21710", "2018-12-31": "1.14730", "2017-12-31": "1.12120", "2016-12-31": "1.16100", "2015-12-31": "1.03550", "2014-12-31": "0.94860", "2013-12-31": "0.68160", "2012-12-31": "0.75820", "2011-12-31": "0.73910", "2010-12-31": "0.56620", "2009-12-31": "0.54830", "2008-12-31": "0.42190", "2007-12-31": "0.34160", "2006-12-31": "0.53470", "2005-12-31": "0.60260"}, "Gross Margin": {"2019-12-31": "", "2018-12-31": "", "2017-12-31": "", "2016-12-31": "", "2015-12-31": "", "2014-12-31": "", "2013-12-31": "", "2012-12-31": "", "2011-12-31": "", "2010-12-31": "", "2009-12-31": "", "2008-12-31": "", "2007-12-31": "", "2006-12-31": "", "2005-12-31": ""}, "Operating Margin": {"2019-12-31": "9.29950", "2018-12-31": "20.31240", "2017-12-31": "25.60620", "2016-12-31": "28.64620", "2015-12-31": "31.39190", "2014-12-31": "34.48850", "2013-12-31": "34.73820", "2012-12-31": "40.02520", "2011-12-31": "50.76960", "2010-12-31": "58.29920", "2009-12-31": "60.78130", "2008-12-31": "65.48350", "2007-12-31": "67.27090", "2006-12-31": "67.34370", "2005-12-31": "65.18660"}, "EBIT Margin": {"2019-12-31": "9.29950", "2018-12-31": "20.31240", "2017-12-31": "25.60620", "2016-12-31": "28.64620", "2015-12-31": "31.39190", "2014-12-31": "34.48850", "2013-12-31": "34.73820", "2012-12-31": "40.02520", "2011-12-31": "50.76960", "2010-12-31": "58.29920", "2009-12-31": "60.78130", "2008-12-31": "65.48350", "2007-12-31": "67.27090", "2006-12-31": "67.34370", "2005-12-31": "65.18660"}, "EBITDA Margin": {"2019-12-31": "37.01320", "2018-12-31": "45.97280", "2017-12-31": "51.36100", "2016-12-31": "55.92530", "2015-12-31": "57.39030", "2014-12-31": "56.90430", "2013-12-31": "56.21380", "2012-12-31": "63.39950", "2011-12-31": "77.64020", "2010-12-31": "85.87710", "2009-12-31": "88.40480", "2008-12-31": "92.50120", "2007-12-31": "93.59330", "2006-12-31": "92.88510", "2005-12-31": "93.31750"}, "Pre-Tax Profit Margin": {"2019-12-31": "-7.96440", "2018-12-31": "26.17110", "2017-12-31": "14.11040", "2016-12-31": "13.38180", "2015-12-31": "12.56280", "2014-12-31": "18.54540", "2013-12-31": "19.25370", "2012-12-31": "20.79130", "2011-12-31": "28.70320", "2010-12-31": "34.33710", "2009-12-31": "36.99640", "2008-12-31": "45.78450", "2007-12-31": "45.36860", "2006-12-31": "36.77410", "2005-12-31": "35.53040"}, "Net Profit Margin": {"2019-12-31": "-8.48280", "2018-12-31": "25.67860", "2017-12-31": "13.73460", "2016-12-31": "13.35460", "2015-12-31": "12.41200", "2014-12-31": "18.77610", "2013-12-31": "19.85240", "2012-12-31": "21.40580", "2011-12-31": "34.41100", "2010-12-31": "34.24890", "2009-12-31": "36.89150", "2008-12-31": "45.67170", "2007-12-31": "45.36860", "2006-12-31": "36.76240", "2005-12-31": "39.16490"}, "Asset Turnover": {"2019-12-31": "0.15630", "2018-12-31": "0.15600", "2017-12-31": "0.14730", "2016-12-31": "0.14640", "2015-12-31": "0.13950", "2014-12-31": "0.14160", "2013-12-31": "0.15980", "2012-12-31": "0.13370", "2011-12-31": "0.10040", "2010-12-31": "0.10020", "2009-12-31": "0.09950", "2008-12-31": "0.09340", "2007-12-31": "0.11050", "2006-12-31": "0.11340", "2005-12-31": "0.10870"}, "Inventory Turnover Ratio": {"2019-12-31": "", "2018-12-31": "", "2017-12-31": "", "2016-12-31": "", "2015-12-31": "", "2014-12-31": "", "2013-12-31": "", "2012-12-31": "", "2011-12-31": "", "2010-12-31": "", "2009-12-31": "", "2008-12-31": "", "2007-12-31": "", "2006-12-31": "", "2005-12-31": ""}, "Receiveable Turnover": {"2019-12-31": "", "2018-12-31": "", "2017-12-31": "", "2016-12-31": "", "2015-12-31": "", "2014-12-31": "", "2013-12-31": "", "2012-12-31": "", "2011-12-31": "", "2010-12-31": "", "2009-12-31": "", "2008-12-31": "", "2007-12-31": "", "2006-12-31": "", "2005-12-31": ""}, "Days Sales In Receivables": {"2019-12-31": "", "2018-12-31": "", "2017-12-31": "", "2016-12-31": "", "2015-12-31": "", "2014-12-31": "", "2013-12-31": "", "2012-12-31": "", "2011-12-31": "", "2010-12-31": "", "2009-12-31": "", "2008-12-31": "", "2007-12-31": "", "2006-12-31": "", "2005-12-31": ""}, "ROE - Return On Equity": {"2019-12-31": "-2.88070", "2018-12-31": "9.19580", "2017-12-31": "4.63210", "2016-12-31": "4.41630", "2015-12-31": "3.71810", "2014-12-31": "5.29060", "2013-12-31": "5.26970", "2012-12-31": "4.98470", "2011-12-31": "5.09550", "2010-12-31": "5.47400", "2009-12-31": "5.77250", "2008-12-31": "6.15190", "2007-12-31": "6.82750", "2006-12-31": "6.48590", "2005-12-31": "6.28050"}, "Return On Tangible Equity": {"2019-12-31": "-2.88070", "2018-12-31": "9.19580", "2017-12-31": "4.63210", "2016-12-31": "4.41630", "2015-12-31": "3.71810", "2014-12-31": "5.29060", "2013-12-31": "5.26970", "2012-12-31": "4.98470", "2011-12-31": "5.09550", "2010-12-31": "5.47400", "2009-12-31": "5.77250", "2008-12-31": "6.15190", "2007-12-31": "6.82750", "2006-12-31": "6.48590", "2005-12-31": "6.28050"}, "ROA - Return On Assets": {"2019-12-31": "-1.24560", "2018-12-31": "4.08380", "2017-12-31": "2.08120", "2016-12-31": "1.95490", "2015-12-31": "1.74470", "2014-12-31": "2.61720", "2013-12-31": "3.07130", "2012-12-31": "2.77850", "2011-12-31": "2.87450", "2010-12-31": "3.43340", "2009-12-31": "3.67190", "2008-12-31": "4.26580", "2007-12-31": "5.01220", "2006-12-31": "4.17200", "2005-12-31": "3.86370"}, "ROI - Return On Investment": {"2019-12-31": "-1.29930", "2018-12-31": "4.28240", "2017-12-31": "2.18370", "2016-12-31": "2.04360", "2015-12-31": "1.82660", "2014-12-31": "2.71500", "2013-12-31": "3.13380", "2012-12-31": "2.83520", "2011-12-31": "2.93000", "2010-12-31": "3.49500", "2009-12-31": "3.72820", "2008-12-31": "4.32660", "2007-12-31": "5.08890", "2006-12-31": "4.22630", "2005-12-31": "3.91890"}, "Book Value Per Share": {"2019-12-31": "12.09370", "2018-12-31": "13.37600", "2017-12-31": "13.79110", "2016-12-31": "13.46870", "2015-12-31": "14.14800", "2014-12-31": "14.47900", "2013-12-31": "14.75800", "2012-12-31": "14.99010", "2011-12-31": "15.20240", "2010-12-31": "15.00110", "2009-12-31": "14.92130", "2008-12-31": "15.11540", "2007-12-31": "14.08710", "2006-12-31": "13.13530", "2005-12-31": "12.85560"}, "Operating Cash Flow Per Share": {"2019-12-31": -0.5348, "2018-12-31": -0.1121, "2017-12-31": -0.0224, "2016-12-31": 0.0475, "2015-12-31": -0.0236, "2014-12-31": 0.1278, "2013-12-31": -0.0332, "2012-12-31": -0.03, "2011-12-31": 0.0306, "2010-12-31": -0.0492, "2009-12-31": -0.0359, "2008-12-31": 0.1202, "2007-12-31": 0.0282, "2006-12-31": 0.09, "2005-12-31": 1.5158}, "Free Cash Flow Per Share": {"2019-12-31": -1.0312, "2018-12-31": 1.2376, "2017-12-31": 0.2789, "2016-12-31": 3.9749, "2015-12-31": 1.1664, "2014-12-31": -5.4069, "2013-12-31": 1.3127, "2012-12-31": -1.9296, "2011-12-31": 0.0366, "2010-12-31": -0.318, "2009-12-31": 8.1703, "2008-12-31": -6.7605, "2007-12-31": 0.362, "2006-12-31": -0.1516, "2005-12-31": 0.0981}}, "financial ratios, quarterly": {"Current Ratio": {"2020-09-30": "", "2020-06-30": "", "2020-03-31": "", "2019-12-31": "", "2019-09-30": "", "2019-06-30": "", "2019-03-31": "", "2018-12-31": "", "2018-09-30": "", "2018-06-30": "", "2018-03-31": "", "2017-12-31": "", "2017-09-30": "", "2017-06-30": "", "2017-03-31": "", "2016-12-31": "", "2016-09-30": "", "2016-06-30": "", "2016-03-31": "", "2015-12-31": "", "2015-09-30": "", "2015-06-30": "", "2015-03-31": "", "2014-12-31": "", "2014-09-30": "", "2014-06-30": "", "2014-03-31": "", "2013-12-31": "", "2013-09-30": "", "2013-06-30": "", "2013-03-31": "", "2012-12-31": "", "2012-09-30": "", "2012-06-30": "", "2012-03-31": "", "2011-12-31": "", "2011-09-30": "", "2011-06-30": "", "2011-03-31": "", "2010-12-31": "", "2010-09-30": "", "2010-06-30": "", "2010-03-31": "", "2009-12-31": "", "2009-09-30": "", "2009-06-30": "", "2009-03-31": "", "2008-12-31": "", "2008-09-30": "", "2008-06-30": "", "2008-03-31": "", "2007-12-31": "", "2007-09-30": "", "2007-06-30": "", "2007-03-31": "", "2006-12-31": "", "2006-09-30": "", "2006-06-30": "", "2006-03-31": "", "2005-12-31": "", "2005-09-30": "", "2005-06-30": "", "2005-03-31": ""}, "Long-term Debt / Capital": {"2020-09-30": "0.56970", "2020-06-30": "0.55940", "2020-03-31": "0.56020", "2019-12-31": "0.54900", "2019-09-30": "0.55190", "2019-06-30": "0.55300", "2019-03-31": "0.54530", "2018-12-31": "0.53430", "2018-09-30": "0.52180", "2018-06-30": "0.51590", "2018-03-31": "0.51620", "2017-12-31": "0.52860", "2017-09-30": "0.51980", "2017-06-30": "0.51330", "2017-03-31": "0.50460", "2016-12-31": "0.53720", "2016-09-30": "0.53000", "2016-06-30": "0.52720", "2016-03-31": "0.51280", "2015-12-31": "0.50870", "2015-09-30": "0.49970", "2015-06-30": "0.49100", "2015-03-31": "0.43200", "2014-12-31": "0.48680", "2014-09-30": "0.48070", "2014-06-30": "0.47720", "2014-03-31": "0.41380", "2013-12-31": "0.40530", "2013-09-30": "0.40900", "2013-06-30": "0.39590", "2013-03-31": "0.38780", "2012-12-31": "0.43120", "2012-09-30": "0.41160", "2012-06-30": "0.44850", "2012-03-31": "0.43090", "2011-12-31": "0.42500", "2011-09-30": "0.41000", "2011-06-30": "0.42460", "2011-03-31": "0.38960", "2010-12-31": "0.36150", "2010-09-30": "0.37060", "2010-06-30": "0.36720", "2010-03-31": "0.35510", "2009-12-31": "0.35420", "2009-09-30": "0.33940", "2009-06-30": "0.28090", "2009-03-31": "0.26430", "2008-12-31": "0.29670", "2008-09-30": "0.24550", "2008-06-30": "0.19080", "2008-03-31": "0.28320", "2007-12-31": "0.25460", "2007-09-30": "0.26450", "2007-06-30": "0.26340", "2007-03-31": "0.26190", "2006-12-31": "0.34840", "2006-09-30": "0.41800", "2006-06-30": "0.38380", "2006-03-31": "0.37420", "2005-12-31": "0.37600", "2005-09-30": "0.38860", "2005-06-30": "0.39730", "2005-03-31": "0.37800"}, "Debt/Equity Ratio": {"2020-09-30": "1.32410", "2020-06-30": "1.26940", "2020-03-31": "1.27350", "2019-12-31": "1.21710", "2019-09-30": "1.23190", "2019-06-30": "1.23730", "2019-03-31": "1.19940", "2018-12-31": "1.14730", "2018-09-30": "1.09130", "2018-06-30": "1.06590", "2018-03-31": "1.06690", "2017-12-31": "1.12120", "2017-09-30": "1.08250", "2017-06-30": "1.05450", "2017-03-31": "1.01860", "2016-12-31": "1.16100", "2016-09-30": "1.12770", "2016-06-30": "1.11520", "2016-03-31": "1.05260", "2015-12-31": "1.03550", "2015-09-30": "0.99890", "2015-06-30": "0.96450", "2015-03-31": "0.76060", "2014-12-31": "0.94860", "2014-09-30": "0.92560", "2014-06-30": "0.91290", "2014-03-31": "0.70580", "2013-12-31": "0.68160", "2013-09-30": "0.69190", "2013-06-30": "0.65530", "2013-03-31": "0.63330", "2012-12-31": "0.75820", "2012-09-30": "0.69950", "2012-06-30": "0.81320", "2012-03-31": "0.75710", "2011-12-31": "0.73910", "2011-09-30": "0.69490", "2011-06-30": "0.73810", "2011-03-31": "0.63810", "2010-12-31": "0.56620", "2010-09-30": "0.58890", "2010-06-30": "0.58040", "2010-03-31": "0.55060", "2009-12-31": "0.54830", "2009-09-30": "0.51370", "2009-06-30": "0.39070", "2009-03-31": "0.35930", "2008-12-31": "0.42190", "2008-09-30": "0.32540", "2008-06-30": "0.23580", "2008-03-31": "0.39520", "2007-12-31": "0.34160", "2007-09-30": "0.35960", "2007-06-30": "0.35750", "2007-03-31": "0.35490", "2006-12-31": "0.53470", "2006-09-30": "0.71830", "2006-06-30": "0.62290", "2006-03-31": "0.59800", "2005-12-31": "0.60260", "2005-09-30": "0.63560", "2005-06-30": "0.65920", "2005-03-31": "0.60760"}, "Gross Margin": {"2020-09-30": "", "2020-06-30": "", "2020-03-31": "", "2019-12-31": "", "2019-09-30": "", "2019-06-30": "", "2019-03-31": "", "2018-12-31": "", "2018-09-30": "", "2018-06-30": "", "2018-03-31": "", "2017-12-31": "", "2017-09-30": "", "2017-06-30": "", "2017-03-31": "", "2016-12-31": "", "2016-09-30": "", "2016-06-30": "", "2016-03-31": "", "2015-12-31": "", "2015-09-30": "", "2015-06-30": "", "2015-03-31": "", "2014-12-31": "", "2014-09-30": "", "2014-06-30": "", "2014-03-31": "", "2013-12-31": "", "2013-09-30": "", "2013-06-30": "", "2013-03-31": "", "2012-12-31": "", "2012-09-30": "", "2012-06-30": "", "2012-03-31": "", "2011-12-31": "", "2011-09-30": "", "2011-06-30": "", "2011-03-31": "", "2010-12-31": "", "2010-09-30": "", "2010-06-30": "", "2010-03-31": "", "2009-12-31": "", "2009-09-30": "", "2009-06-30": "", "2009-03-31": "", "2008-12-31": "", "2008-09-30": "", "2008-06-30": "", "2008-03-31": "", "2007-12-31": "", "2007-09-30": "", "2007-06-30": "", "2007-03-31": "", "2006-12-31": "", "2006-09-30": "", "2006-06-30": "", "2006-03-31": "", "2005-12-31": "", "2005-09-30": "", "2005-06-30": "", "2005-03-31": ""}, "Operating Margin": {"2020-09-30": "-15.15580", "2020-06-30": "0.24300", "2020-03-31": "8.29960", "2019-12-31": "-9.51140", "2019-09-30": "4.76140", "2019-06-30": "21.33680", "2019-03-31": "19.90270", "2018-12-31": "11.87210", "2018-09-30": "19.97100", "2018-06-30": "23.50380", "2018-03-31": "26.17940", "2017-12-31": "21.62980", "2017-09-30": "28.29800", "2017-06-30": "24.35540", "2017-03-31": "28.33150", "2016-12-31": "31.48920", "2016-09-30": "26.81350", "2016-06-30": "28.85410", "2016-03-31": "27.29020", "2015-12-31": "31.32860", "2015-09-30": "30.30930", "2015-06-30": "30.31830", "2015-03-31": "33.83720", "2014-12-31": "35.95900", "2014-09-30": "33.98030", "2014-06-30": "32.95950", "2014-03-31": "34.94990", "2013-12-31": "36.76450", "2013-09-30": "35.17420", "2013-06-30": "32.80250", "2013-03-31": "34.06540", "2012-12-31": "37.90700", "2012-09-30": "39.31770", "2012-06-30": "41.59070", "2012-03-31": "41.99130", "2011-12-31": "48.24310", "2011-09-30": "47.94280", "2011-06-30": "52.70560", "2011-03-31": "55.28960", "2010-12-31": "54.67740", "2010-09-30": "59.31990", "2010-06-30": "60.00000", "2010-03-31": "59.97360", "2009-12-31": "62.64590", "2009-09-30": "59.01960", "2009-06-30": "59.37690", "2009-03-31": "61.67280", "2008-12-31": "66.52550", "2008-09-30": "64.49650", "2008-06-30": "64.48770", "2008-03-31": "66.26040", "2007-12-31": "70.45060", "2007-09-30": "65.97380", "2007-06-30": "66.29820", "2007-03-31": "65.78700", "2006-12-31": "72.35670", "2006-09-30": "64.39730", "2006-06-30": "65.34310", "2006-03-31": "65.67560", "2005-12-31": "66.85180", "2005-09-30": "64.70530", "2005-06-30": "65.03980", "2005-03-31": "63.95600"}, "EBIT Margin": {"2020-09-30": "-15.15580", "2020-06-30": "0.24300", "2020-03-31": "8.29960", "2019-12-31": "-9.51140", "2019-09-30": "4.76140", "2019-06-30": "21.33680", "2019-03-31": "19.90270", "2018-12-31": "11.87210", "2018-09-30": "19.97100", "2018-06-30": "23.50380", "2018-03-31": "26.17940", "2017-12-31": "21.62980", "2017-09-30": "28.29800", "2017-06-30": "24.35540", "2017-03-31": "28.33150", "2016-12-31": "31.48920", "2016-09-30": "26.81350", "2016-06-30": "28.85410", "2016-03-31": "27.29020", "2015-12-31": "31.32860", "2015-09-30": "30.30930", "2015-06-30": "30.31830", "2015-03-31": "33.83720", "2014-12-31": "35.95900", "2014-09-30": "33.98030", "2014-06-30": "32.95950", "2014-03-31": "34.94990", "2013-12-31": "36.76450", "2013-09-30": "35.17420", "2013-06-30": "32.80250", "2013-03-31": "34.06540", "2012-12-31": "37.90700", "2012-09-30": "39.31770", "2012-06-30": "41.59070", "2012-03-31": "41.99130", "2011-12-31": "48.24310", "2011-09-30": "47.94280", "2011-06-30": "52.70560", "2011-03-31": "55.28960", "2010-12-31": "54.67740", "2010-09-30": "59.31990", "2010-06-30": "60.00000", "2010-03-31": "59.97360", "2009-12-31": "62.64590", "2009-09-30": "59.01960", "2009-06-30": "59.37690", "2009-03-31": "61.67280", "2008-12-31": "66.52550", "2008-09-30": "64.49650", "2008-06-30": "64.48770", "2008-03-31": "66.26040", "2007-12-31": "70.45060", "2007-09-30": "65.97380", "2007-06-30": "66.29820", "2007-03-31": "65.78700", "2006-12-31": "72.35670", "2006-09-30": "64.39730", "2006-06-30": "65.34310", "2006-03-31": "65.67560", "2005-12-31": "66.85180", "2005-09-30": "64.70530", "2005-06-30": "65.03980", "2005-03-31": "63.95600"}, "EBITDA Margin": {"2020-09-30": "", "2020-06-30": "", "2020-03-31": "", "2019-12-31": "", "2019-09-30": "", "2019-06-30": "", "2019-03-31": "", "2018-12-31": "", "2018-09-30": "", "2018-06-30": "", "2018-03-31": "", "2017-12-31": "", "2017-09-30": "", "2017-06-30": "", "2017-03-31": "", "2016-12-31": "", "2016-09-30": "", "2016-06-30": "", "2016-03-31": "", "2015-12-31": "", "2015-09-30": "", "2015-06-30": "", "2015-03-31": "", "2014-12-31": "", "2014-09-30": "", "2014-06-30": "", "2014-03-31": "", "2013-12-31": "", "2013-09-30": "", "2013-06-30": "", "2013-03-31": "", "2012-12-31": "", "2012-09-30": "", "2012-06-30": "", "2012-03-31": "", "2011-12-31": "", "2011-09-30": "", "2011-06-30": "", "2011-03-31": "", "2010-12-31": "", "2010-09-30": "", "2010-06-30": "", "2010-03-31": "", "2009-12-31": "", "2009-09-30": "", "2009-06-30": "", "2009-03-31": "", "2008-12-31": "", "2008-09-30": "", "2008-06-30": "", "2008-03-31": "", "2007-12-31": "", "2007-09-30": "", "2007-06-30": "", "2007-03-31": "", "2006-12-31": "", "2006-09-30": "", "2006-06-30": "", "2006-03-31": "", "2005-12-31": "", "2005-09-30": "", "2005-06-30": "", "2005-03-31": ""}, "Pre-Tax Profit Margin": {"2020-09-30": "-26.73410", "2020-06-30": "-5.75560", "2020-03-31": "2.41830", "2019-12-31": "-19.49700", "2019-09-30": "-11.01330", "2019-06-30": "-13.73310", "2019-03-31": "11.72950", "2018-12-31": "-40.94450", "2018-09-30": "16.65060", "2018-06-30": "45.12450", "2018-03-31": "86.16640", "2017-12-31": "23.84570", "2017-09-30": "13.45130", "2017-06-30": "6.46270", "2017-03-31": "12.18810", "2016-12-31": "17.14240", "2016-09-30": "10.61020", "2016-06-30": "13.49180", "2016-03-31": "12.10990", "2015-12-31": "3.65690", "2015-09-30": "15.05010", "2015-06-30": "15.03790", "2015-03-31": "17.52930", "2014-12-31": "20.37000", "2014-09-30": "17.32400", "2014-06-30": "16.53150", "2014-03-31": "19.91310", "2013-12-31": "22.15920", "2013-09-30": "19.12480", "2013-06-30": "17.14140", "2013-03-31": "18.38120", "2012-12-31": "22.41760", "2012-09-30": "15.86720", "2012-06-30": "22.32590", "2012-03-31": "22.44110", "2011-12-31": "10.36120", "2011-09-30": "26.56380", "2011-06-30": "50.54760", "2011-03-31": "32.31390", "2010-12-31": "34.65490", "2010-09-30": "34.76610", "2010-06-30": "30.50210", "2010-03-31": "37.36870", "2009-12-31": "36.76850", "2009-09-30": "21.71090", "2009-06-30": "44.05970", "2009-03-31": "46.21730", "2008-12-31": "46.60030", "2008-09-30": "48.39880", "2008-06-30": "40.60690", "2008-03-31": "47.05270", "2007-12-31": "49.95670", "2007-09-30": "45.57980", "2007-06-30": "45.92550", "2007-03-31": "39.15360", "2006-12-31": "50.06540", "2006-09-30": "36.43450", "2006-06-30": "30.73460", "2006-03-31": "25.40750", "2005-12-31": "35.52630", "2005-09-30": "35.10830", "2005-06-30": "36.14700", "2005-03-31": "35.34560"}, "Net Profit Margin": {"2020-09-30": "-27.10560", "2020-06-30": "-6.35420", "2020-03-31": "2.20020", "2019-12-31": "-20.19110", "2019-09-30": "-11.48820", "2019-06-30": "-14.20940", "2019-03-31": "11.29690", "2018-12-31": "-41.56120", "2018-09-30": "16.41940", "2018-06-30": "44.58370", "2018-03-31": "85.58650", "2017-12-31": "23.34050", "2017-09-30": "12.90490", "2017-06-30": "6.05330", "2017-03-31": "12.15410", "2016-12-31": "15.63520", "2016-09-30": "10.57000", "2016-06-30": "15.01070", "2016-03-31": "12.10330", "2015-12-31": "3.56720", "2015-09-30": "14.98350", "2015-06-30": "14.70760", "2015-03-31": "17.40730", "2014-12-31": "19.70590", "2014-09-30": "17.11230", "2014-06-30": "18.21850", "2014-03-31": "20.14650", "2013-12-31": "36.04230", "2013-09-30": "20.35890", "2013-06-30": "2.99470", "2013-03-31": "18.85150", "2012-12-31": "23.58820", "2012-09-30": "16.42840", "2012-06-30": "23.02810", "2012-03-31": "22.30050", "2011-12-31": "30.48560", "2011-09-30": "26.38170", "2011-06-30": "50.46160", "2011-03-31": "32.24190", "2010-12-31": "34.57630", "2010-09-30": "34.68090", "2010-06-30": "30.40800", "2010-03-31": "37.27170", "2009-12-31": "36.64520", "2009-09-30": "21.61510", "2009-06-30": "43.96460", "2009-03-31": "46.11640", "2008-12-31": "45.85090", "2008-09-30": "48.84450", "2008-06-30": "40.60690", "2008-03-31": "47.05270", "2007-12-31": "49.95670", "2007-09-30": "45.57980", "2007-06-30": "45.92550", "2007-03-31": "39.15360", "2006-12-31": "50.02730", "2006-09-30": "36.43450", "2006-06-30": "30.73460", "2006-03-31": "25.40750", "2005-12-31": "47.34650", "2005-09-30": "35.10830", "2005-06-30": "37.95730", "2005-03-31": "35.34560"}, "Asset Turnover": {"2020-09-30": "0.06030", "2020-06-30": "0.06220", "2020-03-31": "0.06600", "2019-12-31": "0.03850", "2019-09-30": "0.03700", "2019-06-30": "0.03690", "2019-03-31": "0.03730", "2018-12-31": "0.03980", "2018-09-30": "0.03740", "2018-06-30": "0.03730", "2018-03-31": "0.03730", "2017-12-31": "0.03820", "2017-09-30": "0.03710", "2017-06-30": "0.03690", "2017-03-31": "0.03660", "2016-12-31": "0.03800", "2016-09-30": "0.03650", "2016-06-30": "0.03600", "2016-03-31": "0.03610", "2015-12-31": "0.03740", "2015-09-30": "0.03470", "2015-06-30": "0.03370", "2015-03-31": "0.03500", "2014-12-31": "0.03850", "2014-09-30": "0.03620", "2014-06-30": "0.03440", "2014-03-31": "0.04010", "2013-12-31": "0.04200", "2013-09-30": "0.03900", "2013-06-30": "0.03940", "2013-03-31": "0.03880", "2012-12-31": "0.03990", "2012-09-30": "0.03360", "2012-06-30": "0.03230", "2012-03-31": "0.03310", "2011-12-31": "0.02890", "2011-09-30": "0.02840", "2011-06-30": "0.02710", "2011-03-31": "0.02800", "2010-12-31": "0.02890", "2010-09-30": "0.02700", "2010-06-30": "0.02700", "2010-03-31": "0.02710", "2009-12-31": "0.02930", "2009-09-30": "0.02440", "2009-06-30": "0.02710", "2009-03-31": "0.02730", "2008-12-31": "0.02830", "2008-09-30": "0.02540", "2008-06-30": "0.02430", "2008-03-31": "0.02560", "2007-12-31": "0.03120", "2007-09-30": "0.02870", "2007-06-30": "0.02840", "2007-03-31": "0.02810", "2006-12-31": "0.03470", "2006-09-30": "0.02710", "2006-06-30": "0.02770", "2006-03-31": "0.02780", "2005-12-31": "0.02940", "2005-09-30": "0.02790", "2005-06-30": "0.02690", "2005-03-31": "0.02730"}, "Inventory Turnover Ratio": {"2020-09-30": "", "2020-06-30": "", "2020-03-31": "", "2019-12-31": "", "2019-09-30": "", "2019-06-30": "", "2019-03-31": "", "2018-12-31": "", "2018-09-30": "", "2018-06-30": "", "2018-03-31": "", "2017-12-31": "", "2017-09-30": "", "2017-06-30": "", "2017-03-31": "", "2016-12-31": "", "2016-09-30": "", "2016-06-30": "", "2016-03-31": "", "2015-12-31": "", "2015-09-30": "", "2015-06-30": "", "2015-03-31": "", "2014-12-31": "", "2014-09-30": "", "2014-06-30": "", "2014-03-31": "", "2013-12-31": "", "2013-09-30": "", "2013-06-30": "", "2013-03-31": "", "2012-12-31": "", "2012-09-30": "", "2012-06-30": "", "2012-03-31": "", "2011-12-31": "", "2011-09-30": "", "2011-06-30": "", "2011-03-31": "", "2010-12-31": "", "2010-09-30": "", "2010-06-30": "", "2010-03-31": "", "2009-12-31": "", "2009-09-30": "", "2009-06-30": "", "2009-03-31": "", "2008-12-31": "", "2008-09-30": "", "2008-06-30": "", "2008-03-31": "", "2007-12-31": "", "2007-09-30": "", "2007-06-30": "", "2007-03-31": "", "2006-12-31": "", "2006-09-30": "", "2006-06-30": "", "2006-03-31": "", "2005-12-31": "", "2005-09-30": "", "2005-06-30": "", "2005-03-31": ""}, "Receiveable Turnover": {"2020-09-30": "", "2020-06-30": "", "2020-03-31": "", "2019-12-31": "", "2019-09-30": "", "2019-06-30": "", "2019-03-31": "", "2018-12-31": "", "2018-09-30": "", "2018-06-30": "", "2018-03-31": "", "2017-12-31": "", "2017-09-30": "", "2017-06-30": "", "2017-03-31": "", "2016-12-31": "", "2016-09-30": "", "2016-06-30": "", "2016-03-31": "", "2015-12-31": "", "2015-09-30": "", "2015-06-30": "", "2015-03-31": "", "2014-12-31": "", "2014-09-30": "", "2014-06-30": "", "2014-03-31": "", "2013-12-31": "", "2013-09-30": "", "2013-06-30": "", "2013-03-31": "", "2012-12-31": "", "2012-09-30": "", "2012-06-30": "", "2012-03-31": "", "2011-12-31": "", "2011-09-30": "", "2011-06-30": "", "2011-03-31": "", "2010-12-31": "", "2010-09-30": "", "2010-06-30": "", "2010-03-31": "", "2009-12-31": "", "2009-09-30": "", "2009-06-30": "", "2009-03-31": "", "2008-12-31": "", "2008-09-30": "", "2008-06-30": "", "2008-03-31": "", "2007-12-31": "", "2007-09-30": "", "2007-06-30": "", "2007-03-31": "", "2006-12-31": "", "2006-09-30": "", "2006-06-30": "", "2006-03-31": "", "2005-12-31": "", "2005-09-30": "", "2005-06-30": "", "2005-03-31": ""}, "Days Sales In Receivables": {"2020-09-30": "", "2020-06-30": "", "2020-03-31": "", "2019-12-31": "", "2019-09-30": "", "2019-06-30": "", "2019-03-31": "", "2018-12-31": "", "2018-09-30": "", "2018-06-30": "", "2018-03-31": "", "2017-12-31": "", "2017-09-30": "", "2017-06-30": "", "2017-03-31": "", "2016-12-31": "", "2016-09-30": "", "2016-06-30": "", "2016-03-31": "", "2015-12-31": "", "2015-09-30": "", "2015-06-30": "", "2015-03-31": "", "2014-12-31": "", "2014-09-30": "", "2014-06-30": "", "2014-03-31": "", "2013-12-31": "", "2013-09-30": "", "2013-06-30": "", "2013-03-31": "", "2012-12-31": "", "2012-09-30": "", "2012-06-30": "", "2012-03-31": "", "2011-12-31": "", "2011-09-30": "", "2011-06-30": "", "2011-03-31": "", "2010-12-31": "", "2010-09-30": "", "2010-06-30": "", "2010-03-31": "", "2009-12-31": "", "2009-09-30": "", "2009-06-30": "", "2009-03-31": "", "2008-12-31": "", "2008-09-30": "", "2008-06-30": "", "2008-03-31": "", "2007-12-31": "", "2007-09-30": "", "2007-06-30": "", "2007-03-31": "", "2006-12-31": "", "2006-09-30": "", "2006-06-30": "", "2006-03-31": "", "2005-12-31": "", "2005-09-30": "", "2005-06-30": "", "2005-03-31": ""}, "ROE - Return On Equity": {"2020-09-30": "-4.00450", "2020-06-30": "-0.89810", "2020-03-31": "0.39980", "2019-12-31": "-1.75940", "2019-09-30": "-0.94150", "2019-06-30": "-1.17940", "2019-03-31": "1.01190", "2018-12-31": "-3.68510", "2018-09-30": "1.39060", "2018-06-30": "3.62960", "2018-03-31": "6.94960", "2017-12-31": "2.02390", "2017-09-30": "1.08870", "2017-06-30": "0.52090", "2017-03-31": "0.94420", "2016-12-31": "1.46740", "2016-09-30": "0.86150", "2016-06-30": "1.07050", "2016-03-31": "0.94110", "2015-12-31": "0.28400", "2015-09-30": "1.09110", "2015-06-30": "1.04030", "2015-03-31": "1.11980", "2014-12-31": "1.58400", "2014-09-30": "1.25500", "2014-06-30": "1.12670", "2014-03-31": "1.38080", "2013-12-31": "1.59850", "2013-09-30": "1.28770", "2013-06-30": "1.13720", "2013-03-31": "1.18630", "2012-12-31": "1.61160", "2012-09-30": "0.92580", "2012-06-30": "1.33240", "2012-03-31": "1.32270", "2011-12-31": "0.53270", "2011-09-30": "1.29880", "2011-06-30": "2.42740", "2011-03-31": "1.50530", "2010-12-31": "1.59140", "2010-09-30": "1.51550", "2010-06-30": "1.31860", "2010-03-31": "1.59040", "2009-12-31": "1.68920", "2009-09-30": "0.81230", "2009-06-30": "1.68610", "2009-03-31": "1.73320", "2008-12-31": "1.88490", "2008-09-30": "1.65730", "2008-06-30": "1.23660", "2008-03-31": "1.70190", "2007-12-31": "2.12250", "2007-09-30": "1.79940", "2007-06-30": "1.79030", "2007-03-31": "1.50660", "2006-12-31": "2.70320", "2006-09-30": "1.72380", "2006-06-30": "1.40670", "2006-03-31": "1.14670", "2005-12-31": "1.69750", "2005-09-30": "1.62760", "2005-06-30": "1.63490", "2005-03-31": "1.57250"}, "Return On Tangible Equity": {"2020-09-30": "-4.00450", "2020-06-30": "-0.89810", "2020-03-31": "0.39980", "2019-12-31": "-1.75940", "2019-09-30": "-0.94150", "2019-06-30": "-1.17940", "2019-03-31": "1.01190", "2018-12-31": "-3.68510", "2018-09-30": "1.39060", "2018-06-30": "3.62960", "2018-03-31": "6.94960", "2017-12-31": "2.02390", "2017-09-30": "1.08870", "2017-06-30": "0.52090", "2017-03-31": "0.94420", "2016-12-31": "1.46740", "2016-09-30": "0.86150", "2016-06-30": "1.07050", "2016-03-31": "0.94110", "2015-12-31": "0.28400", "2015-09-30": "1.09110", "2015-06-30": "1.04030", "2015-03-31": "1.11980", "2014-12-31": "1.58400", "2014-09-30": "1.25500", "2014-06-30": "1.12670", "2014-03-31": "1.38080", "2013-12-31": "1.59850", "2013-09-30": "1.28770", "2013-06-30": "1.13720", "2013-03-31": "1.18630", "2012-12-31": "1.61160", "2012-09-30": "0.92580", "2012-06-30": "1.33240", "2012-03-31": "1.32270", "2011-12-31": "0.53270", "2011-09-30": "1.29880", "2011-06-30": "2.42740", "2011-03-31": "1.50530", "2010-12-31": "1.59140", "2010-09-30": "1.51550", "2010-06-30": "1.31860", "2010-03-31": "1.59040", "2009-12-31": "1.68920", "2009-09-30": "0.81230", "2009-06-30": "1.68610", "2009-03-31": "1.73320", "2008-12-31": "1.88490", "2008-09-30": "1.65730", "2008-06-30": "1.23660", "2008-03-31": "1.70190", "2007-12-31": "2.12250", "2007-09-30": "1.79940", "2007-06-30": "1.79030", "2007-03-31": "1.50660", "2006-12-31": "2.70320", "2006-09-30": "1.72380", "2006-06-30": "1.40670", "2006-03-31": "1.14670", "2005-12-31": "1.69750", "2005-09-30": "1.62760", "2005-06-30": "1.63490", "2005-03-31": "1.57250"}, "ROA - Return On Assets": {"2020-09-30": "-1.61880", "2020-06-30": "-0.37480", "2020-03-31": "0.16620", "2019-12-31": "-0.76080", "2019-09-30": "-0.40400", "2019-06-30": "-0.50450", "2019-03-31": "0.44090", "2018-12-31": "-1.63650", "2018-09-30": "0.63330", "2018-06-30": "1.68090", "2018-03-31": "3.21510", "2017-12-31": "0.90930", "2017-09-30": "0.49800", "2017-06-30": "0.24220", "2017-03-31": "0.44710", "2016-12-31": "0.64960", "2016-09-30": "0.38590", "2016-06-30": "0.48410", "2016-03-31": "0.43710", "2015-12-31": "0.13330", "2015-09-30": "0.52020", "2015-06-30": "0.50490", "2015-03-31": "0.61240", "2014-12-31": "0.78360", "2014-09-30": "0.62540", "2014-06-30": "0.56730", "2014-03-31": "0.79200", "2013-12-31": "0.93160", "2013-09-30": "0.74370", "2013-06-30": "0.67350", "2013-03-31": "0.71120", "2012-12-31": "0.89830", "2012-09-30": "0.53220", "2012-06-30": "0.72080", "2012-03-31": "0.73800", "2011-12-31": "0.30050", "2011-09-30": "0.74930", "2011-06-30": "1.36730", "2011-03-31": "0.90130", "2010-12-31": "0.99820", "2010-09-30": "0.93600", "2010-06-30": "0.82050", "2010-03-31": "1.01090", "2009-12-31": "1.07450", "2009-09-30": "0.52670", "2009-06-30": "1.19170", "2009-03-31": "1.25700", "2008-12-31": "1.30700", "2008-09-30": "1.22950", "2008-06-30": "0.98590", "2008-03-31": "1.20370", "2007-12-31": "1.55820", "2007-09-30": "1.30720", "2007-06-30": "1.30310", "2007-03-31": "1.10140", "2006-12-31": "1.73880", "2006-09-30": "0.98850", "2006-06-30": "0.85110", "2006-03-31": "0.70650", "2005-12-31": "1.04430", "2005-09-30": "0.98090", "2005-06-30": "0.97160", "2005-03-31": "0.96500"}, "ROI - Return On Investment": {"2020-09-30": "-1.72310", "2020-06-30": "-0.39570", "2020-03-31": "0.17580", "2019-12-31": "-0.79360", "2019-09-30": "-0.42190", "2019-06-30": "-0.52720", "2019-03-31": "0.46010", "2018-12-31": "-1.71610", "2018-09-30": "0.66490", "2018-06-30": "1.75690", "2018-03-31": "3.36220", "2017-12-31": "0.95410", "2017-09-30": "0.52280", "2017-06-30": "0.25350", "2017-03-31": "0.46770", "2016-12-31": "0.67900", "2016-09-30": "0.40490", "2016-06-30": "0.50610", "2016-03-31": "0.45850", "2015-12-31": "0.13950", "2015-09-30": "0.54590", "2015-06-30": "0.52950", "2015-03-31": "0.63600", "2014-12-31": "0.81290", "2014-09-30": "0.65180", "2014-06-30": "0.58900", "2014-03-31": "0.80950", "2013-12-31": "0.95060", "2013-09-30": "0.76110", "2013-06-30": "0.68700", "2013-03-31": "0.72630", "2012-12-31": "0.91660", "2012-09-30": "0.54480", "2012-06-30": "0.73480", "2012-03-31": "0.75280", "2011-12-31": "0.30630", "2011-09-30": "0.76630", "2011-06-30": "1.39660", "2011-03-31": "0.91890", "2010-12-31": "1.01610", "2010-09-30": "0.95380", "2010-06-30": "0.83430", "2010-03-31": "1.02570", "2009-12-31": "1.09100", "2009-09-30": "0.53670", "2009-06-30": "1.21240", "2009-03-31": "1.27500", "2008-12-31": "1.32560", "2008-09-30": "1.25040", "2008-06-30": "1.00060", "2008-03-31": "1.21980", "2007-12-31": "1.58200", "2007-09-30": "1.32350", "2007-06-30": "1.31880", "2007-03-31": "1.11200", "2006-12-31": "1.76140", "2006-09-30": "1.00320", "2006-06-30": "0.86680", "2006-03-31": "0.71760", "2005-12-31": "1.05920", "2005-09-30": "0.99510", "2005-06-30": "0.98540", "2005-03-31": "0.97820"}, "Book Value Per Share": {"2020-09-30": "11.08710", "2020-06-30": "11.57730", "2020-03-31": "11.71600", "2019-12-31": "12.09370", "2019-09-30": "12.47680", "2019-06-30": "12.77320", "2019-03-31": "13.09650", "2018-12-31": "13.37600", "2018-09-30": "14.27870", "2018-06-30": "14.49050", "2018-03-31": "14.37580", "2017-12-31": "13.79110", "2017-09-30": "13.83480", "2017-06-30": "14.06290", "2017-03-31": "14.39320", "2016-12-31": "13.46870", "2016-09-30": "13.63510", "2016-06-30": "13.83490", "2016-03-31": "13.99220", "2015-12-31": "14.14800", "2015-09-30": "14.76190", "2015-06-30": "15.02210", "2015-03-31": "15.21210", "2014-12-31": "14.47900", "2014-09-30": "14.63760", "2014-06-30": "14.86870", "2014-03-31": "14.56370", "2013-12-31": "14.75800", "2013-09-30": "14.75510", "2013-06-30": "14.95180", "2013-03-31": "15.33500", "2012-12-31": "14.99010", "2012-09-30": "15.12750", "2012-06-30": "14.85270", "2012-03-31": "15.03580", "2011-12-31": "15.20240", "2011-09-30": "15.05110", "2011-06-30": "14.82320", "2011-03-31": "14.87990", "2010-12-31": "15.00110", "2010-09-30": "14.53380", "2010-06-30": "14.61830", "2010-03-31": "14.79810", "2009-12-31": "14.92130", "2009-09-30": "15.04240", "2009-06-30": "15.02170", "2009-03-31": "15.11150", "2008-12-31": "15.11540", "2008-09-30": "15.21530", "2008-06-30": "15.31310", "2008-03-31": "14.43650", "2007-12-31": "14.08710", "2007-09-30": "13.21430", "2007-06-30": "13.78750", "2007-03-31": "13.90410", "2006-12-31": "13.13530", "2006-09-30": "12.44690", "2006-06-30": "12.55670", "2006-03-31": "12.70200", "2005-12-31": "12.85560", "2005-09-30": "12.66130", "2005-06-30": "12.77590", "2005-03-31": "12.87220"}, "Operating Cash Flow Per Share": {"2020-09-30": 0.2031, "2020-06-30": 0.2287, "2020-03-31": "0.23690", "2019-12-31": 0.2954, "2019-09-30": 0.2937, "2019-06-30": 0.3551, "2019-03-31": "0.17470", "2018-12-31": 0.4497, "2018-09-30": 0.4499, "2018-06-30": 0.4003, "2018-03-31": "0.35380", "2017-12-31": 0.3565, "2017-09-30": 0.5186, "2017-06-30": 0.4102, "2017-03-31": "0.48050", "2016-12-31": 0.3459, "2016-09-30": 0.5316, "2016-06-30": 0.3932, "2016-03-31": "0.51750", "2015-12-31": 0.3886, "2015-09-30": 0.433, "2015-06-30": 0.4424, "2015-03-31": "0.47670", "2014-12-31": 0.3821, "2014-09-30": 0.4866, "2014-06-30": 0.4164, "2014-03-31": "0.47920", "2013-12-31": 0.3171, "2013-09-30": 0.5169, "2013-06-30": 0.4033, "2013-03-31": "0.39920", "2012-12-31": 0.3015, "2012-09-30": 0.4674, "2012-06-30": 0.4558, "2012-03-31": "0.44500", "2011-12-31": 0.6054, "2011-09-30": 0.1658, "2011-06-30": 0.4719, "2011-03-31": "0.45660", "2010-12-31": 0.4024, "2010-09-30": 0.4292, "2010-06-30": 0.4292, "2010-03-31": "0.40830", "2009-12-31": 0.3988, "2009-09-30": 0.4236, "2009-06-30": 0.4492, "2009-03-31": "0.44670", "2008-12-31": 0.5862, "2008-09-30": 0.3369, "2008-06-30": 0.4166, "2008-03-31": "0.41450", "2007-12-31": 0.467, "2007-09-30": 0.469, "2007-06-30": 0.3219, "2007-03-31": "0.37610", "2006-12-31": -0.5523, "2006-09-30": 0.4086, "2006-06-30": 0.3906, "2006-03-31": "0.36080", "2005-12-31": -0.5639, "2005-09-30": 0.37, "2005-06-30": 0.4601, "2005-03-31": "0.36930"}, "Free Cash Flow Per Share": {"2020-09-30": 0.0569, "2020-06-30": 0.3085, "2020-03-31": "0.12480", "2019-12-31": 0.7414, "2019-09-30": 0.1963, "2019-06-30": 0.1095, "2019-03-31": "-0.00750", "2018-12-31": 0.2905, "2018-09-30": 0.345, "2018-06-30": 0.7432, "2018-03-31": "0.69220", "2017-12-31": -0.0541, "2017-09-30": 0.3008, "2017-06-30": 0.2935, "2017-03-31": "0.29310", "2016-12-31": 0.0885, "2016-09-30": 0.5095, "2016-06-30": -0.3665, "2016-03-31": "0.32290", "2015-12-31": 0.2254, "2015-09-30": 0.2624, "2015-06-30": -2.0312, "2015-03-31": "-1.87710", "2014-12-31": -0.0772, "2014-09-30": 0.4124, "2014-06-30": -5.057, "2014-03-31": "0.13490", "2013-12-31": 0.4873, "2013-09-30": 0.0549, "2013-06-30": 0.2939, "2013-03-31": "-0.01610", "2012-12-31": -1.6912, "2012-09-30": 1.1822, "2012-06-30": -0.4128, "2012-03-31": "0.42910", "2011-12-31": 0.5078, "2011-09-30": 0.1166, "2011-06-30": 1.4009, "2011-03-31": "-0.58840", "2010-12-31": 0.1336, "2010-09-30": 0.4292, "2010-06-30": 0.4292, "2010-03-31": "0.40830", "2009-12-31": 0.3727, "2009-09-30": 0.4497, "2009-06-30": 0.4492, "2009-03-31": "0.44670", "2008-12-31": -7.62, "2008-09-30": 0.3369, "2008-06-30": 0.4166, "2008-03-31": "0.41450", "2007-12-31": -0.8585, "2007-09-30": 0.469, "2007-06-30": 0.3219, "2007-03-31": "0.37610", "2006-12-31": -2.3879, "2006-09-30": 0.4086, "2006-06-30": 0.3906, "2006-03-31": "0.36080", "2005-12-31": -1.9817, "2005-09-30": 0.37, "2005-06-30": 0.4601, "2005-03-31": "0.36930"}}, "revenue": {"Diversified Healthcare Trust Annual Revenue (Millions of US $)": {"2019": "$1,040", "2018": "$1,117", "2017": "$1,075", "2016": "$1,058", "2015": "$999", "2014": "$845", "2013": "$761", "2012": "$635", "2011": "$440", "2010": "$340", "2009": "$297", "2008": "$233", "2007": "$188", "2006": "$180", "2005": "$163"}, "Diversified Healthcare Trust Quarterly Revenue (Millions of US $)": {"2020-09-30": "$394", "2020-06-30": "$410", "2020-03-31": "$442", "2019-12-31": "$256", "2019-09-30": "$256", "2019-06-30": "$262", "2019-03-31": "$266", "2018-12-31": "$285", "2018-09-30": "$279", "2018-06-30": "$277", "2018-03-31": "$276", "2017-12-31": "$278", "2017-09-30": "$267", "2017-06-30": "$265", "2017-03-31": "$265", "2016-12-31": "$274", "2016-09-30": "$264", "2016-06-30": "$261", "2016-03-31": "$258", "2015-12-31": "$268", "2015-09-30": "$255", "2015-06-30": "$247", "2015-03-31": "$229", "2014-12-31": "$230", "2014-09-30": "$217", "2014-06-30": "$207", "2014-03-31": "$191", "2013-12-31": "$200", "2013-09-30": "$187", "2013-06-30": "$187", "2013-03-31": "$187", "2012-12-31": "$189", "2012-09-30": "$156", "2012-06-30": "$144", "2012-03-31": "$145", "2011-12-31": "$127", "2011-09-30": "$114", "2011-06-30": "$101", "2011-03-31": "$99", "2010-12-31": "$98", "2010-09-30": "$81", "2010-06-30": "$81", "2010-03-31": "$80", "2009-12-31": "$88", "2009-09-30": "$72", "2009-06-30": "$69", "2009-03-31": "$68", "2008-12-31": "$71", "2008-09-30": "$60", "2008-06-30": "$53", "2008-03-31": "$50", "2007-12-31": "$53", "2007-09-30": "$45", "2007-06-30": "$45", "2007-03-31": "$45", "2006-12-31": "$55", "2006-09-30": "$42", "2006-06-30": "$41", "2006-03-31": "$41", "2005-12-31": "$44", "2005-09-30": "$40", "2005-06-30": "$40", "2005-03-31": "$39"}}, "gross-profit": {"Diversified Healthcare Trust Annual Gross Profit (Millions of US $)": {"2019": "$551", "2018": "$666", "2017": "$661", "2016": "$658", "2015": "$621", "2014": "$520", "2013": "$462", "2012": "$437", "2011": "$375", "2010": "$320", "2009": "$282", "2008": "$230", "2007": "$188", "2006": "$180", "2005": "$163"}, "Diversified Healthcare Trust Quarterly Gross Profit (Millions of US $)": {"2020-09-30": "$79", "2020-06-30": "$108", "2020-03-31": "$126", "2019-12-31": "$129", "2019-09-30": "$131", "2019-06-30": "$142", "2019-03-31": "$149", "2018-12-31": "$168", "2018-09-30": "$163", "2018-06-30": "$167", "2018-03-31": "$168", "2017-12-31": "$174", "2017-09-30": "$162", "2017-06-30": "$162", "2017-03-31": "$164", "2016-12-31": "$173", "2016-09-30": "$161", "2016-06-30": "$164", "2016-03-31": "$160", "2015-12-31": "$166", "2015-09-30": "$158", "2015-06-30": "$154", "2015-03-31": "$143", "2014-12-31": "$146", "2014-09-30": "$134", "2014-06-30": "$127", "2014-03-31": "$114", "2013-12-31": "$123", "2013-09-30": "$113", "2013-06-30": "$112", "2013-03-31": "$113", "2012-12-31": "$117", "2012-09-30": "$109", "2012-06-30": "$105", "2012-03-31": "$106", "2011-12-31": "$103", "2011-09-30": "$94", "2011-06-30": "$90", "2011-03-31": "$88", "2010-12-31": "$91", "2010-09-30": "$76", "2010-06-30": "$77", "2010-03-31": "$76", "2009-12-31": "$83", "2009-09-30": "$68", "2009-06-30": "$66", "2009-03-31": "$65", "2008-12-31": "$69", "2008-09-30": "$59", "2008-06-30": "$53", "2008-03-31": "$50", "2007-12-31": "$53", "2007-09-30": "$45", "2007-06-30": "$45", "2007-03-31": "$45", "2006-12-31": "$55", "2006-09-30": "$42", "2006-06-30": "$41", "2006-03-31": "$41", "2005-12-31": "$44", "2005-09-30": "$40", "2005-06-30": "$40", "2005-03-31": "$39"}}, "operating-income": {"Diversified Healthcare Trust Annual Operating Income (Millions of US $)": {"2019": "$97", "2018": "$227", "2017": "$275", "2016": "$303", "2015": "$314", "2014": "$291", "2013": "$265", "2012": "$254", "2011": "$223", "2010": "$198", "2009": "$181", "2008": "$153", "2007": "$126", "2006": "$121", "2005": "$106"}, "Diversified Healthcare Trust Quarterly Operating Income (Millions of US $)": {"2020-09-30": "$-60", "2020-06-30": "$1", "2020-03-31": "$37", "2019-12-31": "$-24", "2019-09-30": "$12", "2019-06-30": "$56", "2019-03-31": "$53", "2018-12-31": "$34", "2018-09-30": "$56", "2018-06-30": "$65", "2018-03-31": "$72", "2017-12-31": "$60", "2017-09-30": "$75", "2017-06-30": "$65", "2017-03-31": "$75", "2016-12-31": "$86", "2016-09-30": "$71", "2016-06-30": "$75", "2016-03-31": "$71", "2015-12-31": "$84", "2015-09-30": "$77", "2015-06-30": "$75", "2015-03-31": "$77", "2014-12-31": "$83", "2014-09-30": "$74", "2014-06-30": "$68", "2014-03-31": "$67", "2013-12-31": "$74", "2013-09-30": "$66", "2013-06-30": "$61", "2013-03-31": "$64", "2012-12-31": "$72", "2012-09-30": "$61", "2012-06-30": "$60", "2012-03-31": "$61", "2011-12-31": "$61", "2011-09-30": "$55", "2011-06-30": "$53", "2011-03-31": "$54", "2010-12-31": "$54", "2010-09-30": "$48", "2010-06-30": "$48", "2010-03-31": "$48", "2009-12-31": "$55", "2009-09-30": "$43", "2009-06-30": "$41", "2009-03-31": "$42", "2008-12-31": "$47", "2008-09-30": "$38", "2008-06-30": "$34", "2008-03-31": "$33", "2007-12-31": "$37", "2007-09-30": "$30", "2007-06-30": "$30", "2007-03-31": "$29", "2006-12-31": "$40", "2006-09-30": "$27", "2006-06-30": "$27", "2006-03-31": "$27", "2005-12-31": "$29", "2005-09-30": "$26", "2005-06-30": "$26", "2005-03-31": "$25"}}, "ebitda": {"Diversified Healthcare Trust Annual EBITDA (Millions of US $)": {"2019": "$385", "2018": "$514", "2017": "$552", "2016": "$592", "2015": "$573", "2014": "$481", "2013": "$428", "2012": "$402", "2011": "$342", "2010": "$292", "2009": "$263", "2008": "$216", "2007": "$176", "2006": "$167", "2005": "$152"}, "Diversified Healthcare Trust Quarterly EBITDA (Millions of US $)": {"2020-09-30": "$8", "2020-06-30": "$70", "2020-03-31": "$105", "2019-12-31": "$45", "2019-09-30": "$85", "2019-06-30": "$130", "2019-03-31": "$125", "2018-12-31": "$106", "2018-09-30": "$128", "2018-06-30": "$138", "2018-03-31": "$143", "2017-12-31": "$127", "2017-09-30": "$142", "2017-06-30": "$134", "2017-03-31": "$148", "2016-12-31": "$160", "2016-09-30": "$143", "2016-06-30": "$147", "2016-03-31": "$142", "2015-12-31": "$156", "2015-09-30": "$148", "2015-06-30": "$138", "2015-03-31": "$132", "2014-12-31": "$133", "2014-09-30": "$124", "2014-06-30": "$116", "2014-03-31": "$107", "2013-12-31": "$115", "2013-09-30": "$108", "2013-06-30": "$102", "2013-03-31": "$104", "2012-12-31": "$110", "2012-09-30": "$100", "2012-06-30": "$96", "2012-03-31": "$96", "2011-12-31": "$94", "2011-09-30": "$84", "2011-06-30": "$81", "2011-03-31": "$82", "2010-12-31": "$78", "2010-09-30": "$71", "2010-06-30": "$72", "2010-03-31": "$71", "2009-12-31": "$78", "2009-09-30": "$63", "2009-06-30": "$61", "2009-03-31": "$61", "2008-12-31": "$66", "2008-09-30": "$54", "2008-06-30": "$49", "2008-03-31": "$46", "2007-12-31": "$50", "2007-09-30": "$42", "2007-06-30": "$42", "2007-03-31": "$42", "2006-12-31": "$50", "2006-09-30": "$39", "2006-06-30": "$38", "2006-03-31": "$38", "2005-12-31": "$39", "2005-09-30": "$38", "2005-06-30": "$37", "2005-03-31": "$36"}}, "net-income": {"Diversified Healthcare Trust Annual Net Income (Millions of US $)": {"2019": "$-88", "2018": "$287", "2017": "$148", "2016": "$141", "2015": "$124", "2014": "$159", "2013": "$151", "2012": "$136", "2011": "$151", "2010": "$116", "2009": "$110", "2008": "$107", "2007": "$85", "2006": "$66", "2005": "$64"}, "Diversified Healthcare Trust Quarterly Net Income (Millions of US $)": {"2020-09-30": "$-107", "2020-06-30": "$-26", "2020-03-31": "$10", "2019-12-31": "$-52", "2019-09-30": "$-29", "2019-06-30": "$-37", "2019-03-31": "$30", "2018-12-31": "$-119", "2018-09-30": "$46", "2018-06-30": "$124", "2018-03-31": "$236", "2017-12-31": "$65", "2017-09-30": "$34", "2017-06-30": "$16", "2017-03-31": "$32", "2016-12-31": "$43", "2016-09-30": "$28", "2016-06-30": "$39", "2016-03-31": "$31", "2015-12-31": "$10", "2015-09-30": "$38", "2015-06-30": "$36", "2015-03-31": "$40", "2014-12-31": "$45", "2014-09-30": "$37", "2014-06-30": "$38", "2014-03-31": "$39", "2013-12-31": "$72", "2013-09-30": "$38", "2013-06-30": "$6", "2013-03-31": "$35", "2012-12-31": "$45", "2012-09-30": "$26", "2012-06-30": "$33", "2012-03-31": "$32", "2011-12-31": "$39", "2011-09-30": "$30", "2011-06-30": "$51", "2011-03-31": "$32", "2010-12-31": "$34", "2010-09-30": "$28", "2010-06-30": "$25", "2010-03-31": "$30", "2009-12-31": "$32", "2009-09-30": "$16", "2009-06-30": "$31", "2009-03-31": "$32", "2008-12-31": "$32", "2008-09-30": "$29", "2008-06-30": "$22", "2008-03-31": "$23", "2007-12-31": "$27", "2007-09-30": "$21", "2007-06-30": "$21", "2007-03-31": "$18", "2006-12-31": "$28", "2006-09-30": "$15", "2006-06-30": "$13", "2006-03-31": "$10", "2005-12-31": "$21", "2005-09-30": "$14", "2005-06-30": "$15", "2005-03-31": "$14"}}, "eps-earnings-per-share-diluted": {"Diversified Healthcare Trust Annual EPS": {"2019": "$-0.37", "2018": "$1.21", "2017": "$0.62", "2016": "$0.60", "2015": "$0.53", "2014": "$0.80", "2013": "$0.81", "2012": "$0.80", "2011": "$1.01", "2010": "$0.91", "2009": "$0.90", "2008": "$1.01", "2007": "$1.03", "2006": "$0.91", "2005": "$0.93"}, "Diversified Healthcare Trust Quarterly EPS": {"2020-09-30": "$-0.45", "2020-06-30": "$-0.11", "2020-03-31": "$0.04", "2019-12-31": "$-0.22", "2019-09-30": "$-0.12", "2019-06-30": "$-0.16", "2019-03-31": "$0.13", "2018-12-31": "$-0.49", "2018-09-30": "$0.19", "2018-06-30": "$0.52", "2018-03-31": "$0.99", "2017-12-31": "$0.27", "2017-09-30": "$0.14", "2017-06-30": "$0.07", "2017-03-31": "$0.14", "2016-12-31": "$0.18", "2016-09-30": "$0.12", "2016-06-30": "$0.17", "2016-03-31": "$0.13", "2015-12-31": "$0.04", "2015-09-30": "$0.16", "2015-06-30": "$0.15", "2015-03-31": "$0.18", "2014-12-31": "$0.22", "2014-09-30": "$0.18", "2014-06-30": "$0.19", "2014-03-31": "$0.21", "2013-12-31": "$0.39", "2013-09-30": "$0.20", "2013-06-30": "$0.03", "2013-03-31": "$0.19", "2012-12-31": "$0.25", "2012-09-30": "$0.15", "2012-06-30": "$0.20", "2012-03-31": "$0.20", "2011-12-31": "$0.23", "2011-09-30": "$0.20", "2011-06-30": "$0.36", "2011-03-31": "$0.22", "2010-12-31": "$0.26", "2010-09-30": "$0.22", "2010-06-30": "$0.19", "2010-03-31": "$0.24", "2009-12-31": "$0.25", "2009-09-30": "$0.13", "2009-06-30": "$0.25", "2009-03-31": "$0.27", "2008-12-31": "$0.28", "2008-09-30": "$0.25", "2008-06-30": "$0.22", "2008-03-31": "$0.26", "2007-12-31": "$0.31", "2007-09-30": "$0.25", "2007-06-30": "$0.25", "2007-03-31": "$0.22", "2006-12-31": "$0.37", "2006-09-30": "$0.21", "2006-06-30": "$0.18", "2006-03-31": "$0.15", "2005-12-31": "$0.30", "2005-09-30": "$0.21", "2005-06-30": "$0.22", "2005-03-31": "$0.20"}}, "shares-outstanding": {"Diversified Healthcare Trust Annual Shares Outstanding (Millions of Shares)": {"2019": "238", "2018": "238", "2017": "237", "2016": "237", "2015": "233", "2014": "199", "2013": "187", "2012": "170", "2011": "150", "2010": "128", "2009": "122", "2008": "105", "2007": "83", "2006": "73", "2005": "69"}, "Diversified Healthcare Trust Quarterly Shares Outstanding (Millions of Shares)": {"2020-09-30": "238", "2020-06-30": "238", "2020-03-31": "238", "2019-12-31": "238", "2019-09-30": "238", "2019-06-30": "238", "2019-03-31": "238", "2018-12-31": "238", "2018-09-30": "238", "2018-06-30": "238", "2018-03-31": "237", "2017-12-31": "237", "2017-09-30": "237", "2017-06-30": "237", "2017-03-31": "237", "2016-12-31": "237", "2016-09-30": "237", "2016-06-30": "237", "2016-03-31": "237", "2015-12-31": "233", "2015-09-30": "237", "2015-06-30": "236", "2015-03-31": "221", "2014-12-31": "199", "2014-09-30": "204", "2014-06-30": "200", "2014-03-31": "188", "2013-12-31": "187", "2013-09-30": "188", "2013-06-30": "188", "2013-03-31": "185", "2012-12-31": "170", "2012-09-30": "175", "2012-06-30": "163", "2012-03-31": "163", "2011-12-31": "150", "2011-09-30": "153", "2011-06-30": "142", "2011-03-31": "142", "2010-12-31": "128", "2010-09-30": "127", "2010-06-30": "127", "2010-03-31": "127", "2009-12-31": "122", "2009-09-30": "122", "2009-06-30": "120", "2009-03-31": "118", "2008-12-31": "105", "2008-09-30": "114", "2008-06-30": "100", "2008-03-31": "91", "2007-12-31": "83", "2007-09-30": "84", "2007-06-30": "84", "2007-03-31": "81", "2006-12-31": "73", "2006-09-30": "72", "2006-06-30": "72", "2006-03-31": "72", "2005-12-31": "69", "2005-09-30": "69", "2005-06-30": "69", "2005-03-31": "68"}}, "total-assets": {"Diversified Healthcare Trust Annual Total Assets (Millions of US $)": {"2019": "$6,654", "2018": "$7,160", "2017": "$7,294", "2016": "$7,228", "2015": "$7,160", "2014": "$5,968", "2013": "$4,765", "2012": "$4,748", "2011": "$4,383", "2010": "$3,393", "2009": "$2,988", "2008": "$2,497", "2007": "$1,702", "2006": "$1,585", "2005": "$1,501"}, "Diversified Healthcare Trust Quarterly Total Assets (Millions of US $)": {"2020-09-30": "$6,535", "2020-06-30": "$6,601", "2020-03-31": "$6,704", "2019-12-31": "$6,654", "2019-09-30": "$6,917", "2019-06-30": "$7,099", "2019-03-31": "$7,146", "2018-12-31": "$7,160", "2018-09-30": "$7,453", "2018-06-30": "$7,436", "2018-03-31": "$7,384", "2017-12-31": "$7,294", "2017-09-30": "$7,188", "2017-06-30": "$7,184", "2017-03-31": "$7,220", "2016-12-31": "$7,228", "2016-09-30": "$7,230", "2016-06-30": "$7,266", "2016-03-31": "$7,154", "2015-12-31": "$7,160", "2015-09-30": "$7,353", "2015-06-30": "$7,348", "2015-03-31": "$6,537", "2014-12-31": "$5,968", "2014-09-30": "$5,989", "2014-06-30": "$6,017", "2014-03-31": "$4,779", "2013-12-31": "$4,765", "2013-09-30": "$4,807", "2013-06-30": "$4,749", "2013-03-31": "$4,811", "2012-12-31": "$4,748", "2012-09-30": "$4,646", "2012-06-30": "$4,467", "2012-03-31": "$4,384", "2011-12-31": "$4,383", "2011-09-30": "$4,003", "2011-06-30": "$3,733", "2011-03-31": "$3,525", "2010-12-31": "$3,393", "2010-09-30": "$3,000", "2010-06-30": "$2,993", "2010-03-31": "$2,966", "2009-12-31": "$2,988", "2009-09-30": "$2,955", "2009-06-30": "$2,560", "2009-03-31": "$2,509", "2008-12-31": "$2,497", "2008-09-30": "$2,349", "2008-06-30": "$2,199", "2008-03-31": "$1,937", "2007-12-31": "$1,702", "2007-09-30": "$1,577", "2007-06-30": "$1,585", "2007-03-31": "$1,591", "2006-12-31": "$1,585", "2006-09-30": "$1,560", "2006-06-30": "$1,491", "2006-03-31": "$1,481", "2005-12-31": "$1,501", "2005-09-30": "$1,440", "2005-06-30": "$1,473", "2005-03-31": "$1,437"}}, "cash-on-hand": {"Diversified Healthcare Trust Annual Cash on Hand (Millions of US $)": {"2019": "$52", "2018": "$70", "2017": "$47", "2016": "$36", "2015": "$44", "2014": "$38", "2013": "$52", "2012": "$52", "2011": "$31", "2010": "$16", "2009": "$15", "2008": "$10", "2007": "$47", "2006": "$8", "2005": "$17"}, "Diversified Healthcare Trust Quarterly Cash on Hand (Millions of US $)": {"2020-09-30": "$98", "2020-06-30": "$94", "2020-03-31": "$85", "2019-12-31": "$52", "2019-09-30": "$63", "2019-06-30": "$61", "2019-03-31": "$55", "2018-12-31": "$70", "2018-09-30": "$156", "2018-06-30": "$139", "2018-03-31": "$53", "2017-12-31": "$47", "2017-09-30": "$43", "2017-06-30": "$41", "2017-03-31": "$35", "2016-12-31": "$36", "2016-09-30": "$47", "2016-06-30": "$33", "2016-03-31": "$46", "2015-12-31": "$44", "2015-09-30": "$70", "2015-06-30": "$61", "2015-03-31": "$85", "2014-12-31": "$38", "2014-09-30": "$92", "2014-06-30": "$90", "2014-03-31": "$43", "2013-12-31": "$52", "2013-09-30": "$62", "2013-06-30": "$50", "2013-03-31": "$51", "2012-12-31": "$52", "2012-09-30": "$32", "2012-06-30": "$30", "2012-03-31": "$36", "2011-12-31": "$31", "2011-09-30": "$34", "2011-06-30": "$34", "2011-03-31": "$20", "2010-12-31": "$16", "2010-09-30": "$14", "2010-06-30": "$30", "2010-03-31": "$10", "2009-12-31": "$15", "2009-09-30": "$77", "2009-06-30": "$10", "2009-03-31": "$10", "2008-12-31": "$10", "2008-09-30": "$12", "2008-06-30": "$189", "2008-03-31": "$9", "2007-12-31": "$47", "2007-09-30": "$7", "2007-06-30": "$11", "2007-03-31": "$20", "2006-12-31": "$8", "2006-09-30": "$23", "2006-06-30": "$5", "2006-03-31": "$3", "2005-12-31": "$17", "2005-09-30": "$4", "2005-06-30": "$9", "2005-03-31": "$10"}}, "long-term-debt": {"Diversified Healthcare Trust Annual Long Term Debt (Millions of US $)": {"2019": "$3,502", "2018": "$3,648", "2017": "$3,675", "2016": "$3,714", "2015": "$3,479", "2014": "$2,801", "2013": "$1,893", "2012": "$2,007", "2011": "$1,827", "2010": "$1,205", "2009": "$1,042", "2008": "$730", "2007": "$427", "2006": "$545", "2005": "$556"}, "Diversified Healthcare Trust Quarterly Long Term Debt (Millions of US $)": {"2020-09-30": "$3,498", "2020-06-30": "$3,497", "2020-03-31": "$3,550", "2019-12-31": "$3,502", "2019-09-30": "$3,656", "2019-06-30": "$3,757", "2019-03-31": "$3,734", "2018-12-31": "$3,648", "2018-09-30": "$3,704", "2018-06-30": "$3,670", "2018-03-31": "$3,645", "2017-12-31": "$3,675", "2017-09-30": "$3,559", "2017-06-30": "$3,523", "2017-03-31": "$3,483", "2016-12-31": "$3,714", "2016-09-30": "$3,653", "2016-06-30": "$3,664", "2016-03-31": "$3,498", "2015-12-31": "$3,479", "2015-09-30": "$3,502", "2015-06-30": "$3,440", "2015-03-31": "$2,719", "2014-12-31": "$2,801", "2014-09-30": "$2,762", "2014-06-30": "$2,766", "2014-03-31": "$1,934", "2013-12-31": "$1,893", "2013-09-30": "$1,921", "2013-06-30": "$1,843", "2013-03-31": "$1,827", "2012-12-31": "$2,007", "2012-09-30": "$1,868", "2012-06-30": "$1,965", "2012-03-31": "$1,852", "2011-12-31": "$1,827", "2011-09-30": "$1,605", "2011-06-30": "$1,552", "2011-03-31": "$1,347", "2010-12-31": "$1,205", "2010-09-30": "$1,091", "2010-06-30": "$1,081", "2010-03-31": "$1,038", "2009-12-31": "$1,042", "2009-09-30": "$984", "2009-06-30": "$707", "2009-03-31": "$654", "2008-12-31": "$730", "2008-09-30": "$567", "2008-06-30": "$413", "2008-03-31": "$541", "2007-12-31": "$427", "2007-09-30": "$412", "2007-06-30": "$412", "2007-03-31": "$413", "2006-12-31": "$545", "2006-09-30": "$642", "2006-06-30": "$562", "2006-03-31": "$545", "2005-12-31": "$556", "2005-09-30": "$552", "2005-06-30": "$577", "2005-03-31": "$536"}}, "total-liabilities": {"Diversified Healthcare Trust Annual Total Liabilities (Millions of US $)": {"2019": "$3,777", "2018": "$3,981", "2017": "$4,017", "2016": "$4,028", "2015": "$3,800", "2014": "$3,016", "2013": "$1,988", "2012": "$2,101", "2011": "$1,910", "2010": "$1,265", "2009": "$1,087", "2008": "$766", "2007": "$452", "2006": "$565", "2005": "$577"}, "Diversified Healthcare Trust Quarterly Total Liabilities (Millions of US $)": {"2020-09-30": "$3,893", "2020-06-30": "$3,846", "2020-03-31": "$3,917", "2019-12-31": "$3,777", "2019-09-30": "$3,949", "2019-06-30": "$4,062", "2019-03-31": "$4,032", "2018-12-31": "$3,981", "2018-09-30": "$4,059", "2018-06-30": "$3,992", "2018-03-31": "$3,968", "2017-12-31": "$4,017", "2017-09-30": "$3,900", "2017-06-30": "$3,843", "2017-03-31": "$3,801", "2016-12-31": "$4,028", "2016-09-30": "$3,991", "2016-06-30": "$3,980", "2016-03-31": "$3,831", "2015-12-31": "$3,800", "2015-09-30": "$3,847", "2015-06-30": "$3,782", "2015-03-31": "$2,962", "2014-12-31": "$3,016", "2014-09-30": "$3,005", "2014-06-30": "$2,987", "2014-03-31": "$2,038", "2013-12-31": "$1,988", "2013-09-30": "$2,031", "2013-06-30": "$1,936", "2013-03-31": "$1,927", "2012-12-31": "$2,101", "2012-09-30": "$1,975", "2012-06-30": "$2,050", "2012-03-31": "$1,938", "2011-12-31": "$1,910", "2011-09-30": "$1,694", "2011-06-30": "$1,630", "2011-03-31": "$1,414", "2010-12-31": "$1,265", "2010-09-30": "$1,147", "2010-06-30": "$1,131", "2010-03-31": "$1,081", "2009-12-31": "$1,087", "2009-09-30": "$1,039", "2009-06-30": "$751", "2009-03-31": "$689", "2008-12-31": "$766", "2008-09-30": "$606", "2008-06-30": "$446", "2008-03-31": "$567", "2007-12-31": "$452", "2007-09-30": "$431", "2007-06-30": "$431", "2007-03-31": "$428", "2006-12-31": "$565", "2006-09-30": "$665", "2006-06-30": "$589", "2006-03-31": "$568", "2005-12-31": "$577", "2005-09-30": "$572", "2005-06-30": "$598", "2005-03-31": "$555"}}, "total-share-holder-equity": {"Diversified Healthcare Trust Annual Share Holder Equity (Millions of US $)": {"2019": "$2,877", "2018": "$3,180", "2017": "$3,277", "2016": "$3,199", "2015": "$3,360", "2014": "$2,952", "2013": "$2,777", "2012": "$2,647", "2011": "$2,473", "2010": "$2,128", "2009": "$1,901", "2008": "$1,731", "2007": "$1,249", "2006": "$1,019", "2005": "$923"}, "Diversified Healthcare Trust Quarterly Share Holder Equity (Millions of US $)": {"2020-09-30": "$2,642", "2020-06-30": "$2,755", "2020-03-31": "$2,787", "2019-12-31": "$2,877", "2019-09-30": "$2,968", "2019-06-30": "$3,037", "2019-03-31": "$3,113", "2018-12-31": "$3,180", "2018-09-30": "$3,394", "2018-06-30": "$3,444", "2018-03-31": "$3,416", "2017-12-31": "$3,277", "2017-09-30": "$3,288", "2017-06-30": "$3,341", "2017-03-31": "$3,419", "2016-12-31": "$3,199", "2016-09-30": "$3,239", "2016-06-30": "$3,286", "2016-03-31": "$3,323", "2015-12-31": "$3,360", "2015-09-30": "$3,506", "2015-06-30": "$3,566", "2015-03-31": "$3,575", "2014-12-31": "$2,952", "2014-09-30": "$2,984", "2014-06-30": "$3,030", "2014-03-31": "$2,741", "2013-12-31": "$2,777", "2013-09-30": "$2,776", "2013-06-30": "$2,812", "2013-03-31": "$2,884", "2012-12-31": "$2,647", "2012-09-30": "$2,671", "2012-06-30": "$2,416", "2012-03-31": "$2,446", "2011-12-31": "$2,473", "2011-09-30": "$2,310", "2011-06-30": "$2,103", "2011-03-31": "$2,111", "2010-12-31": "$2,128", "2010-09-30": "$1,853", "2010-06-30": "$1,863", "2010-03-31": "$1,885", "2009-12-31": "$1,901", "2009-09-30": "$1,916", "2009-06-30": "$1,810", "2009-03-31": "$1,819", "2008-12-31": "$1,731", "2008-09-30": "$1,743", "2008-06-30": "$1,753", "2008-03-31": "$1,370", "2007-12-31": "$1,249", "2007-09-30": "$1,146", "2007-06-30": "$1,153", "2007-03-31": "$1,163", "2006-12-31": "$1,019", "2006-09-30": "$894", "2006-06-30": "$902", "2006-03-31": "$912", "2005-12-31": "$923", "2005-09-30": "$868", "2005-06-30": "$876", "2005-03-31": "$882"}}, "profit-margins": {"current": "-11.64%"}, "gross margin": {"2020-09-30": "29.43%", "2020-06-30": "36.22%", "2020-03-31": "43.42%", "2019-12-31": "52.98%", "2019-09-30": "55.19%", "2019-06-30": "56.96%", "2019-03-31": "58.45%", "2018-12-31": "59.62%", "2018-09-30": "60.54%", "2018-06-30": "61.11%", "2018-03-31": "61.33%", "2017-12-31": "61.58%", "2017-09-30": "61.72%", "2017-06-30": "61.80%", "2017-03-31": "62.22%", "2016-12-31": "62.25%", "2016-09-30": "61.94%", "2016-06-30": "62.19%", "2016-03-31": "62.06%", "2015-12-31": "62.16%", "2015-09-30": "62.54%", "2015-06-30": "62.51%", "2015-03-31": "62.29%", "2014-12-31": "61.66%", "2014-09-30": "61.10%", "2014-06-30": "60.76%", "2014-03-31": "60.39%", "2013-12-31": "60.58%", "2013-09-30": "60.67%", "2013-06-30": "62.73%", "2013-03-31": "65.68%", "2012-12-31": "68.93%", "2012-09-30": "73.95%", "2012-06-30": "76.98%", "2012-03-31": "80.70%", "2011-12-31": "85.03%", "2011-09-30": "88.11%", "2011-06-30": "91.03%", "2011-03-31": "92.48%", "2010-12-31": "94.12%", "2010-09-30": "94.55%", "2010-06-30": "94.70%", "2010-03-31": "94.82%", "2009-12-31": "94.95%", "2009-09-30": "95.71%", "2009-06-30": "96.64%", "2009-03-31": "97.62%", "2008-12-31": "98.72%", "2008-09-30": "99.54%", "2008-06-30": "100.00%", "2008-03-31": "100.00%", "2007-12-31": "100.00%", "2007-09-30": "100.00%", "2007-06-30": "100.00%", "2007-03-31": "100.00%", "2006-12-31": "100.00%", "2006-09-30": "100.00%", "2006-06-30": "100.00%", "2006-03-31": "100.00%", "2005-12-31": "100.00%"}, "operating margin": {"2020-09-30": "-3.06%", "2020-06-30": "1.91%", "2020-03-31": "6.66%", "2019-12-31": "9.33%", "2019-09-30": "14.50%", "2019-06-30": "18.22%", "2019-03-31": "18.79%", "2018-12-31": "20.32%", "2018-09-30": "22.79%", "2018-06-30": "24.77%", "2018-03-31": "25.05%", "2017-12-31": "25.58%", "2017-09-30": "28.10%", "2017-06-30": "27.81%", "2017-03-31": "28.85%", "2016-12-31": "28.67%", "2016-09-30": "28.64%", "2016-06-30": "29.46%", "2016-03-31": "29.86%", "2015-12-31": "31.33%", "2015-09-30": "32.47%", "2015-06-30": "33.48%", "2015-03-31": "34.20%", "2014-12-31": "34.56%", "2014-09-30": "34.72%", "2014-06-30": "35.03%", "2014-03-31": "35.03%", "2013-12-31": "34.82%", "2013-09-30": "35.07%", "2013-06-30": "35.88%", "2013-03-31": "38.02%", "2012-12-31": "40.06%", "2012-09-30": "42.48%", "2012-06-30": "44.72%", "2012-03-31": "47.23%", "2011-12-31": "50.57%", "2011-09-30": "52.43%", "2011-06-30": "55.15%", "2011-03-31": "56.82%", "2010-12-31": "58.24%", "2010-09-30": "60.30%", "2010-06-30": "60.44%", "2010-03-31": "60.52%", "2009-12-31": "60.94%", "2009-09-30": "61.79%", "2009-06-30": "62.69%", "2009-03-31": "63.89%", "2008-12-31": "64.96%", "2008-09-30": "65.74%", "2008-06-30": "66.67%", "2008-03-31": "67.36%", "2007-12-31": "67.02%", "2007-09-30": "67.89%", "2007-06-30": "67.38%", "2007-03-31": "67.21%", "2006-12-31": "67.60%", "2006-09-30": "65.48%", "2006-06-30": "65.66%", "2006-03-31": "65.45%", "2005-12-31": "65.03%"}, "ebitda margin": {"2020-09-30": "15.18%", "2020-06-30": "22.36%", "2020-03-31": "30.02%", "2019-12-31": "37.02%", "2019-09-30": "41.72%", "2019-06-30": "44.78%", "2019-03-31": "44.90%", "2018-12-31": "46.11%", "2018-09-30": "48.29%", "2018-06-30": "50.09%", "2018-03-31": "50.28%", "2017-12-31": "51.26%", "2017-09-30": "54.53%", "2017-06-30": "54.78%", "2017-03-31": "56.20%", "2016-12-31": "56.01%", "2016-09-30": "55.95%", "2016-06-30": "56.91%", "2016-03-31": "56.81%", "2015-12-31": "57.46%", "2015-09-30": "57.34%", "2015-06-30": "57.10%", "2015-03-31": "57.19%", "2014-12-31": "56.80%", "2014-09-30": "56.69%", "2014-06-30": "56.82%", "2014-03-31": "56.47%", "2013-12-31": "56.37%", "2013-09-30": "56.53%", "2013-06-30": "57.86%", "2013-03-31": "60.65%", "2012-12-31": "63.41%", "2012-09-30": "67.48%", "2012-06-30": "69.81%", "2012-03-31": "72.90%", "2011-12-31": "77.32%", "2011-09-30": "78.88%", "2011-06-30": "82.32%", "2011-03-31": "84.40%", "2010-12-31": "85.88%", "2010-09-30": "88.48%", "2010-06-30": "88.47%", "2010-03-31": "88.35%", "2009-12-31": "88.55%", "2009-09-30": "89.64%", "2009-06-30": "90.30%", "2009-03-31": "91.27%", "2008-12-31": "91.88%", "2008-09-30": "92.13%", "2008-06-30": "93.03%", "2008-03-31": "93.26%", "2007-12-31": "93.62%", "2007-09-30": "92.63%", "2007-06-30": "92.51%", "2007-03-31": "92.35%", "2006-12-31": "92.18%", "2006-09-30": "91.67%", "2006-06-30": "92.17%", "2006-03-31": "92.12%", "2005-12-31": "92.02%"}, "pre tax profit margin": {"2020-09-30": "-11.19%", "2020-06-30": "-6.67%", "2020-03-31": "-8.47%", "2019-12-31": "-7.98%", "2019-09-30": "-14.03%", "2019-06-30": "-6.96%", "2019-03-31": "7.68%", "2018-12-31": "26.14%", "2018-09-30": "42.79%", "2018-06-30": "42.35%", "2018-03-31": "32.87%", "2017-12-31": "14.05%", "2017-09-30": "12.32%", "2017-06-30": "11.61%", "2017-03-31": "13.35%", "2016-12-31": "13.34%", "2016-09-30": "9.90%", "2016-06-30": "10.94%", "2016-03-31": "11.28%", "2015-12-31": "12.51%", "2015-09-30": "16.86%", "2015-06-30": "17.55%", "2015-03-31": "18.01%", "2014-12-31": "18.58%", "2014-09-30": "18.90%", "2014-06-30": "19.36%", "2014-03-31": "19.61%", "2013-12-31": "19.19%", "2013-09-30": "19.20%", "2013-06-30": "18.50%", "2013-03-31": "19.67%", "2012-12-31": "20.82%", "2012-09-30": "18.01%", "2012-06-30": "20.38%", "2012-03-31": "26.08%", "2011-12-31": "28.57%", "2011-09-30": "35.68%", "2011-06-30": "38.26%", "2011-03-31": "33.15%", "2010-12-31": "34.41%", "2010-09-30": "34.85%", "2010-06-30": "32.09%", "2010-03-31": "35.28%", "2009-12-31": "37.37%", "2009-09-30": "40.00%", "2009-06-30": "46.64%", "2009-03-31": "46.03%", "2008-12-31": "45.73%", "2008-09-30": "46.76%", "2008-06-30": "46.27%", "2008-03-31": "47.67%", "2007-12-31": "46.28%", "2007-09-30": "46.32%", "2007-06-30": "43.85%", "2007-03-31": "40.44%", "2006-12-31": "36.87%", "2006-09-30": "32.14%", "2006-06-30": "31.93%", "2006-03-31": "32.73%", "2005-12-31": "35.58%"}, "net profit margin": {"2020-09-30": "-11.65%", "2020-06-30": "-7.11%", "2020-03-31": "-8.88%", "2019-12-31": "-8.46%", "2019-09-30": "-14.50%", "2019-06-30": "-7.33%", "2019-03-31": "7.32%", "2018-12-31": "25.69%", "2018-09-30": "42.43%", "2018-06-30": "41.80%", "2018-03-31": "32.32%", "2017-12-31": "13.67%", "2017-09-30": "11.67%", "2017-06-30": "11.14%", "2017-03-31": "13.35%", "2016-12-31": "13.34%", "2016-09-30": "10.28%", "2016-06-30": "11.32%", "2016-03-31": "11.19%", "2015-12-31": "12.41%", "2015-09-30": "16.55%", "2015-06-30": "17.12%", "2015-03-31": "18.12%", "2014-12-31": "18.82%", "2014-09-30": "22.82%", "2014-06-30": "23.82%", "2014-03-31": "20.26%", "2013-12-31": "19.84%", "2013-09-30": "16.53%", "2013-06-30": "15.58%", "2013-03-31": "20.56%", "2012-12-31": "21.45%", "2012-09-30": "22.73%", "2012-06-30": "25.28%", "2012-03-31": "31.21%", "2011-12-31": "34.47%", "2011-09-30": "35.68%", "2011-06-30": "38.26%", "2011-03-31": "33.15%", "2010-12-31": "34.41%", "2010-09-30": "34.85%", "2010-06-30": "32.09%", "2010-03-31": "35.28%", "2009-12-31": "37.37%", "2009-09-30": "39.64%", "2009-06-30": "46.27%", "2009-03-31": "45.63%", "2008-12-31": "45.30%", "2008-09-30": "46.76%", "2008-06-30": "46.27%", "2008-03-31": "47.67%", "2007-12-31": "46.28%", "2007-09-30": "46.32%", "2007-06-30": "43.85%", "2007-03-31": "40.44%", "2006-12-31": "36.87%", "2006-09-30": "35.12%", "2006-06-30": "34.94%", "2006-03-31": "36.36%", "2005-12-31": "39.26%"}, "pe ratio": {"current": "4.98", "2021-02-05": "0.00", "2020-09-30": "0.00", "2020-06-30": "0.00", "2020-03-31": "0.00", "2019-12-31": "0.00", "2019-09-30": "0.00", "2019-06-30": "0.00", "2019-03-31": "30.93", "2018-12-31": "8.47", "2018-09-30": "7.73", "2018-06-30": "7.99", "2018-03-31": "8.81", "2017-12-31": "24.98", "2017-09-30": "29.23", "2017-06-30": "31.13", "2017-03-31": "25.33", "2016-12-31": "23.59", "2016-09-30": "36.26", "2016-06-30": "30.06", "2016-03-31": "26.30", "2015-12-31": "19.23", "2015-09-30": "15.15", "2015-06-30": "15.61", "2015-03-31": "18.37", "2014-12-31": "17.33", "2014-09-30": "13.43", "2014-06-30": "15.02", "2014-03-31": "16.32", "2013-12-31": "16.26", "2013-09-30": "20.05", "2013-06-30": "23.73", "2013-03-31": "18.99", "2012-12-31": "16.26", "2012-09-30": "14.91", "2012-06-30": "14.13", "2012-03-31": "11.52", "2011-12-31": "11.30", "2011-09-30": "10.45", "2011-06-30": "10.97", "2011-03-31": "12.65", "2010-12-31": "11.72", "2010-09-30": "12.50", "2010-06-30": "11.70", "2010-03-31": "11.80", "2009-12-31": "10.95", "2009-09-30": "9.09", "2009-06-30": "6.72", "2009-03-31": "5.82", "2008-12-31": "7.33", "2008-09-30": "9.27", "2008-06-30": "7.47", "2008-03-31": "8.68", "2007-12-31": "8.48", "2007-09-30": "7.68", "2007-06-30": "7.23", "2007-03-31": "8.97", "2006-12-31": "9.07"}, "price sales": {"2021-02-05": "0.70", "2020-09-30": "0.55", "2020-06-30": "0.76", "2020-03-31": "0.70", "2019-12-31": "1.81", "2019-09-30": "1.90", "2019-06-30": "1.64", "2019-03-31": "2.26", "2018-12-31": "2.16", "2018-09-30": "3.26", "2018-06-30": "3.32", "2018-03-31": "2.83", "2017-12-31": "3.42", "2017-09-30": "3.44", "2017-06-30": "3.53", "2017-03-31": "3.45", "2016-12-31": "3.18", "2016-09-30": "3.75", "2016-06-30": "3.41", "2016-03-31": "2.89", "2015-12-31": "2.37", "2015-09-30": "2.49", "2015-06-30": "2.65", "2015-03-31": "3.30", "2014-12-31": "3.24", "2014-09-30": "3.08", "2014-06-30": "3.58", "2014-03-31": "3.28", "2013-12-31": "3.19", "2013-09-30": "3.26", "2013-06-30": "3.66", "2013-03-31": "3.84", "2012-12-31": "3.43", "2012-09-30": "3.35", "2012-06-30": "3.53", "2012-03-31": "3.61", "2011-12-31": "3.85", "2011-09-30": "3.73", "2011-06-30": "4.14", "2011-03-31": "4.13", "2010-12-31": "3.96", "2010-09-30": "4.25", "2010-06-30": "3.63", "2010-03-31": "4.03", "2009-12-31": "3.99", "2009-09-30": "3.49", "2009-06-30": "3.00", "2009-03-31": "2.58", "2008-12-31": "3.26", "2008-09-30": "4.31", "2008-06-30": "3.44", "2008-03-31": "4.11", "2007-12-31": "3.85", "2007-09-30": "3.50", "2007-06-30": "3.11", "2007-03-31": "3.55", "2006-12-31": "3.56"}, "price book": {"current": "0.40", "2021-02-05": "0.40", "2020-09-30": "0.32", "2020-06-30": "0.38", "2020-03-31": "0.31", "2019-12-31": "0.66", "2019-09-30": "0.69", "2019-06-30": "0.59", "2019-03-31": "0.80", "2018-12-31": "0.76", "2018-09-30": "1.07", "2018-06-30": "1.06", "2018-03-31": "0.90", "2017-12-31": "1.12", "2017-09-30": "1.12", "2017-06-30": "1.13", "2017-03-31": "1.07", "2016-12-31": "1.05", "2016-09-30": "1.22", "2016-06-30": "1.09", "2016-03-31": "0.90", "2015-12-31": "0.72", "2015-09-30": "0.73", "2015-06-30": "0.76", "2015-03-31": "0.93", "2014-12-31": "0.96", "2014-09-30": "0.88", "2014-06-30": "0.99", "2014-03-31": "0.92", "2013-12-31": "0.88", "2013-09-30": "0.91", "2013-06-30": "0.98", "2013-03-31": "0.98", "2012-12-31": "0.87", "2012-09-30": "0.78", "2012-06-30": "0.80", "2012-03-31": "0.77", "2011-12-31": "0.76", "2011-09-30": "0.72", "2011-06-30": "0.78", "2011-03-31": "0.76", "2010-12-31": "0.70", "2010-09-30": "0.77", "2010-06-30": "0.64", "2010-03-31": "0.69", "2009-12-31": "0.66", "2009-09-30": "0.56", "2009-06-30": "0.47", "2009-03-31": "0.39", "2008-12-31": "0.49", "2008-09-30": "0.63", "2008-06-30": "0.51", "2008-03-31": "0.64", "2007-12-31": "0.62", "2007-09-30": "0.63", "2007-06-30": "0.55", "2007-03-31": "0.63", "2006-12-31": "0.68", "2006-09-30": "0.61", "2006-06-30": "0.50", "2006-03-31": "0.49"}, "price fcf": {"2021-02-05": "", "2020-09-30": "$1.23", "2020-06-30": "$1.37", "2020-03-31": "$1.17", "2019-12-31": "$1.04", "2019-09-30": "$0.59", "2019-06-30": "$0.74", "2019-03-31": "$1.37", "2018-12-31": "$2.07", "2018-09-30": "$1.73", "2018-06-30": "$1.68", "2018-03-31": "$1.23", "2017-12-31": "$0.83", "2017-09-30": "$0.98", "2017-06-30": "$1.18", "2017-03-31": "$0.52", "2016-12-31": "$0.55", "2016-09-30": "$0.69", "2016-06-30": "$0.44", "2016-03-31": "$-1.22", "2015-12-31": "$-3.42", "2015-09-30": "$-3.72", "2015-06-30": "$-3.57", "2015-03-31": "$-6.60", "2014-12-31": "$-4.59", "2014-09-30": "$-4.02", "2014-06-30": "$-4.38", "2014-03-31": "$0.97", "2013-12-31": "$0.82", "2013-09-30": "$-1.36", "2013-06-30": "$-0.23", "2013-03-31": "$-0.94", "2012-12-31": "$-0.49", "2012-09-30": "$1.71", "2012-06-30": "$0.64", "2012-03-31": "$2.45", "2011-12-31": "$1.44", "2011-09-30": "$1.06", "2011-06-30": "$1.38", "2011-03-31": "$0.40", "2010-12-31": "$1.40", "2010-09-30": "$1.64", "2010-06-30": "$1.66", "2010-03-31": "$1.68", "2009-12-31": "$1.72", "2009-09-30": "$-6.27", "2009-06-30": "$-6.39", "2009-03-31": "$-6.42", "2008-12-31": "$-6.45", "2008-09-30": "$0.31", "2008-06-30": "$0.44", "2008-03-31": "$0.35", "2007-12-31": "$0.31", "2007-09-30": "$-1.22", "2007-06-30": "$-1.28", "2007-03-31": "$-1.21", "2006-12-31": "$-1.23"}, "net worth": {"value": "$1.06B"}, "current ratio": {"2020-09-30": "1.83", "2020-06-30": "3.45", "2020-03-31": "2.92", "2019-12-31": "2.17", "2019-09-30": "2.09", "2019-06-30": "2.41", "2019-03-31": "1.55", "2018-12-31": "1.10", "2018-09-30": "4.49", "2018-06-30": "5.36", "2018-03-31": "1.52", "2017-12-31": "0.78", "2017-09-30": "1.34", "2017-06-30": "2.34", "2017-03-31": "1.06", "2016-12-31": "1.33", "2016-09-30": "1.42", "2016-06-30": "1.77", "2016-03-31": "1.37", "2015-12-31": "1.93", "2015-09-30": "2.07", "2015-06-30": "2.89", "2015-03-31": "2.67", "2014-12-31": "1.78", "2014-09-30": "2.82", "2014-06-30": "4.43", "2014-03-31": "1.99", "2013-12-31": "2.58", "2013-09-30": "2.86", "2013-06-30": "3.17", "2013-03-31": "2.36", "2012-12-31": "2.57", "2012-09-30": "1.47", "2012-06-30": "2.29", "2012-03-31": "3.75", "2011-12-31": "3.37", "2011-09-30": "5.15", "2011-06-30": "2.13", "2011-03-31": "1.24", "2010-12-31": "1.93", "2010-09-30": "1.04", "2010-06-30": "2.06", "2010-03-31": "0.94", "2009-12-31": "1.99", "2009-09-30": "7.09", "2009-06-30": "0.92", "2009-03-31": "1.26", "2008-12-31": "1.89", "2008-09-30": "1.44", "2008-06-30": "17.72", "2008-03-31": "1.13", "2007-12-31": "4.74", "2007-09-30": "0.82", "2007-06-30": "1.06", "2007-03-31": "2.52", "2006-12-31": "1.35", "2006-09-30": "2.72", "2006-06-30": "0.40", "2006-03-31": "0.35", "2005-12-31": "1.88", "2005-09-30": "0.42", "2005-06-30": "0.73", "2005-03-31": "0.95"}, "quick ratio": {"2020-09-30": "0.00", "2020-06-30": "0.00", "2020-03-31": "0.00", "2019-12-31": "0.00", "2019-09-30": "0.00", "2019-06-30": "0.00", "2019-03-31": "0.00", "2018-12-31": "0.00", "2018-09-30": "0.00", "2018-06-30": "0.00", "2018-03-31": "0.00", "2017-12-31": "0.00", "2017-09-30": "0.00", "2017-06-30": "0.00", "2017-03-31": "0.00", "2016-12-31": "0.00", "2016-09-30": "0.00", "2016-06-30": "0.00", "2016-03-31": "0.00", "2015-12-31": "0.00", "2015-09-30": "0.00", "2015-06-30": "0.00", "2015-03-31": "0.00", "2014-12-31": "0.00", "2014-09-30": "0.00", "2014-06-30": "0.00", "2014-03-31": "0.00", "2013-12-31": "0.00", "2013-09-30": "0.00", "2013-06-30": "0.00", "2013-03-31": "0.00", "2012-12-31": "0.00", "2012-09-30": "0.00", "2012-06-30": "0.00", "2012-03-31": "0.00", "2011-12-31": "0.00", "2011-09-30": "0.00", "2011-06-30": "0.00", "2011-03-31": "0.00", "2010-12-31": "0.00", "2010-09-30": "0.00", "2010-06-30": "0.00", "2010-03-31": "0.00", "2009-12-31": "0.00", "2009-09-30": "0.00", "2009-06-30": "0.00", "2009-03-31": "0.00", "2008-12-31": "0.00", "2008-09-30": "0.00", "2008-06-30": "0.00", "2008-03-31": "0.00", "2007-12-31": "0.00", "2007-09-30": "0.00", "2007-06-30": "0.00", "2007-03-31": "0.00", "2006-12-31": "0.00", "2006-09-30": "0.00", "2006-06-30": "0.00", "2006-03-31": "0.00", "2005-12-31": "0.00", "2005-09-30": "0.00", "2005-06-30": "0.00", "2005-03-31": "0.00"}, "debt equity ratio": {"current": "1.32", "2020-09-30": "1.47", "2020-06-30": "1.40", "2020-03-31": "1.41", "2019-12-31": "1.31", "2019-09-30": "1.33", "2019-06-30": "1.34", "2019-03-31": "1.30", "2018-12-31": "1.25", "2018-09-30": "1.20", "2018-06-30": "1.16", "2018-03-31": "1.16", "2017-12-31": "1.23", "2017-09-30": "1.19", "2017-06-30": "1.15", "2017-03-31": "1.11", "2016-12-31": "1.26", "2016-09-30": "1.23", "2016-06-30": "1.21", "2016-03-31": "1.15", "2015-12-31": "1.13", "2015-09-30": "1.10", "2015-06-30": "1.06", "2015-03-31": "0.83", "2014-12-31": "1.02", "2014-09-30": "1.01", "2014-06-30": "0.99", "2014-03-31": "0.74", "2013-12-31": "0.72", "2013-09-30": "0.73", "2013-06-30": "0.69", "2013-03-31": "0.67", "2012-12-31": "0.79", "2012-09-30": "0.74", "2012-06-30": "0.85", "2012-03-31": "0.79", "2011-12-31": "0.77", "2011-09-30": "0.73", "2011-06-30": "0.78", "2011-03-31": "0.67", "2010-12-31": "0.59", "2010-09-30": "0.62", "2010-06-30": "0.61", "2010-03-31": "0.57", "2009-12-31": "0.57", "2009-09-30": "0.54", "2009-06-30": "0.42", "2009-03-31": "0.38", "2008-12-31": "0.44", "2008-09-30": "0.35", "2008-06-30": "0.25", "2008-03-31": "0.41", "2007-12-31": "0.36", "2007-09-30": "0.38", "2007-06-30": "0.37", "2007-03-31": "0.37", "2006-12-31": "0.56", "2006-09-30": "0.74", "2006-06-30": "0.65", "2006-03-31": "0.62", "2005-12-31": "0.63", "2005-09-30": "0.66", "2005-06-30": "0.68", "2005-03-31": "0.63"}, "return on equity": {"2020-09-30": "-6.33%", "2020-06-30": "-3.41%", "2020-03-31": "-3.70%", "2019-12-31": "-2.93%", "2019-09-30": "-5.04%", "2019-06-30": "-2.51%", "2019-03-31": "2.47%", "2018-12-31": "8.55%", "2018-09-30": "13.92%", "2018-06-30": "13.68%", "2018-03-31": "10.54%", "2017-12-31": "4.41%", "2017-09-30": "3.77%", "2017-06-30": "3.61%", "2017-03-31": "4.32%", "2016-12-31": "4.32%", "2016-09-30": "3.27%", "2016-06-30": "3.50%", "2016-03-31": "3.34%", "2015-12-31": "3.54%", "2015-09-30": "4.68%", "2015-06-30": "4.83%", "2015-03-31": "5.10%", "2014-12-31": "5.43%", "2014-09-30": "6.45%", "2014-06-30": "6.61%", "2014-03-31": "5.58%", "2013-12-31": "5.37%", "2013-09-30": "4.46%", "2013-06-30": "4.07%", "2013-03-31": "5.24%", "2012-12-31": "5.34%", "2012-09-30": "5.20%", "2012-06-30": "5.56%", "2012-03-31": "6.52%", "2011-12-31": "6.76%", "2011-09-30": "6.80%", "2011-06-30": "7.08%", "2011-03-31": "5.98%", "2010-12-31": "6.06%", "2010-09-30": "6.13%", "2010-06-30": "5.45%", "2010-03-31": "5.80%", "2009-12-31": "5.96%", "2009-09-30": "6.10%", "2009-06-30": "6.98%", "2009-03-31": "6.53%", "2008-12-31": "6.43%", "2008-09-30": "6.61%", "2008-06-30": "6.74%", "2008-03-31": "7.48%", "2007-12-31": "7.39%", "2007-09-30": "7.86%", "2007-06-30": "7.76%", "2007-03-31": "7.44%", "2006-12-31": "7.08%", "2006-09-30": "6.50%", "2006-06-30": "6.44%", "2006-03-31": "6.71%", "2005-12-31": "7.21%"}, "return on assets": {"2020-09-30": "-2.64%", "2020-06-30": "-1.44%", "2020-03-31": "-1.58%", "2019-12-31": "-1.27%", "2019-09-30": "-2.19%", "2019-06-30": "-1.11%", "2019-03-31": "1.11%", "2018-12-31": "3.90%", "2018-09-30": "6.37%", "2018-06-30": "6.27%", "2018-03-31": "4.83%", "2017-12-31": "2.04%", "2017-09-30": "1.73%", "2017-06-30": "1.65%", "2017-03-31": "1.96%", "2016-12-31": "1.95%", "2016-09-30": "1.50%", "2016-06-30": "1.63%", "2016-03-31": "1.59%", "2015-12-31": "1.75%", "2015-09-30": "2.34%", "2015-06-30": "2.45%", "2015-03-31": "2.61%", "2014-12-31": "2.80%", "2014-09-30": "3.45%", "2014-06-30": "3.67%", "2014-03-31": "3.25%", "2013-12-31": "3.16%", "2013-09-30": "2.59%", "2013-06-30": "2.36%", "2013-03-31": "2.98%", "2012-12-31": "2.98%", "2012-09-30": "2.91%", "2012-06-30": "3.11%", "2012-03-31": "3.68%", "2011-12-31": "3.89%", "2011-09-30": "4.01%", "2011-06-30": "4.25%", "2011-03-31": "3.69%", "2010-12-31": "3.79%", "2010-09-30": "3.85%", "2010-06-30": "3.46%", "2010-03-31": "3.80%", "2009-12-31": "4.03%", "2009-09-30": "4.22%", "2009-06-30": "5.00%", "2009-03-31": "4.81%", "2008-12-31": "4.72%", "2008-09-30": "4.93%", "2008-06-30": "5.02%", "2008-03-31": "5.41%", "2007-12-31": "5.39%", "2007-09-30": "5.55%", "2007-06-30": "5.19%", "2007-03-31": "4.75%", "2006-12-31": "4.32%", "2006-09-30": "3.91%", "2006-06-30": "3.92%", "2006-03-31": "4.07%", "2005-12-31": "4.38%"}, "return on investments": {"2020-09-30": "-0.73%", "2020-06-30": "0.41%", "2020-03-31": "1.24%", "2019-12-31": "1.46%", "2019-09-30": "2.29%", "2019-06-30": "2.89%", "2019-03-31": "2.98%", "2018-12-31": "3.23%", "2018-09-30": "3.59%", "2018-06-30": "3.89%", "2018-03-31": "3.92%", "2017-12-31": "3.99%", "2017-09-30": "4.37%", "2017-06-30": "4.31%", "2017-03-31": "4.44%", "2016-12-31": "4.40%", "2016-09-30": "4.38%", "2016-06-30": "4.45%", "2016-03-31": "4.44%", "2015-12-31": "4.61%", "2015-09-30": "4.79%", "2015-06-30": "4.98%", "2015-03-31": "5.12%", "2014-12-31": "5.32%", "2014-09-30": "5.42%", "2014-06-30": "5.54%", "2014-03-31": "5.73%", "2013-12-31": "5.66%", "2013-09-30": "5.62%", "2013-06-30": "5.56%", "2013-03-31": "5.62%", "2012-12-31": "5.69%", "2012-09-30": "5.55%", "2012-06-30": "5.61%", "2012-03-31": "5.69%", "2011-12-31": "5.82%", "2011-09-30": "6.02%", "2011-06-30": "6.24%", "2011-03-31": "6.44%", "2010-12-31": "6.52%", "2010-09-30": "6.77%", "2010-06-30": "6.63%", "2010-03-31": "6.63%", "2009-12-31": "6.68%", "2009-09-30": "6.68%", "2009-06-30": "6.88%", "2009-03-31": "6.84%", "2008-12-31": "6.87%", "2008-09-30": "7.04%", "2008-06-30": "7.33%", "2008-03-31": "7.75%", "2007-12-31": "7.90%", "2007-09-30": "8.24%", "2007-06-30": "8.07%", "2007-03-31": "8.01%", "2006-12-31": "8.03%", "2006-09-30": "7.41%", "2006-06-30": "7.49%", "2006-03-31": "7.43%", "2005-12-31": "7.35%"}, "return on tangible equity": {"2020-09-30": "-6.33%", "2020-06-30": "-3.41%", "2020-03-31": "-3.70%", "2019-12-31": "-2.93%", "2019-09-30": "-5.04%", "2019-06-30": "-2.51%", "2019-03-31": "2.47%", "2018-12-31": "8.55%", "2018-09-30": "13.92%", "2018-06-30": "13.68%", "2018-03-31": "10.54%", "2017-12-31": "4.41%", "2017-09-30": "3.77%", "2017-06-30": "3.61%", "2017-03-31": "4.32%", "2016-12-31": "4.32%", "2016-09-30": "3.27%", "2016-06-30": "3.50%", "2016-03-31": "3.34%", "2015-12-31": "3.54%", "2015-09-30": "4.68%", "2015-06-30": "4.83%", "2015-03-31": "5.10%", "2014-12-31": "5.43%", "2014-09-30": "6.45%", "2014-06-30": "6.61%", "2014-03-31": "5.58%", "2013-12-31": "5.37%", "2013-09-30": "4.46%", "2013-06-30": "4.07%", "2013-03-31": "5.24%", "2012-12-31": "5.34%", "2012-09-30": "5.20%", "2012-06-30": "5.56%", "2012-03-31": "6.52%", "2011-12-31": "6.76%", "2011-09-30": "6.80%", "2011-06-30": "7.08%", "2011-03-31": "5.98%", "2010-12-31": "6.06%", "2010-09-30": "6.13%", "2010-06-30": "5.45%", "2010-03-31": "5.80%", "2009-12-31": "5.96%", "2009-09-30": "6.10%", "2009-06-30": "6.98%", "2009-03-31": "6.53%", "2008-12-31": "6.43%", "2008-09-30": "6.61%", "2008-06-30": "6.74%", "2008-03-31": "7.48%", "2007-12-31": "7.39%", "2007-09-30": "7.86%", "2007-06-30": "7.76%", "2007-03-31": "7.44%", "2006-12-31": "7.08%", "2006-09-30": "6.50%", "2006-06-30": "6.44%", "2006-03-31": "6.71%", "2005-12-31": "7.21%"}, "dividend yield history": {"last payout": "$0.04", "last yield": "0.90%"}}