{"ticker": "DLR", "price": {"title": "Digital Realty Trust Historical Annual Stock Price Data", "value": 144.82, "historical": {"2020": {"Average Stock Price": "140.5002", "Year Open": "118.0000", "Year High": "161.1000", "Year Low": "107.9000", "Year Close": "139.5100", "Annual % Change": "16.51%"}, "2019": {"Average Stock Price": "118.9336", "Year Open": "103.1900", "Year High": "135.7400", "Year Low": "101.8300", "Year Close": "119.7400", "Annual % Change": "12.38%"}, "2018": {"Average Stock Price": "110.4766", "Year Open": "112.6600", "Year High": "124.3000", "Year Low": "97.9500", "Year Close": "106.5500", "Annual % Change": "-6.45%"}, "2017": {"Average Stock Price": "113.2743", "Year Open": "99.3600", "Year High": "126.0400", "Year Low": "99.3600", "Year Close": "113.9000", "Annual % Change": "15.92%"}, "2016": {"Average Stock Price": "92.7959", "Year Open": "76.2000", "Year High": "112.1000", "Year Low": "72.5000", "Year Close": "98.2600", "Annual % Change": "29.94%"}, "2015": {"Average Stock Price": "67.9042", "Year Open": "66.4100", "Year High": "77.0100", "Year Low": "61.5200", "Year Close": "75.6200", "Annual % Change": "14.06%"}, "2014": {"Average Stock Price": "59.7005", "Year Open": "49.4700", "Year High": "70.2700", "Year Low": "49.4700", "Year Close": "66.3000", "Annual % Change": "34.98%"}, "2013": {"Average Stock Price": "59.8023", "Year Open": "68.7600", "Year High": "73.7700", "Year Low": "44.5300", "Year Close": "49.1200", "Annual % Change": "-27.65%"}, "2012": {"Average Stock Price": "70.7685", "Year Open": "66.3500", "Year High": "80.3100", "Year Low": "59.2800", "Year Close": "67.8900", "Annual % Change": "1.83%"}, "2011": {"Average Stock Price": "59.0806", "Year Open": "52.1100", "Year High": "67.1400", "Year Low": "50.6300", "Year Close": "66.6700", "Annual % Change": "29.36%"}, "2010": {"Average Stock Price": "56.4293", "Year Open": "50.1500", "Year High": "63.9400", "Year Low": "46.6900", "Year Close": "51.5400", "Annual % Change": "2.51%"}, "2009": {"Average Stock Price": "39.0068", "Year Open": "31.3800", "Year High": "50.2800", "Year Low": "26.3300", "Year Close": "50.2800", "Annual % Change": "53.06%"}, "2008": {"Average Stock Price": "37.6681", "Year Open": "38.5000", "Year High": "49.2800", "Year Low": "21.2900", "Year Close": "32.8500", "Annual % Change": "-14.39%"}, "2007": {"Average Stock Price": "38.6053", "Year Open": "34.5700", "Year High": "43.9900", "Year Low": "33.1500", "Year Close": "38.3700", "Annual % Change": "12.09%"}, "2006": {"Average Stock Price": "28.6933", "Year Open": "22.7500", "Year High": "37.2200", "Year Low": "22.7500", "Year Close": "34.2300", "Annual % Change": "51.26%"}, "2005": {"Average Stock Price": "17.1635", "Year Open": "13.5900", "Year High": "23.7100", "Year Low": "13.2000", "Year Close": "22.6300", "Annual % Change": "68.00%"}, "2004": {"Average Stock Price": "12.7895", "Year Open": "12.0000", "Year High": "13.9400", "Year Low": "12.0000", "Year Close": "13.4700", "Annual % Change": "0.00%"}}}, "market cap": {"value": "$41.53B"}, "income statement": {"Revenue": {"2019-12-31": "3209.24100", "2018-12-31": "3046.47800", "2017-12-31": "2457.92800", "2016-12-31": "2142.21300", "2015-12-31": "1763.33600", "2014-12-31": "1616.43800", "2013-12-31": "1482.25900", "2012-12-31": "1279.06700", "2011-12-31": "1062.71000", "2010-12-31": "865.40100", "2009-12-31": "637.14200", "2008-12-31": "527.44500", "2007-12-31": "395.24700", "2006-12-31": "272.07600", "2005-12-31": "191.62100"}, "Cost Of Goods Sold": {"2019-12-31": "1192.76100", "2018-12-31": "1097.98300", "2017-12-31": "894.61100", "2016-12-31": "772.16600", "2015-12-31": "651.28200", "2014-12-31": "603.32100", "2013-12-31": "555.66000", "2012-12-31": "460.30200", "2011-12-31": "365.89200", "2010-12-31": "302.79000", "2009-12-31": "216.15300", "2008-12-31": "187.23700", "2007-12-31": "141.93300", "2006-12-31": "89.82700", "2005-12-31": "62.09900"}, "Gross Profit": {"2019-12-31": "2016.48000", "2018-12-31": "1948.49500", "2017-12-31": "1563.31700", "2016-12-31": "1370.04700", "2015-12-31": "1112.05400", "2014-12-31": "1013.11700", "2013-12-31": "926.59900", "2012-12-31": "818.76500", "2011-12-31": "696.81800", "2010-12-31": "562.61100", "2009-12-31": "420.98900", "2008-12-31": "340.20800", "2007-12-31": "253.31400", "2006-12-31": "182.24900", "2005-12-31": "129.52200"}, "Research And Development Expenses": {"2019-12-31": "", "2018-12-31": "", "2017-12-31": "", "2016-12-31": "", "2015-12-31": "", "2014-12-31": "", "2013-12-31": "", "2012-12-31": "", "2011-12-31": "", "2010-12-31": "", "2009-12-31": "", "2008-12-31": "", "2007-12-31": "", "2006-12-31": "", "2005-12-31": ""}, "SG&A Expenses": {"2019-12-31": "211.09700", "2018-12-31": "163.66700", "2017-12-31": "161.44100", "2016-12-31": "152.73300", "2015-12-31": "105.54900", "2014-12-31": "93.18800", "2013-12-31": "65.65300", "2012-12-31": "57.20900", "2011-12-31": "53.62400", "2010-12-31": "47.19600", "2009-12-31": "39.98800", "2008-12-31": "37.65200", "2007-12-31": "30.78600", "2006-12-31": "20.44100", "2005-12-31": "12.61500"}, "Other Operating Income Or Expenses": {"2019-12-31": "-47.39400", "2018-12-31": "-48.14500", "2017-12-31": "-108.11700", "2016-12-31": "-20.70400", "2015-12-31": "-34.06700", "2014-12-31": "-122.75000", "2013-12-31": "-3.67000", "2012-12-31": "-12.92500", "2011-12-31": "-28.45900", "2010-12-31": "-9.20600", "2009-12-31": "-5.16000", "2008-12-31": "-1.82300", "2007-12-31": "-0.43100", "2006-12-31": "-1.11100", "2005-12-31": "-1.61700"}, "Operating Expenses": {"2019-12-31": "2615.02600", "2018-12-31": "2496.69100", "2017-12-31": "2006.63300", "2016-12-31": "1644.92700", "2015-12-31": "1361.42500", "2014-12-31": "1357.77200", "2013-12-31": "1100.44700", "2012-12-31": "912.98900", "2011-12-31": "758.40000", "2010-12-31": "623.09500", "2009-12-31": "459.35300", "2008-12-31": "399.09000", "2007-12-31": "307.56900", "2006-12-31": "197.50800", "2005-12-31": "132.03300"}, "Operating Income": {"2019-12-31": "594.21480", "2018-12-31": "549.78710", "2017-12-31": "451.29500", "2016-12-31": "497.28590", "2015-12-31": "401.91110", "2014-12-31": "258.66600", "2013-12-31": "381.81200", "2012-12-31": "366.07810", "2011-12-31": "304.30990", "2010-12-31": "242.30600", "2009-12-31": "177.78900", "2008-12-31": "128.35500", "2007-12-31": "87.67800", "2006-12-31": "74.56800", "2005-12-31": "59.58800"}, "Total Non-Operating Income/Expense": {"2019-12-31": "17.00100", "2018-12-31": "-206.58800", "2017-12-31": "-187.12700", "2016-12-31": "-55.04900", "2015-12-31": "-93.86900", "2014-12-31": "-50.01300", "2013-12-31": "-60.07100", "2012-12-31": "-147.38400", "2011-12-31": "-142.22600", "2010-12-31": "-135.04300", "2009-12-31": "-85.51700", "2008-12-31": "-59.32800", "2007-12-31": "-64.31800", "2006-12-31": "-48.67500", "2005-12-31": "-35.12800"}, "Pre-Tax Income": {"2019-12-31": "611.21600", "2018-12-31": "343.19900", "2017-12-31": "264.16800", "2016-12-31": "442.23700", "2015-12-31": "308.04200", "2014-12-31": "208.65300", "2013-12-31": "321.74100", "2012-12-31": "218.69400", "2011-12-31": "162.08400", "2010-12-31": "107.26300", "2009-12-31": "92.27200", "2008-12-31": "69.02700", "2007-12-31": "23.36000", "2006-12-31": "25.89300", "2005-12-31": "24.46000"}, "Income Taxes": {"2019-12-31": "11.99500", "2018-12-31": "2.08400", "2017-12-31": "7.90100", "2016-12-31": "10.38500", "2015-12-31": "6.45100", "2014-12-31": "5.23800", "2013-12-31": "1.29200", "2012-12-31": "2.64700", "2011-12-31": "-0.04200", "2010-12-31": "1.85100", "2009-12-31": "1.03800", "2008-12-31": "1.10900", "2007-12-31": "0.81400", "2006-12-31": "", "2005-12-31": ""}, "Income After Taxes": {"2019-12-31": "599.22100", "2018-12-31": "341.11500", "2017-12-31": "256.26700", "2016-12-31": "431.85200", "2015-12-31": "301.59100", "2014-12-31": "203.41500", "2013-12-31": "320.44900", "2012-12-31": "216.04700", "2011-12-31": "162.12600", "2010-12-31": "105.41200", "2009-12-31": "91.23400", "2008-12-31": "67.91800", "2007-12-31": "22.54600", "2006-12-31": "25.89300", "2005-12-31": "24.46000"}, "Other Income": {"2019-12-31": "", "2018-12-31": "", "2017-12-31": "", "2016-12-31": "", "2015-12-31": "", "2014-12-31": "", "2013-12-31": "", "2012-12-31": "", "2011-12-31": "", "2010-12-31": "", "2009-12-31": "", "2008-12-31": "", "2007-12-31": "", "2006-12-31": "", "2005-12-31": ""}, "Income From Continuous Operations": {"2019-12-31": "599.22100", "2018-12-31": "341.11500", "2017-12-31": "256.26700", "2016-12-31": "431.85200", "2015-12-31": "301.59100", "2014-12-31": "203.41500", "2013-12-31": "320.44900", "2012-12-31": "216.04700", "2011-12-31": "162.12600", "2010-12-31": "105.41200", "2009-12-31": "91.23400", "2008-12-31": "67.91800", "2007-12-31": "22.54600", "2006-12-31": "20.78000", "2005-12-31": "16.10100"}, "Income From Discontinued Operations": {"2019-12-31": "", "2018-12-31": "", "2017-12-31": "", "2016-12-31": "", "2015-12-31": "", "2014-12-31": "", "2013-12-31": "", "2012-12-31": "", "2011-12-31": "", "2010-12-31": "", "2009-12-31": "", "2008-12-31": "", "2007-12-31": "19.44400", "2006-12-31": "10.61200", "2005-12-31": ""}, "Net Income": {"2019-12-31": "493.01100", "2018-12-31": "249.93000", "2017-12-31": "173.14800", "2016-12-31": "332.08800", "2015-12-31": "217.26600", "2014-12-31": "132.71800", "2013-12-31": "271.58300", "2012-12-31": "171.66200", "2011-12-31": "130.86800", "2010-12-31": "58.33900", "2009-12-31": "47.25800", "2008-12-31": "29.01900", "2007-12-31": "18.90700", "2006-12-31": "17.61200", "2005-12-31": "6.08700"}, "EBITDA": {"2019-12-31": "1825.61300", "2018-12-31": "1805.44700", "2017-12-31": "1329.67600", "2016-12-31": "1218.21600", "2015-12-31": "979.97520", "2014-12-31": "816.02200", "2013-12-31": "868.61700", "2012-12-31": "760.07310", "2011-12-31": "631.71000", "2010-12-31": "523.76100", "2009-12-31": "389.10500", "2008-12-31": "308.86300", "2007-12-31": "224.14500", "2006-12-31": "163.69400", "2005-12-31": "123.05500"}, "EBIT": {"2019-12-31": "594.21480", "2018-12-31": "549.78710", "2017-12-31": "451.29500", "2016-12-31": "497.28590", "2015-12-31": "401.91110", "2014-12-31": "258.66600", "2013-12-31": "381.81200", "2012-12-31": "366.07810", "2011-12-31": "304.30990", "2010-12-31": "242.30600", "2009-12-31": "177.78900", "2008-12-31": "128.35500", "2007-12-31": "87.67800", "2006-12-31": "74.56800", "2005-12-31": "59.58800"}, "Basic Shares Outstanding": {"2019-12-31": "208.32600", "2018-12-31": "206.03500", "2017-12-31": "174.05900", "2016-12-31": "149.95400", "2015-12-31": "138.24800", "2014-12-31": "133.36900", "2013-12-31": "127.94100", "2012-12-31": "115.71800", "2011-12-31": "98.40500", "2010-12-31": "84.27500", "2009-12-31": "75.95000", "2008-12-31": "68.82900", "2007-12-31": "60.52800", "2006-12-31": "36.13500", "2005-12-31": "23.98600"}, "Shares Outstanding": {"2019-12-31": "209.46200", "2018-12-31": "206.67300", "2017-12-31": "174.89500", "2016-12-31": "150.68000", "2015-12-31": "138.86500", "2014-12-31": "133.63700", "2013-12-31": "128.12800", "2012-12-31": "116.00700", "2011-12-31": "99.17000", "2010-12-31": "86.01300", "2009-12-31": "77.02100", "2008-12-31": "70.43600", "2007-12-31": "62.57300", "2006-12-31": "37.44200", "2005-12-31": "24.22200"}, "Basic EPS": {"2019-12-31": "2.37000", "2018-12-31": "1.21000", "2017-12-31": "0.99000", "2016-12-31": "2.21000", "2015-12-31": "1.57000", "2014-12-31": "1.00000", "2013-12-31": "2.12000", "2012-12-31": "1.48000", "2011-12-31": "1.33000", "2010-12-31": "0.69000", "2009-12-31": "0.62000", "2008-12-31": "0.39000", "2007-12-31": "0.31000", "2006-12-31": "0.49000", "2005-12-31": "0.25000"}, "EPS - Earnings Per Share": {"2019-12-31": "2.35000", "2018-12-31": "1.21000", "2017-12-31": "0.99000", "2016-12-31": "2.20000", "2015-12-31": "1.56000", "2014-12-31": "0.99000", "2013-12-31": "2.12000", "2012-12-31": "1.48000", "2011-12-31": "1.32000", "2010-12-31": "0.68000", "2009-12-31": "0.61000", "2008-12-31": "0.38000", "2007-12-31": "0.30000", "2006-12-31": "0.47000", "2005-12-31": "0.25000"}}, "income statement, quarterly": {"Revenue": {"2020-09-30": "1024.66800", "2020-06-30": "992.99500", "2020-03-31": "823.33700", "2019-12-31": "787.46290", "2019-09-30": "806.46600", "2019-06-30": "800.79700", "2019-03-31": "814.51500", "2018-12-31": "778.26700", "2018-09-30": "768.92400", "2018-06-30": "754.91900", "2018-03-31": "744.36800", "2017-12-31": "731.44490", "2017-09-30": "609.92500", "2017-06-30": "565.98900", "2017-03-31": "550.56900", "2016-12-31": "576.78690", "2016-09-30": "546.29300", "2016-06-30": "514.93400", "2016-03-31": "504.19900", "2015-12-31": "500.44300", "2015-09-30": "435.98900", "2015-06-30": "420.29500", "2015-03-31": "406.60900", "2014-12-31": "412.21590", "2014-09-30": "412.18600", "2014-06-30": "401.44600", "2014-03-31": "390.59000", "2013-12-31": "380.93100", "2013-09-30": "379.45600", "2013-06-30": "363.50200", "2013-03-31": "358.37000", "2012-12-31": "349.73600", "2012-09-30": "342.47900", "2012-06-30": "303.70400", "2012-03-31": "283.14800", "2011-12-31": "270.61190", "2011-09-30": "273.47600", "2011-06-30": "267.88100", "2011-03-31": "250.74100", "2010-12-31": "238.67200", "2010-09-30": "237.48600", "2010-06-30": "197.46400", "2010-03-31": "191.77900", "2009-12-31": "169.77400", "2009-09-30": "163.22700", "2009-06-30": "155.00700", "2009-03-31": "149.13400", "2008-12-31": "147.10600", "2008-09-30": "142.01600", "2008-06-30": "123.77600", "2008-03-31": "114.54700", "2007-12-31": "105.90300", "2007-09-30": "104.79400", "2007-06-30": "95.58300", "2007-03-31": "88.96700", "2006-12-31": "82.04500", "2006-09-30": "70.67300", "2006-06-30": "62.23700", "2006-03-31": "57.12100", "2005-12-31": "49.22900", "2005-09-30": "54.82200", "2005-06-30": "48.05900", "2005-03-31": "39.51100"}, "Cost Of Goods Sold": {"2020-09-30": "401.33800", "2020-06-30": "381.08800", "2020-03-31": "311.37800", "2019-12-31": "299.75700", "2019-09-30": "300.78900", "2019-06-30": "296.95500", "2019-03-31": "295.26000", "2018-12-31": "289.64200", "2018-09-30": "283.49500", "2018-06-30": "260.21200", "2018-03-31": "264.63400", "2017-12-31": "265.07100", "2017-09-30": "225.23700", "2017-06-30": "205.45300", "2017-03-31": "198.85000", "2016-12-31": "198.73500", "2016-09-30": "200.28200", "2016-06-30": "189.23800", "2016-03-31": "183.91100", "2015-12-31": "186.07700", "2015-09-30": "162.63100", "2015-06-30": "152.59300", "2015-03-31": "149.98100", "2014-12-31": "152.78700", "2014-09-30": "158.80400", "2014-06-30": "149.28700", "2014-03-31": "142.44300", "2013-12-31": "141.16300", "2013-09-30": "157.45200", "2013-06-30": "128.31800", "2013-03-31": "128.72700", "2012-12-31": "129.47500", "2012-09-30": "127.10500", "2012-06-30": "105.60500", "2012-03-31": "98.11700", "2011-12-31": "93.17000", "2011-09-30": "97.18000", "2011-06-30": "88.29700", "2011-03-31": "87.24500", "2010-12-31": "77.14900", "2010-09-30": "90.06100", "2010-06-30": "68.52900", "2010-03-31": "67.05100", "2009-12-31": "53.90700", "2009-09-30": "56.06800", "2009-06-30": "52.93800", "2009-03-31": "53.24000", "2008-12-31": "50.76400", "2008-09-30": "49.80000", "2008-06-30": "45.66300", "2008-03-31": "41.01000", "2007-12-31": "39.34800", "2007-09-30": "39.75400", "2007-06-30": "32.62600", "2007-03-31": "30.20500", "2006-12-31": "27.10200", "2006-09-30": "22.86200", "2006-06-30": "21.09400", "2006-03-31": "18.76900", "2005-12-31": "17.61900", "2005-09-30": "18.65700", "2005-06-30": "14.39800", "2005-03-31": "11.42500"}, "Gross Profit": {"2020-09-30": "623.33000", "2020-06-30": "611.90700", "2020-03-31": "511.95900", "2019-12-31": "487.70590", "2019-09-30": "505.67700", "2019-06-30": "503.84200", "2019-03-31": "519.25500", "2018-12-31": "488.62510", "2018-09-30": "485.42900", "2018-06-30": "494.70700", "2018-03-31": "479.73400", "2017-12-31": "466.37390", "2017-09-30": "384.68800", "2017-06-30": "360.53600", "2017-03-31": "351.71900", "2016-12-31": "378.05190", "2016-09-30": "346.01100", "2016-06-30": "325.69600", "2016-03-31": "320.28800", "2015-12-31": "314.36600", "2015-09-30": "273.35800", "2015-06-30": "267.70200", "2015-03-31": "256.62800", "2014-12-31": "259.42890", "2014-09-30": "253.38200", "2014-06-30": "252.15900", "2014-03-31": "248.14700", "2013-12-31": "239.76800", "2013-09-30": "222.00400", "2013-06-30": "235.18400", "2013-03-31": "229.64300", "2012-12-31": "220.26100", "2012-09-30": "215.37400", "2012-06-30": "198.09900", "2012-03-31": "185.03100", "2011-12-31": "177.44190", "2011-09-30": "176.29600", "2011-06-30": "179.58400", "2011-03-31": "163.49600", "2010-12-31": "161.52300", "2010-09-30": "147.42500", "2010-06-30": "128.93500", "2010-03-31": "124.72800", "2009-12-31": "115.86700", "2009-09-30": "107.15900", "2009-06-30": "102.06900", "2009-03-31": "95.89400", "2008-12-31": "96.34200", "2008-09-30": "92.21600", "2008-06-30": "78.11300", "2008-03-31": "73.53700", "2007-12-31": "66.55500", "2007-09-30": "65.04000", "2007-06-30": "62.95700", "2007-03-31": "58.76200", "2006-12-31": "54.94300", "2006-09-30": "47.81100", "2006-06-30": "41.14300", "2006-03-31": "38.35200", "2005-12-31": "31.61000", "2005-09-30": "36.16500", "2005-06-30": "33.66100", "2005-03-31": "28.08600"}, "Research And Development Expenses": {"2020-09-30": "", "2020-06-30": "", "2020-03-31": "", "2019-12-31": "", "2019-09-30": "", "2019-06-30": "", "2019-03-31": "", "2018-12-31": "", "2018-09-30": "", "2018-06-30": "", "2018-03-31": "", "2017-12-31": "", "2017-09-30": "", "2017-06-30": "", "2017-03-31": "", "2016-12-31": "", "2016-09-30": "", "2016-06-30": "", "2016-03-31": "", "2015-12-31": "", "2015-09-30": "", "2015-06-30": "", "2015-03-31": "", "2014-12-31": "", "2014-09-30": "", "2014-06-30": "", "2014-03-31": "", "2013-12-31": "", "2013-09-30": "", "2013-06-30": "", "2013-03-31": "", "2012-12-31": "", "2012-09-30": "", "2012-06-30": "", "2012-03-31": "", "2011-12-31": "", "2011-09-30": "", "2011-06-30": "", "2011-03-31": "", "2010-12-31": "", "2010-09-30": "", "2010-06-30": "", "2010-03-31": "", "2009-12-31": "", "2009-09-30": "", "2009-06-30": "", "2009-03-31": "", "2008-12-31": "", "2008-09-30": "", "2008-06-30": "", "2008-03-31": "", "2007-12-31": "", "2007-09-30": "", "2007-06-30": "", "2007-03-31": "", "2006-12-31": "", "2006-09-30": "", "2006-06-30": "", "2006-03-31": "", "2005-12-31": "", "2005-09-30": "", "2005-06-30": "", "2005-03-31": ""}, "SG&A Expenses": {"2020-09-30": "91.35200", "2020-06-30": "94.29100", "2020-03-31": "63.53800", "2019-12-31": "54.67000", "2019-09-30": "49.98500", "2019-06-30": "52.98300", "2019-03-31": "53.45900", "2018-12-31": "39.40300", "2018-09-30": "41.64200", "2018-06-30": "46.09900", "2018-03-31": "36.52300", "2017-12-31": "45.52000", "2017-09-30": "43.76500", "2017-06-30": "37.50900", "2017-03-31": "34.64700", "2016-12-31": "41.15300", "2016-09-30": "46.13500", "2016-06-30": "34.18900", "2016-03-31": "31.25600", "2015-12-31": "35.98700", "2015-09-30": "22.75500", "2015-06-30": "25.61300", "2015-03-31": "21.19400", "2014-12-31": "21.48000", "2014-09-30": "20.70900", "2014-06-30": "20.32100", "2014-03-31": "30.67800", "2013-12-31": "15.53600", "2013-09-30": "16.27500", "2013-06-30": "17.89100", "2013-03-31": "15.95100", "2012-12-31": "13.44100", "2012-09-30": "14.40900", "2012-06-30": "15.10900", "2012-03-31": "14.25000", "2011-12-31": "12.54200", "2011-09-30": "14.60000", "2011-06-30": "14.07700", "2011-03-31": "12.40500", "2010-12-31": "12.22500", "2010-09-30": "11.87800", "2010-06-30": "12.57400", "2010-03-31": "10.51900", "2009-12-31": "9.57700", "2009-09-30": "10.35100", "2009-06-30": "9.95800", "2009-03-31": "10.10200", "2008-12-31": "7.92200", "2008-09-30": "11.26100", "2008-06-30": "9.68600", "2008-03-31": "8.78300", "2007-12-31": "7.34500", "2007-09-30": "7.77500", "2007-06-30": "8.45600", "2007-03-31": "7.21000", "2006-12-31": "6.53500", "2006-09-30": "4.98600", "2006-06-30": "4.67400", "2006-03-31": "4.24600", "2005-12-31": "4.42500", "2005-09-30": "3.32400", "2005-06-30": "2.45300", "2005-03-31": "2.41300"}, "Other Operating Income Or Expenses": {"2020-09-30": "-21.73300", "2020-06-30": "-15.64000", "2020-03-31": "-56.91500", "2019-12-31": "-19.09500", "2019-09-30": "-4.20700", "2019-06-30": "-11.32500", "2019-03-31": "-12.76700", "2018-12-31": "-27.01300", "2018-09-30": "-10.76500", "2018-06-30": "-5.75800", "2018-03-31": "-4.60900", "2017-12-31": "-15.68300", "2017-09-30": "-74.85200", "2017-06-30": "-14.25900", "2017-03-31": "-3.32300", "2016-12-31": "-9.19600", "2016-09-30": "-5.99300", "2016-06-30": "-3.61500", "2016-03-31": "-1.90000", "2015-12-31": "-64.01300", "2015-09-30": "-9.49900", "2015-06-30": "-3.51200", "2015-03-31": "42.95700", "2014-12-31": "-110.78800", "2014-09-30": "-12.82700", "2014-06-30": "-2.29300", "2014-03-31": "3.15800", "2013-12-31": "0.59900", "2013-09-30": "0.64600", "2013-06-30": "-1.43200", "2013-03-31": "-3.48300", "2012-12-31": "-4.46400", "2012-09-30": "-2.05000", "2012-06-30": "-5.54100", "2012-03-31": "-0.87000", "2011-12-31": "-2.98900", "2011-09-30": "-11.02300", "2011-06-30": "-11.93900", "2011-03-31": "-2.50800", "2010-12-31": "-0.35500", "2010-09-30": "-5.01800", "2010-06-30": "-2.35100", "2010-03-31": "-1.48200", "2009-12-31": "-4.08000", "2009-09-30": "-0.71300", "2009-06-30": "-0.08200", "2009-03-31": "-0.28500", "2008-12-31": "-0.76500", "2008-09-30": "-0.74900", "2008-06-30": "-0.00200", "2008-03-31": "-0.30700", "2007-12-31": "0.38000", "2007-09-30": "-0.49500", "2007-06-30": "-0.12800", "2007-03-31": "-0.18800", "2006-12-31": "-0.17300", "2006-09-30": "-0.60700", "2006-06-30": "-0.15000", "2006-03-31": "-0.18100", "2005-12-31": "-0.02900", "2005-09-30": "-0.10600", "2005-06-30": "-0.96100", "2005-03-31": "-0.52100"}, "Operating Expenses": {"2020-09-30": "880.26500", "2020-06-30": "840.18410", "2020-03-31": "723.28800", "2019-12-31": "648.53020", "2019-09-30": "641.69890", "2019-06-30": "651.82500", "2019-03-31": "672.97200", "2018-12-31": "655.41990", "2018-09-30": "629.85900", "2018-06-30": "610.85700", "2018-03-31": "600.55500", "2017-12-31": "614.24690", "2017-09-30": "543.76800", "2017-06-30": "435.33200", "2017-03-31": "413.28600", "2016-12-31": "425.66500", "2016-09-30": "430.54300", "2016-06-30": "402.63600", "2016-03-31": "386.08300", "2015-12-31": "459.03290", "2015-09-30": "331.85900", "2015-06-30": "313.24200", "2015-03-31": "257.29100", "2014-12-31": "418.38200", "2014-09-30": "329.81400", "2014-06-30": "308.99300", "2014-03-31": "300.58300", "2013-12-31": "282.87600", "2013-09-30": "294.27900", "2013-06-30": "263.50800", "2013-03-31": "259.78400", "2012-12-31": "255.09800", "2012-09-30": "245.40400", "2012-06-30": "215.25500", "2012-03-31": "197.23200", "2011-12-31": "189.31310", "2011-09-30": "201.85000", "2011-06-30": "191.16100", "2011-03-31": "176.07600", "2010-12-31": "166.11190", "2010-09-30": "177.08500", "2010-06-30": "143.31400", "2010-03-31": "136.58400", "2009-12-31": "119.69000", "2009-09-30": "117.57100", "2009-06-30": "112.16100", "2009-03-31": "109.93100", "2008-12-31": "106.53700", "2008-09-30": "108.35800", "2008-06-30": "94.94200", "2008-03-31": "89.25300", "2007-12-31": "84.15600", "2007-09-30": "83.36900", "2007-06-30": "73.04200", "2007-03-31": "67.00200", "2006-12-31": "61.10100", "2006-09-30": "52.22200", "2006-06-30": "44.45200", "2006-03-31": "39.73300", "2005-12-31": "35.59500", "2005-09-30": "38.39600", "2005-06-30": "31.54000", "2005-03-31": "26.50200"}, "Operating Income": {"2020-09-30": "144.40300", "2020-06-30": "152.81090", "2020-03-31": "100.04900", "2019-12-31": "138.93270", "2019-09-30": "164.76710", "2019-06-30": "148.97200", "2019-03-31": "141.54300", "2018-12-31": "122.84720", "2018-09-30": "139.06500", "2018-06-30": "144.06200", "2018-03-31": "143.81300", "2017-12-31": "117.19800", "2017-09-30": "66.15700", "2017-06-30": "130.65700", "2017-03-31": "137.28300", "2016-12-31": "151.12180", "2016-09-30": "115.75000", "2016-06-30": "112.29800", "2016-03-31": "118.11600", "2015-12-31": "41.41010", "2015-09-30": "104.13000", "2015-06-30": "107.05300", "2015-03-31": "149.31800", "2014-12-31": "-6.16600", "2014-09-30": "82.37200", "2014-06-30": "92.45300", "2014-03-31": "90.00700", "2013-12-31": "98.05490", "2013-09-30": "85.17700", "2013-06-30": "99.99400", "2013-03-31": "98.58600", "2012-12-31": "94.63810", "2012-09-30": "97.07500", "2012-06-30": "88.44900", "2012-03-31": "85.91600", "2011-12-31": "81.29880", "2011-09-30": "71.62600", "2011-06-30": "76.72000", "2011-03-31": "74.66500", "2010-12-31": "72.56010", "2010-09-30": "60.40100", "2010-06-30": "54.15000", "2010-03-31": "55.19500", "2009-12-31": "50.08400", "2009-09-30": "45.65600", "2009-06-30": "42.84600", "2009-03-31": "39.20300", "2008-12-31": "40.56900", "2008-09-30": "33.65800", "2008-06-30": "28.83400", "2008-03-31": "25.29400", "2007-12-31": "21.74700", "2007-09-30": "21.42500", "2007-06-30": "22.54100", "2007-03-31": "21.96500", "2006-12-31": "20.94400", "2006-09-30": "18.45100", "2006-06-30": "17.78500", "2006-03-31": "17.38800", "2005-12-31": "13.63400", "2005-09-30": "16.42600", "2005-06-30": "16.51900", "2005-03-31": "13.00900"}, "Total Non-Operating Income/Expense": {"2020-09-30": "-129.80400", "2020-06-30": "-65.34300", "2020-03-31": "135.83100", "2019-12-31": "208.66200", "2019-09-30": "-92.36700", "2019-06-30": "-83.01400", "2019-03-31": "-16.28000", "2018-12-31": "-76.09300", "2018-09-30": "-46.36900", "2018-06-30": "-53.78200", "2018-03-31": "-30.34400", "2017-12-31": "-36.99500", "2017-09-30": "-51.18800", "2017-06-30": "-48.44700", "2017-03-31": "-50.49700", "2016-12-31": "-52.67800", "2016-09-30": "110.40500", "2016-06-30": "-59.10200", "2016-03-31": "-53.67400", "2015-12-31": "-57.57600", "2015-09-30": "-44.53400", "2015-06-30": "33.55900", "2015-03-31": "-25.31800", "2014-12-31": "-27.42800", "2014-09-30": "48.96700", "2014-06-30": "-30.10000", "2014-03-31": "-41.45200", "2013-12-31": "-42.86100", "2013-09-30": "68.65500", "2013-06-30": "-40.16300", "2013-03-31": "-45.70200", "2012-12-31": "-38.73300", "2012-09-30": "-39.44400", "2012-06-30": "-33.27500", "2012-03-31": "-35.93200", "2011-12-31": "-35.26600", "2011-09-30": "-33.47600", "2011-06-30": "-38.25900", "2011-03-31": "-35.22500", "2010-12-31": "-36.00400", "2010-09-30": "-36.43200", "2010-06-30": "-33.71400", "2010-03-31": "-28.89300", "2009-12-31": "-25.21000", "2009-09-30": "-21.37800", "2009-06-30": "-21.35100", "2009-03-31": "-17.57800", "2008-12-31": "-15.29600", "2008-09-30": "-15.08500", "2008-06-30": "-14.55800", "2008-03-31": "-14.38900", "2007-12-31": "-17.96700", "2007-09-30": "-16.29900", "2007-06-30": "-14.51600", "2007-03-31": "-15.53600", "2006-12-31": "-13.51400", "2006-09-30": "-13.46800", "2006-06-30": "-11.41200", "2006-03-31": "-10.28100", "2005-12-31": "-7.97800", "2005-09-30": "-10.20800", "2005-06-30": "-8.82800", "2005-03-31": "-8.11400"}, "Pre-Tax Income": {"2020-09-30": "14.59900", "2020-06-30": "87.46800", "2020-03-31": "235.88000", "2019-12-31": "347.59500", "2019-09-30": "72.40000", "2019-06-30": "65.95800", "2019-03-31": "125.26300", "2018-12-31": "46.75400", "2018-09-30": "92.69600", "2018-06-30": "90.28000", "2018-03-31": "113.46900", "2017-12-31": "80.20300", "2017-09-30": "14.96900", "2017-06-30": "82.21000", "2017-03-31": "86.78600", "2016-12-31": "98.44400", "2016-09-30": "226.15500", "2016-06-30": "53.19600", "2016-03-31": "64.44200", "2015-12-31": "-16.16600", "2015-09-30": "59.59600", "2015-06-30": "140.61200", "2015-03-31": "124.00000", "2014-12-31": "-33.59400", "2014-09-30": "131.33900", "2014-06-30": "62.35300", "2014-03-31": "48.55500", "2013-12-31": "55.19400", "2013-09-30": "153.83200", "2013-06-30": "59.83100", "2013-03-31": "52.88400", "2012-12-31": "55.90500", "2012-09-30": "57.63100", "2012-06-30": "55.17400", "2012-03-31": "49.98400", "2011-12-31": "46.03300", "2011-09-30": "38.15000", "2011-06-30": "38.46100", "2011-03-31": "39.44000", "2010-12-31": "36.55600", "2010-09-30": "23.96900", "2010-06-30": "20.43600", "2010-03-31": "26.30200", "2009-12-31": "24.87400", "2009-09-30": "24.27800", "2009-06-30": "21.49500", "2009-03-31": "21.62500", "2008-12-31": "25.27300", "2008-09-30": "18.57300", "2008-06-30": "14.27600", "2008-03-31": "10.90500", "2007-12-31": "3.78000", "2007-09-30": "5.12600", "2007-06-30": "8.02500", "2007-03-31": "6.42900", "2006-12-31": "7.43000", "2006-09-30": "4.98300", "2006-06-30": "6.37300", "2006-03-31": "7.10700", "2005-12-31": "5.65600", "2005-09-30": "6.21800", "2005-06-30": "7.69100", "2005-03-31": "4.89500"}, "Income Taxes": {"2020-09-30": "16.05300", "2020-06-30": "11.49000", "2020-03-31": "7.18200", "2019-12-31": "-1.73100", "2019-09-30": "4.82600", "2019-06-30": "4.63400", "2019-03-31": "4.26600", "2018-12-31": "-5.84300", "2018-09-30": "2.43200", "2018-06-30": "2.12100", "2018-03-31": "3.37400", "2017-12-31": "0.54500", "2017-09-30": "2.49400", "2017-06-30": "2.63900", "2017-03-31": "2.22300", "2016-12-31": "2.30400", "2016-09-30": "3.72000", "2016-06-30": "2.25200", "2016-03-31": "2.10900", "2015-12-31": "0.40700", "2015-09-30": "1.75400", "2015-06-30": "2.61500", "2015-03-31": "1.67500", "2014-12-31": "1.20100", "2014-09-30": "1.17800", "2014-06-30": "1.02100", "2014-03-31": "1.83800", "2013-12-31": "-0.47300", "2013-09-30": "0.35200", "2013-06-30": "0.21000", "2013-03-31": "1.20300", "2012-12-31": "0.01000", "2012-09-30": "0.71000", "2012-06-30": "1.20600", "2012-03-31": "0.72100", "2011-12-31": "-1.16400", "2011-09-30": "0.46100", "2011-06-30": "0.23300", "2011-03-31": "0.42800", "2010-12-31": "0.25800", "2010-09-30": "0.34300", "2010-06-30": "0.53400", "2010-03-31": "0.71600", "2009-12-31": "-0.02300", "2009-09-30": "0.33300", "2009-06-30": "0.29200", "2009-03-31": "0.43600", "2008-12-31": "0.14000", "2008-09-30": "0.15400", "2008-06-30": "0.72600", "2008-03-31": "0.08900", "2007-12-31": "", "2007-09-30": "", "2007-06-30": "", "2007-03-31": "", "2006-12-31": "", "2006-09-30": "", "2006-06-30": "", "2006-03-31": "", "2005-12-31": "", "2005-09-30": "", "2005-06-30": "", "2005-03-31": ""}, "Income After Taxes": {"2020-09-30": "-1.45400", "2020-06-30": "75.97800", "2020-03-31": "228.69800", "2019-12-31": "349.32600", "2019-09-30": "67.57400", "2019-06-30": "61.32400", "2019-03-31": "120.99700", "2018-12-31": "52.59700", "2018-09-30": "90.26400", "2018-06-30": "88.15900", "2018-03-31": "110.09500", "2017-12-31": "79.65800", "2017-09-30": "12.47500", "2017-06-30": "79.57100", "2017-03-31": "84.56300", "2016-12-31": "96.14000", "2016-09-30": "222.43500", "2016-06-30": "50.94400", "2016-03-31": "62.33300", "2015-12-31": "-16.57300", "2015-09-30": "57.84200", "2015-06-30": "137.99700", "2015-03-31": "122.32500", "2014-12-31": "-34.79500", "2014-09-30": "130.16100", "2014-06-30": "61.33200", "2014-03-31": "46.71700", "2013-12-31": "55.66700", "2013-09-30": "153.48000", "2013-06-30": "59.62100", "2013-03-31": "51.68100", "2012-12-31": "55.89500", "2012-09-30": "56.92100", "2012-06-30": "53.96800", "2012-03-31": "49.26300", "2011-12-31": "47.19700", "2011-09-30": "37.68900", "2011-06-30": "38.22800", "2011-03-31": "39.01200", "2010-12-31": "36.29800", "2010-09-30": "23.62600", "2010-06-30": "19.90200", "2010-03-31": "25.58600", "2009-12-31": "24.89700", "2009-09-30": "23.94500", "2009-06-30": "21.20300", "2009-03-31": "21.18900", "2008-12-31": "25.13300", "2008-09-30": "18.41900", "2008-06-30": "13.55000", "2008-03-31": "10.81600", "2007-12-31": "2.96600", "2007-09-30": "5.12600", "2007-06-30": "8.02500", "2007-03-31": "6.42900", "2006-12-31": "7.43000", "2006-09-30": "4.98300", "2006-06-30": "6.37300", "2006-03-31": "7.10700", "2005-12-31": "5.65600", "2005-09-30": "6.21800", "2005-06-30": "7.69100", "2005-03-31": "4.89500"}, "Other Income": {"2020-09-30": "", "2020-06-30": "", "2020-03-31": "", "2019-12-31": "", "2019-09-30": "", "2019-06-30": "", "2019-03-31": "", "2018-12-31": "", "2018-09-30": "", "2018-06-30": "", "2018-03-31": "", "2017-12-31": "", "2017-09-30": "", "2017-06-30": "", "2017-03-31": "", "2016-12-31": "", "2016-09-30": "", "2016-06-30": "", "2016-03-31": "", "2015-12-31": "", "2015-09-30": "", "2015-06-30": "", "2015-03-31": "", "2014-12-31": "", "2014-09-30": "", "2014-06-30": "", "2014-03-31": "", "2013-12-31": "", "2013-09-30": "", "2013-06-30": "", "2013-03-31": "", "2012-12-31": "", "2012-09-30": "", "2012-06-30": "", "2012-03-31": "", "2011-12-31": "", "2011-09-30": "", "2011-06-30": "", "2011-03-31": "", "2010-12-31": "", "2010-09-30": "", "2010-06-30": "", "2010-03-31": "", "2009-12-31": "", "2009-09-30": "", "2009-06-30": "", "2009-03-31": "", "2008-12-31": "", "2008-09-30": "", "2008-06-30": "", "2008-03-31": "", "2007-12-31": "", "2007-09-30": "", "2007-06-30": "", "2007-03-31": "", "2006-12-31": "", "2006-09-30": "", "2006-06-30": "", "2006-03-31": "", "2005-12-31": "", "2005-09-30": "", "2005-06-30": "", "2005-03-31": ""}, "Income From Continuous Operations": {"2020-09-30": "-1.45400", "2020-06-30": "75.97800", "2020-03-31": "228.69800", "2019-12-31": "349.32600", "2019-09-30": "67.57400", "2019-06-30": "61.32400", "2019-03-31": "120.99700", "2018-12-31": "52.59700", "2018-09-30": "90.26400", "2018-06-30": "88.15900", "2018-03-31": "110.09500", "2017-12-31": "79.65800", "2017-09-30": "12.47500", "2017-06-30": "79.57100", "2017-03-31": "84.56300", "2016-12-31": "96.14000", "2016-09-30": "222.43500", "2016-06-30": "50.94400", "2016-03-31": "62.33300", "2015-12-31": "-16.57300", "2015-09-30": "57.84200", "2015-06-30": "137.99700", "2015-03-31": "122.32500", "2014-12-31": "-34.79500", "2014-09-30": "130.16100", "2014-06-30": "61.33200", "2014-03-31": "46.71700", "2013-12-31": "55.66700", "2013-09-30": "153.48000", "2013-06-30": "59.62100", "2013-03-31": "51.68100", "2012-12-31": "55.89500", "2012-09-30": "56.92100", "2012-06-30": "53.96800", "2012-03-31": "49.26300", "2011-12-31": "47.19700", "2011-09-30": "37.68900", "2011-06-30": "38.22800", "2011-03-31": "39.01200", "2010-12-31": "36.29800", "2010-09-30": "23.62600", "2010-06-30": "19.90200", "2010-03-31": "25.58600", "2009-12-31": "24.89700", "2009-09-30": "23.94500", "2009-06-30": "21.20300", "2009-03-31": "21.18900", "2008-12-31": "25.13300", "2008-09-30": "18.41900", "2008-06-30": "13.55000", "2008-03-31": "10.81600", "2007-12-31": "3.74700", "2007-09-30": "5.15100", "2007-06-30": "7.72000", "2007-03-31": "5.92800", "2006-12-31": "6.16000", "2006-09-30": "4.32600", "2006-06-30": "5.03300", "2006-03-31": "5.26100", "2005-12-31": "4.21600", "2005-09-30": "4.59400", "2005-06-30": "4.55200", "2005-03-31": "2.73900"}, "Income From Discontinued Operations": {"2020-09-30": "", "2020-06-30": "", "2020-03-31": "", "2019-12-31": "", "2019-09-30": "", "2019-06-30": "", "2019-03-31": "", "2018-12-31": "", "2018-09-30": "", "2018-06-30": "", "2018-03-31": "", "2017-12-31": "", "2017-09-30": "", "2017-06-30": "", "2017-03-31": "", "2016-12-31": "", "2016-09-30": "", "2016-06-30": "", "2016-03-31": "", "2015-12-31": "", "2015-09-30": "", "2015-06-30": "", "2015-03-31": "", "2014-12-31": "", "2014-09-30": "", "2014-06-30": "", "2014-03-31": "", "2013-12-31": "", "2013-09-30": "", "2013-06-30": "", "2013-03-31": "", "2012-12-31": "", "2012-09-30": "", "2012-06-30": "", "2012-03-31": "", "2011-12-31": "", "2011-09-30": "", "2011-06-30": "", "2011-03-31": "", "2010-12-31": "", "2010-09-30": "", "2010-06-30": "", "2010-03-31": "", "2009-12-31": "", "2009-09-30": "", "2009-06-30": "", "2009-03-31": "", "2008-12-31": "", "2008-09-30": "", "2008-06-30": "", "2008-03-31": "", "2007-12-31": "3.26400", "2007-09-30": "-0.01600", "2007-06-30": "0.03800", "2007-03-31": "16.15800", "2006-12-31": "0.26300", "2006-09-30": "10.46100", "2006-06-30": "0.06200", "2006-03-31": "-0.17400", "2005-12-31": "", "2005-09-30": "-0.16900", "2005-06-30": "-0.21700", "2005-03-31": ""}, "Net Income": {"2020-09-30": "-37.37000", "2020-06-30": "53.67600", "2020-03-31": "202.85900", "2019-12-31": "315.57700", "2019-09-30": "49.82700", "2019-06-30": "31.73800", "2019-03-31": "95.86900", "2018-12-31": "31.23000", "2018-09-30": "67.26800", "2018-06-30": "65.13400", "2018-03-31": "86.29800", "2017-12-31": "53.30600", "2017-09-30": "-4.14000", "2017-06-30": "57.83700", "2017-03-31": "66.14500", "2016-12-31": "77.68200", "2016-09-30": "187.33000", "2016-06-30": "27.95100", "2016-03-31": "39.12500", "2015-12-31": "-40.03900", "2015-09-30": "38.52200", "2015-06-30": "117.05500", "2015-03-31": "101.72800", "2014-12-31": "-52.29200", "2014-09-30": "109.31400", "2014-06-30": "41.51000", "2014-03-31": "34.18600", "2013-12-31": "42.97700", "2013-09-30": "138.87200", "2013-06-30": "47.07700", "2013-03-31": "42.65700", "2012-12-31": "44.81500", "2012-09-30": "45.61500", "2012-06-30": "42.02100", "2012-03-31": "39.21100", "2011-12-31": "35.99000", "2011-09-30": "31.90800", "2011-06-30": "31.99000", "2011-03-31": "30.98000", "2010-12-31": "24.86500", "2010-09-30": "9.63900", "2010-06-30": "9.09100", "2010-03-31": "14.74400", "2009-12-31": "14.28600", "2009-09-30": "12.40600", "2009-06-30": "10.27100", "2009-03-31": "10.29500", "2008-12-31": "16.12200", "2008-09-30": "7.48400", "2008-06-30": "3.09400", "2008-03-31": "2.31900", "2007-12-31": "-2.10100", "2007-09-30": "-0.22400", "2007-06-30": "2.59100", "2007-03-31": "18.64100", "2006-12-31": "2.97800", "2006-09-30": "11.34200", "2006-06-30": "1.65000", "2006-03-31": "1.64200", "2005-12-31": "1.15700", "2005-09-30": "1.32600", "2005-06-30": "2.13600", "2005-03-31": "1.46800"}, "EBITDA": {"2020-09-30": "536.60600", "2020-06-30": "531.43990", "2020-03-31": "414.52900", "2019-12-31": "430.64060", "2019-09-30": "466.55910", "2019-06-30": "456.35200", "2019-03-31": "472.06100", "2018-12-31": "438.27220", "2018-09-30": "449.71900", "2018-06-30": "462.41100", "2018-03-31": "455.04500", "2017-12-31": "420.62700", "2017-09-30": "274.06600", "2017-06-30": "316.07900", "2017-03-31": "318.90400", "2016-12-31": "332.75180", "2016-09-30": "299.33800", "2016-06-30": "294.08500", "2016-03-31": "292.04100", "2015-12-31": "215.21010", "2015-09-30": "239.79710", "2015-06-30": "243.23400", "2015-03-31": "281.73400", "2014-12-31": "130.11100", "2014-09-30": "223.08800", "2014-06-30": "233.52900", "2014-03-31": "229.29400", "2013-12-31": "227.39590", "2013-09-30": "209.52500", "2013-06-30": "219.05300", "2013-03-31": "212.64300", "2012-12-31": "204.23000", "2012-09-30": "201.92000", "2012-06-30": "180.38800", "2012-03-31": "173.53500", "2011-12-31": "165.22790", "2011-09-30": "154.84400", "2011-06-30": "158.61000", "2011-03-31": "153.02800", "2010-12-31": "151.56810", "2010-09-30": "135.96700", "2010-06-30": "119.58600", "2010-03-31": "116.64000", "2009-12-31": "106.26100", "2009-09-30": "99.83400", "2009-06-30": "95.34800", "2009-03-31": "87.66200", "2008-12-31": "89.80900", "2008-09-30": "83.73900", "2008-06-30": "69.75400", "2008-03-31": "65.56100", "2007-12-31": "61.87600", "2007-09-30": "57.14100", "2007-06-30": "54.36200", "2007-03-31": "50.76600", "2006-12-31": "48.57800", "2006-09-30": "41.64700", "2006-06-30": "37.13100", "2006-03-31": "36.33800", "2005-12-31": "32.67000", "2005-09-30": "33.76500", "2005-06-30": "31.02400", "2005-03-31": "25.59600"}, "EBIT": {"2020-09-30": "144.40300", "2020-06-30": "152.81090", "2020-03-31": "100.04900", "2019-12-31": "138.93270", "2019-09-30": "164.76710", "2019-06-30": "148.97200", "2019-03-31": "141.54300", "2018-12-31": "122.84710", "2018-09-30": "139.06500", "2018-06-30": "144.06200", "2018-03-31": "143.81300", "2017-12-31": "117.19810", "2017-09-30": "66.15700", "2017-06-30": "130.65700", "2017-03-31": "137.28300", "2016-12-31": "151.12180", "2016-09-30": "115.75000", "2016-06-30": "112.29800", "2016-03-31": "118.11600", "2015-12-31": "41.41010", "2015-09-30": "104.13000", "2015-06-30": "107.05300", "2015-03-31": "149.31800", "2014-12-31": "-6.16600", "2014-09-30": "82.37200", "2014-06-30": "92.45300", "2014-03-31": "90.00700", "2013-12-31": "98.05500", "2013-09-30": "85.17700", "2013-06-30": "99.99400", "2013-03-31": "98.58600", "2012-12-31": "94.63800", "2012-09-30": "97.07500", "2012-06-30": "88.44900", "2012-03-31": "85.91600", "2011-12-31": "81.29890", "2011-09-30": "71.62600", "2011-06-30": "76.72000", "2011-03-31": "74.66500", "2010-12-31": "72.56000", "2010-09-30": "60.40100", "2010-06-30": "54.15000", "2010-03-31": "55.19500", "2009-12-31": "50.08400", "2009-09-30": "45.65600", "2009-06-30": "42.84600", "2009-03-31": "39.20300", "2008-12-31": "40.56900", "2008-09-30": "33.65800", "2008-06-30": "28.83400", "2008-03-31": "25.29400", "2007-12-31": "21.74700", "2007-09-30": "21.42500", "2007-06-30": "22.54100", "2007-03-31": "21.96500", "2006-12-31": "20.94400", "2006-09-30": "18.45100", "2006-06-30": "17.78500", "2006-03-31": "17.38800", "2005-12-31": "13.63400", "2005-09-30": "16.42600", "2005-06-30": "16.51900", "2005-03-31": "13.00900"}, "Basic Shares Outstanding": {"2020-09-30": "270.21400", "2020-06-30": "267.57000", "2020-03-31": "222.16300", "2019-12-31": "208.32600", "2019-09-30": "208.42100", "2019-06-30": "208.28400", "2019-03-31": "207.80900", "2018-12-31": "206.03500", "2018-09-30": "206.11800", "2018-06-30": "205.95600", "2018-03-31": "205.71400", "2017-12-31": "174.05900", "2017-09-30": "170.19400", "2017-06-30": "160.83300", "2017-03-31": "159.29700", "2016-12-31": "149.95400", "2016-09-30": "147.39800", "2016-06-30": "146.82400", "2016-03-31": "146.56600", "2015-12-31": "138.24800", "2015-09-30": "135.83300", "2015-06-30": "135.81000", "2015-03-31": "135.70500", "2014-12-31": "133.36900", "2014-09-30": "135.49300", "2014-06-30": "133.80300", "2014-03-31": "128.53600", "2013-12-31": "127.94100", "2013-09-30": "128.42700", "2013-06-30": "128.42000", "2013-03-31": "126.44500", "2012-12-31": "115.71800", "2012-09-30": "122.02600", "2012-06-30": "109.76100", "2012-03-31": "107.01000", "2011-12-31": "98.40500", "2011-09-30": "100.58800", "2011-06-30": "96.29600", "2011-03-31": "91.42800", "2010-12-31": "84.27500", "2010-09-30": "87.90900", "2010-06-30": "80.54200", "2010-03-31": "77.77100", "2009-12-31": "75.95000", "2009-09-30": "76.30100", "2009-06-30": "76.12100", "2009-03-31": "74.70400", "2008-12-31": "68.82900", "2008-09-30": "70.91600", "2008-06-30": "65.88900", "2008-03-31": "65.43200", "2007-12-31": "60.52800", "2007-09-30": "60.71700", "2007-06-30": "60.69800", "2007-03-31": "56.51100", "2006-12-31": "36.13500", "2006-09-30": "36.11400", "2006-06-30": "33.37200", "2006-03-31": "27.50300", "2005-12-31": "23.98600", "2005-09-30": "25.70500", "2005-06-30": "21.42100", "2005-03-31": "21.42100"}, "Shares Outstanding": {"2020-09-30": "270.21400", "2020-06-30": "270.74400", "2020-03-31": "224.47400", "2019-12-31": "209.46200", "2019-09-30": "209.80200", "2019-06-30": "209.43600", "2019-03-31": "208.52600", "2018-12-31": "206.67300", "2018-09-30": "206.76600", "2018-06-30": "206.56300", "2018-03-31": "206.50700", "2017-12-31": "174.89500", "2017-09-30": "170.19400", "2017-06-30": "161.78200", "2017-03-31": "160.42200", "2016-12-31": "150.68000", "2016-09-30": "149.38500", "2016-06-30": "147.80800", "2016-03-31": "147.43300", "2015-12-31": "138.86500", "2015-09-30": "138.26000", "2015-06-30": "136.49900", "2015-03-31": "136.12900", "2014-12-31": "133.63700", "2014-09-30": "135.94700", "2014-06-30": "133.97800", "2014-03-31": "129.13700", "2013-12-31": "128.12800", "2013-09-30": "135.30200", "2013-06-30": "128.62300", "2013-03-31": "126.73800", "2012-12-31": "116.00700", "2012-09-30": "122.35400", "2012-06-30": "110.16600", "2012-03-31": "107.58500", "2011-12-31": "99.17000", "2011-09-30": "101.91200", "2011-06-30": "97.51200", "2011-03-31": "92.60000", "2010-12-31": "86.01300", "2010-09-30": "90.13700", "2010-06-30": "83.02200", "2010-03-31": "80.74200", "2009-12-31": "77.02100", "2009-09-30": "77.67400", "2009-06-30": "76.85100", "2009-03-31": "74.89500", "2008-12-31": "70.43600", "2008-09-30": "73.33900", "2008-06-30": "68.06900", "2008-03-31": "67.14300", "2007-12-31": "62.57300", "2007-09-30": "60.71700", "2007-06-30": "62.97000", "2007-03-31": "58.42400", "2006-12-31": "37.44200", "2006-09-30": "37.44700", "2006-06-30": "33.87200", "2006-03-31": "28.35500", "2005-12-31": "24.22200", "2005-09-30": "26.00400", "2005-06-30": "21.58500", "2005-03-31": "21.53500"}, "Basic EPS": {"2020-09-30": "-0.14000", "2020-06-30": "0.20000", "2020-03-31": "0.91000", "2019-12-31": "1.52000", "2019-09-30": "0.24000", "2019-06-30": "0.15000", "2019-03-31": "0.46000", "2018-12-31": "0.14000", "2018-09-30": "0.33000", "2018-06-30": "0.32000", "2018-03-31": "0.42000", "2017-12-31": "0.23000", "2017-09-30": "-0.02000", "2017-06-30": "0.36000", "2017-03-31": "0.42000", "2016-12-31": "0.48000", "2016-09-30": "1.27000", "2016-06-30": "0.19000", "2016-03-31": "0.27000", "2015-12-31": "-0.32000", "2015-09-30": "0.28000", "2015-06-30": "0.86000", "2015-03-31": "0.75000", "2014-12-31": "-0.39000", "2014-09-30": "0.81000", "2014-06-30": "0.31000", "2014-03-31": "0.27000", "2013-12-31": "0.33000", "2013-09-30": "1.08000", "2013-06-30": "0.37000", "2013-03-31": "0.34000", "2012-12-31": "0.36000", "2012-09-30": "0.37000", "2012-06-30": "0.38000", "2012-03-31": "0.37000", "2011-12-31": "0.34000", "2011-09-30": "0.32000", "2011-06-30": "0.33000", "2011-03-31": "0.34000", "2010-12-31": "0.28000", "2010-09-30": "0.11000", "2010-06-30": "0.11000", "2010-03-31": "0.19000", "2009-12-31": "0.19000", "2009-09-30": "0.16000", "2009-06-30": "0.13000", "2009-03-31": "0.14000", "2008-12-31": "0.19000", "2008-09-30": "0.11000", "2008-06-30": "0.05000", "2008-03-31": "0.04000", "2007-12-31": "-0.05630", "2007-09-30": "-0.00370", "2007-06-30": "0.04000", "2007-03-31": "0.33000", "2006-12-31": "0.07000", "2006-09-30": "0.31000", "2006-06-30": "0.05000", "2006-03-31": "0.06000", "2005-12-31": "0.03000", "2005-09-30": "0.05000", "2005-06-30": "0.10000", "2005-03-31": "0.07000"}, "EPS - Earnings Per Share": {"2020-09-30": "-0.14000", "2020-06-30": "0.20000", "2020-03-31": "0.90000", "2019-12-31": "1.50000", "2019-09-30": "0.24000", "2019-06-30": "0.15000", "2019-03-31": "0.46000", "2018-12-31": "0.14000", "2018-09-30": "0.33000", "2018-06-30": "0.32000", "2018-03-31": "0.42000", "2017-12-31": "0.24000", "2017-09-30": "-0.02000", "2017-06-30": "0.36000", "2017-03-31": "0.41000", "2016-12-31": "0.49000", "2016-09-30": "1.25000", "2016-06-30": "0.19000", "2016-03-31": "0.27000", "2015-12-31": "-0.33000", "2015-09-30": "0.28000", "2015-06-30": "0.86000", "2015-03-31": "0.75000", "2014-12-31": "-0.38000", "2014-09-30": "0.80000", "2014-06-30": "0.31000", "2014-03-31": "0.26000", "2013-12-31": "0.35000", "2013-09-30": "1.06000", "2013-06-30": "0.37000", "2013-03-31": "0.34000", "2012-12-31": "0.37000", "2012-09-30": "0.37000", "2012-06-30": "0.38000", "2012-03-31": "0.36000", "2011-12-31": "0.35000", "2011-09-30": "0.31000", "2011-06-30": "0.33000", "2011-03-31": "0.33000", "2010-12-31": "0.28000", "2010-09-30": "0.11000", "2010-06-30": "0.11000", "2010-03-31": "0.18000", "2009-12-31": "0.18000", "2009-09-30": "0.16000", "2009-06-30": "0.13000", "2009-03-31": "0.14000", "2008-12-31": "0.20000", "2008-09-30": "0.10000", "2008-06-30": "0.05000", "2008-03-31": "0.03000", "2007-12-31": "-0.05630", "2007-09-30": "-0.00370", "2007-06-30": "0.04000", "2007-03-31": "0.32000", "2006-12-31": "0.06000", "2006-09-30": "0.30000", "2006-06-30": "0.05000", "2006-03-31": "0.06000", "2005-12-31": "0.03000", "2005-09-30": "0.05000", "2005-06-30": "0.10000", "2005-03-31": "0.07000"}}, "balance sheet": {"Cash On Hand": {"2019-12-31": "89.81700", "2018-12-31": "126.70000", "2017-12-31": "13.18100", "2016-12-31": "22.03600", "2015-12-31": "75.06200", "2014-12-31": "52.87600", "2013-12-31": "97.17000", "2012-12-31": "100.33100", "2011-12-31": "95.79600", "2010-12-31": "71.78100", "2009-12-31": "110.13000", "2008-12-31": "118.80400", "2007-12-31": "72.65400", "2006-12-31": "50.40500", "2005-12-31": "33.05300"}, "Receivables": {"2019-12-31": "305.50100", "2018-12-31": "299.62100", "2017-12-31": "276.34700", "2016-12-31": "203.93800", "2015-12-31": "177.39800", "2014-12-31": "135.93100", "2013-12-31": "122.24800", "2012-12-31": "168.28600", "2011-12-31": "90.58000", "2010-12-31": "70.33700", "2009-12-31": "46.08600", "2008-12-31": "39.10800", "2007-12-31": "43.44000", "2006-12-31": "31.29300", "2005-12-31": "7.58700"}, "Inventory": {"2019-12-31": "", "2018-12-31": "", "2017-12-31": "", "2016-12-31": "", "2015-12-31": "", "2014-12-31": "", "2013-12-31": "", "2012-12-31": "", "2011-12-31": "", "2010-12-31": "", "2009-12-31": "", "2008-12-31": "", "2007-12-31": "", "2006-12-31": "", "2005-12-31": ""}, "Pre-Paid Expenses": {"2019-12-31": "", "2018-12-31": "", "2017-12-31": "", "2016-12-31": "", "2015-12-31": "", "2014-12-31": "", "2013-12-31": "", "2012-12-31": "", "2011-12-31": "", "2010-12-31": "", "2009-12-31": "", "2008-12-31": "", "2007-12-31": "", "2006-12-31": "", "2005-12-31": ""}, "Other Current Assets": {"2019-12-31": "", "2018-12-31": "", "2017-12-31": "", "2016-12-31": "", "2015-12-31": "", "2014-12-31": "", "2013-12-31": "", "2012-12-31": "", "2011-12-31": "", "2010-12-31": "", "2009-12-31": "", "2008-12-31": "", "2007-12-31": "", "2006-12-31": "", "2005-12-31": ""}, "Total Current Assets": {"2019-12-31": "395.31800", "2018-12-31": "426.32100", "2017-12-31": "289.52800", "2016-12-31": "225.97400", "2015-12-31": "252.46000", "2014-12-31": "188.80700", "2013-12-31": "219.41800", "2012-12-31": "268.61700", "2011-12-31": "186.37600", "2010-12-31": "142.11800", "2009-12-31": "156.21600", "2008-12-31": "157.91200", "2007-12-31": "116.09400", "2006-12-31": "81.69800", "2005-12-31": "40.64000"}, "Property, Plant, And Equipment": {"2019-12-31": "14230.58000", "2018-12-31": "14904.62000", "2017-12-31": "13677.71000", "2016-12-31": "8889.96000", "2015-12-31": "8664.10500", "2014-12-31": "8108.55800", "2013-12-31": "8313.58200", "2012-12-31": "7536.50200", "2011-12-31": "5218.53900", "2010-12-31": "4566.84200", "2009-12-31": "3150.80100", "2008-12-31": "2739.73900", "2007-12-31": "2293.17300", "2006-12-31": "1706.84700", "2005-12-31": "1194.10600"}, "Long-Term Investments": {"2019-12-31": "", "2018-12-31": "", "2017-12-31": "", "2016-12-31": "", "2015-12-31": "", "2014-12-31": "", "2013-12-31": "", "2012-12-31": "", "2011-12-31": "", "2010-12-31": "", "2009-12-31": "", "2008-12-31": "", "2007-12-31": "", "2006-12-31": "", "2005-12-31": ""}, "Goodwill And Intangible Assets": {"2019-12-31": "3363.07000", "2018-12-31": "4348.00700", "2017-12-31": "3389.59500", "2016-12-31": "752.97000", "2015-12-31": "330.66400", "2014-12-31": "", "2013-12-31": "", "2012-12-31": "", "2011-12-31": "", "2010-12-31": "", "2009-12-31": "", "2008-12-31": "", "2007-12-31": "", "2006-12-31": "", "2005-12-31": ""}, "Other Long-Term Assets": {"2019-12-31": "1776.41900", "2018-12-31": "480.10600", "2017-12-31": "618.68100", "2016-12-31": "389.03400", "2015-12-31": "373.84800", "2014-12-31": "293.99300", "2013-12-31": "174.39500", "2012-12-31": "166.55400", "2011-12-31": "81.60600", "2010-12-31": "73.26500", "2009-12-31": "47.20300", "2008-12-31": "44.77300", "2007-12-31": "64.30600", "2006-12-31": "91.19800", "2005-12-31": "60.53000"}, "Total Long-Term Assets": {"2019-12-31": "22044.13000", "2018-12-31": "23340.37000", "2017-12-31": "21114.82000", "2016-12-31": "11966.61000", "2015-12-31": "11163.60000", "2014-12-31": "9337.97800", "2013-12-31": "9407.41100", "2012-12-31": "8550.59700", "2011-12-31": "5912.19000", "2010-12-31": "5187.36500", "2009-12-31": "3588.84300", "2008-12-31": "3123.13300", "2007-12-31": "2693.37000", "2006-12-31": "2104.52100", "2005-12-31": "1488.53000"}, "Total Assets": {"2019-12-31": "23068.13000", "2018-12-31": "23766.70000", "2017-12-31": "21404.35000", "2016-12-31": "12192.58000", "2015-12-31": "11416.06000", "2014-12-31": "9526.78400", "2013-12-31": "9626.83000", "2012-12-31": "8819.21400", "2011-12-31": "6098.56600", "2010-12-31": "5329.48300", "2009-12-31": "3745.05900", "2008-12-31": "3281.04500", "2007-12-31": "2809.46400", "2006-12-31": "2186.21900", "2005-12-31": "1529.17000"}, "Total Current Liabilities": {"2019-12-31": "1242.38100", "2018-12-31": "1381.75000", "2017-12-31": "1286.56100", "2016-12-31": "969.07200", "2015-12-31": "735.26800", "2014-12-31": "720.94200", "2013-12-31": "765.19600", "2012-12-31": "739.86100", "2011-12-31": "401.08800", "2010-12-31": "299.34100", "2009-12-31": "188.23300", "2008-12-31": "197.26800", "2007-12-31": "198.48800", "2006-12-31": "108.08400", "2005-12-31": "52.50800"}, "Long Term Debt": {"2019-12-31": "10122.45000", "2018-12-31": "11101.48000", "2017-12-31": "8542.03500", "2016-12-31": "5838.60700", "2015-12-31": "5899.03800", "2014-12-31": "4673.12700", "2013-12-31": "4961.89200", "2012-12-31": "4278.56500", "2011-12-31": "2929.71000", "2010-12-31": "2796.45400", "2009-12-31": "1784.44400", "2008-12-31": "1385.07400", "2007-12-31": "1367.73800", "2006-12-31": "1122.63800", "2005-12-31": "749.06700"}, "Other Non-Current Liabilities": {"2019-12-31": "360.19800", "2018-12-31": "409.42400", "2017-12-31": "472.39600", "2016-12-31": "252.60900", "2015-12-31": "245.25600", "2014-12-31": "218.47700", "2013-12-31": "253.23000", "2012-12-31": "302.40400", "2011-12-31": "187.35700", "2010-12-31": "179.02500", "2009-12-31": "137.58100", "2008-12-31": "123.62700", "2007-12-31": "121.41100", "2006-12-31": "107.30900", "2005-12-31": "78.65300"}, "Total Long Term Liabilities": {"2019-12-31": "10524.11000", "2018-12-31": "11526.74000", "2017-12-31": "9068.33400", "2016-12-31": "6091.21600", "2015-12-31": "6144.29300", "2014-12-31": "4891.60400", "2013-12-31": "5215.12200", "2012-12-31": "4580.96900", "2011-12-31": "3117.06700", "2010-12-31": "2975.47900", "2009-12-31": "1922.02500", "2008-12-31": "1508.70100", "2007-12-31": "1567.06000", "2006-12-31": "1368.36300", "2005-12-31": "1090.16500"}, "Total Liabilities": {"2019-12-31": "12460.03000", "2018-12-31": "12908.49000", "2017-12-31": "10354.89000", "2016-12-31": "7060.28800", "2015-12-31": "6879.56100", "2014-12-31": "5612.54600", "2013-12-31": "5980.31800", "2012-12-31": "5320.83000", "2011-12-31": "3518.15500", "2010-12-31": "3274.82000", "2009-12-31": "2110.25800", "2008-12-31": "1705.96900", "2007-12-31": "1765.54800", "2006-12-31": "1476.44700", "2005-12-31": "1142.67300"}, "Common Stock Net": {"2019-12-31": "2.07300", "2018-12-31": "2.05100", "2017-12-31": "2.04400", "2016-12-31": "1.58200", "2015-12-31": "1.45600", "2014-12-31": "1.34900", "2013-12-31": "1.27900", "2012-12-31": "1.24700", "2011-12-31": "1.05700", "2010-12-31": "0.90900", "2009-12-31": "0.76600", "2008-12-31": "0.73200", "2007-12-31": "0.65400", "2006-12-31": "0.54200", "2005-12-31": "0.27400"}, "Retained Earnings (Accumulated Deficit)": {"2019-12-31": "-3046.57900", "2018-12-31": "-2633.07100", "2017-12-31": "-2055.55200", "2016-12-31": "-1547.42000", "2015-12-31": "-1350.08900", "2014-12-31": "-1096.60700", "2013-12-31": "-785.22200", "2012-12-31": "-656.10400", "2011-12-31": "-488.69200", "2010-12-31": "-348.14800", "2009-12-31": "-231.87100", "2008-12-31": "-166.86300", "2007-12-31": "-103.09000", "2006-12-31": "-52.09300", "2005-12-31": "-27.78200"}, "Comprehensive Income": {"2019-12-31": "-87.92200", "2018-12-31": "-115.64700", "2017-12-31": "-108.43200", "2016-12-31": "-135.60500", "2015-12-31": "-96.59000", "2014-12-31": "-45.04600", "2013-12-31": "10.69100", "2012-12-31": "-12.19100", "2011-12-31": "-55.88000", "2010-12-31": "-42.08100", "2009-12-31": "-27.94700", "2008-12-31": "-49.50300", "2007-12-31": "3.37900", "2006-12-31": "4.19000", "2005-12-31": "1.64400"}, "Other Share Holders Equity": {"2019-12-31": "", "2018-12-31": "", "2017-12-31": "", "2016-12-31": "", "2015-12-31": "", "2014-12-31": "", "2013-12-31": "", "2012-12-31": "", "2011-12-31": "", "2010-12-31": "", "2009-12-31": "", "2008-12-31": "", "2007-12-31": "", "2006-12-31": "", "2005-12-31": ""}, "Share Holder Equity": {"2019-12-31": "10608.10000", "2018-12-31": "10858.21000", "2017-12-31": "11049.45000", "2016-12-31": "5132.29700", "2015-12-31": "4536.50200", "2014-12-31": "3914.23800", "2013-12-31": "3646.51200", "2012-12-31": "3498.38400", "2011-12-31": "2580.41100", "2010-12-31": "2054.66300", "2009-12-31": "1634.80100", "2008-12-31": "1575.07600", "2007-12-31": "1043.91600", "2006-12-31": "709.77200", "2005-12-31": "386.49700"}, "Total Liabilities And Share Holders Equity": {"2019-12-31": "23068.13000", "2018-12-31": "23766.70000", "2017-12-31": "21404.35000", "2016-12-31": "12192.58000", "2015-12-31": "11416.06000", "2014-12-31": "9526.78400", "2013-12-31": "9626.83000", "2012-12-31": "8819.21400", "2011-12-31": "6098.56600", "2010-12-31": "5329.48300", "2009-12-31": "3745.05900", "2008-12-31": "3281.04500", "2007-12-31": "2809.46400", "2006-12-31": "2186.21900", "2005-12-31": "1529.17000"}}, "balance sheet, quarterly": {"Cash On Hand": {"2020-09-30": "971.30500", "2020-06-30": "505.17400", "2020-03-31": "246.48000", "2019-12-31": "89.81700", "2019-09-30": "7.19000", "2019-06-30": "33.53600", "2019-03-31": "123.87900", "2018-12-31": "126.70000", "2018-09-30": "54.31000", "2018-06-30": "27.03200", "2018-03-31": "29.70000", "2017-12-31": "13.18100", "2017-09-30": "210.33100", "2017-06-30": "41.31400", "2017-03-31": "25.39700", "2016-12-31": "22.03600", "2016-09-30": "48.13000", "2016-06-30": "51.53800", "2016-03-31": "50.73300", "2015-12-31": "75.06200", "2015-09-30": "35.49800", "2015-06-30": "68.54600", "2015-03-31": "49.26300", "2014-12-31": "52.87600", "2014-09-30": "50.51400", "2014-06-30": "120.70400", "2014-03-31": "113.08400", "2013-12-31": "97.17000", "2013-09-30": "97.57500", "2013-06-30": "63.23700", "2013-03-31": "86.05900", "2012-12-31": "100.33100", "2012-09-30": "119.33200", "2012-06-30": "83.09900", "2012-03-31": "70.05300", "2011-12-31": "95.79600", "2011-09-30": "93.96200", "2011-06-30": "84.82800", "2011-03-31": "104.20400", "2010-12-31": "71.78100", "2010-09-30": "128.04300", "2010-06-30": "378.43700", "2010-03-31": "90.95400", "2009-12-31": "110.13000", "2009-09-30": "77.96500", "2009-06-30": "99.99200", "2009-03-31": "110.17000", "2008-12-31": "118.80400", "2008-09-30": "87.37500", "2008-06-30": "56.71300", "2008-03-31": "71.81500", "2007-12-31": "72.65400", "2007-09-30": "87.89800", "2007-06-30": "80.61900", "2007-03-31": "74.82900", "2006-12-31": "50.40500", "2006-09-30": "52.12700", "2006-06-30": "36.06600", "2006-03-31": "43.22400", "2005-12-31": "33.05300", "2005-09-30": "36.09500", "2005-06-30": "28.94300", "2005-03-31": "16.64800"}, "Receivables": {"2020-09-30": "585.50600", "2020-06-30": "542.75000", "2020-03-31": "527.69900", "2019-12-31": "305.50100", "2019-09-30": "304.71200", "2019-06-30": "320.93800", "2019-03-31": "328.00900", "2018-12-31": "299.62100", "2018-09-30": "308.70900", "2018-06-30": "282.28700", "2018-03-31": "309.32800", "2017-12-31": "276.34700", "2017-09-30": "258.49000", "2017-06-30": "229.45000", "2017-03-31": "195.40600", "2016-12-31": "203.93800", "2016-09-30": "208.09700", "2016-06-30": "165.86700", "2016-03-31": "180.45600", "2015-12-31": "177.39800", "2015-09-30": "157.99400", "2015-06-30": "126.73400", "2015-03-31": "112.99500", "2014-12-31": "135.93100", "2014-09-30": "140.46300", "2014-06-30": "161.49500", "2014-03-31": "181.43300", "2013-12-31": "122.24800", "2013-09-30": "191.71500", "2013-06-30": "159.84700", "2013-03-31": "177.95100", "2012-12-31": "168.28600", "2012-09-30": "146.02500", "2012-06-30": "96.60900", "2012-03-31": "91.13200", "2011-12-31": "90.58000", "2011-09-30": "90.64700", "2011-06-30": "83.67200", "2011-03-31": "78.99200", "2010-12-31": "70.33700", "2010-09-30": "83.30900", "2010-06-30": "52.17400", "2010-03-31": "54.09000", "2009-12-31": "46.08600", "2009-09-30": "45.40400", "2009-06-30": "40.19500", "2009-03-31": "37.92300", "2008-12-31": "39.10800", "2008-09-30": "53.80900", "2008-06-30": "47.46900", "2008-03-31": "46.41900", "2007-12-31": "43.44000", "2007-09-30": "30.32200", "2007-06-30": "31.75300", "2007-03-31": "28.83000", "2006-12-31": "31.29300", "2006-09-30": "17.58600", "2006-06-30": "17.40300", "2006-03-31": "27.87200", "2005-12-31": "7.58700", "2005-09-30": "5.99400", "2005-06-30": "5.02100", "2005-03-31": "3.35300"}, "Inventory": {"2020-09-30": "", "2020-06-30": "", "2020-03-31": "", "2019-12-31": "", "2019-09-30": "", "2019-06-30": "", "2019-03-31": "", "2018-12-31": "", "2018-09-30": "", "2018-06-30": "", "2018-03-31": "", "2017-12-31": "", "2017-09-30": "", "2017-06-30": "", "2017-03-31": "", "2016-12-31": "", "2016-09-30": "", "2016-06-30": "", "2016-03-31": "", "2015-12-31": "", "2015-09-30": "", "2015-06-30": "", "2015-03-31": "", "2014-12-31": "", "2014-09-30": "", "2014-06-30": "", "2014-03-31": "", "2013-12-31": "", "2013-09-30": "", "2013-06-30": "", "2013-03-31": "", "2012-12-31": "", "2012-09-30": "", "2012-06-30": "", "2012-03-31": "", "2011-12-31": "", "2011-09-30": "", "2011-06-30": "", "2011-03-31": "", "2010-12-31": "", "2010-09-30": "", "2010-06-30": "", "2010-03-31": "", "2009-12-31": "", "2009-09-30": "", "2009-06-30": "", "2009-03-31": "", "2008-12-31": "", "2008-09-30": "", "2008-06-30": "", "2008-03-31": "", "2007-12-31": "", "2007-09-30": "", "2007-06-30": "", "2007-03-31": "", "2006-12-31": "", "2006-09-30": "", "2006-06-30": "", "2006-03-31": "", "2005-12-31": "", "2005-09-30": "", "2005-06-30": "", "2005-03-31": ""}, "Pre-Paid Expenses": {"2020-09-30": "", "2020-06-30": "", "2020-03-31": "", "2019-12-31": "", "2019-09-30": "", "2019-06-30": "", "2019-03-31": "", "2018-12-31": "", "2018-09-30": "", "2018-06-30": "", "2018-03-31": "", "2017-12-31": "", "2017-09-30": "", "2017-06-30": "", "2017-03-31": "", "2016-12-31": "", "2016-09-30": "", "2016-06-30": "", "2016-03-31": "", "2015-12-31": "", "2015-09-30": "", "2015-06-30": "", "2015-03-31": "", "2014-12-31": "", "2014-09-30": "", "2014-06-30": "", "2014-03-31": "", "2013-12-31": "", "2013-09-30": "", "2013-06-30": "", "2013-03-31": "", "2012-12-31": "", "2012-09-30": "", "2012-06-30": "", "2012-03-31": "", "2011-12-31": "", "2011-09-30": "", "2011-06-30": "", "2011-03-31": "", "2010-12-31": "", "2010-09-30": "", "2010-06-30": "", "2010-03-31": "", "2009-12-31": "", "2009-09-30": "", "2009-06-30": "", "2009-03-31": "", "2008-12-31": "", "2008-09-30": "", "2008-06-30": "", "2008-03-31": "", "2007-12-31": "", "2007-09-30": "", "2007-06-30": "", "2007-03-31": "", "2006-12-31": "", "2006-09-30": "", "2006-06-30": "", "2006-03-31": "", "2005-12-31": "", "2005-09-30": "", "2005-06-30": "", "2005-03-31": ""}, "Other Current Assets": {"2020-09-30": "", "2020-06-30": "", "2020-03-31": "", "2019-12-31": "", "2019-09-30": "", "2019-06-30": "", "2019-03-31": "", "2018-12-31": "", "2018-09-30": "", "2018-06-30": "", "2018-03-31": "", "2017-12-31": "", "2017-09-30": "", "2017-06-30": "", "2017-03-31": "", "2016-12-31": "", "2016-09-30": "", "2016-06-30": "", "2016-03-31": "", "2015-12-31": "", "2015-09-30": "", "2015-06-30": "", "2015-03-31": "", "2014-12-31": "", "2014-09-30": "", "2014-06-30": "", "2014-03-31": "", "2013-12-31": "", "2013-09-30": "", "2013-06-30": "", "2013-03-31": "", "2012-12-31": "", "2012-09-30": "", "2012-06-30": "", "2012-03-31": "", "2011-12-31": "", "2011-09-30": "", "2011-06-30": "", "2011-03-31": "", "2010-12-31": "", "2010-09-30": "", "2010-06-30": "", "2010-03-31": "", "2009-12-31": "", "2009-09-30": "", "2009-06-30": "", "2009-03-31": "", "2008-12-31": "", "2008-09-30": "", "2008-06-30": "", "2008-03-31": "", "2007-12-31": "", "2007-09-30": "", "2007-06-30": "", "2007-03-31": "", "2006-12-31": "", "2006-09-30": "", "2006-06-30": "", "2006-03-31": "", "2005-12-31": "", "2005-09-30": "", "2005-06-30": "", "2005-03-31": ""}, "Total Current Assets": {"2020-09-30": "1556.81100", "2020-06-30": "1047.92400", "2020-03-31": "774.17900", "2019-12-31": "395.31800", "2019-09-30": "311.90200", "2019-06-30": "354.47400", "2019-03-31": "451.88800", "2018-12-31": "426.32100", "2018-09-30": "363.01900", "2018-06-30": "309.31900", "2018-03-31": "339.02800", "2017-12-31": "289.52800", "2017-09-30": "468.82100", "2017-06-30": "270.76400", "2017-03-31": "220.80300", "2016-12-31": "225.97400", "2016-09-30": "256.22700", "2016-06-30": "217.40500", "2016-03-31": "231.18900", "2015-12-31": "252.46000", "2015-09-30": "193.49200", "2015-06-30": "195.28000", "2015-03-31": "162.25800", "2014-12-31": "188.80700", "2014-09-30": "190.97700", "2014-06-30": "282.19900", "2014-03-31": "294.51700", "2013-12-31": "219.41800", "2013-09-30": "289.29000", "2013-06-30": "223.08400", "2013-03-31": "264.01000", "2012-12-31": "268.61700", "2012-09-30": "265.35700", "2012-06-30": "179.70800", "2012-03-31": "161.18500", "2011-12-31": "186.37600", "2011-09-30": "184.60900", "2011-06-30": "168.50000", "2011-03-31": "183.19600", "2010-12-31": "142.11800", "2010-09-30": "211.35200", "2010-06-30": "430.61100", "2010-03-31": "145.04400", "2009-12-31": "156.21600", "2009-09-30": "123.36900", "2009-06-30": "140.18700", "2009-03-31": "148.09300", "2008-12-31": "157.91200", "2008-09-30": "141.18400", "2008-06-30": "104.18200", "2008-03-31": "118.23400", "2007-12-31": "116.09400", "2007-09-30": "118.22000", "2007-06-30": "112.37200", "2007-03-31": "103.65900", "2006-12-31": "81.69800", "2006-09-30": "69.71300", "2006-06-30": "53.46900", "2006-03-31": "71.09600", "2005-12-31": "40.64000", "2005-09-30": "42.08900", "2005-06-30": "33.96400", "2005-03-31": "20.00100"}, "Property, Plant, And Equipment": {"2020-09-30": "19402.54000", "2020-06-30": "18587.27000", "2020-03-31": "18124.89000", "2019-12-31": "14230.58000", "2019-09-30": "13905.85000", "2019-06-30": "14849.48000", "2019-03-31": "14611.73000", "2018-12-31": "14904.62000", "2018-09-30": "14055.78000", "2018-06-30": "13967.18000", "2018-03-31": "13922.36000", "2017-12-31": "13677.71000", "2017-09-30": "13354.03000", "2017-06-30": "9252.71500", "2017-03-31": "9076.09500", "2016-12-31": "8889.96000", "2016-09-30": "8946.49700", "2016-06-30": "8539.49600", "2016-03-31": "8722.51200", "2015-12-31": "8664.10500", "2015-09-30": "8039.56300", "2015-06-30": "8107.83700", "2015-03-31": "8054.52500", "2014-12-31": "8108.55800", "2014-09-30": "8396.33800", "2014-06-30": "8481.46100", "2014-03-31": "8360.28900", "2013-12-31": "8313.58200", "2013-09-30": "8064.34600", "2013-06-30": "7884.46400", "2013-03-31": "7650.06300", "2012-12-31": "7536.50200", "2012-09-30": "7265.22800", "2012-06-30": "5752.84600", "2012-03-31": "5513.88000", "2011-12-31": "5218.53900", "2011-09-30": "4983.23900", "2011-06-30": "4834.36500", "2011-03-31": "4716.74200", "2010-12-31": "4566.84200", "2010-09-30": "4331.81300", "2010-06-30": "3541.40500", "2010-03-31": "3494.10000", "2009-12-31": "3150.80100", "2009-09-30": "2988.93500", "2009-06-30": "2897.01300", "2009-03-31": "2808.80200", "2008-12-31": "2739.73900", "2008-09-30": "2627.88900", "2008-06-30": "2566.12200", "2008-03-31": "2379.07600", "2007-12-31": "2293.17300", "2007-09-30": "2058.19500", "2007-06-30": "1872.31200", "2007-03-31": "1813.87200", "2006-12-31": "1706.84700", "2006-09-30": "1532.56700", "2006-06-30": "1319.21100", "2006-03-31": "1215.02600", "2005-12-31": "1194.10600", "2005-09-30": "1119.07600", "2005-06-30": "1054.60100", "2005-03-31": "852.11200"}, "Long-Term Investments": {"2020-09-30": "", "2020-06-30": "", "2020-03-31": "", "2019-12-31": "", "2019-09-30": "", "2019-06-30": "", "2019-03-31": "", "2018-12-31": "", "2018-09-30": "", "2018-06-30": "", "2018-03-31": "", "2017-12-31": "", "2017-09-30": "", "2017-06-30": "", "2017-03-31": "", "2016-12-31": "", "2016-09-30": "", "2016-06-30": "", "2016-03-31": "", "2015-12-31": "", "2015-09-30": "", "2015-06-30": "", "2015-03-31": "", "2014-12-31": "", "2014-09-30": "", "2014-06-30": "", "2014-03-31": "", "2013-12-31": "", "2013-09-30": "", "2013-06-30": "", "2013-03-31": "", "2012-12-31": "", "2012-09-30": "", "2012-06-30": "", "2012-03-31": "", "2011-12-31": "", "2011-09-30": "", "2011-06-30": "", "2011-03-31": "", "2010-12-31": "", "2010-09-30": "", "2010-06-30": "", "2010-03-31": "", "2009-12-31": "", "2009-09-30": "", "2009-06-30": "", "2009-03-31": "", "2008-12-31": "", "2008-09-30": "", "2008-06-30": "", "2008-03-31": "", "2007-12-31": "", "2007-09-30": "", "2007-06-30": "", "2007-03-31": "", "2006-12-31": "", "2006-09-30": "", "2006-06-30": "", "2006-03-31": "", "2005-12-31": "", "2005-09-30": "", "2005-06-30": "", "2005-03-31": ""}, "Goodwill And Intangible Assets": {"2020-09-30": "8012.25600", "2020-06-30": "7791.52200", "2020-03-31": "7466.04600", "2019-12-31": "3363.07000", "2019-09-30": "", "2019-06-30": "3353.53800", "2019-03-31": "3358.46300", "2018-12-31": "4348.00700", "2018-09-30": "3373.34200", "2018-06-30": "3378.32500", "2018-03-31": "3405.11000", "2017-12-31": "3389.59500", "2017-09-30": "3384.39400", "2017-06-30": "778.86200", "2017-03-31": "757.44400", "2016-12-31": "752.97000", "2016-09-30": "780.09900", "2016-06-30": "330.66400", "2016-03-31": "330.66400", "2015-12-31": "330.66400", "2015-09-30": "", "2015-06-30": "", "2015-03-31": "", "2014-12-31": "", "2014-09-30": "", "2014-06-30": "", "2014-03-31": "", "2013-12-31": "", "2013-09-30": "", "2013-06-30": "", "2013-03-31": "", "2012-12-31": "", "2012-09-30": "", "2012-06-30": "", "2012-03-31": "", "2011-12-31": "", "2011-09-30": "", "2011-06-30": "", "2011-03-31": "", "2010-12-31": "", "2010-09-30": "", "2010-06-30": "", "2010-03-31": "", "2009-12-31": "", "2009-09-30": "", "2009-06-30": "", "2009-03-31": "", "2008-12-31": "", "2008-09-30": "", "2008-06-30": "", "2008-03-31": "", "2007-12-31": "", "2007-09-30": "", "2007-06-30": "", "2007-03-31": "", "2006-12-31": "", "2006-09-30": "", "2006-06-30": "", "2006-03-31": "", "2005-12-31": "", "2005-09-30": "", "2005-06-30": "", "2005-03-31": ""}, "Other Long-Term Assets": {"2020-09-30": "4589.81800", "2020-06-30": "1435.66700", "2020-03-31": "1398.79400", "2019-12-31": "3971.74300", "2019-09-30": "2266.23100", "2019-06-30": "1232.59400", "2019-03-31": "1199.13800", "2018-12-31": "480.10600", "2018-09-30": "481.40100", "2018-06-30": "487.55800", "2018-03-31": "543.96400", "2017-12-31": "618.68100", "2017-09-30": "552.63200", "2017-06-30": "359.95900", "2017-03-31": "354.50500", "2016-12-31": "389.03400", "2016-09-30": "376.67200", "2016-06-30": "465.34200", "2016-03-31": "356.69100", "2015-12-31": "373.84800", "2015-09-30": "357.16500", "2015-06-30": "361.19800", "2015-03-31": "272.64900", "2014-12-31": "293.99300", "2014-09-30": "197.33000", "2014-06-30": "202.59400", "2014-03-31": "220.83800", "2013-12-31": "174.39500", "2013-09-30": "178.84900", "2013-06-30": "191.95800", "2013-03-31": "188.88900", "2012-12-31": "166.55400", "2012-09-30": "155.92200", "2012-06-30": "103.38500", "2012-03-31": "100.70600", "2011-12-31": "81.60600", "2011-09-30": "88.69200", "2011-06-30": "92.60800", "2011-03-31": "82.23800", "2010-12-31": "73.26500", "2010-09-30": "78.99200", "2010-06-30": "83.99700", "2010-03-31": "63.50700", "2009-12-31": "47.20300", "2009-09-30": "51.06000", "2009-06-30": "47.15000", "2009-03-31": "49.79000", "2008-12-31": "44.77300", "2008-09-30": "54.97800", "2008-06-30": "62.71900", "2008-03-31": "62.92900", "2007-12-31": "64.30600", "2007-09-30": "68.80300", "2007-06-30": "87.26900", "2007-03-31": "92.13400", "2006-12-31": "91.19800", "2006-09-30": "100.14600", "2006-06-30": "92.89200", "2006-03-31": "57.47500", "2005-12-31": "60.53000", "2005-09-30": "61.42400", "2005-06-30": "53.12500", "2005-03-31": "47.69100"}, "Total Long-Term Assets": {"2020-09-30": "32515.24000", "2020-06-30": "31439.29000", "2020-03-31": "30974.50000", "2019-12-31": "22044.13000", "2019-09-30": "22226.78000", "2019-06-30": "22426.67000", "2019-03-31": "22229.59000", "2018-12-31": "23340.37000", "2018-09-30": "21099.09000", "2018-06-30": "21102.10000", "2018-03-31": "21242.89000", "2017-12-31": "21114.82000", "2017-09-30": "20763.68000", "2017-06-30": "12308.81000", "2017-03-31": "12108.75000", "2016-12-31": "11966.61000", "2016-09-30": "12042.81000", "2016-06-30": "11074.97000", "2016-03-31": "11190.79000", "2015-12-31": "11163.60000", "2015-09-30": "9307.52100", "2015-06-30": "9390.72900", "2015-03-31": "9246.16800", "2014-12-31": "9337.97800", "2014-09-30": "9531.03000", "2014-06-30": "9628.03100", "2014-03-31": "9510.87700", "2013-12-31": "9407.41100", "2013-09-30": "9136.75100", "2013-06-30": "8961.77400", "2013-03-31": "8707.48100", "2012-12-31": "8550.59700", "2012-09-30": "8247.24100", "2012-06-30": "6537.40500", "2012-03-31": "6256.87600", "2011-12-31": "5912.19000", "2011-09-30": "5641.80300", "2011-06-30": "5489.90500", "2011-03-31": "5354.14900", "2010-12-31": "5187.36500", "2010-09-30": "4959.54700", "2010-06-30": "4070.42100", "2010-03-31": "4002.54200", "2009-12-31": "3588.84300", "2009-09-30": "3409.04900", "2009-06-30": "3304.52100", "2009-03-31": "3203.52000", "2008-12-31": "3123.13300", "2008-09-30": "3017.70100", "2008-06-30": "2966.66800", "2008-03-31": "2776.80200", "2007-12-31": "2693.37000", "2007-09-30": "2457.89900", "2007-06-30": "2281.10400", "2007-03-31": "2230.13200", "2006-12-31": "2104.52100", "2006-09-30": "1902.04900", "2006-06-30": "1660.38800", "2006-03-31": "1502.94500", "2005-12-31": "1488.53000", "2005-09-30": "1412.13300", "2005-06-30": "1334.29200", "2005-03-31": "1079.72600"}, "Total Assets": {"2020-09-30": "35435.33000", "2020-06-30": "33862.64000", "2020-03-31": "33113.30000", "2019-12-31": "23068.13000", "2019-09-30": "23172.77000", "2019-06-30": "23430.09000", "2019-03-31": "23342.07000", "2018-12-31": "23766.70000", "2018-09-30": "21462.11000", "2018-06-30": "21411.42000", "2018-03-31": "21581.92000", "2017-12-31": "21404.35000", "2017-09-30": "21232.50000", "2017-06-30": "12579.57000", "2017-03-31": "12329.55000", "2016-12-31": "12192.58000", "2016-09-30": "12299.04000", "2016-06-30": "11292.38000", "2016-03-31": "11421.97000", "2015-12-31": "11416.06000", "2015-09-30": "9501.01300", "2015-06-30": "9586.00900", "2015-03-31": "9408.42600", "2014-12-31": "9526.78400", "2014-09-30": "9722.00700", "2014-06-30": "9910.23100", "2014-03-31": "9805.39400", "2013-12-31": "9626.83000", "2013-09-30": "9426.04100", "2013-06-30": "9184.85900", "2013-03-31": "8971.49200", "2012-12-31": "8819.21400", "2012-09-30": "8512.59800", "2012-06-30": "6717.11300", "2012-03-31": "6418.06100", "2011-12-31": "6098.56600", "2011-09-30": "5826.41200", "2011-06-30": "5658.40500", "2011-03-31": "5537.34500", "2010-12-31": "5329.48300", "2010-09-30": "5170.89900", "2010-06-30": "4501.03200", "2010-03-31": "4147.58600", "2009-12-31": "3745.05900", "2009-09-30": "3532.41800", "2009-06-30": "3444.70800", "2009-03-31": "3351.61300", "2008-12-31": "3281.04500", "2008-09-30": "3158.88500", "2008-06-30": "3070.85000", "2008-03-31": "2895.03600", "2007-12-31": "2809.46400", "2007-09-30": "2576.11900", "2007-06-30": "2393.47600", "2007-03-31": "2333.79100", "2006-12-31": "2186.21900", "2006-09-30": "1971.76200", "2006-06-30": "1713.85700", "2006-03-31": "1574.04100", "2005-12-31": "1529.17000", "2005-09-30": "1454.22200", "2005-06-30": "1368.25600", "2005-03-31": "1099.72700"}, "Total Current Liabilities": {"2020-09-30": "2187.59600", "2020-06-30": "1828.29000", "2020-03-31": "1732.31800", "2019-12-31": "1242.38100", "2019-09-30": "938.74000", "2019-06-30": "984.81200", "2019-03-31": "9446.03300", "2018-12-31": "1381.75000", "2018-09-30": "1059.35500", "2018-06-30": "1031.79400", "2018-03-31": "1012.49000", "2017-12-31": "1286.56100", "2017-09-30": "1024.39400", "2017-06-30": "850.60200", "2017-03-31": "804.37100", "2016-12-31": "969.07200", "2016-09-30": "823.90500", "2016-06-30": "598.61000", "2016-03-31": "570.65200", "2015-12-31": "735.26800", "2015-09-30": "513.55500", "2015-06-30": "516.23200", "2015-03-31": "523.94800", "2014-12-31": "720.94200", "2014-09-30": "648.31400", "2014-06-30": "636.78300", "2014-03-31": "614.64500", "2013-12-31": "765.19600", "2013-09-30": "652.72000", "2013-06-30": "617.76600", "2013-03-31": "613.53700", "2012-12-31": "739.86100", "2012-09-30": "616.04200", "2012-06-30": "372.97400", "2012-03-31": "324.46800", "2011-12-31": "401.08800", "2011-09-30": "300.06000", "2011-06-30": "294.78400", "2011-03-31": "276.21400", "2010-12-31": "299.34100", "2010-09-30": "231.70900", "2010-06-30": "196.49100", "2010-03-31": "165.61500", "2009-12-31": "188.23300", "2009-09-30": "153.07200", "2009-06-30": "127.27900", "2009-03-31": "139.60600", "2008-12-31": "197.26800", "2008-09-30": "151.85100", "2008-06-30": "147.13200", "2008-03-31": "136.41600", "2007-12-31": "198.48800", "2007-09-30": "129.61900", "2007-06-30": "95.21700", "2007-03-31": "89.54000", "2006-12-31": "108.08400", "2006-09-30": "74.26100", "2006-06-30": "43.32600", "2006-03-31": "43.22200", "2005-12-31": "52.50800", "2005-09-30": "58.90000", "2005-06-30": "46.41600", "2005-03-31": "35.51300"}, "Long Term Debt": {"2020-09-30": "12874.76000", "2020-06-30": "12371.62000", "2020-03-31": "12251.33000", "2019-12-31": "10122.45000", "2019-09-30": "10924.04000", "2019-06-30": "10842.58000", "2019-03-31": "1756.19400", "2018-12-31": "11101.48000", "2018-09-30": "9179.87100", "2018-06-30": "9106.08400", "2018-03-31": "9147.71200", "2017-12-31": "8542.03500", "2017-09-30": "8484.24400", "2017-06-30": "6437.62000", "2017-03-31": "6201.32900", "2016-12-31": "5838.60700", "2016-09-30": "6024.98700", "2016-06-30": "6135.40600", "2016-03-31": "6156.73000", "2015-12-31": "5899.03800", "2015-09-30": "4748.57900", "2015-06-30": "4968.82600", "2015-03-31": "4817.91100", "2014-12-31": "4673.12700", "2014-09-30": "4739.72900", "2014-06-30": "4859.23500", "2014-03-31": "5007.38100", "2013-12-31": "4961.89200", "2013-09-30": "4780.39700", "2013-06-30": "4698.24800", "2013-03-31": "4682.12400", "2012-12-31": "4278.56500", "2012-09-30": "4080.07300", "2012-06-30": "3400.21200", "2012-03-31": "3261.34800", "2011-12-31": "2929.71000", "2011-09-30": "2786.54000", "2011-06-30": "3057.07700", "2011-03-31": "3044.92900", "2010-12-31": "2796.45400", "2010-09-30": "2711.09900", "2010-06-30": "2124.71000", "2010-03-31": "2168.20900", "2009-12-31": "1784.44400", "2009-09-30": "1599.27000", "2009-06-30": "1519.50600", "2009-03-31": "1439.68800", "2008-12-31": "1385.07400", "2008-09-30": "1283.71800", "2008-06-30": "1361.17200", "2008-03-31": "1190.69100", "2007-12-31": "1367.73800", "2007-09-30": "1335.10800", "2007-06-30": "1172.30700", "2007-03-31": "1271.98800", "2006-12-31": "1122.63800", "2006-09-30": "1074.75700", "2006-06-30": "820.50100", "2006-03-31": "813.65500", "2005-12-31": "749.06700", "2005-09-30": "664.90900", "2005-06-30": "743.68700", "2005-03-31": "493.70100"}, "Other Non-Current Liabilities": {"2020-09-30": "489.16500", "2020-06-30": "488.34200", "2020-03-31": "481.79100", "2019-12-31": "360.19800", "2019-09-30": "380.66410", "2019-06-30": "397.38100", "2019-03-31": "414.19300", "2018-12-31": "409.42400", "2018-09-30": "441.86900", "2018-06-30": "423.81200", "2018-03-31": "435.30000", "2017-12-31": "472.39600", "2017-09-30": "485.92800", "2017-06-30": "260.05500", "2017-03-31": "253.40300", "2016-12-31": "252.60900", "2016-09-30": "253.49500", "2016-06-30": "232.71700", "2016-03-31": "249.38300", "2015-12-31": "245.25600", "2015-09-30": "203.22800", "2015-06-30": "210.75800", "2015-03-31": "208.70600", "2014-12-31": "218.47700", "2014-09-30": "230.40400", "2014-06-30": "279.93200", "2014-03-31": "307.64800", "2013-12-31": "253.23000", "2013-09-30": "312.35500", "2013-06-30": "285.57500", "2013-03-31": "293.88300", "2012-12-31": "302.40400", "2012-09-30": "288.92700", "2012-06-30": "205.74300", "2012-03-31": "199.26100", "2011-12-31": "187.35700", "2011-09-30": "162.93200", "2011-06-30": "172.73000", "2011-03-31": "177.12900", "2010-12-31": "179.02500", "2010-09-30": "179.22200", "2010-06-30": "147.94200", "2010-03-31": "165.25700", "2009-12-31": "137.58100", "2009-09-30": "125.91700", "2009-06-30": "126.55900", "2009-03-31": "126.24300", "2008-12-31": "123.62700", "2008-09-30": "112.54100", "2008-06-30": "115.49700", "2008-03-31": "117.18700", "2007-12-31": "121.41100", "2007-09-30": "116.05900", "2007-06-30": "116.69900", "2007-03-31": "120.04700", "2006-12-31": "107.30900", "2006-09-30": "98.33300", "2006-06-30": "126.59500", "2006-03-31": "78.16200", "2005-12-31": "78.65300", "2005-09-30": "68.72900", "2005-06-30": "66.51400", "2005-03-31": "50.17900"}, "Total Long Term Liabilities": {"2020-09-30": "13405.19000", "2020-06-30": "12900.55000", "2020-03-31": "12773.15000", "2019-12-31": "10524.11000", "2019-09-30": "11323.79000", "2019-06-30": "11257.30000", "2019-03-31": "2188.06500", "2018-12-31": "11526.74000", "2018-09-30": "9639.29300", "2018-06-30": "9582.70100", "2018-03-31": "9632.88300", "2017-12-31": "9068.33400", "2017-09-30": "9034.68100", "2017-06-30": "6697.67500", "2017-03-31": "6454.73100", "2016-12-31": "6091.21600", "2016-09-30": "6278.48200", "2016-06-30": "6368.12300", "2016-03-31": "6406.11300", "2015-12-31": "6144.29300", "2015-09-30": "4951.80700", "2015-06-30": "5179.58400", "2015-03-31": "5026.61700", "2014-12-31": "4891.60400", "2014-09-30": "4970.13300", "2014-06-30": "5139.16700", "2014-03-31": "5315.02900", "2013-12-31": "5215.12200", "2013-09-30": "5092.75200", "2013-06-30": "4983.82300", "2013-03-31": "4976.00700", "2012-12-31": "4580.96900", "2012-09-30": "4369.00000", "2012-06-30": "3605.95500", "2012-03-31": "3460.60900", "2011-12-31": "3117.06700", "2011-09-30": "2949.47200", "2011-06-30": "3229.80700", "2011-03-31": "3222.05800", "2010-12-31": "2975.47900", "2010-09-30": "2890.32100", "2010-06-30": "2272.65200", "2010-03-31": "2333.46600", "2009-12-31": "1922.02500", "2009-09-30": "1725.18700", "2009-06-30": "1646.06500", "2009-03-31": "1565.93100", "2008-12-31": "1508.70100", "2008-09-30": "1479.65900", "2008-06-30": "1555.54500", "2008-03-31": "1391.59400", "2007-12-31": "1567.06000", "2007-09-30": "1525.13200", "2007-06-30": "1361.76900", "2007-03-31": "1465.75400", "2006-12-31": "1368.36300", "2006-09-30": "1414.24200", "2006-06-30": "1188.09500", "2006-03-31": "1116.07700", "2005-12-31": "1090.16500", "2005-09-30": "1002.62600", "2005-06-30": "1055.76300", "2005-03-31": "794.62100"}, "Total Liabilities": {"2020-09-30": "17036.85000", "2020-06-30": "16179.99000", "2020-03-31": "15936.76000", "2019-12-31": "12460.03000", "2019-09-30": "12961.91000", "2019-06-30": "12956.37000", "2019-03-31": "12359.57000", "2018-12-31": "12908.49000", "2018-09-30": "10698.65000", "2018-06-30": "10614.50000", "2018-03-31": "10645.37000", "2017-12-31": "10354.89000", "2017-09-30": "10059.08000", "2017-06-30": "7548.27700", "2017-03-31": "7259.10300", "2016-12-31": "7060.28800", "2016-09-30": "7102.38700", "2016-06-30": "6966.73300", "2016-03-31": "6976.76500", "2015-12-31": "6879.56100", "2015-09-30": "5465.36200", "2015-06-30": "5695.81600", "2015-03-31": "5550.56500", "2014-12-31": "5612.54600", "2014-09-30": "5618.44700", "2014-06-30": "5775.95000", "2014-03-31": "5929.67400", "2013-12-31": "5980.31800", "2013-09-30": "5745.47200", "2013-06-30": "5601.58900", "2013-03-31": "5589.54400", "2012-12-31": "5320.83000", "2012-09-30": "4985.04200", "2012-06-30": "3978.92900", "2012-03-31": "3785.07700", "2011-12-31": "3518.15500", "2011-09-30": "3249.53200", "2011-06-30": "3524.59100", "2011-03-31": "3498.27200", "2010-12-31": "3274.82000", "2010-09-30": "3122.03000", "2010-06-30": "2469.14300", "2010-03-31": "2499.08100", "2009-12-31": "2110.25800", "2009-09-30": "1878.25900", "2009-06-30": "1773.34400", "2009-03-31": "1705.53700", "2008-12-31": "1705.96900", "2008-09-30": "1631.51000", "2008-06-30": "1702.67700", "2008-03-31": "1528.01000", "2007-12-31": "1765.54800", "2007-09-30": "1654.75100", "2007-06-30": "1456.98600", "2007-03-31": "1555.29400", "2006-12-31": "1476.44700", "2006-09-30": "1488.50300", "2006-06-30": "1231.42100", "2006-03-31": "1159.29900", "2005-12-31": "1142.67300", "2005-09-30": "1061.52600", "2005-06-30": "1102.17900", "2005-03-31": "830.13400"}, "Common Stock Net": {"2020-09-30": "2.78400", "2020-06-30": "2.67000", "2020-03-31": "2.62200", "2019-12-31": "2.07300", "2019-09-30": "2.06900", "2019-06-30": "2.06700", "2019-03-31": "2.06600", "2018-12-31": "2.05100", "2018-09-30": "2.04900", "2018-06-30": "2.04700", "2018-03-31": "2.04500", "2017-12-31": "2.04400", "2017-09-30": "2.04300", "2017-06-30": "1.61100", "2017-03-31": "1.58400", "2016-12-31": "1.58200", "2016-09-30": "1.58100", "2016-06-30": "1.46000", "2016-03-31": "1.45900", "2015-12-31": "1.45600", "2015-09-30": "1.35100", "2015-06-30": "1.35100", "2015-03-31": "1.35000", "2014-12-31": "1.34900", "2014-09-30": "1.34800", "2014-06-30": "1.34700", "2014-03-31": "1.27900", "2013-12-31": "1.27900", "2013-09-30": "1.27900", "2013-06-30": "1.27900", "2013-03-31": "1.27900", "2012-12-31": "1.24700", "2012-09-30": "1.22800", "2012-06-30": "1.09800", "2012-03-31": "1.06900", "2011-12-31": "1.05700", "2011-09-30": "1.03800", "2011-06-30": "0.98400", "2011-03-31": "0.91700", "2010-12-31": "0.90900", "2010-09-30": "0.89100", "2010-06-30": "0.86800", "2010-03-31": "0.77900", "2009-12-31": "0.76600", "2009-09-30": "0.76300", "2009-06-30": "0.75900", "2009-03-31": "0.75800", "2008-12-31": "0.73200", "2008-09-30": "0.72500", "2008-06-30": "0.66100", "2008-03-31": "0.65400", "2007-12-31": "0.65400", "2007-09-30": "0.60700", "2007-06-30": "0.60700", "2007-03-31": "0.60700", "2006-12-31": "0.54200", "2006-09-30": "0.36200", "2006-06-30": "0.36100", "2006-03-31": "0.31400", "2005-12-31": "0.27400", "2005-09-30": "0.27300", "2005-06-30": "0.21400", "2005-03-31": "0.21400"}, "Retained Earnings (Accumulated Deficit)": {"2020-09-30": "-3726.90100", "2020-06-30": "-3386.52500", "2020-03-31": "-3139.35000", "2019-12-31": "-3046.57900", "2019-09-30": "-3136.66800", "2019-06-30": "-2961.30700", "2019-03-31": "-2767.70800", "2018-12-31": "-2633.07100", "2018-09-30": "-2455.18900", "2018-06-30": "-2314.29100", "2018-03-31": "-2177.26900", "2017-12-31": "-2055.55200", "2017-09-30": "-1915.58600", "2017-06-30": "-1722.61000", "2017-03-31": "-1629.63300", "2016-12-31": "-1547.42000", "2016-09-30": "-1483.22000", "2016-06-30": "-1541.26500", "2016-03-31": "-1440.02800", "2015-12-31": "-1350.08900", "2015-09-30": "-1185.63300", "2015-06-30": "-1108.70100", "2015-03-31": "-1110.29800", "2014-12-31": "-1096.60700", "2014-09-30": "-931.77700", "2014-06-30": "-928.62600", "2014-03-31": "-857.77900", "2013-12-31": "-785.22200", "2013-09-30": "-728.01200", "2013-06-30": "-766.70400", "2013-03-31": "-713.61200", "2012-12-31": "-656.10400", "2012-09-30": "-610.33700", "2012-06-30": "-566.27300", "2012-03-31": "-527.81600", "2011-12-31": "-488.69200", "2011-09-30": "-452.59000", "2011-06-30": "-414.66800", "2011-03-31": "-379.62700", "2010-12-31": "-348.14800", "2010-09-30": "-324.71600", "2010-06-30": "-287.33100", "2010-03-31": "-254.63900", "2009-12-31": "-231.87100", "2009-09-30": "-211.59600", "2009-06-30": "-196.50000", "2009-03-31": "-181.64500", "2008-12-31": "-166.86300", "2008-09-30": "-151.72700", "2008-06-30": "-137.31900", "2008-03-31": "-120.53500", "2007-12-31": "-103.09000", "2007-09-30": "-83.06900", "2007-06-30": "-65.46400", "2007-03-31": "-50.67900", "2006-12-31": "-52.09300", "2006-09-30": "-39.54000", "2006-06-30": "-41.31200", "2006-03-31": "-33.39400", "2005-12-31": "-27.78200", "2005-09-30": "-21.68800", "2005-06-30": "-16.35700", "2005-03-31": "-13.27100"}, "Comprehensive Income": {"2020-09-30": "-123.62300", "2020-06-30": "-358.34900", "2020-03-31": "-444.22200", "2019-12-31": "-87.92200", "2019-09-30": "-68.62500", "2019-06-30": "-89.58800", "2019-03-31": "-91.69900", "2018-12-31": "-115.64700", "2018-09-30": "-103.20100", "2018-06-30": "-107.07000", "2018-03-31": "-103.97400", "2017-12-31": "-108.43200", "2017-09-30": "-116.73200", "2017-06-30": "-110.70900", "2017-03-31": "-122.54000", "2016-12-31": "-135.60500", "2016-09-30": "-131.93900", "2016-06-30": "-129.65700", "2016-03-31": "-104.25200", "2015-12-31": "-96.59000", "2015-09-30": "-87.98800", "2015-06-30": "-67.32400", "2015-03-31": "-91.56200", "2014-12-31": "-45.04600", "2014-09-30": "-20.47000", "2014-06-30": "14.96200", "2014-03-31": "13.94700", "2013-12-31": "10.69100", "2013-09-30": "-10.32700", "2013-06-30": "-64.01000", "2013-03-31": "-72.47300", "2012-12-31": "-12.19100", "2012-09-30": "-24.52400", "2012-06-30": "-55.70100", "2012-03-31": "-37.17500", "2011-12-31": "-55.88000", "2011-09-30": "-50.99300", "2011-06-30": "-16.16900", "2011-03-31": "-23.57000", "2010-12-31": "-42.08100", "2010-09-30": "-41.59000", "2010-06-30": "-65.74700", "2010-03-31": "-47.55700", "2009-12-31": "-27.94700", "2009-09-30": "-26.47100", "2009-06-30": "-27.45600", "2009-03-31": "-58.82700", "2008-12-31": "-49.50300", "2008-09-30": "-19.91800", "2008-06-30": "18.12900", "2008-03-31": "10.27000", "2007-12-31": "3.37900", "2007-09-30": "9.05300", "2007-06-30": "7.53100", "2007-03-31": "4.41100", "2006-12-31": "4.19000", "2006-09-30": "2.67200", "2006-06-30": "3.99800", "2006-03-31": "2.27600", "2005-12-31": "1.64400", "2005-09-30": "1.88100", "2005-06-30": "0.78300", "2005-03-31": "1.25800"}, "Other Share Holders Equity": {"2020-09-30": "", "2020-06-30": "", "2020-03-31": "", "2019-12-31": "", "2019-09-30": "", "2019-06-30": "", "2019-03-31": "", "2018-12-31": "", "2018-09-30": "", "2018-06-30": "", "2018-03-31": "", "2017-12-31": "", "2017-09-30": "", "2017-06-30": "", "2017-03-31": "", "2016-12-31": "", "2016-09-30": "", "2016-06-30": "", "2016-03-31": "", "2015-12-31": "", "2015-09-30": "", "2015-06-30": "", "2015-03-31": "", "2014-12-31": "", "2014-09-30": "", "2014-06-30": "", "2014-03-31": "", "2013-12-31": "", "2013-09-30": "", "2013-06-30": "", "2013-03-31": "", "2012-12-31": "", "2012-09-30": "", "2012-06-30": "", "2012-03-31": "", "2011-12-31": "", "2011-09-30": "", "2011-06-30": "", "2011-03-31": "", "2010-12-31": "", "2010-09-30": "", "2010-06-30": "", "2010-03-31": "", "2009-12-31": "", "2009-09-30": "", "2009-06-30": "", "2009-03-31": "", "2008-12-31": "", "2008-09-30": "", "2008-06-30": "", "2008-03-31": "", "2007-12-31": "", "2007-09-30": "", "2007-06-30": "", "2007-03-31": "", "2006-12-31": "", "2006-09-30": "", "2006-06-30": "", "2006-03-31": "", "2005-12-31": "", "2005-09-30": "", "2005-06-30": "", "2005-03-31": ""}, "Share Holder Equity": {"2020-09-30": "18398.49000", "2020-06-30": "17682.65000", "2020-03-31": "17176.54000", "2019-12-31": "10608.10000", "2019-09-30": "10210.86000", "2019-06-30": "10473.72000", "2019-03-31": "10982.50000", "2018-12-31": "10858.21000", "2018-09-30": "10763.46000", "2018-06-30": "10796.93000", "2018-03-31": "10936.54000", "2017-12-31": "11049.45000", "2017-09-30": "11173.42000", "2017-06-30": "5031.29400", "2017-03-31": "5070.44500", "2016-12-31": "5132.29700", "2016-09-30": "5196.64800", "2016-06-30": "4325.64200", "2016-03-31": "4445.21000", "2015-12-31": "4536.50200", "2015-09-30": "4035.65100", "2015-06-30": "3890.19300", "2015-03-31": "3857.86100", "2014-12-31": "3914.23800", "2014-09-30": "4103.56000", "2014-06-30": "4134.28100", "2014-03-31": "3875.72000", "2013-12-31": "3646.51200", "2013-09-30": "3680.56900", "2013-06-30": "3583.27000", "2013-03-31": "3381.94800", "2012-12-31": "3498.38400", "2012-09-30": "3527.55600", "2012-06-30": "2738.18400", "2012-03-31": "2632.98400", "2011-12-31": "2580.41100", "2011-09-30": "2576.88000", "2011-06-30": "2133.81400", "2011-03-31": "2039.07300", "2010-12-31": "2054.66300", "2010-09-30": "2048.86900", "2010-06-30": "2031.88900", "2010-03-31": "1648.50500", "2009-12-31": "1634.80100", "2009-09-30": "1654.15900", "2009-06-30": "1671.36400", "2009-03-31": "1646.07600", "2008-12-31": "1575.07600", "2008-09-30": "1527.37500", "2008-06-30": "1368.17300", "2008-03-31": "1367.02600", "2007-12-31": "1043.91600", "2007-09-30": "921.36800", "2007-06-30": "936.49000", "2007-03-31": "778.49700", "2006-12-31": "709.77200", "2006-09-30": "483.25900", "2006-06-30": "482.43600", "2006-03-31": "414.74200", "2005-12-31": "386.49700", "2005-09-30": "392.69600", "2005-06-30": "266.07700", "2005-03-31": "269.59300"}, "Total Liabilities And Share Holders Equity": {"2020-09-30": "35435.33000", "2020-06-30": "33862.64000", "2020-03-31": "33113.30000", "2019-12-31": "23068.13000", "2019-09-30": "23172.77000", "2019-06-30": "23430.09000", "2019-03-31": "23342.07000", "2018-12-31": "23766.70000", "2018-09-30": "21462.11000", "2018-06-30": "21411.42000", "2018-03-31": "21581.92000", "2017-12-31": "21404.35000", "2017-09-30": "21232.50000", "2017-06-30": "12579.57000", "2017-03-31": "12329.55000", "2016-12-31": "12192.58000", "2016-09-30": "12299.04000", "2016-06-30": "11292.38000", "2016-03-31": "11421.97000", "2015-12-31": "11416.06000", "2015-09-30": "9501.01300", "2015-06-30": "9586.00900", "2015-03-31": "9408.42600", "2014-12-31": "9526.78400", "2014-09-30": "9722.00700", "2014-06-30": "9910.23100", "2014-03-31": "9805.39400", "2013-12-31": "9626.83000", "2013-09-30": "9426.04100", "2013-06-30": "9184.85900", "2013-03-31": "8971.49200", "2012-12-31": "8819.21400", "2012-09-30": "8512.59800", "2012-06-30": "6717.11300", "2012-03-31": "6418.06100", "2011-12-31": "6098.56600", "2011-09-30": "5826.41200", "2011-06-30": "5658.40500", "2011-03-31": "5537.34500", "2010-12-31": "5329.48300", "2010-09-30": "5170.89900", "2010-06-30": "4501.03200", "2010-03-31": "4147.58600", "2009-12-31": "3745.05900", "2009-09-30": "3532.41800", "2009-06-30": "3444.70800", "2009-03-31": "3351.61300", "2008-12-31": "3281.04500", "2008-09-30": "3158.88500", "2008-06-30": "3070.85000", "2008-03-31": "2895.03600", "2007-12-31": "2809.46400", "2007-09-30": "2576.11900", "2007-06-30": "2393.47600", "2007-03-31": "2333.79100", "2006-12-31": "2186.21900", "2006-09-30": "1971.76200", "2006-06-30": "1713.85700", "2006-03-31": "1574.04100", "2005-12-31": "1529.17000", "2005-09-30": "1454.22200", "2005-06-30": "1368.25600", "2005-03-31": "1099.72700"}}, "cash flow statement": {"Net Income/Loss": {"2019-12-31": "599.22100", "2018-12-31": "341.11500", "2017-12-31": "256.26700", "2016-12-31": "431.85200", "2015-12-31": "301.59100", "2014-12-31": "203.41500", "2013-12-31": "320.44900", "2012-12-31": "216.04700", "2011-12-31": "162.12600", "2010-12-31": "105.41200", "2009-12-31": "91.23400", "2008-12-31": "67.91800", "2007-12-31": "41.99000", "2006-12-31": "31.39200", "2005-12-31": "16.10100"}, "Total Depreciation And Amortization - Cash Flow": {"2019-12-31": "1231.39800", "2018-12-31": "1255.66000", "2017-12-31": "878.38100", "2016-12-31": "720.93000", "2015-12-31": "578.06400", "2014-12-31": "557.35600", "2013-12-31": "486.80500", "2012-12-31": "393.99500", "2011-12-31": "327.40000", "2010-12-31": "281.45500", "2009-12-31": "211.31600", "2008-12-31": "180.50800", "2007-12-31": "136.46700", "2006-12-31": "89.12600", "2005-12-31": "63.46700"}, "Other Non-Cash Items": {"2019-12-31": "-286.30000", "2018-12-31": "-80.94400", "2017-12-31": "-3.61700", "2016-12-31": "-196.63000", "2015-12-31": "-78.82600", "2014-12-31": "-6.93000", "2013-12-31": "-98.56600", "2012-12-31": "13.82400", "2011-12-31": "0.16000", "2010-12-31": "2.83000", "2009-12-31": "3.54300", "2008-12-31": "0.85900", "2007-12-31": "-15.55000", "2006-12-31": "-2.88700", "2005-12-31": "9.00000"}, "Total Non-Cash Items": {"2019-12-31": "945.09800", "2018-12-31": "1174.71600", "2017-12-31": "874.76400", "2016-12-31": "524.30000", "2015-12-31": "499.23800", "2014-12-31": "550.42600", "2013-12-31": "388.23900", "2012-12-31": "407.81900", "2011-12-31": "327.56000", "2010-12-31": "284.28500", "2009-12-31": "214.85900", "2008-12-31": "181.36700", "2007-12-31": "120.91700", "2006-12-31": "86.23900", "2005-12-31": "72.46700"}, "Change In Accounts Receivable": {"2019-12-31": "-8.43500", "2018-12-31": "-21.31800", "2017-12-31": "-73.71700", "2016-12-31": "-13.75400", "2015-12-31": "-10.12700", "2014-12-31": "-11.42600", "2013-12-31": "-0.52700", "2012-12-31": "-60.11500", "2011-12-31": "-21.25400", "2010-12-31": "-24.48600", "2009-12-31": "-16.17300", "2008-12-31": "4.87800", "2007-12-31": "5.13400", "2006-12-31": "-10.95000", "2005-12-31": "-4.73700"}, "Change In Inventories": {"2019-12-31": "", "2018-12-31": "", "2017-12-31": "", "2016-12-31": "", "2015-12-31": "", "2014-12-31": "", "2013-12-31": "", "2012-12-31": "", "2011-12-31": "", "2010-12-31": "", "2009-12-31": "", "2008-12-31": "", "2007-12-31": "", "2006-12-31": "", "2005-12-31": ""}, "Change In Accounts Payable": {"2019-12-31": "", "2018-12-31": "", "2017-12-31": "", "2016-12-31": "", "2015-12-31": "", "2014-12-31": "", "2013-12-31": "", "2012-12-31": "", "2011-12-31": "", "2010-12-31": "", "2009-12-31": "", "2008-12-31": "", "2007-12-31": "", "2006-12-31": "", "2005-12-31": ""}, "Change In Assets/Liabilities": {"2019-12-31": "-90.22200", "2018-12-31": "-148.38100", "2017-12-31": "-17.62500", "2016-12-31": "-69.58800", "2015-12-31": "-29.97500", "2014-12-31": "-111.30200", "2013-12-31": "-85.89800", "2012-12-31": "-42.94500", "2011-12-31": "-63.42600", "2010-12-31": "-41.61500", "2009-12-31": "-32.34000", "2008-12-31": "-28.35100", "2007-12-31": "-43.25700", "2006-12-31": "-21.88800", "2005-12-31": "-16.65600"}, "Total Change In Assets/Liabilities": {"2019-12-31": "-30.50200", "2018-12-31": "-130.50700", "2017-12-31": "-107.72600", "2016-12-31": "-44.91000", "2015-12-31": "-3.98900", "2014-12-31": "-97.95300", "2013-12-31": "-52.29800", "2012-12-31": "-80.91800", "2011-12-31": "-88.73000", "2010-12-31": "-30.66800", "2009-12-31": "-22.28400", "2008-12-31": "-31.47700", "2007-12-31": "-57.25200", "2006-12-31": "-18.26700", "2005-12-31": "-11.51800"}, "Cash Flow From Operating Activities": {"2019-12-31": "1513.81700", "2018-12-31": "1385.32400", "2017-12-31": "1023.30500", "2016-12-31": "911.24200", "2015-12-31": "796.84000", "2014-12-31": "655.88800", "2013-12-31": "656.39000", "2012-12-31": "542.94800", "2011-12-31": "400.95600", "2010-12-31": "359.02900", "2009-12-31": "283.80900", "2008-12-31": "217.80800", "2007-12-31": "105.65500", "2006-12-31": "99.36400", "2005-12-31": "77.05000"}, "Net Change In Property, Plant, And Equipment": {"2019-12-31": "-93.77900", "2018-12-31": "-124.50800", "2017-12-31": "-326.43100", "2016-12-31": "-513.96590", "2015-12-31": "86.31800", "2014-12-31": "13.64000", "2013-12-31": "-159.30700", "2012-12-31": "-1561.18300", "2011-12-31": "-196.60200", "2010-12-31": "-1318.99500", "2009-12-31": "-137.99600", "2008-12-31": "-80.00300", "2007-12-31": "-283.30900", "2006-12-31": "-444.02900", "2005-12-31": "-451.41400"}, "Net Change In Intangible Assets": {"2019-12-31": "", "2018-12-31": "", "2017-12-31": "", "2016-12-31": "", "2015-12-31": "", "2014-12-31": "", "2013-12-31": "", "2012-12-31": "", "2011-12-31": "", "2010-12-31": "", "2009-12-31": "", "2008-12-31": "", "2007-12-31": "", "2006-12-31": "", "2005-12-31": ""}, "Net Acquisitions/Divestitures": {"2019-12-31": "", "2018-12-31": "-1679.83000", "2017-12-31": "", "2016-12-31": "", "2015-12-31": "-1880.38300", "2014-12-31": "-29.58500", "2013-12-31": "-15.78500", "2012-12-31": "-34.44800", "2011-12-31": "-20.00000", "2010-12-31": "-6.80000", "2009-12-31": "-5.20800", "2008-12-31": "-20.33700", "2007-12-31": "-11.05900", "2006-12-31": "-1.00200", "2005-12-31": ""}, "Net Change In Short-term Investments": {"2019-12-31": "", "2018-12-31": "", "2017-12-31": "", "2016-12-31": "", "2015-12-31": "", "2014-12-31": "14.89900", "2013-12-31": "-1.50700", "2012-12-31": "2.16800", "2011-12-31": "8.77700", "2010-12-31": "-17.21600", "2009-12-31": "0.35800", "2008-12-31": "-23.56200", "2007-12-31": "-3.25700", "2006-12-31": "-7.37200", "2005-12-31": "-1.81400"}, "Net Change In Long-Term Investments": {"2019-12-31": "-1538.00300", "2018-12-31": "-1325.83500", "2017-12-31": "-1244.02400", "2016-12-31": "-758.08100", "2015-12-31": "-747.97700", "2014-12-31": "-662.44500", "2013-12-31": "-902.49300", "2012-12-31": "-900.58800", "2011-12-31": "-644.40400", "2010-12-31": "-400.31800", "2009-12-31": "-392.38600", "2008-12-31": "-545.22300", "2007-12-31": "-265.68200", "2006-12-31": "-137.52400", "2005-12-31": "-21.48500"}, "Net Change In Investments - Total": {"2019-12-31": "-1538.00300", "2018-12-31": "-1325.83500", "2017-12-31": "-1244.02400", "2016-12-31": "-758.08100", "2015-12-31": "-747.97700", "2014-12-31": "-647.54600", "2013-12-31": "-904.00010", "2012-12-31": "-898.42000", "2011-12-31": "-635.62700", "2010-12-31": "-417.53400", "2009-12-31": "-392.02800", "2008-12-31": "-568.78500", "2007-12-31": "-268.93900", "2006-12-31": "-144.89600", "2005-12-31": "-23.29900"}, "Investing Activities - Other": {"2019-12-31": "1356.79000", "2018-12-31": "94.18000", "2017-12-31": "213.30200", "2016-12-31": "-31.55000", "2015-12-31": "14.54100", "2014-12-31": "19.31100", "2013-12-31": "18.48300", "2012-12-31": "18.11800", "2011-12-31": "21.42700", "2010-12-31": "5.62900", "2009-12-31": "15.32300", "2008-12-31": "21.37400", "2007-12-31": "25.88000", "2006-12-31": "-7.85900", "2005-12-31": ""}, "Cash Flow From Investing Activities": {"2019-12-31": "-274.99200", "2018-12-31": "-3035.99300", "2017-12-31": "-1357.15300", "2016-12-31": "-1303.59700", "2015-12-31": "-2527.50100", "2014-12-31": "-644.18000", "2013-12-31": "-1060.60900", "2012-12-31": "-2475.93300", "2011-12-31": "-830.80200", "2010-12-31": "-1737.70000", "2009-12-31": "-519.90900", "2008-12-31": "-647.75100", "2007-12-31": "-537.42700", "2006-12-31": "-597.78600", "2005-12-31": "-474.71300"}, "Net Long-Term Debt": {"2019-12-31": "-479.39260", "2018-12-31": "2618.35400", "2017-12-31": "816.19260", "2016-12-31": "177.07590", "2015-12-31": "1392.22700", "2014-12-31": "139.95300", "2013-12-31": "632.12280", "2012-12-31": "1287.89300", "2011-12-31": "72.99490", "2010-12-31": "1077.91500", "2009-12-31": "305.60600", "2008-12-31": "46.70300", "2007-12-31": "216.00600", "2006-12-31": "353.50400", "2005-12-31": "68.05600"}, "Net Current Debt": {"2019-12-31": "", "2018-12-31": "", "2017-12-31": "", "2016-12-31": "", "2015-12-31": "", "2014-12-31": "", "2013-12-31": "", "2012-12-31": "", "2011-12-31": "", "2010-12-31": "", "2009-12-31": "", "2008-12-31": "", "2007-12-31": "", "2006-12-31": "-131.04000", "2005-12-31": "137.00000"}, "Debt Issuance/Retirement Net - Total": {"2019-12-31": "-479.39260", "2018-12-31": "2618.35400", "2017-12-31": "816.19260", "2016-12-31": "177.07590", "2015-12-31": "1392.22700", "2014-12-31": "139.95300", "2013-12-31": "632.12280", "2012-12-31": "1287.89300", "2011-12-31": "72.99490", "2010-12-31": "1077.91500", "2009-12-31": "305.60600", "2008-12-31": "46.70300", "2007-12-31": "216.00600", "2006-12-31": "222.46400", "2005-12-31": "205.05600"}, "Net Common Equity Issued/Repurchased": {"2019-12-31": "541.08200", "2018-12-31": "7.06800", "2017-12-31": "411.30900", "2016-12-31": "1090.17100", "2015-12-31": "919.84000", "2014-12-31": "0.71100", "2013-12-31": "0.23000", "2012-12-31": "898.41600", "2011-12-31": "455.46900", "2010-12-31": "619.43900", "2009-12-31": "90.07500", "2008-12-31": "224.89100", "2007-12-31": "159.78100", "2006-12-31": "381.82600", "2005-12-31": "105.22000"}, "Net Total Equity Issued/Repurchased": {"2019-12-31": "176.03200", "2018-12-31": "7.06800", "2017-12-31": "228.80900", "2016-12-31": "802.67100", "2015-12-31": "919.84000", "2014-12-31": "365.71100", "2013-12-31": "250.23000", "2012-12-31": "1080.91600", "2011-12-31": "742.96900", "2010-12-31": "452.68900", "2009-12-31": "90.07500", "2008-12-31": "559.54100", "2007-12-31": "334.78100", "2006-12-31": "381.82600", "2005-12-31": "271.97000"}, "Total Common And Preferred Stock Dividends Paid": {"2019-12-31": "-996.76600", "2018-12-31": "-930.78200", "2017-12-31": "-715.20900", "2016-12-31": "-605.39000", "2015-12-31": "-548.05800", "2014-12-31": "-509.15900", "2013-12-31": "-443.85800", "2012-12-31": "-373.10100", "2011-12-31": "-286.68300", "2010-12-31": "-208.55300", "2009-12-31": "-150.18800", "2008-12-31": "-130.04000", "2007-12-31": "-97.08100", "2006-12-31": "-78.37700", "2005-12-31": "-58.43800"}, "Financial Activities - Other": {"2019-12-31": "28.10600", "2018-12-31": "62.62900", "2017-12-31": "-8.59300", "2016-12-31": "-23.74000", "2015-12-31": "-13.47800", "2014-12-31": "-23.47900", "2013-12-31": "-36.66300", "2012-12-31": "-47.07300", "2011-12-31": "-70.52300", "2010-12-31": "-3.98100", "2009-12-31": "-10.40700", "2008-12-31": "-4.27900", "2007-12-31": "-12.84300", "2006-12-31": "-16.16000", "2005-12-31": "-14.55200"}, "Cash Flow From Financial Activities": {"2019-12-31": "-1272.02100", "2018-12-31": "1757.26900", "2017-12-31": "321.20000", "2016-12-31": "350.61700", "2015-12-31": "1750.53100", "2014-12-31": "-26.97400", "2013-12-31": "401.83200", "2012-12-31": "1948.63500", "2011-12-31": "458.75800", "2010-12-31": "1318.07000", "2009-12-31": "235.08600", "2008-12-31": "471.92500", "2007-12-31": "440.86300", "2006-12-31": "509.75300", "2005-12-31": "404.03600"}, "Net Cash Flow": {"2019-12-31": "-37.96900", "2018-12-31": "122.04100", "2017-12-31": "-8.85500", "2016-12-31": "-53.02600", "2015-12-31": "22.18600", "2014-12-31": "-15.26600", "2013-12-31": "-2.38700", "2012-12-31": "15.65000", "2011-12-31": "28.91200", "2010-12-31": "-60.60100", "2009-12-31": "-1.01400", "2008-12-31": "41.98200", "2007-12-31": "9.09100", "2006-12-31": "11.33100", "2005-12-31": "6.37300"}, "Stock-Based Compensation": {"2019-12-31": "", "2018-12-31": "", "2017-12-31": "", "2016-12-31": "", "2015-12-31": "", "2014-12-31": "", "2013-12-31": "", "2012-12-31": "", "2011-12-31": "", "2010-12-31": "", "2009-12-31": "", "2008-12-31": "", "2007-12-31": "", "2006-12-31": "", "2005-12-31": ""}, "Common Stock Dividends Paid": {"2019-12-31": "-921.77600", "2018-12-31": "-849.46600", "2017-12-31": "-646.40700", "2016-12-31": "-521.61900", "2015-12-31": "-468.63500", "2014-12-31": "-441.69400", "2013-12-31": "-400.95300", "2012-12-31": "-334.42900", "2011-12-31": "-261.28600", "2010-12-31": "-171.54900", "2009-12-31": "-109.78400", "2008-12-31": "-91.47600", "2007-12-31": "-77.75200", "2006-12-31": "-64.59700", "2005-12-31": "-48.42400"}}, "cash flow statement, quarterly": {"Net Income/Loss": {"2020-09-30": -1.454, "2020-06-30": 75.978, "2020-03-31": "228.69800", "2019-12-31": 349.326, "2019-09-30": 67.574, "2019-06-30": 61.324, "2019-03-31": "120.99700", "2018-12-31": 52.597, "2018-09-30": 90.264, "2018-06-30": 88.159, "2018-03-31": "110.09500", "2017-12-31": 79.658, "2017-09-30": 12.475, "2017-06-30": 79.571, "2017-03-31": "84.56300", "2016-12-31": 96.14, "2016-09-30": 222.435, "2016-06-30": 50.944, "2016-03-31": "62.33300", "2015-12-31": -16.573, "2015-09-30": 57.842, "2015-06-30": 137.997, "2015-03-31": "122.32500", "2014-12-31": -34.795, "2014-09-30": 130.161, "2014-06-30": 61.332, "2014-03-31": "46.71700", "2013-12-31": 55.667, "2013-09-30": 153.48, "2013-06-30": 59.621, "2013-03-31": "51.68100", "2012-12-31": 55.895, "2012-09-30": 56.921, "2012-06-30": 53.968, "2012-03-31": "49.26300", "2011-12-31": 47.197, "2011-09-30": 37.689, "2011-06-30": 38.228, "2011-03-31": "39.01200", "2010-12-31": 36.298, "2010-09-30": 23.626, "2010-06-30": 19.902, "2010-03-31": "25.58600", "2009-12-31": 24.897, "2009-09-30": 23.945, "2009-06-30": 21.203, "2009-03-31": "21.18900", "2008-12-31": 25.133, "2008-09-30": 18.419, "2008-06-30": 13.55, "2008-03-31": "10.81600", "2007-12-31": 7.011, "2007-09-30": 5.135, "2007-06-30": 7.758, "2007-03-31": "22.08600", "2006-12-31": 6.423, "2006-09-30": 14.787, "2006-06-30": 5.095, "2006-03-31": "5.08700", "2005-12-31": 4.602, "2005-09-30": 4.425, "2005-06-30": 4.335, "2005-03-31": "2.73900"}, "Total Depreciation And Amortization - Cash Flow": {"2020-09-30": 392.203, "2020-06-30": 378.629, "2020-03-31": "314.48000", "2019-12-31": 291.708, "2019-09-30": 301.792, "2019-06-30": 307.38, "2019-03-31": "330.51800", "2018-12-31": 315.425, "2018-09-30": 310.654, "2018-06-30": 318.349, "2018-03-31": "311.23200", "2017-12-31": 303.429, "2017-09-30": 207.909, "2017-06-30": 185.422, "2017-03-31": "181.62100", "2016-12-31": 181.63, "2016-09-30": 183.588, "2016-06-30": 181.787, "2016-03-31": "173.92500", "2015-12-31": 173.8, "2015-09-30": 135.667, "2015-06-30": 136.181, "2015-03-31": "132.41600", "2014-12-31": 136.277, "2014-09-30": 140.716, "2014-06-30": 141.076, "2014-03-31": "139.28700", "2013-12-31": 129.341, "2013-09-30": 124.348, "2013-06-30": 119.059, "2013-03-31": "114.05700", "2012-12-31": 109.592, "2012-09-30": 104.845, "2012-06-30": 91.939, "2012-03-31": "87.61900", "2011-12-31": 83.929, "2011-09-30": 83.218, "2011-06-30": 81.89, "2011-03-31": "78.36300", "2010-12-31": 79.008, "2010-09-30": 75.566, "2010-06-30": 65.436, "2010-03-31": "61.44500", "2009-12-31": 56.177, "2009-09-30": 54.178, "2009-06-30": 52.502, "2009-03-31": "48.45900", "2008-12-31": 49.24, "2008-09-30": 50.081, "2008-06-30": 40.92, "2008-03-31": "40.26700", "2007-12-31": 40.129, "2007-09-30": 35.716, "2007-06-30": 31.821, "2007-03-31": "28.80100", "2006-12-31": 27.634, "2006-09-30": 23.196, "2006-06-30": 19.346, "2006-03-31": "18.95000", "2005-12-31": 19.036, "2005-09-30": 17.339, "2005-06-30": 14.505, "2005-03-31": "12.58700"}, "Other Non-Cash Items": {"2020-09-30": 57.503, "2020-06-30": -6.937, "2020-03-31": "-212.31700", "2019-12-31": -235.431, "2019-09-30": 6.453, "2019-06-30": -2.306, "2019-03-31": "-55.01600", "2018-12-31": 4.175, "2018-09-30": -27.353, "2018-06-30": -16.591, "2018-03-31": "-41.17500", "2017-12-31": -30.669, "2017-09-30": 21.175, "2017-06-30": 7.24, "2017-03-31": "-1.36300", "2016-12-31": -31.916, "2016-09-30": -164.966, "2016-06-30": 2.28, "2016-03-31": "-2.02800", "2015-12-31": 60.237, "2015-09-30": -0.839, "2015-06-30": -76.295, "2015-03-31": "-61.92900", "2014-12-31": 94.407, "2014-09-30": -81.584, "2014-06-30": -15.949, "2014-03-31": "-3.80400", "2013-12-31": -1.659, "2013-09-30": -90.892, "2013-06-30": -7.669, "2013-03-31": "1.65400", "2012-12-31": 0.213, "2012-09-30": 1.216, "2012-06-30": 11.259, "2012-03-31": "1.13600", "2011-12-31": 0.932, "2011-09-30": 0.056, "2011-06-30": -0.389, "2011-03-31": "-0.43900", "2010-12-31": 1.768, "2010-09-30": 0.339, "2010-06-30": 1.593, "2010-03-31": "-0.87000", "2009-12-31": 2.46, "2009-09-30": 0.55, "2009-06-30": 0.406, "2009-03-31": "0.12700", "2008-12-31": -1.152, "2008-09-30": 0.781, "2008-06-30": 0.775, "2008-03-31": "0.45500", "2007-12-31": -2.207, "2007-09-30": 1.004, "2007-06-30": 0.373, "2007-03-31": "-14.72000", "2006-12-31": 1.771, "2006-09-30": -8.539, "2006-06-30": 1.913, "2006-03-31": "1.96800", "2005-12-31": 1.764, "2005-09-30": 1.955, "2005-06-30": 2.637, "2005-03-31": "2.64400"}, "Total Non-Cash Items": {"2020-09-30": 449.706, "2020-06-30": 371.692, "2020-03-31": "102.16300", "2019-12-31": 56.277, "2019-09-30": 308.245, "2019-06-30": 305.074, "2019-03-31": "275.50200", "2018-12-31": 319.6, "2018-09-30": 283.3011, "2018-06-30": 301.7579, "2018-03-31": "270.05700", "2017-12-31": 272.7599, "2017-09-30": 229.0841, "2017-06-30": 192.662, "2017-03-31": "180.25800", "2016-12-31": 149.714, "2016-09-30": 18.6219, "2016-06-30": 184.0671, "2016-03-31": "171.89700", "2015-12-31": 234.037, "2015-09-30": 134.828, "2015-06-30": 59.886, "2015-03-31": "70.48700", "2014-12-31": 230.684, "2014-09-30": 59.132, "2014-06-30": 125.127, "2014-03-31": "135.48300", "2013-12-31": 127.682, "2013-09-30": 33.456, "2013-06-30": 111.39, "2013-03-31": "115.71100", "2012-12-31": 109.805, "2012-09-30": 106.061, "2012-06-30": 103.198, "2012-03-31": "88.75500", "2011-12-31": 84.861, "2011-09-30": 83.274, "2011-06-30": 81.501, "2011-03-31": "77.92400", "2010-12-31": 80.776, "2010-09-30": 75.905, "2010-06-30": 67.029, "2010-03-31": "60.57500", "2009-12-31": 58.637, "2009-09-30": 54.728, "2009-06-30": 52.908, "2009-03-31": "48.58600", "2008-12-31": 48.088, "2008-09-30": 50.862, "2008-06-30": 41.695, "2008-03-31": "40.72200", "2007-12-31": 37.922, "2007-09-30": 36.72, "2007-06-30": 32.194, "2007-03-31": "14.08100", "2006-12-31": 29.405, "2006-09-30": 14.657, "2006-06-30": 21.259, "2006-03-31": "20.91800", "2005-12-31": 20.8, "2005-09-30": 19.294, "2005-06-30": 17.142, "2005-03-31": "15.23100"}, "Change In Accounts Receivable": {"2020-09-30": -41.155, "2020-06-30": -4.172, "2020-03-31": "19.28700", "2019-12-31": 29.075, "2019-09-30": 7.518, "2019-06-30": 5.228, "2019-03-31": "-50.25600", "2018-12-31": 16.18, "2018-09-30": -28.186, "2018-06-30": 20.938, "2018-03-31": "-30.25000", "2017-12-31": -32.004, "2017-09-30": -18.002, "2017-06-30": -33.166, "2017-03-31": "9.45500", "2016-12-31": 32.743, "2016-09-30": -45.379, "2016-06-30": -4.339, "2016-03-31": "3.22100", "2015-12-31": -8.745, "2015-09-30": -6.208, "2015-06-30": -13.905, "2015-03-31": "18.73100", "2014-12-31": 4.951, "2014-09-30": -36.96, "2014-06-30": 18.454, "2014-03-31": "2.12900", "2013-12-31": 11.074, "2013-09-30": -15.784, "2013-06-30": 19.767, "2013-03-31": "-15.58400", "2012-12-31": -7.264, "2012-09-30": -49.438, "2012-06-30": -4.897, "2012-03-31": "1.48400", "2011-12-31": -11.644, "2011-09-30": -2.386, "2011-06-30": -1.383, "2011-03-31": "-5.84100", "2010-12-31": 12.819, "2010-09-30": -28.288, "2010-06-30": 0.398, "2010-03-31": "-9.41500", "2009-12-31": -8.13, "2009-09-30": -4.528, "2009-06-30": -2.442, "2009-03-31": "-1.07300", "2008-12-31": 17.8, "2008-09-30": -12.297, "2008-06-30": -2.65, "2008-03-31": "2.02500", "2007-12-31": 6.849, "2007-09-30": -1.901, "2007-06-30": 0.751, "2007-03-31": "-0.56500", "2006-12-31": -6.744, "2006-09-30": -1.993, "2006-06-30": 0.354, "2006-03-31": "-2.56700", "2005-12-31": -1.605, "2005-09-30": -1.443, "2005-06-30": -1.587, "2005-03-31": "-0.10200"}, "Change In Inventories": {"2020-09-30": 0, "2020-06-30": 0, "2020-03-31": "", "2019-12-31": 0, "2019-09-30": 0, "2019-06-30": 0, "2019-03-31": "", "2018-12-31": 0, "2018-09-30": 0, "2018-06-30": 0, "2018-03-31": "", "2017-12-31": 0, "2017-09-30": 0, "2017-06-30": 0, "2017-03-31": "", "2016-12-31": 0, "2016-09-30": 0, "2016-06-30": 0, "2016-03-31": "", "2015-12-31": 0, "2015-09-30": 0, "2015-06-30": 0, "2015-03-31": "", "2014-12-31": 0, "2014-09-30": 0, "2014-06-30": 0, "2014-03-31": "", "2013-12-31": 0, "2013-09-30": 0, "2013-06-30": 0, "2013-03-31": "", "2012-12-31": 0, "2012-09-30": 0, "2012-06-30": 0, "2012-03-31": "", "2011-12-31": 0, "2011-09-30": 0, "2011-06-30": 0, "2011-03-31": "", "2010-12-31": 0, "2010-09-30": 0, "2010-06-30": 0, "2010-03-31": "", "2009-12-31": 0, "2009-09-30": 0, "2009-06-30": 0, "2009-03-31": "", "2008-12-31": 0, "2008-09-30": 0, "2008-06-30": 0, "2008-03-31": "", "2007-12-31": 0, "2007-09-30": 0, "2007-06-30": 0, "2007-03-31": "", "2006-12-31": 0, "2006-09-30": 0, "2006-06-30": 0, "2006-03-31": "", "2005-12-31": 0, "2005-09-30": 0, "2005-06-30": 0, "2005-03-31": ""}, "Change In Accounts Payable": {"2020-09-30": 0, "2020-06-30": 0, "2020-03-31": "", "2019-12-31": 0, "2019-09-30": 0, "2019-06-30": 0, "2019-03-31": "", "2018-12-31": 0, "2018-09-30": 0, "2018-06-30": 0, "2018-03-31": "", "2017-12-31": 0, "2017-09-30": 0, "2017-06-30": 0, "2017-03-31": "", "2016-12-31": 0, "2016-09-30": 0, "2016-06-30": 0, "2016-03-31": "", "2015-12-31": 0, "2015-09-30": 0, "2015-06-30": 0, "2015-03-31": "", "2014-12-31": 0, "2014-09-30": 0, "2014-06-30": 0, "2014-03-31": "", "2013-12-31": 0, "2013-09-30": 0, "2013-06-30": 0, "2013-03-31": "", "2012-12-31": 0, "2012-09-30": 0, "2012-06-30": 0, "2012-03-31": "", "2011-12-31": 0, "2011-09-30": 0, "2011-06-30": 0, "2011-03-31": "", "2010-12-31": 0, "2010-09-30": 0, "2010-06-30": 0, "2010-03-31": "", "2009-12-31": 0, "2009-09-30": 0, "2009-06-30": 0, "2009-03-31": "", "2008-12-31": 0, "2008-09-30": 0, "2008-06-30": 0, "2008-03-31": "", "2007-12-31": 0, "2007-09-30": 0, "2007-06-30": 0, "2007-03-31": "", "2006-12-31": 0, "2006-09-30": 0, "2006-06-30": 0, "2006-03-31": "", "2005-12-31": 0, "2005-09-30": 0, "2005-06-30": 0, "2005-03-31": ""}, "Change In Assets/Liabilities": {"2020-09-30": -12.652, "2020-06-30": -4.005, "2020-03-31": "-59.77400", "2019-12-31": -0.465, "2019-09-30": -22.833, "2019-06-30": -21.805, "2019-03-31": "-45.11900", "2018-12-31": -72.423, "2018-09-30": -38.541, "2018-06-30": -7.711, "2018-03-31": "-29.70600", "2017-12-31": -14.873, "2017-09-30": 8.362, "2017-06-30": 5.675, "2017-03-31": "-16.78900", "2016-12-31": 94.299, "2016-09-30": -82.277, "2016-06-30": -64.09, "2016-03-31": "-17.52000", "2015-12-31": 26.014, "2015-09-30": -11.275, "2015-06-30": -14.575, "2015-03-31": "-30.13900", "2014-12-31": -38.626, "2014-09-30": 5.02, "2014-06-30": -35.829, "2014-03-31": "-41.86700", "2013-12-31": -12.936, "2013-09-30": -16.497, "2013-06-30": -22.556, "2013-03-31": "-33.90900", "2012-12-31": -1.36, "2012-09-30": 6.602, "2012-06-30": -15.381, "2012-03-31": "-32.80600", "2011-12-31": -2.365, "2011-09-30": -17.189, "2011-06-30": -17.555, "2011-03-31": "-26.31700", "2010-12-31": -2.447, "2010-09-30": -4.145, "2010-06-30": -16.223, "2010-03-31": "-18.80000", "2009-12-31": -8.922, "2009-09-30": -24.156, "2009-06-30": -6.665, "2009-03-31": "7.40300", "2008-12-31": 1.24, "2008-09-30": -13.886, "2008-06-30": -6.426, "2008-03-31": "-9.27900", "2007-12-31": -10.551, "2007-09-30": -15.448, "2007-06-30": -9.664, "2007-03-31": "-7.59400", "2006-12-31": -7.153, "2006-09-30": -4.064, "2006-06-30": -5.228, "2006-03-31": "-5.44300", "2005-12-31": -10.798, "2005-09-30": -2.659, "2005-06-30": 1.133, "2005-03-31": "-4.33200"}, "Total Change In Assets/Liabilities": {"2020-09-30": 20.117, "2020-06-30": 38.04, "2020-03-31": "-104.20100", "2019-12-31": -3.73, "2019-09-30": -91.187, "2019-06-30": 110.214, "2019-03-31": "-45.79900", "2018-12-31": -20.722, "2018-09-30": -12.804, "2018-06-30": 46.181, "2018-03-31": "-143.16200", "2017-12-31": -10.664, "2017-09-30": -79.32, "2017-06-30": 28.013, "2017-03-31": "-45.75500", "2016-12-31": 38.335, "2016-09-30": -10.637, "2016-06-30": -18.992, "2016-03-31": "-53.61600", "2015-12-31": 40.169, "2015-09-30": -8.614, "2015-06-30": 18.346, "2015-03-31": "-53.89000", "2014-12-31": -12.568, "2014-09-30": -31.99, "2014-06-30": 12.394, "2014-03-31": "-65.78900", "2013-12-31": 18.961, "2013-09-30": -8.363, "2013-06-30": 15.455, "2013-03-31": "-78.35100", "2012-12-31": 20.712, "2012-09-30": -37.646, "2012-06-30": 3.497, "2012-03-31": "-67.48100", "2011-12-31": -11.2, "2011-09-30": -30.588, "2011-06-30": 5.505, "2011-03-31": "-52.44700", "2010-12-31": 1.634, "2010-09-30": -2.282, "2010-06-30": -1.059, "2010-03-31": "-28.96100", "2009-12-31": -18.449, "2009-09-30": -3.431, "2009-06-30": 27.993, "2009-03-31": "-28.39700", "2008-12-31": 21.05, "2008-09-30": -19.098, "2008-06-30": 0.27, "2008-03-31": "-33.69900", "2007-12-31": -18.916, "2007-09-30": -18.682, "2007-06-30": -9.761, "2007-03-31": "-9.89300", "2006-12-31": 1.469, "2006-09-30": -11.046, "2006-06-30": 2.458, "2006-03-31": "-11.14800", "2005-12-31": -12.654, "2005-09-30": 6.265, "2005-06-30": 1.133, "2005-03-31": "-6.26200"}, "Cash Flow From Operating Activities": {"2020-09-30": 468.369, "2020-06-30": 485.71, "2020-03-31": "226.66000", "2019-12-31": 401.873, "2019-09-30": 284.632, "2019-06-30": 476.612, "2019-03-31": "350.70000", "2018-12-31": 351.475, "2018-09-30": 360.761, "2018-06-30": 436.098, "2018-03-31": "236.99000", "2017-12-31": 341.754, "2017-09-30": 162.239, "2017-06-30": 300.246, "2017-03-31": "219.06600", "2016-12-31": 284.189, "2016-09-30": 230.42, "2016-06-30": 216.019, "2016-03-31": "180.61400", "2015-12-31": 257.633, "2015-09-30": 184.056, "2015-06-30": 216.229, "2015-03-31": "138.92200", "2014-12-31": 183.321, "2014-09-30": 157.303, "2014-06-30": 198.853, "2014-03-31": "116.41100", "2013-12-31": 202.31, "2013-09-30": 178.573, "2013-06-30": 186.466, "2013-03-31": "89.04100", "2012-12-31": 186.412, "2012-09-30": 125.336, "2012-06-30": 160.663, "2012-03-31": "70.53700", "2011-12-31": 120.858, "2011-09-30": 90.375, "2011-06-30": 125.234, "2011-03-31": "64.48900", "2010-12-31": 118.708, "2010-09-30": 97.249, "2010-06-30": 85.872, "2010-03-31": "57.20000", "2009-12-31": 65.085, "2009-09-30": 75.242, "2009-06-30": 102.104, "2009-03-31": "41.37800", "2008-12-31": 94.271, "2008-09-30": 50.183, "2008-06-30": 55.515, "2008-03-31": "17.83900", "2007-12-31": 26.017, "2007-09-30": 23.173, "2007-06-30": 30.191, "2007-03-31": "26.27400", "2006-12-31": 37.297, "2006-09-30": 18.398, "2006-06-30": 28.812, "2006-03-31": "14.85700", "2005-12-31": 12.748, "2005-09-30": 29.984, "2005-06-30": 22.61, "2005-03-31": "11.70800"}, "Net Change In Property, Plant, And Equipment": {"2020-09-30": -240.647, "2020-06-30": -37.921, "2020-03-31": "213.09700", "2019-12-31": -18.806, "2019-09-30": -15.576, "2019-06-30": -50.314, "2019-03-31": "-9.08300", "2018-12-31": -293.722, "2018-09-30": 50.115, "2018-06-30": -18.076, "2018-03-31": "137.17500", "2017-12-31": -302.277, "2017-09-30": 10.675, "2017-06-30": -21.244, "2017-03-31": "-13.58500", "2016-12-31": 0, "2016-09-30": -548.0619, "2016-06-30": -0.344, "2016-03-31": "34.44000", "2015-12-31": -50.823, "2015-09-30": 0, "2015-06-30": 93.867, "2015-03-31": "43.27400", "2014-12-31": 0, "2014-09-30": -24.305, "2014-06-30": 37.945, "2014-03-31": "", "2013-12-31": -2.256, "2013-09-30": -37.512, "2013-06-30": -41.354, "2013-03-31": "-78.18500", "2012-12-31": -109.085, "2012-09-30": -1229.493, "2012-06-30": -96.404, "2012-03-31": "-126.20100", "2011-12-31": -99.969, "2011-09-30": -76.886, "2011-06-30": -18.453, "2011-03-31": "-1.29400", "2010-12-31": -137.106, "2010-09-30": -750.906, "2010-06-30": -55.983, "2010-03-31": "-375.00000", "2009-12-31": -98.72, "2009-09-30": -20.171, "2009-06-30": -19.105, "2009-03-31": "", "2008-12-31": -10.248, "2008-09-30": -1.06, "2008-06-30": -47.613, "2008-03-31": "-21.08200", "2007-12-31": -85.394, "2007-09-30": -82.264, "2007-06-30": -28.921, "2007-03-31": "-86.73000", "2006-12-31": -108.478, "2006-09-30": -188.554, "2006-06-30": -123.139, "2006-03-31": "-23.85800", "2005-12-31": -66.923, "2005-09-30": -73.457, "2005-06-30": -240.612, "2005-03-31": "-70.42200"}, "Net Change In Intangible Assets": {"2020-09-30": 0, "2020-06-30": 0, "2020-03-31": "", "2019-12-31": 0, "2019-09-30": 0, "2019-06-30": 0, "2019-03-31": "", "2018-12-31": 0, "2018-09-30": 0, "2018-06-30": 0, "2018-03-31": "", "2017-12-31": 0, "2017-09-30": 0, "2017-06-30": 0, "2017-03-31": "", "2016-12-31": 0, "2016-09-30": 0, "2016-06-30": 0, "2016-03-31": "", "2015-12-31": 0, "2015-09-30": 0, "2015-06-30": 0, "2015-03-31": "", "2014-12-31": 0, "2014-09-30": 0, "2014-06-30": 0, "2014-03-31": "", "2013-12-31": 0, "2013-09-30": 0, "2013-06-30": 0, "2013-03-31": "", "2012-12-31": 0, "2012-09-30": 0, "2012-06-30": 0, "2012-03-31": "", "2011-12-31": 0, "2011-09-30": 0, "2011-06-30": 0, "2011-03-31": "", "2010-12-31": 0, "2010-09-30": 0, "2010-06-30": 0, "2010-03-31": "", "2009-12-31": 0, "2009-09-30": 0, "2009-06-30": 0, "2009-03-31": "", "2008-12-31": 0, "2008-09-30": 0, "2008-06-30": 0, "2008-03-31": "", "2007-12-31": 0, "2007-09-30": 0, "2007-06-30": 0, "2007-03-31": "", "2006-12-31": 0, "2006-09-30": 0, "2006-06-30": 0, "2006-03-31": "", "2005-12-31": 0, "2005-09-30": 0, "2005-06-30": 0, "2005-03-31": ""}, "Net Acquisitions/Divestitures": {"2020-09-30": 0, "2020-06-30": 0, "2020-03-31": "116.73800", "2019-12-31": 0, "2019-09-30": 0, "2019-06-30": 0, "2019-03-31": "", "2018-12-31": -1679.83, "2018-09-30": 0, "2018-06-30": 0, "2018-03-31": "", "2017-12-31": 0, "2017-09-30": 0, "2017-06-30": 0, "2017-03-31": "", "2016-12-31": 36.328, "2016-09-30": -29.586, "2016-06-30": -2.423, "2016-03-31": "-4.31900", "2015-12-31": -1856.241, "2015-09-30": -21.371, "2015-06-30": 9.632, "2015-03-31": "-12.40300", "2014-12-31": -15.703, "2014-09-30": -10.066, "2014-06-30": -3.816, "2014-03-31": "", "2013-12-31": -3.98, "2013-09-30": -6.803, "2013-06-30": -3.088, "2013-03-31": "-1.91400", "2012-12-31": -16.837, "2012-09-30": -8.342, "2012-06-30": -6.283, "2012-03-31": "-2.98600", "2011-12-31": -2.141, "2011-09-30": -10.185, "2011-06-30": -6.665, "2011-03-31": "-1.00900", "2010-12-31": -2.748, "2010-09-30": -1.975, "2010-06-30": -2.077, "2010-03-31": "", "2009-12-31": 3.046, "2009-09-30": -2.927, "2009-06-30": -3.63, "2009-03-31": "-1.69700", "2008-12-31": 1.076, "2008-09-30": -9.869, "2008-06-30": -8.709, "2008-03-31": "-2.83500", "2007-12-31": -4.352, "2007-09-30": -1.481, "2007-06-30": -5.226, "2007-03-31": "", "2006-12-31": -0.207, "2006-09-30": 0.01, "2006-06-30": -0.038, "2006-03-31": "-0.76700", "2005-12-31": 0, "2005-09-30": 0, "2005-06-30": 0, "2005-03-31": ""}, "Net Change In Short-term Investments": {"2020-09-30": 0, "2020-06-30": 0, "2020-03-31": "", "2019-12-31": 0, "2019-09-30": 0, "2019-06-30": 0, "2019-03-31": "", "2018-12-31": 0, "2018-09-30": 0, "2018-06-30": 0, "2018-03-31": "", "2017-12-31": 0, "2017-09-30": 0, "2017-06-30": 0, "2017-03-31": "", "2016-12-31": 0, "2016-09-30": 0, "2016-06-30": 0, "2016-03-31": "", "2015-12-31": -1.52, "2015-09-30": 0.036, "2015-06-30": 1.559, "2015-03-31": "-0.07500", "2014-12-31": -0.338, "2014-09-30": 16.577, "2014-06-30": -0.526, "2014-03-31": "-0.81400", "2013-12-31": -0.215, "2013-09-30": -0.43, "2013-06-30": -0.503, "2013-03-31": "-0.35900", "2012-12-31": -1.059, "2012-09-30": -0.63, "2012-06-30": 2.756, "2012-03-31": "1.10100", "2011-12-31": 4.173, "2011-09-30": 4.486, "2011-06-30": 0.185, "2011-03-31": "-0.06700", "2010-12-31": 0.61, "2010-09-30": -16.2, "2010-06-30": -1.038, "2010-03-31": "-0.58800", "2009-12-31": -0.167, "2009-09-30": -0.208, "2009-06-30": -0.353, "2009-03-31": "1.08600", "2008-12-31": -21.274, "2008-09-30": -0.955, "2008-06-30": -1.39, "2008-03-31": "0.05700", "2007-12-31": 2.127, "2007-09-30": -4.398, "2007-06-30": -0.225, "2007-03-31": "-0.76100", "2006-12-31": 0.335, "2006-09-30": -7.707, "2006-06-30": -4.078, "2006-03-31": "4.07800", "2005-12-31": 13.004, "2005-09-30": -4.064, "2005-06-30": -11.188, "2005-03-31": "0.43400"}, "Net Change In Long-Term Investments": {"2020-09-30": -556.639, "2020-06-30": -424.24, "2020-03-31": "-454.79500", "2019-12-31": -330.808, "2019-09-30": -360.002, "2019-06-30": -432.878, "2019-03-31": "-414.31500", "2018-12-31": -379.254, "2018-09-30": -332.392, "2018-06-30": -324.268, "2018-03-31": "-289.92100", "2017-12-31": -472.533, "2017-09-30": -289.672, "2017-06-30": -221.711, "2017-03-31": "-260.10800", "2016-12-31": -208.717, "2016-09-30": -216.947, "2016-06-30": -148.516, "2016-03-31": "-183.90100", "2015-12-31": -205.289, "2015-09-30": -154.993, "2015-06-30": -196.331, "2015-03-31": "-191.36400", "2014-12-31": -176.112, "2014-09-30": -45.894, "2014-06-30": -217.16, "2014-03-31": "-223.27900", "2013-12-31": -324.319, "2013-09-30": 21.655, "2013-06-30": -322.902, "2013-03-31": "-276.92700", "2012-12-31": -266.875, "2012-09-30": -208.876, "2012-06-30": -235.077, "2012-03-31": "-189.76000", "2011-12-31": -154.313, "2011-09-30": -181.957, "2011-06-30": -172.905, "2011-03-31": "-135.22900", "2010-12-31": -141.227, "2010-09-30": -105.39, "2010-06-30": -86.824, "2010-03-31": "-66.87700", "2009-12-31": -69.231, "2009-09-30": -77.561, "2009-06-30": -108.548, "2009-03-31": "-137.04600", "2008-12-31": -156.008, "2008-09-30": -139.813, "2008-06-30": -155.785, "2008-03-31": "-93.61700", "2007-12-31": -121.502, "2007-09-30": -60.27, "2007-06-30": -40.181, "2007-03-31": "-43.72900", "2006-12-31": -85.198, "2006-09-30": -28.557, "2006-06-30": -16.037, "2006-03-31": "-7.73200", "2005-12-31": -12.022, "2005-09-30": -4.673, "2005-06-30": -3.133, "2005-03-31": "-1.65700"}, "Net Change In Investments - Total": {"2020-09-30": -556.639, "2020-06-30": -424.24, "2020-03-31": "-454.79500", "2019-12-31": -330.808, "2019-09-30": -360.002, "2019-06-30": -432.878, "2019-03-31": "-414.31500", "2018-12-31": -379.254, "2018-09-30": -332.392, "2018-06-30": -324.268, "2018-03-31": "-289.92100", "2017-12-31": -472.533, "2017-09-30": -289.672, "2017-06-30": -221.711, "2017-03-31": "-260.10800", "2016-12-31": -208.717, "2016-09-30": -216.947, "2016-06-30": -148.516, "2016-03-31": "-183.90100", "2015-12-31": -206.809, "2015-09-30": -154.957, "2015-06-30": -194.772, "2015-03-31": "-191.43900", "2014-12-31": -176.45, "2014-09-30": -29.317, "2014-06-30": -217.686, "2014-03-31": "-224.09300", "2013-12-31": -324.5342, "2013-09-30": 21.2251, "2013-06-30": -323.405, "2013-03-31": "-277.28600", "2012-12-31": -267.934, "2012-09-30": -209.506, "2012-06-30": -232.321, "2012-03-31": "-188.65900", "2011-12-31": -150.14, "2011-09-30": -177.471, "2011-06-30": -172.72, "2011-03-31": "-135.29600", "2010-12-31": -140.617, "2010-09-30": -121.59, "2010-06-30": -87.862, "2010-03-31": "-67.46500", "2009-12-31": -69.398, "2009-09-30": -77.769, "2009-06-30": -108.901, "2009-03-31": "-135.96000", "2008-12-31": -177.282, "2008-09-30": -140.768, "2008-06-30": -157.175, "2008-03-31": "-93.56000", "2007-12-31": -119.375, "2007-09-30": -64.668, "2007-06-30": -40.406, "2007-03-31": "-44.49000", "2006-12-31": -84.863, "2006-09-30": -36.264, "2006-06-30": -20.115, "2006-03-31": "-3.65400", "2005-12-31": 0.982, "2005-09-30": -8.737, "2005-06-30": -14.321, "2005-03-31": "-1.22300"}, "Investing Activities - Other": {"2020-09-30": -43.418, "2020-06-30": -79.211, "2020-03-31": "-12.48300", "2019-12-31": 782.678, "2019-09-30": 54.035, "2019-06-30": -69.012, "2019-03-31": "589.08900", "2018-12-31": 110.589, "2018-09-30": 14.081, "2018-06-30": -5.952, "2018-03-31": "-24.53800", "2017-12-31": 135.627, "2017-09-30": 24.491, "2017-06-30": -4.941, "2017-03-31": "58.12500", "2016-12-31": -56.789, "2016-09-30": 19.218, "2016-06-30": 6.369, "2016-03-31": "-0.34800", "2015-12-31": 11.613, "2015-09-30": -7.054, "2015-06-30": -1.516, "2015-03-31": "11.49800", "2014-12-31": 12.859, "2014-09-30": 2.618, "2014-06-30": 7.285, "2014-03-31": "-3.45100", "2013-12-31": 2.662, "2013-09-30": 2.837, "2013-06-30": 11.237, "2013-03-31": "1.74700", "2012-12-31": 2.851, "2012-09-30": 8.845, "2012-06-30": 5.405, "2012-03-31": "1.01700", "2011-12-31": 13.133, "2011-09-30": 3.878, "2011-06-30": 4.374, "2011-03-31": "0.04200", "2010-12-31": 2.143, "2010-09-30": 1.585, "2010-06-30": 2.191, "2010-03-31": "-0.29000", "2009-12-31": 4.653, "2009-09-30": 2.525, "2009-06-30": 3.196, "2009-03-31": "4.94900", "2008-12-31": 6.741, "2008-09-30": 5.743, "2008-06-30": 4.666, "2008-03-31": "4.22400", "2007-12-31": 16.515, "2007-09-30": 4.646, "2007-06-30": 1.938, "2007-03-31": "2.78100", "2006-12-31": -3.917, "2006-09-30": 1.21, "2006-06-30": -0.898, "2006-03-31": "-4.25400", "2005-12-31": 0, "2005-09-30": 0, "2005-06-30": 0, "2005-03-31": ""}, "Cash Flow From Investing Activities": {"2020-09-30": -840.704, "2020-06-30": -541.372, "2020-03-31": "-137.44300", "2019-12-31": 433.064, "2019-09-30": -321.543, "2019-06-30": -552.204, "2019-03-31": "165.69100", "2018-12-31": -2242.217, "2018-09-30": -268.196, "2018-06-30": -348.296, "2018-03-31": "-177.28400", "2017-12-31": -639.183, "2017-09-30": -254.506, "2017-06-30": -247.896, "2017-03-31": "-215.56800", "2016-12-31": -229.178, "2016-09-30": -775.377, "2016-06-30": -144.914, "2016-03-31": "-154.12800", "2015-12-31": -2102.26, "2015-09-30": -183.382, "2015-06-30": -92.789, "2015-03-31": "-149.07000", "2014-12-31": -179.294, "2014-09-30": -61.07, "2014-06-30": -176.272, "2014-03-31": "-227.54400", "2013-12-31": -328.108, "2013-09-30": -20.253, "2013-06-30": -356.61, "2013-03-31": "-355.63800", "2012-12-31": -391.005, "2012-09-30": -1438.496, "2012-06-30": -329.603, "2012-03-31": "-316.82900", "2011-12-31": -239.117, "2011-09-30": -260.664, "2011-06-30": -193.464, "2011-03-31": "-137.55700", "2010-12-31": -278.328, "2010-09-30": -872.886, "2010-06-30": -143.731, "2010-03-31": "-442.75500", "2009-12-31": -160.419, "2009-09-30": -98.342, "2009-06-30": -128.44, "2009-03-31": "-132.70800", "2008-12-31": -179.713, "2008-09-30": -145.954, "2008-06-30": -208.831, "2008-03-31": "-113.25300", "2007-12-31": -192.606, "2007-09-30": -143.767, "2007-06-30": -72.615, "2007-03-31": "-128.43900", "2006-12-31": -197.465, "2006-09-30": -223.598, "2006-06-30": -144.19, "2006-03-31": "-32.53300", "2005-12-31": -65.941, "2005-09-30": -82.194, "2005-06-30": -254.933, "2005-03-31": "-71.64500"}, "Net Long-Term Debt": {"2020-09-30": 167.8155, "2020-06-30": 6.3703, "2020-03-31": "611.97390", "2019-12-31": -1074.9131, "2019-09-30": 266.4536, "2019-06-30": 582.4368, "2019-03-31": "-253.36990", "2018-12-31": 1981.266, "2018-09-30": 96.063, "2018-06-30": 145.293, "2018-03-31": "395.73200", "2017-12-31": 127.4074, "2017-09-30": 259.8342, "2017-06-30": 121.922, "2017-03-31": "307.02900", "2016-12-31": -52.554, "2016-09-30": -92.7049, "2016-06-30": 81.9488, "2016-03-31": "240.38600", "2015-12-31": 1226.4731, "2015-09-30": -139.3621, "2015-06-30": 47.765, "2015-03-31": "257.35100", "2014-12-31": 19.015, "2014-09-30": -1.4659, "2014-06-30": 63.9509, "2014-03-31": "58.45300", "2013-12-31": 139.0349, "2013-09-30": 3.115, "2013-06-30": 33.567, "2013-03-31": "456.40590", "2012-12-31": 192.771, "2012-09-30": 645.5239, "2012-06-30": 123.5531, "2012-03-31": "326.04500", "2011-12-31": 87.5219, "2011-09-30": -255.6311, "2011-06-30": 6.7502, "2011-03-31": "234.35390", "2010-12-31": 108.2381, "2010-09-30": 567.8389, "2010-06-30": 7.104, "2010-03-31": "394.73400", "2009-12-31": 134.773, "2009-09-30": 57.557, "2009-06-30": 48.886, "2009-03-31": "64.39000", "2008-12-31": 130.483, "2008-09-30": -64.013, "2008-06-30": 168.205, "2008-03-31": "-187.97200", "2007-12-31": 21.351, "2007-09-30": 151.674, "2007-06-30": -103.445, "2007-03-31": "146.42600", "2006-12-31": 40.569, "2006-09-30": 218.711, "2006-06-30": 29.919, "2006-03-31": "64.30500", "2005-12-31": -76.297, "2005-09-30": -86.793, "2005-06-30": 248.934, "2005-03-31": "-17.78800"}, "Net Current Debt": {"2020-09-30": 0, "2020-06-30": 0, "2020-03-31": "", "2019-12-31": 0, "2019-09-30": 0, "2019-06-30": 0, "2019-03-31": "", "2018-12-31": 0, "2018-09-30": 0, "2018-06-30": 0, "2018-03-31": "", "2017-12-31": 0, "2017-09-30": 0, "2017-06-30": 0, "2017-03-31": "", "2016-12-31": 0, "2016-09-30": 0, "2016-06-30": 0, "2016-03-31": "", "2015-12-31": 0, "2015-09-30": 0, "2015-06-30": 0, "2015-03-31": "", "2014-12-31": 0, "2014-09-30": 0, "2014-06-30": 0, "2014-03-31": "", "2013-12-31": 0, "2013-09-30": 0, "2013-06-30": 0, "2013-03-31": "", "2012-12-31": 0, "2012-09-30": 0, "2012-06-30": 0, "2012-03-31": "", "2011-12-31": 0, "2011-09-30": 0, "2011-06-30": 0, "2011-03-31": "", "2010-12-31": 0, "2010-09-30": 0, "2010-06-30": 0, "2010-03-31": "", "2009-12-31": 0, "2009-09-30": 0, "2009-06-30": 0, "2009-03-31": "", "2008-12-31": 0, "2008-09-30": 0, "2008-06-30": 0, "2008-03-31": "", "2007-12-31": 0, "2007-09-30": 0, "2007-06-30": 0, "2007-03-31": "", "2006-12-31": -132.24, "2006-09-30": 0, "2006-06-30": 0, "2006-03-31": "1.20000", "2005-12-31": 137, "2005-09-30": 0, "2005-06-30": 0, "2005-03-31": ""}, "Debt Issuance/Retirement Net - Total": {"2020-09-30": 167.8155, "2020-06-30": 6.3703, "2020-03-31": "611.97390", "2019-12-31": -1074.9131, "2019-09-30": 266.4536, "2019-06-30": 582.4368, "2019-03-31": "-253.36990", "2018-12-31": 1981.266, "2018-09-30": 96.063, "2018-06-30": 145.293, "2018-03-31": "395.73200", "2017-12-31": 127.4074, "2017-09-30": 259.8342, "2017-06-30": 121.922, "2017-03-31": "307.02900", "2016-12-31": -52.554, "2016-09-30": -92.7049, "2016-06-30": 81.9488, "2016-03-31": "240.38600", "2015-12-31": 1226.4731, "2015-09-30": -139.3621, "2015-06-30": 47.765, "2015-03-31": "257.35100", "2014-12-31": 19.015, "2014-09-30": -1.4659, "2014-06-30": 63.9509, "2014-03-31": "58.45300", "2013-12-31": 139.0349, "2013-09-30": 3.115, "2013-06-30": 33.567, "2013-03-31": "456.40590", "2012-12-31": 192.771, "2012-09-30": 645.5239, "2012-06-30": 123.5531, "2012-03-31": "326.04500", "2011-12-31": 87.5219, "2011-09-30": -255.6311, "2011-06-30": 6.7502, "2011-03-31": "234.35390", "2010-12-31": 108.2381, "2010-09-30": 567.8389, "2010-06-30": 7.104, "2010-03-31": "394.73400", "2009-12-31": 134.773, "2009-09-30": 57.557, "2009-06-30": 48.886, "2009-03-31": "64.39000", "2008-12-31": 130.483, "2008-09-30": -64.013, "2008-06-30": 168.205, "2008-03-31": "-187.97200", "2007-12-31": 21.351, "2007-09-30": 151.674, "2007-06-30": -103.445, "2007-03-31": "146.42600", "2006-12-31": -91.671, "2006-09-30": 218.711, "2006-06-30": 29.919, "2006-03-31": "65.50500", "2005-12-31": 60.703, "2005-09-30": -86.793, "2005-06-30": 248.934, "2005-03-31": "-17.78800"}, "Net Common Equity Issued/Repurchased": {"2020-09-30": 1245.148, "2020-06-30": 637.694, "2020-03-31": "4.82500", "2019-12-31": 333.614, "2019-09-30": 2.921, "2019-06-30": -0.76, "2019-03-31": "205.30700", "2018-12-31": 2.486, "2018-09-30": 2.725, "2018-06-30": -0.64, "2018-03-31": "2.49700", "2017-12-31": 0.2, "2017-09-30": 196.616, "2017-06-30": 211.769, "2017-03-31": "2.72400", "2016-12-31": 1085.442, "2016-09-30": 2.816, "2016-06-30": 0.108, "2016-03-31": "1.80500", "2015-12-31": 919.042, "2015-09-30": 0.305, "2015-06-30": 0.159, "2015-03-31": "0.33400", "2014-12-31": 0.474, "2014-09-30": 0, "2014-06-30": 0.199, "2014-03-31": "0.03800", "2013-12-31": 0, "2013-09-30": 0.18, "2013-06-30": 0.042, "2013-03-31": "0.00800", "2012-12-31": 0.022, "2012-09-30": 833.043, "2012-06-30": 0.707, "2012-03-31": "64.64400", "2011-12-31": 44.217, "2011-09-30": 240.399, "2011-06-30": 176.036, "2011-03-31": "-5.18300", "2010-12-31": 64.153, "2010-09-30": 89.78, "2010-06-30": 408.01, "2010-03-31": "57.49600", "2009-12-31": 2.073, "2009-09-30": 3.747, "2009-06-30": 0.454, "2009-03-31": "83.80100", "2008-12-31": 0.519, "2008-09-30": 222.866, "2008-06-30": 1.354, "2008-03-31": "0.15200", "2007-12-31": 159.281, "2007-09-30": 0.098, "2007-06-30": 0.23, "2007-03-31": "0.17200", "2006-12-31": 283.169, "2006-09-30": 0.605, "2006-06-30": 97.6, "2006-03-31": "0.45200", "2005-12-31": 0.718, "2005-09-30": 104.502, "2005-06-30": 0, "2005-03-31": ""}, "Net Total Equity Issued/Repurchased": {"2020-09-30": 995.148, "2020-06-30": 637.694, "2020-03-31": "4.82500", "2019-12-31": 333.614, "2019-09-30": 2.921, "2019-06-30": -365.81, "2019-03-31": "205.30700", "2018-12-31": 2.486, "2018-09-30": 2.725, "2018-06-30": -0.64, "2018-03-31": "2.49700", "2017-12-31": 0.2, "2017-09-30": 196.616, "2017-06-30": 29.269, "2017-03-31": "2.72400", "2016-12-31": -0.6489, "2016-09-30": 801.4069, "2016-06-30": 0.108, "2016-03-31": "1.80500", "2015-12-31": 669.042, "2015-09-30": 250.305, "2015-06-30": 0.159, "2015-03-31": "0.33400", "2014-12-31": 0.474, "2014-09-30": 0, "2014-06-30": 65.199, "2014-03-31": "300.03800", "2013-12-31": 0, "2013-09-30": 0.18, "2013-06-30": 250.042, "2013-03-31": "0.00800", "2012-12-31": 0.022, "2012-09-30": 833.043, "2012-06-30": 183.207, "2012-03-31": "64.64400", "2011-12-31": 44.217, "2011-09-30": 527.899, "2011-06-30": 176.036, "2011-03-31": "-5.18300", "2010-12-31": 0.903, "2010-09-30": -13.72, "2010-06-30": 408.01, "2010-03-31": "57.49600", "2009-12-31": 2.073, "2009-09-30": 3.747, "2009-06-30": 0.454, "2009-03-31": "83.80100", "2008-12-31": 0.519, "2008-09-30": 222.866, "2008-06-30": 1.354, "2008-03-31": "334.80200", "2007-12-31": 159.281, "2007-09-30": 0.098, "2007-06-30": 175.23, "2007-03-31": "0.17200", "2006-12-31": 283.169, "2006-09-30": 0.605, "2006-06-30": 97.6, "2006-03-31": "0.45200", "2005-12-31": 0.718, "2005-09-30": 167.752, "2005-06-30": 0, "2005-03-31": "103.50000"}, "Total Common And Preferred Stock Dividends Paid": {"2020-09-30": -332.636, "2020-06-30": -332.3089, "2020-03-31": "-560.60210", "2019-12-31": -20.707, "2019-09-30": -251.517, "2019-06-30": -251.82, "2019-03-31": "-472.72200", "2018-12-31": -20.224, "2018-09-30": -236.933, "2018-06-30": -236.838, "2018-03-31": "-436.78700", "2017-12-31": -21.724, "2017-09-30": -213.368, "2017-06-30": -167.619, "2017-03-31": "-312.49800", "2016-12-31": -17.392, "2016-09-30": -153.131, "2016-06-30": -153.968, "2016-03-31": "-280.89900", "2015-12-31": -23.878, "2015-09-30": -136.5, "2015-06-30": -136.347, "2015-03-31": "-251.33300", "2014-12-31": -18.414, "2014-09-30": -133.418, "2014-06-30": -133.714, "2014-03-31": "-223.61300", "2013-12-31": -11.726, "2013-09-30": -114.232, "2013-06-30": -113.906, "2013-03-31": "-203.99400", "2012-12-31": -9.75, "2012-09-30": -102.853, "2012-06-30": -94.294, "2012-03-31": "-166.20400", "2011-12-31": -9.726, "2011-09-30": -77.683, "2011-06-30": -75.29, "2011-03-31": "-123.98400", "2010-12-31": -7.608, "2010-09-30": -59.154, "2010-06-30": -54.543, "2010-03-31": "-87.24800", "2009-12-31": -10.101, "2009-09-30": -39.676, "2009-06-30": -37.165, "2009-03-31": "-63.24600", "2008-12-31": -10.112, "2008-09-30": -34.361, "2008-06-30": -32.546, "2008-03-31": "-53.02100", "2007-12-31": -30.183, "2007-09-30": -24.626, "2007-06-30": -22.884, "2007-03-31": "-19.38800", "2006-12-31": -23.497, "2006-09-30": 0, "2006-06-30": -20.154, "2006-03-31": "-34.72600", "2005-12-31": -3.443, "2005-09-30": -17.439, "2005-06-30": -15.104, "2005-03-31": "-22.45200"}, "Financial Activities - Other": {"2020-09-30": -4.006, "2020-06-30": 2.063, "2020-03-31": "34.81300", "2019-12-31": 2.212, "2019-09-30": -7.153, "2019-06-30": 15.906, "2019-03-31": "17.14100", "2018-12-31": 2.276, "2018-09-30": 63.449, "2018-06-30": 1.56, "2018-03-31": "-4.65600", "2017-12-31": -8.228, "2017-09-30": -0.103, "2017-06-30": -0.116, "2017-03-31": "-0.14600", "2016-12-31": 0.477, "2016-09-30": -14.929, "2016-06-30": 2.819, "2016-03-31": "-12.10700", "2015-12-31": 4.676, "2015-09-30": -4.764, "2015-06-30": -13.194, "2015-03-31": "-0.19600", "2014-12-31": -1.215, "2014-09-30": -4.62, "2014-06-30": -7.333, "2014-03-31": "-10.31100", "2013-12-31": -2.735, "2013-09-30": -16.525, "2013-06-30": -17.429, "2013-03-31": "0.02600", "2012-12-31": 1.716, "2012-09-30": -34.215, "2012-06-30": -21.993, "2012-03-31": "7.41900", "2011-12-31": -1.855, "2011-09-30": -13.464, "2011-06-30": -55.734, "2011-03-31": "0.53000", "2010-12-31": 3.313, "2010-09-30": 4.542, "2010-06-30": -10.898, "2010-03-31": "-0.93800", "2009-12-31": -0.243, "2009-09-30": -26.692, "2009-06-30": 4.541, "2009-03-31": "11.98700", "2008-12-31": -4.092, "2008-09-30": -6.507, "2008-06-30": 1.7, "2008-03-31": "4.62000", "2007-12-31": -1.69, "2007-09-30": -5.384, "2007-06-30": -5.462, "2007-03-31": "-0.30700", "2006-12-31": -13.222, "2006-09-30": -0.535, "2006-06-30": -3.097, "2006-03-31": "0.69400", "2005-12-31": -0.925, "2005-09-30": -8.222, "2005-06-30": -0.4, "2005-03-31": "-5.00500"}, "Cash Flow From Financial Activities": {"2020-09-30": 826.322, "2020-06-30": 313.818, "2020-03-31": "91.01000", "2019-12-31": -759.794, "2019-09-30": 10.704, "2019-06-30": -19.287, "2019-03-31": "-503.64400", "2018-12-31": 1965.804, "2018-09-30": -74.696, "2018-06-30": -90.625, "2018-03-31": "-43.21400", "2017-12-31": 97.656, "2017-09-30": 242.979, "2017-06-30": -16.544, "2017-03-31": "-2.89100", "2016-12-31": -70.118, "2016-09-30": 540.642, "2016-06-30": -69.092, "2016-03-31": "-50.81500", "2015-12-31": 1876.313, "2015-09-30": -30.321, "2015-06-30": -101.617, "2015-03-31": "6.15600", "2014-12-31": -0.14, "2014-09-30": -139.504, "2014-06-30": -11.897, "2014-03-31": "124.56700", "2013-12-31": 124.574, "2013-09-30": -127.462, "2013-06-30": 152.274, "2013-03-31": "252.44600", "2012-12-31": 184.759, "2012-09-30": 1341.498, "2012-06-30": 190.474, "2012-03-31": "231.90400", "2011-12-31": 120.158, "2011-09-30": 181.121, "2011-06-30": 51.762, "2011-03-31": "105.71700", "2010-12-31": 104.846, "2010-09-30": 499.507, "2010-06-30": 349.673, "2010-03-31": "364.04400", "2009-12-31": 126.502, "2009-09-30": -5.064, "2009-06-30": 16.716, "2009-03-31": "96.93200", "2008-12-31": 116.798, "2008-09-30": 117.985, "2008-06-30": 138.713, "2008-03-31": "98.42900", "2007-12-31": 148.759, "2007-09-30": 121.762, "2007-06-30": 43.439, "2007-03-31": "126.90300", "2006-12-31": 154.779, "2006-09-30": 218.781, "2006-06-30": 104.268, "2006-03-31": "31.92500", "2005-12-31": 57.053, "2005-09-30": 55.298, "2005-06-30": 233.43, "2005-03-31": "58.25500"}, "Net Cash Flow": {"2020-09-30": 467.556, "2020-06-30": 260.334, "2020-03-31": "161.44600", "2019-12-31": 81.849, "2019-09-30": -25.668, "2019-06-30": -92.937, "2019-03-31": "-1.21300", "2018-12-31": 80.912, "2018-09-30": 27.278, "2018-06-30": -2.668, "2018-03-31": "16.51900", "2017-12-31": -197.15, "2017-09-30": 169.017, "2017-06-30": 15.917, "2017-03-31": "3.36100", "2016-12-31": -26.094, "2016-09-30": -3.408, "2016-06-30": 0.805, "2016-03-31": "-24.32900", "2015-12-31": 34.002, "2015-09-30": -29.647, "2015-06-30": 21.823, "2015-03-31": "-3.99200", "2014-12-31": 3.887, "2014-09-30": -43.271, "2014-06-30": 10.684, "2014-03-31": "13.43400", "2013-12-31": -1.224, "2013-09-30": 30.858, "2013-06-30": -17.87, "2013-03-31": "-14.15100", "2012-12-31": -19.834, "2012-09-30": 28.338, "2012-06-30": 21.534, "2012-03-31": "-14.38800", "2011-12-31": 1.899, "2011-09-30": 10.832, "2011-06-30": -16.468, "2011-03-31": "32.64900", "2010-12-31": -54.774, "2010-09-30": -276.13, "2010-06-30": 291.814, "2010-03-31": "-21.51100", "2009-12-31": 31.168, "2009-09-30": -28.164, "2009-06-30": -9.62, "2009-03-31": "5.60200", "2008-12-31": 31.356, "2008-09-30": 22.214, "2008-06-30": -14.603, "2008-03-31": "3.01500", "2007-12-31": -17.83, "2007-09-30": 1.168, "2007-06-30": 1.015, "2007-03-31": "24.73800", "2006-12-31": -5.389, "2006-09-30": 14.242, "2006-06-30": -11.771, "2006-03-31": "14.24900", "2005-12-31": 3.86, "2005-09-30": 3.088, "2005-06-30": 1.107, "2005-03-31": "-1.68200"}, "Stock-Based Compensation": {"2020-09-30": 0, "2020-06-30": 0, "2020-03-31": "", "2019-12-31": 0, "2019-09-30": 0, "2019-06-30": 0, "2019-03-31": "", "2018-12-31": 0, "2018-09-30": 0, "2018-06-30": 0, "2018-03-31": "", "2017-12-31": 0, "2017-09-30": 0, "2017-06-30": 0, "2017-03-31": "", "2016-12-31": 0, "2016-09-30": 0, "2016-06-30": 0, "2016-03-31": "", "2015-12-31": 0, "2015-09-30": 0, "2015-06-30": 0, "2015-03-31": "", "2014-12-31": 0, "2014-09-30": 0, "2014-06-30": 0, "2014-03-31": "", "2013-12-31": 0, "2013-09-30": 0, "2013-06-30": 0, "2013-03-31": "", "2012-12-31": 0, "2012-09-30": 0, "2012-06-30": 0, "2012-03-31": "", "2011-12-31": 0, "2011-09-30": 0, "2011-06-30": 0, "2011-03-31": "", "2010-12-31": 0, "2010-09-30": 0, "2010-06-30": 0, "2010-03-31": "", "2009-12-31": 0, "2009-09-30": 0, "2009-06-30": 0, "2009-03-31": "", "2008-12-31": 0, "2008-09-30": 0, "2008-06-30": 0, "2008-03-31": "", "2007-12-31": 0, "2007-09-30": 0, "2007-06-30": 0, "2007-03-31": "", "2006-12-31": 0, "2006-09-30": 0, "2006-06-30": 0, "2006-03-31": "", "2005-12-31": 0, "2005-09-30": 0, "2005-06-30": 0, "2005-03-31": ""}, "Common Stock Dividends Paid": {"2020-09-30": -311.924, "2020-06-30": -311.154, "2020-03-31": "-539.44700", "2019-12-31": 0, "2019-09-30": -234.847, "2019-06-30": -234.536, "2019-03-31": "-452.39300", "2018-12-31": 0.105, "2018-09-30": -216.604, "2018-06-30": -216.509, "2018-03-31": "-416.45800", "2017-12-31": 0.81, "2017-09-30": -198.998, "2017-06-30": -153.114, "2017-03-31": "-295.10500", "2016-12-31": 0.001, "2016-09-30": -131.601, "2016-06-30": -131.544, "2016-03-31": "-258.47500", "2015-12-31": 0.178, "2015-09-30": -118.044, "2015-06-30": -117.891, "2015-03-31": "-232.87800", "2014-12-31": 0.041, "2014-09-30": -114.963, "2014-06-30": -114.885, "2014-03-31": "-211.88700", "2013-12-31": 0, "2013-09-30": -102.506, "2013-06-30": -102.507, "2013-03-31": "-195.94000", "2012-12-31": 0.001, "2012-09-30": -93.076, "2012-06-30": -83.981, "2012-03-31": "-157.37300", "2011-12-31": 0, "2011-09-30": -73.247, "2011-06-30": -70.577, "2011-03-31": "-117.46200", "2010-12-31": 0, "2010-09-30": -49.96, "2010-06-30": -44.442, "2010-03-31": "-77.14700", "2009-12-31": 0, "2009-09-30": -29.575, "2009-06-30": -27.064, "2009-03-31": "-53.14500", "2008-12-31": -0.01, "2008-09-30": -24.259, "2008-06-30": -22.444, "2008-03-31": "-44.76300", "2007-12-31": -19.466, "2007-09-30": -19.459, "2007-06-30": -19.439, "2007-03-31": "-19.38800", "2006-12-31": -16.607, "2006-09-30": 0, "2006-06-30": -16.709, "2006-03-31": "-31.28100", "2005-12-31": 0.002, "2005-09-30": -14.34, "2005-06-30": -12.905, "2005-03-31": "-21.18100"}}, "financial ratios": {"Current Ratio": {"2019-12-31": "", "2018-12-31": "", "2017-12-31": "", "2016-12-31": "", "2015-12-31": "", "2014-12-31": "", "2013-12-31": "", "2012-12-31": "", "2011-12-31": "", "2010-12-31": "", "2009-12-31": "", "2008-12-31": "", "2007-12-31": "", "2006-12-31": "", "2005-12-31": ""}, "Long-term Debt / Capital": {"2019-12-31": "0.48830", "2018-12-31": "0.50550", "2017-12-31": "0.43600", "2016-12-31": "0.53220", "2015-12-31": "0.56530", "2014-12-31": "0.54420", "2013-12-31": "0.57640", "2012-12-31": "0.55020", "2011-12-31": "0.53170", "2010-12-31": "0.57650", "2009-12-31": "0.52190", "2008-12-31": "0.46790", "2007-12-31": "0.56710", "2006-12-31": "0.61270", "2005-12-31": "0.65960"}, "Debt/Equity Ratio": {"2019-12-31": "0.95420", "2018-12-31": "1.02240", "2017-12-31": "0.78270", "2016-12-31": "1.13760", "2015-12-31": "1.30030", "2014-12-31": "1.19390", "2013-12-31": "1.36070", "2012-12-31": "1.22300", "2011-12-31": "1.13940", "2010-12-31": "1.36610", "2009-12-31": "1.09150", "2008-12-31": "0.87940", "2007-12-31": "1.31020", "2006-12-31": "1.58170", "2005-12-31": "1.93810"}, "Gross Margin": {"2019-12-31": "", "2018-12-31": "", "2017-12-31": "", "2016-12-31": "", "2015-12-31": "", "2014-12-31": "", "2013-12-31": "", "2012-12-31": "", "2011-12-31": "", "2010-12-31": "", "2009-12-31": "", "2008-12-31": "", "2007-12-31": "", "2006-12-31": "", "2005-12-31": ""}, "Operating Margin": {"2019-12-31": "18.51580", "2018-12-31": "18.04670", "2017-12-31": "18.36080", "2016-12-31": "23.21370", "2015-12-31": "22.79270", "2014-12-31": "16.00220", "2013-12-31": "25.75880", "2012-12-31": "28.62070", "2011-12-31": "28.63530", "2010-12-31": "27.99930", "2009-12-31": "27.90410", "2008-12-31": "24.33520", "2007-12-31": "22.18310", "2006-12-31": "27.40710", "2005-12-31": "31.09680"}, "EBIT Margin": {"2019-12-31": "18.51580", "2018-12-31": "18.04670", "2017-12-31": "18.36080", "2016-12-31": "23.21370", "2015-12-31": "22.79270", "2014-12-31": "16.00220", "2013-12-31": "25.75880", "2012-12-31": "28.62070", "2011-12-31": "28.63530", "2010-12-31": "27.99930", "2009-12-31": "27.90410", "2008-12-31": "24.33520", "2007-12-31": "22.18310", "2006-12-31": "27.40710", "2005-12-31": "31.09680"}, "EBITDA Margin": {"2019-12-31": "56.88610", "2018-12-31": "59.26340", "2017-12-31": "54.09740", "2016-12-31": "56.86720", "2015-12-31": "55.57510", "2014-12-31": "50.48270", "2013-12-31": "58.60090", "2012-12-31": "59.42400", "2011-12-31": "59.44330", "2010-12-31": "60.52240", "2009-12-31": "61.07040", "2008-12-31": "58.55830", "2007-12-31": "56.71010", "2006-12-31": "60.16480", "2005-12-31": "64.21790"}, "Pre-Tax Profit Margin": {"2019-12-31": "19.04550", "2018-12-31": "11.26540", "2017-12-31": "10.74760", "2016-12-31": "20.64390", "2015-12-31": "17.46930", "2014-12-31": "12.90820", "2013-12-31": "21.70610", "2012-12-31": "17.09790", "2011-12-31": "15.25200", "2010-12-31": "12.39460", "2009-12-31": "14.48220", "2008-12-31": "13.08710", "2007-12-31": "5.91020", "2006-12-31": "9.51680", "2005-12-31": "12.76480"}, "Net Profit Margin": {"2019-12-31": "15.36220", "2018-12-31": "8.20390", "2017-12-31": "7.04450", "2016-12-31": "15.50210", "2015-12-31": "12.32130", "2014-12-31": "8.21050", "2013-12-31": "18.32220", "2012-12-31": "13.42090", "2011-12-31": "12.31460", "2010-12-31": "6.74130", "2009-12-31": "7.41720", "2008-12-31": "5.50180", "2007-12-31": "4.78360", "2006-12-31": "6.47320", "2005-12-31": "3.17660"}, "Asset Turnover": {"2019-12-31": "0.13910", "2018-12-31": "0.12820", "2017-12-31": "0.11480", "2016-12-31": "0.17570", "2015-12-31": "0.15450", "2014-12-31": "0.16970", "2013-12-31": "0.15400", "2012-12-31": "0.14500", "2011-12-31": "0.17430", "2010-12-31": "0.16240", "2009-12-31": "0.17010", "2008-12-31": "0.16080", "2007-12-31": "0.14070", "2006-12-31": "0.12450", "2005-12-31": "0.12530"}, "Inventory Turnover Ratio": {"2019-12-31": "", "2018-12-31": "", "2017-12-31": "", "2016-12-31": "", "2015-12-31": "", "2014-12-31": "", "2013-12-31": "", "2012-12-31": "", "2011-12-31": "", "2010-12-31": "", "2009-12-31": "", "2008-12-31": "", "2007-12-31": "", "2006-12-31": "", "2005-12-31": ""}, "Receiveable Turnover": {"2019-12-31": "", "2018-12-31": "", "2017-12-31": "", "2016-12-31": "", "2015-12-31": "", "2014-12-31": "", "2013-12-31": "", "2012-12-31": "", "2011-12-31": "", "2010-12-31": "", "2009-12-31": "", "2008-12-31": "", "2007-12-31": "", "2006-12-31": "", "2005-12-31": ""}, "Days Sales In Receivables": {"2019-12-31": "", "2018-12-31": "", "2017-12-31": "", "2016-12-31": "", "2015-12-31": "", "2014-12-31": "", "2013-12-31": "", "2012-12-31": "", "2011-12-31": "", "2010-12-31": "", "2009-12-31": "", "2008-12-31": "", "2007-12-31": "", "2006-12-31": "", "2005-12-31": ""}, "ROE - Return On Equity": {"2019-12-31": "6.53200", "2018-12-31": "3.55010", "2017-12-31": "2.61500", "2016-12-31": "10.48350", "2015-12-31": "9.29010", "2014-12-31": "7.09720", "2013-12-31": "10.85650", "2012-12-31": "7.38450", "2011-12-31": "8.06340", "2010-12-31": "6.79060", "2009-12-31": "9.38170", "2008-12-31": "7.44200", "2007-12-31": "3.15310", "2006-12-31": "3.77840", "2005-12-31": "7.10240"}, "Return On Tangible Equity": {"2019-12-31": "8.27080", "2018-12-31": "5.23970", "2017-12-31": "3.34560", "2016-12-31": "9.86120", "2015-12-31": "7.17080", "2014-12-31": "5.19680", "2013-12-31": "8.78780", "2012-12-31": "6.17560", "2011-12-31": "6.28300", "2010-12-31": "5.13040", "2009-12-31": "5.58070", "2008-12-31": "4.31200", "2007-12-31": "2.15980", "2006-12-31": "2.92770", "2005-12-31": "4.16590"}, "ROA - Return On Assets": {"2019-12-31": "2.59760", "2018-12-31": "1.43530", "2017-12-31": "1.19730", "2016-12-31": "3.54190", "2015-12-31": "2.64180", "2014-12-31": "2.13520", "2013-12-31": "3.32870", "2012-12-31": "2.44970", "2011-12-31": "2.65840", "2010-12-31": "1.97790", "2009-12-31": "2.43610", "2008-12-31": "2.07000", "2007-12-31": "0.80250", "2006-12-31": "0.95050", "2005-12-31": "1.05290"}, "ROI - Return On Investment": {"2019-12-31": "2.89050", "2018-12-31": "1.55340", "2017-12-31": "1.30810", "2016-12-31": "3.93630", "2015-12-31": "2.89000", "2014-12-31": "2.36880", "2013-12-31": "3.72250", "2012-12-31": "2.77800", "2011-12-31": "2.94230", "2010-12-31": "2.17290", "2009-12-31": "2.66830", "2008-12-31": "2.29440", "2007-12-31": "0.93490", "2006-12-31": "1.13400", "2005-12-31": "1.41790"}, "Book Value Per Share": {"2019-12-31": "50.78050", "2018-12-31": "52.60100", "2017-12-31": "53.77650", "2016-12-31": "32.27470", "2015-12-31": "30.99040", "2014-12-31": "28.86050", "2013-12-31": "28.38750", "2012-12-31": "27.95560", "2011-12-31": "24.33460", "2010-12-31": "22.53930", "2009-12-31": "21.28290", "2008-12-31": "21.48600", "2007-12-31": "15.96060", "2006-12-31": "13.08140", "2005-12-31": "14.12480"}, "Operating Cash Flow Per Share": {"2019-12-31": 0.5242, "2018-12-31": 0.852, "2017-12-31": -0.1965, "2016-12-31": 0.3093, "2015-12-31": 0.8302, "2014-12-31": -0.2149, "2013-12-31": 0.4426, "2012-12-31": 0.6372, "2011-12-31": -0.131, "2010-12-31": 0.4893, "2009-12-31": 0.5925, "2008-12-31": 1.4038, "2007-12-31": -0.9653, "2006-12-31": -0.5272, "2005-12-31": 3.181}, "Free Cash Flow Per Share": {"2019-12-31": 0.679, "2018-12-31": 2.116, "2017-12-31": 1.3479, "2016-12-31": -3.7232, "2015-12-31": 1.3497, "2014-12-31": 1.1305, "2013-12-31": 12.657, "2012-12-31": -10.838, "2011-12-31": 13.2213, "2010-12-31": -13.0539, "2009-12-31": -0.0633, "2008-12-31": 4.7956, "2007-12-31": 6.3662, "2006-12-31": 6.2502, "2005-12-31": -15.4555}}, "financial ratios, quarterly": {"Current Ratio": {"2020-09-30": "", "2020-06-30": "", "2020-03-31": "", "2019-12-31": "", "2019-09-30": "", "2019-06-30": "", "2019-03-31": "", "2018-12-31": "", "2018-09-30": "", "2018-06-30": "", "2018-03-31": "", "2017-12-31": "", "2017-09-30": "", "2017-06-30": "", "2017-03-31": "", "2016-12-31": "", "2016-09-30": "", "2016-06-30": "", "2016-03-31": "", "2015-12-31": "", "2015-09-30": "", "2015-06-30": "", "2015-03-31": "", "2014-12-31": "", "2014-09-30": "", "2014-06-30": "", "2014-03-31": "", "2013-12-31": "", "2013-09-30": "", "2013-06-30": "", "2013-03-31": "", "2012-12-31": "", "2012-09-30": "", "2012-06-30": "", "2012-03-31": "", "2011-12-31": "", "2011-09-30": "", "2011-06-30": "", "2011-03-31": "", "2010-12-31": "", "2010-09-30": "", "2010-06-30": "", "2010-03-31": "", "2009-12-31": "", "2009-09-30": "", "2009-06-30": "", "2009-03-31": "", "2008-12-31": "", "2008-09-30": "", "2008-06-30": "", "2008-03-31": "", "2007-12-31": "", "2007-09-30": "", "2007-06-30": "", "2007-03-31": "", "2006-12-31": "", "2006-09-30": "", "2006-06-30": "", "2006-03-31": "", "2005-12-31": "", "2005-09-30": "", "2005-06-30": "", "2005-03-31": ""}, "Long-term Debt / Capital": {"2020-09-30": "0.41170", "2020-06-30": "0.41160", "2020-03-31": "0.41630", "2019-12-31": "0.48830", "2019-09-30": "0.51690", "2019-06-30": "0.50870", "2019-03-31": "0.13790", "2018-12-31": "0.50550", "2018-09-30": "0.46030", "2018-06-30": "0.45750", "2018-03-31": "0.45550", "2017-12-31": "0.43600", "2017-09-30": "0.43160", "2017-06-30": "0.56130", "2017-03-31": "0.55020", "2016-12-31": "0.53220", "2016-09-30": "0.53690", "2016-06-30": "0.58650", "2016-03-31": "0.58070", "2015-12-31": "0.56530", "2015-09-30": "0.54060", "2015-06-30": "0.56090", "2015-03-31": "0.55530", "2014-12-31": "0.54420", "2014-09-30": "0.53600", "2014-06-30": "0.54030", "2014-03-31": "0.56370", "2013-12-31": "0.57640", "2013-09-30": "0.56500", "2013-06-30": "0.56730", "2013-03-31": "0.58060", "2012-12-31": "0.55020", "2012-09-30": "0.53630", "2012-06-30": "0.55390", "2012-03-31": "0.55330", "2011-12-31": "0.53170", "2011-09-30": "0.51950", "2011-06-30": "0.58890", "2011-03-31": "0.59890", "2010-12-31": "0.57650", "2010-09-30": "0.56960", "2010-06-30": "0.51120", "2010-03-31": "0.56810", "2009-12-31": "0.52190", "2009-09-30": "0.49160", "2009-06-30": "0.47620", "2009-03-31": "0.46660", "2008-12-31": "0.46790", "2008-09-30": "0.45670", "2008-06-30": "0.49870", "2008-03-31": "0.46550", "2007-12-31": "0.56710", "2007-09-30": "0.59170", "2007-06-30": "0.55590", "2007-03-31": "0.62030", "2006-12-31": "0.61270", "2006-09-30": "0.68980", "2006-06-30": "0.62970", "2006-03-31": "0.66240", "2005-12-31": "0.65960", "2005-09-30": "0.62870", "2005-06-30": "0.73650", "2005-03-31": "0.64680"}, "Debt/Equity Ratio": {"2020-09-30": "0.69980", "2020-06-30": "0.69960", "2020-03-31": "0.71330", "2019-12-31": "0.95420", "2019-09-30": "1.06980", "2019-06-30": "1.03520", "2019-03-31": "0.93600", "2018-12-31": "1.02240", "2018-09-30": "0.85290", "2018-06-30": "0.84340", "2018-03-31": "0.83640", "2017-12-31": "0.78270", "2017-09-30": "0.75930", "2017-06-30": "1.27950", "2017-03-31": "1.22300", "2016-12-31": "1.13760", "2016-09-30": "1.15940", "2016-06-30": "1.41840", "2016-03-31": "1.38500", "2015-12-31": "1.30030", "2015-09-30": "1.17670", "2015-06-30": "1.27730", "2015-03-31": "1.24890", "2014-12-31": "1.19390", "2014-09-30": "1.15500", "2014-06-30": "1.17540", "2014-03-31": "1.29200", "2013-12-31": "1.36070", "2013-09-30": "1.29880", "2013-06-30": "1.31120", "2013-03-31": "1.38440", "2012-12-31": "1.22300", "2012-09-30": "1.15660", "2012-06-30": "1.24180", "2012-03-31": "1.24260", "2011-12-31": "1.13940", "2011-09-30": "1.08540", "2011-06-30": "1.43760", "2011-03-31": "1.49840", "2010-12-31": "1.36610", "2010-09-30": "1.32830", "2010-06-30": "1.04570", "2010-03-31": "1.31530", "2009-12-31": "1.09150", "2009-09-30": "0.96680", "2009-06-30": "0.90910", "2009-03-31": "0.87460", "2008-12-31": "0.87940", "2008-09-30": "0.84050", "2008-06-30": "0.99490", "2008-03-31": "0.87100", "2007-12-31": "1.31020", "2007-09-30": "1.44910", "2007-06-30": "1.25180", "2007-03-31": "1.63390", "2006-12-31": "1.58170", "2006-09-30": "2.22400", "2006-06-30": "1.70070", "2006-03-31": "1.96180", "2005-12-31": "1.93810", "2005-09-30": "1.74920", "2005-06-30": "2.87770", "2005-03-31": "1.91290"}, "Gross Margin": {"2020-09-30": "", "2020-06-30": "", "2020-03-31": "", "2019-12-31": "", "2019-09-30": "", "2019-06-30": "", "2019-03-31": "", "2018-12-31": "", "2018-09-30": "", "2018-06-30": "", "2018-03-31": "", "2017-12-31": "", "2017-09-30": "", "2017-06-30": "", "2017-03-31": "", "2016-12-31": "", "2016-09-30": "", "2016-06-30": "", "2016-03-31": "", "2015-12-31": "", "2015-09-30": "", "2015-06-30": "", "2015-03-31": "", "2014-12-31": "", "2014-09-30": "", "2014-06-30": "", "2014-03-31": "", "2013-12-31": "", "2013-09-30": "", "2013-06-30": "", "2013-03-31": "", "2012-12-31": "", "2012-09-30": "", "2012-06-30": "", "2012-03-31": "", "2011-12-31": "", "2011-09-30": "", "2011-06-30": "", "2011-03-31": "", "2010-12-31": "", "2010-09-30": "", "2010-06-30": "", "2010-03-31": "", "2009-12-31": "", "2009-09-30": "", "2009-06-30": "", "2009-03-31": "", "2008-12-31": "", "2008-09-30": "", "2008-06-30": "", "2008-03-31": "", "2007-12-31": "", "2007-09-30": "", "2007-06-30": "", "2007-03-31": "", "2006-12-31": "", "2006-09-30": "", "2006-06-30": "", "2006-03-31": "", "2005-12-31": "", "2005-09-30": "", "2005-06-30": "", "2005-03-31": ""}, "Operating Margin": {"2020-09-30": "14.09270", "2020-06-30": "15.38890", "2020-03-31": "12.15170", "2019-12-31": "17.64310", "2019-09-30": "20.43080", "2019-06-30": "18.60300", "2019-03-31": "17.37760", "2018-12-31": "15.78470", "2018-09-30": "18.08570", "2018-06-30": "19.08310", "2018-03-31": "19.32020", "2017-12-31": "16.02280", "2017-09-30": "10.84670", "2017-06-30": "23.08470", "2017-03-31": "24.93470", "2016-12-31": "26.20060", "2016-09-30": "21.18830", "2016-06-30": "21.80820", "2016-03-31": "23.42650", "2015-12-31": "8.27470", "2015-09-30": "23.88360", "2015-06-30": "25.47090", "2015-03-31": "36.72280", "2014-12-31": "-1.49580", "2014-09-30": "19.98420", "2014-06-30": "23.03000", "2014-03-31": "23.04390", "2013-12-31": "25.74090", "2013-09-30": "22.44710", "2013-06-30": "27.50850", "2013-03-31": "27.50960", "2012-12-31": "27.05990", "2012-09-30": "28.34480", "2012-06-30": "29.12340", "2012-03-31": "30.34320", "2011-12-31": "30.04260", "2011-09-30": "26.19100", "2011-06-30": "28.63960", "2011-03-31": "29.77770", "2010-12-31": "30.40160", "2010-09-30": "25.43350", "2010-06-30": "27.42270", "2010-03-31": "28.78050", "2009-12-31": "29.50040", "2009-09-30": "27.97090", "2009-06-30": "27.64130", "2009-03-31": "26.28710", "2008-12-31": "27.57810", "2008-09-30": "23.70010", "2008-06-30": "23.29530", "2008-03-31": "22.08180", "2007-12-31": "20.53480", "2007-09-30": "20.44490", "2007-06-30": "23.58270", "2007-03-31": "24.68890", "2006-12-31": "25.52750", "2006-09-30": "26.10760", "2006-06-30": "28.57630", "2006-03-31": "30.44070", "2005-12-31": "27.69510", "2005-09-30": "29.96240", "2005-06-30": "34.37230", "2005-03-31": "32.92500"}, "EBIT Margin": {"2020-09-30": "14.09270", "2020-06-30": "15.38890", "2020-03-31": "12.15170", "2019-12-31": "17.64310", "2019-09-30": "20.43080", "2019-06-30": "18.60300", "2019-03-31": "17.37760", "2018-12-31": "15.78470", "2018-09-30": "18.08570", "2018-06-30": "19.08310", "2018-03-31": "19.32020", "2017-12-31": "16.02280", "2017-09-30": "10.84670", "2017-06-30": "23.08470", "2017-03-31": "24.93470", "2016-12-31": "26.20060", "2016-09-30": "21.18830", "2016-06-30": "21.80820", "2016-03-31": "23.42650", "2015-12-31": "8.27470", "2015-09-30": "23.88360", "2015-06-30": "25.47090", "2015-03-31": "36.72280", "2014-12-31": "-1.49580", "2014-09-30": "19.98420", "2014-06-30": "23.03000", "2014-03-31": "23.04390", "2013-12-31": "25.74090", "2013-09-30": "22.44710", "2013-06-30": "27.50850", "2013-03-31": "27.50960", "2012-12-31": "27.05980", "2012-09-30": "28.34480", "2012-06-30": "29.12340", "2012-03-31": "30.34320", "2011-12-31": "30.04260", "2011-09-30": "26.19100", "2011-06-30": "28.63960", "2011-03-31": "29.77770", "2010-12-31": "30.40160", "2010-09-30": "25.43350", "2010-06-30": "27.42270", "2010-03-31": "28.78050", "2009-12-31": "29.50040", "2009-09-30": "27.97090", "2009-06-30": "27.64130", "2009-03-31": "26.28710", "2008-12-31": "27.57810", "2008-09-30": "23.70010", "2008-06-30": "23.29530", "2008-03-31": "22.08180", "2007-12-31": "20.53490", "2007-09-30": "20.44490", "2007-06-30": "23.58270", "2007-03-31": "24.68890", "2006-12-31": "25.52750", "2006-09-30": "26.10760", "2006-06-30": "28.57630", "2006-03-31": "30.44070", "2005-12-31": "27.69510", "2005-09-30": "29.96240", "2005-06-30": "34.37230", "2005-03-31": "32.92500"}, "EBITDA Margin": {"2020-09-30": "", "2020-06-30": "", "2020-03-31": "", "2019-12-31": "", "2019-09-30": "", "2019-06-30": "", "2019-03-31": "", "2018-12-31": "", "2018-09-30": "", "2018-06-30": "", "2018-03-31": "", "2017-12-31": "", "2017-09-30": "", "2017-06-30": "", "2017-03-31": "", "2016-12-31": "", "2016-09-30": "", "2016-06-30": "", "2016-03-31": "", "2015-12-31": "", "2015-09-30": "", "2015-06-30": "", "2015-03-31": "", "2014-12-31": "", "2014-09-30": "", "2014-06-30": "", "2014-03-31": "", "2013-12-31": "", "2013-09-30": "", "2013-06-30": "", "2013-03-31": "", "2012-12-31": "", "2012-09-30": "", "2012-06-30": "", "2012-03-31": "", "2011-12-31": "", "2011-09-30": "", "2011-06-30": "", "2011-03-31": "", "2010-12-31": "", "2010-09-30": "", "2010-06-30": "", "2010-03-31": "", "2009-12-31": "", "2009-09-30": "", "2009-06-30": "", "2009-03-31": "", "2008-12-31": "", "2008-09-30": "", "2008-06-30": "", "2008-03-31": "", "2007-12-31": "", "2007-09-30": "", "2007-06-30": "", "2007-03-31": "", "2006-12-31": "", "2006-09-30": "", "2006-06-30": "", "2006-03-31": "", "2005-12-31": "", "2005-09-30": "", "2005-06-30": "", "2005-03-31": ""}, "Pre-Tax Profit Margin": {"2020-09-30": "1.42480", "2020-06-30": "8.80850", "2020-03-31": "28.64930", "2019-12-31": "44.14110", "2019-09-30": "8.97740", "2019-06-30": "8.23650", "2019-03-31": "15.37890", "2018-12-31": "6.00750", "2018-09-30": "12.05530", "2018-06-30": "11.95890", "2018-03-31": "15.24370", "2017-12-31": "10.96500", "2017-09-30": "2.45420", "2017-06-30": "14.52500", "2017-03-31": "15.76300", "2016-12-31": "17.06770", "2016-09-30": "41.39810", "2016-06-30": "10.33060", "2016-03-31": "12.78110", "2015-12-31": "-3.23030", "2015-09-30": "13.66920", "2015-06-30": "33.45560", "2015-03-31": "30.49610", "2014-12-31": "-8.14960", "2014-09-30": "31.86400", "2014-06-30": "15.53210", "2014-03-31": "12.43120", "2013-12-31": "14.48920", "2013-09-30": "40.54010", "2013-06-30": "16.45960", "2013-03-31": "14.75680", "2012-12-31": "15.98490", "2012-09-30": "16.82760", "2012-06-30": "18.16700", "2012-03-31": "17.65300", "2011-12-31": "17.01070", "2011-09-30": "13.95000", "2011-06-30": "14.35750", "2011-03-31": "15.72940", "2010-12-31": "15.31640", "2010-09-30": "10.09280", "2010-06-30": "10.34920", "2010-03-31": "13.71470", "2009-12-31": "14.65120", "2009-09-30": "14.87380", "2009-06-30": "13.86710", "2009-03-31": "14.50040", "2008-12-31": "17.18010", "2008-09-30": "13.07810", "2008-06-30": "11.53370", "2008-03-31": "9.52010", "2007-12-31": "3.56930", "2007-09-30": "4.89150", "2007-06-30": "8.39580", "2007-03-31": "7.22630", "2006-12-31": "9.05600", "2006-09-30": "7.05080", "2006-06-30": "10.23990", "2006-03-31": "12.44200", "2005-12-31": "11.48920", "2005-09-30": "11.34220", "2005-06-30": "16.00330", "2005-03-31": "12.38900"}, "Net Profit Margin": {"2020-09-30": "-3.64700", "2020-06-30": "5.40550", "2020-03-31": "24.63860", "2019-12-31": "40.07520", "2019-09-30": "6.17840", "2019-06-30": "3.96330", "2019-03-31": "11.77010", "2018-12-31": "4.01280", "2018-09-30": "8.74830", "2018-06-30": "8.62790", "2018-03-31": "11.59350", "2017-12-31": "7.28780", "2017-09-30": "-0.67880", "2017-06-30": "10.21880", "2017-03-31": "12.01390", "2016-12-31": "13.46810", "2016-09-30": "34.29110", "2016-06-30": "5.42810", "2016-03-31": "7.75980", "2015-12-31": "-8.00070", "2015-09-30": "8.83550", "2015-06-30": "27.85070", "2015-03-31": "25.01860", "2014-12-31": "-12.68560", "2014-09-30": "26.52060", "2014-06-30": "10.34010", "2014-03-31": "8.75240", "2013-12-31": "11.28210", "2013-09-30": "36.59770", "2013-06-30": "12.95100", "2013-03-31": "11.90310", "2012-12-31": "12.81400", "2012-09-30": "13.31910", "2012-06-30": "13.83620", "2012-03-31": "13.84820", "2011-12-31": "13.29950", "2011-09-30": "11.66760", "2011-06-30": "11.94190", "2011-03-31": "12.35540", "2010-12-31": "10.41810", "2010-09-30": "4.05880", "2010-06-30": "4.60390", "2010-03-31": "7.68800", "2009-12-31": "8.41470", "2009-09-30": "7.60050", "2009-06-30": "6.62620", "2009-03-31": "6.90320", "2008-12-31": "10.95940", "2008-09-30": "5.26980", "2008-06-30": "2.49970", "2008-03-31": "2.02450", "2007-12-31": "-1.98390", "2007-09-30": "-0.21380", "2007-06-30": "2.71070", "2007-03-31": "20.95270", "2006-12-31": "3.62970", "2006-09-30": "16.04860", "2006-06-30": "2.65120", "2006-03-31": "2.87460", "2005-12-31": "2.35020", "2005-09-30": "2.41870", "2005-06-30": "4.44450", "2005-03-31": "3.71540"}, "Asset Turnover": {"2020-09-30": "0.02890", "2020-06-30": "0.02930", "2020-03-31": "0.02490", "2019-12-31": "0.03410", "2019-09-30": "0.03480", "2019-06-30": "0.03420", "2019-03-31": "0.03490", "2018-12-31": "0.03270", "2018-09-30": "0.03580", "2018-06-30": "0.03530", "2018-03-31": "0.03450", "2017-12-31": "0.03420", "2017-09-30": "0.02870", "2017-06-30": "0.04500", "2017-03-31": "0.04470", "2016-12-31": "0.04730", "2016-09-30": "0.04440", "2016-06-30": "0.04560", "2016-03-31": "0.04410", "2015-12-31": "0.04380", "2015-09-30": "0.04590", "2015-06-30": "0.04380", "2015-03-31": "0.04320", "2014-12-31": "0.04330", "2014-09-30": "0.04240", "2014-06-30": "0.04050", "2014-03-31": "0.03980", "2013-12-31": "0.03960", "2013-09-30": "0.04030", "2013-06-30": "0.03960", "2013-03-31": "0.03990", "2012-12-31": "0.03970", "2012-09-30": "0.04020", "2012-06-30": "0.04520", "2012-03-31": "0.04410", "2011-12-31": "0.04440", "2011-09-30": "0.04690", "2011-06-30": "0.04730", "2011-03-31": "0.04530", "2010-12-31": "0.04480", "2010-09-30": "0.04590", "2010-06-30": "0.04390", "2010-03-31": "0.04620", "2009-12-31": "0.04530", "2009-09-30": "0.04620", "2009-06-30": "0.04500", "2009-03-31": "0.04450", "2008-12-31": "0.04480", "2008-09-30": "0.04500", "2008-06-30": "0.04030", "2008-03-31": "0.03960", "2007-12-31": "0.03770", "2007-09-30": "0.04070", "2007-06-30": "0.03990", "2007-03-31": "0.03810", "2006-12-31": "0.03750", "2006-09-30": "0.03580", "2006-06-30": "0.03630", "2006-03-31": "0.03630", "2005-12-31": "0.03220", "2005-09-30": "0.03770", "2005-06-30": "0.03510", "2005-03-31": "0.03590"}, "Inventory Turnover Ratio": {"2020-09-30": "", "2020-06-30": "", "2020-03-31": "", "2019-12-31": "", "2019-09-30": "", "2019-06-30": "", "2019-03-31": "", "2018-12-31": "", "2018-09-30": "", "2018-06-30": "", "2018-03-31": "", "2017-12-31": "", "2017-09-30": "", "2017-06-30": "", "2017-03-31": "", "2016-12-31": "", "2016-09-30": "", "2016-06-30": "", "2016-03-31": "", "2015-12-31": "", "2015-09-30": "", "2015-06-30": "", "2015-03-31": "", "2014-12-31": "", "2014-09-30": "", "2014-06-30": "", "2014-03-31": "", "2013-12-31": "", "2013-09-30": "", "2013-06-30": "", "2013-03-31": "", "2012-12-31": "", "2012-09-30": "", "2012-06-30": "", "2012-03-31": "", "2011-12-31": "", "2011-09-30": "", "2011-06-30": "", "2011-03-31": "", "2010-12-31": "", "2010-09-30": "", "2010-06-30": "", "2010-03-31": "", "2009-12-31": "", "2009-09-30": "", "2009-06-30": "", "2009-03-31": "", "2008-12-31": "", "2008-09-30": "", "2008-06-30": "", "2008-03-31": "", "2007-12-31": "", "2007-09-30": "", "2007-06-30": "", "2007-03-31": "", "2006-12-31": "", "2006-09-30": "", "2006-06-30": "", "2006-03-31": "", "2005-12-31": "", "2005-09-30": "", "2005-06-30": "", "2005-03-31": ""}, "Receiveable Turnover": {"2020-09-30": "", "2020-06-30": "", "2020-03-31": "", "2019-12-31": "", "2019-09-30": "", "2019-06-30": "", "2019-03-31": "", "2018-12-31": "", "2018-09-30": "", "2018-06-30": "", "2018-03-31": "", "2017-12-31": "", "2017-09-30": "", "2017-06-30": "", "2017-03-31": "", "2016-12-31": "", "2016-09-30": "", "2016-06-30": "", "2016-03-31": "", "2015-12-31": "", "2015-09-30": "", "2015-06-30": "", "2015-03-31": "", "2014-12-31": "", "2014-09-30": "", "2014-06-30": "", "2014-03-31": "", "2013-12-31": "", "2013-09-30": "", "2013-06-30": "", "2013-03-31": "", "2012-12-31": "", "2012-09-30": "", "2012-06-30": "", "2012-03-31": "", "2011-12-31": "", "2011-09-30": "", "2011-06-30": "", "2011-03-31": "", "2010-12-31": "", "2010-09-30": "", "2010-06-30": "", "2010-03-31": "", "2009-12-31": "", "2009-09-30": "", "2009-06-30": "", "2009-03-31": "", "2008-12-31": "", "2008-09-30": "", "2008-06-30": "", "2008-03-31": "", "2007-12-31": "", "2007-09-30": "", "2007-06-30": "", "2007-03-31": "", "2006-12-31": "", "2006-09-30": "", "2006-06-30": "", "2006-03-31": "", "2005-12-31": "", "2005-09-30": "", "2005-06-30": "", "2005-03-31": ""}, "Days Sales In Receivables": {"2020-09-30": "", "2020-06-30": "", "2020-03-31": "", "2019-12-31": "", "2019-09-30": "", "2019-06-30": "", "2019-03-31": "", "2018-12-31": "", "2018-09-30": "", "2018-06-30": "", "2018-03-31": "", "2017-12-31": "", "2017-09-30": "", "2017-06-30": "", "2017-03-31": "", "2016-12-31": "", "2016-09-30": "", "2016-06-30": "", "2016-03-31": "", "2015-12-31": "", "2015-09-30": "", "2015-06-30": "", "2015-03-31": "", "2014-12-31": "", "2014-09-30": "", "2014-06-30": "", "2014-03-31": "", "2013-12-31": "", "2013-09-30": "", "2013-06-30": "", "2013-03-31": "", "2012-12-31": "", "2012-09-30": "", "2012-06-30": "", "2012-03-31": "", "2011-12-31": "", "2011-09-30": "", "2011-06-30": "", "2011-03-31": "", "2010-12-31": "", "2010-09-30": "", "2010-06-30": "", "2010-03-31": "", "2009-12-31": "", "2009-09-30": "", "2009-06-30": "", "2009-03-31": "", "2008-12-31": "", "2008-09-30": "", "2008-06-30": "", "2008-03-31": "", "2007-12-31": "", "2007-09-30": "", "2007-06-30": "", "2007-03-31": "", "2006-12-31": "", "2006-09-30": "", "2006-06-30": "", "2006-03-31": "", "2005-12-31": "", "2005-09-30": "", "2005-06-30": "", "2005-03-31": ""}, "ROE - Return On Equity": {"2020-09-30": "-0.00830", "2020-06-30": "0.46760", "2020-03-31": "1.45280", "2019-12-31": "3.80790", "2019-09-30": "0.74160", "2019-06-30": "0.65420", "2019-03-31": "1.26970", "2018-12-31": "0.54740", "2018-09-30": "0.94880", "2018-06-30": "0.92340", "2018-03-31": "1.13650", "2017-12-31": "0.81280", "2017-09-30": "0.12570", "2017-06-30": "1.89700", "2017-03-31": "2.08410", "2016-12-31": "2.33390", "2016-09-30": "5.31670", "2016-06-30": "1.67830", "2016-03-31": "1.97560", "2015-12-31": "-0.51050", "2015-09-30": "2.10650", "2015-06-30": "4.85550", "2015-03-31": "4.35360", "2014-12-31": "-1.21400", "2014-09-30": "4.26000", "2014-06-30": "1.98740", "2014-03-31": "1.61590", "2013-12-31": "1.88590", "2013-09-30": "5.14050", "2013-06-30": "2.06420", "2013-03-31": "1.76470", "2012-12-31": "1.91050", "2012-09-30": "1.92890", "2012-06-30": "2.55000", "2012-03-31": "2.38760", "2011-12-31": "2.34740", "2011-09-30": "1.92070", "2011-06-30": "2.15200", "2011-03-31": "2.52110", "2010-12-31": "2.33830", "2010-09-30": "1.58990", "2010-06-30": "1.45320", "2010-03-31": "2.59450", "2009-12-31": "2.56020", "2009-09-30": "2.41420", "2009-06-30": "2.10130", "2009-03-31": "2.15390", "2008-12-31": "2.75390", "2008-09-30": "2.12950", "2008-06-30": "1.92000", "2008-03-31": "1.53520", "2007-12-31": "0.52400", "2007-09-30": "0.86920", "2007-06-30": "1.27050", "2007-03-31": "0.95810", "2006-12-31": "1.12010", "2006-09-30": "1.33740", "2006-06-30": "1.56000", "2006-03-31": "2.06360", "2005-12-31": "1.85970", "2005-09-30": "1.97270", "2005-06-30": "2.72930", "2005-03-31": "1.60840"}, "Return On Tangible Equity": {"2020-09-30": "-0.01400", "2020-06-30": "0.76810", "2020-03-31": "2.35520", "2019-12-31": "4.82160", "2019-09-30": "0.66180", "2019-06-30": "0.86130", "2019-03-31": "1.58700", "2018-12-31": "0.80790", "2018-09-30": "1.22140", "2018-06-30": "1.18840", "2018-03-31": "1.46180", "2017-12-31": "1.03990", "2017-09-30": "0.16020", "2017-06-30": "1.87120", "2017-03-31": "1.96070", "2016-12-31": "2.19530", "2016-09-30": "5.03640", "2016-06-30": "1.27520", "2016-03-31": "1.51490", "2015-12-31": "-0.39400", "2015-09-30": "1.43330", "2015-06-30": "3.54730", "2015-03-31": "3.17080", "2014-12-31": "-0.88890", "2014-09-30": "3.17190", "2014-06-30": "1.48350", "2014-03-31": "1.20540", "2013-12-31": "1.52660", "2013-09-30": "4.17000", "2013-06-30": "1.66390", "2013-03-31": "1.52810", "2012-12-31": "1.59770", "2012-09-30": "1.61360", "2012-06-30": "1.97090", "2012-03-31": "1.87100", "2011-12-31": "1.82900", "2011-09-30": "1.46260", "2011-06-30": "1.79150", "2011-03-31": "1.91320", "2010-12-31": "1.76660", "2010-09-30": "1.15310", "2010-06-30": "0.97950", "2010-03-31": "1.55210", "2009-12-31": "1.52290", "2009-09-30": "1.44760", "2009-06-30": "1.26860", "2009-03-31": "1.28720", "2008-12-31": "1.59570", "2008-09-30": "1.20590", "2008-06-30": "0.99040", "2008-03-31": "0.79120", "2007-12-31": "0.35890", "2007-09-30": "0.55910", "2007-06-30": "0.82440", "2007-03-31": "0.76150", "2006-12-31": "0.86790", "2006-09-30": "0.89520", "2006-06-30": "1.04320", "2006-03-31": "1.26850", "2005-12-31": "1.09080", "2005-09-30": "1.16990", "2005-06-30": "1.71080", "2005-03-31": "1.01600"}, "ROA - Return On Assets": {"2020-09-30": "-0.00410", "2020-06-30": "0.22440", "2020-03-31": "0.69070", "2019-12-31": "1.51430", "2019-09-30": "0.29160", "2019-06-30": "0.26170", "2019-03-31": "0.51840", "2018-12-31": "0.22130", "2018-09-30": "0.42060", "2018-06-30": "0.41170", "2018-03-31": "0.51010", "2017-12-31": "0.37220", "2017-09-30": "0.05880", "2017-06-30": "0.63250", "2017-03-31": "0.68590", "2016-12-31": "0.78850", "2016-09-30": "1.80860", "2016-06-30": "0.45110", "2016-03-31": "0.54570", "2015-12-31": "-0.14520", "2015-09-30": "0.60880", "2015-06-30": "1.43960", "2015-03-31": "1.30020", "2014-12-31": "-0.36520", "2014-09-30": "1.33880", "2014-06-30": "0.61890", "2014-03-31": "0.47640", "2013-12-31": "0.57820", "2013-09-30": "1.62830", "2013-06-30": "0.64910", "2013-03-31": "0.57610", "2012-12-31": "0.63380", "2012-09-30": "0.66870", "2012-06-30": "0.80340", "2012-03-31": "0.76760", "2011-12-31": "0.77390", "2011-09-30": "0.64690", "2011-06-30": "0.67560", "2011-03-31": "0.70450", "2010-12-31": "0.68110", "2010-09-30": "0.45690", "2010-06-30": "0.44220", "2010-03-31": "0.61690", "2009-12-31": "0.66480", "2009-09-30": "0.67790", "2009-06-30": "0.61550", "2009-03-31": "0.63220", "2008-12-31": "0.76600", "2008-09-30": "0.58310", "2008-06-30": "0.44120", "2008-03-31": "0.37360", "2007-12-31": "0.13340", "2007-09-30": "0.20000", "2007-06-30": "0.32250", "2007-03-31": "0.25400", "2006-12-31": "0.28180", "2006-09-30": "0.21940", "2006-06-30": "0.29370", "2006-03-31": "0.33420", "2005-12-31": "0.27570", "2005-09-30": "0.31590", "2005-06-30": "0.33270", "2005-03-31": "0.24910"}, "ROI - Return On Investment": {"2020-09-30": "-0.00460", "2020-06-30": "0.25280", "2020-03-31": "0.77710", "2019-12-31": "1.68510", "2019-09-30": "0.31970", "2019-06-30": "0.28770", "2019-03-31": "0.94980", "2018-12-31": "0.23950", "2018-09-30": "0.45260", "2018-06-30": "0.44290", "2018-03-31": "0.54820", "2017-12-31": "0.40660", "2017-09-30": "0.06350", "2017-06-30": "0.69380", "2017-03-31": "0.75020", "2016-12-31": "0.87630", "2016-09-30": "1.98220", "2016-06-30": "0.48700", "2016-03-31": "0.58790", "2015-12-31": "-0.15880", "2015-09-30": "0.65850", "2015-06-30": "1.55770", "2015-03-31": "1.41000", "2014-12-31": "-0.40520", "2014-09-30": "1.47190", "2014-06-30": "0.68200", "2014-03-31": "0.52590", "2013-12-31": "0.64670", "2013-09-30": "1.81400", "2013-06-30": "0.71990", "2013-03-31": "0.64090", "2012-12-31": "0.71870", "2012-09-30": "0.74820", "2012-06-30": "0.87920", "2012-03-31": "0.83580", "2011-12-31": "0.85660", "2011-09-30": "0.70270", "2011-06-30": "0.73640", "2011-03-31": "0.76730", "2010-12-31": "0.74820", "2010-09-30": "0.49630", "2010-06-30": "0.47880", "2010-03-31": "0.67040", "2009-12-31": "0.72810", "2009-09-30": "0.73600", "2009-06-30": "0.66450", "2009-03-31": "0.68670", "2008-12-31": "0.84900", "2008-09-30": "0.65520", "2008-06-30": "0.49650", "2008-03-31": "0.42290", "2007-12-31": "0.15540", "2007-09-30": "0.22830", "2007-06-30": "0.36610", "2007-03-31": "0.28910", "2006-12-31": "0.33620", "2006-09-30": "0.27770", "2006-06-30": "0.38630", "2006-03-31": "0.42830", "2005-12-31": "0.37130", "2005-09-30": "0.43440", "2005-06-30": "0.45080", "2005-03-31": "0.35880"}, "Book Value Per Share": {"2020-09-30": "65.72740", "2020-06-30": "65.88200", "2020-03-31": "65.16240", "2019-12-31": "50.78050", "2019-09-30": "48.95340", "2019-06-30": "50.27590", "2019-03-31": "52.74620", "2018-12-31": "52.60100", "2018-09-30": "52.18220", "2018-06-30": "52.39830", "2018-03-31": "53.12230", "2017-12-31": "53.77650", "2017-09-30": "54.38960", "2017-06-30": "31.02230", "2017-03-31": "31.78170", "2016-12-31": "32.27470", "2016-09-30": "32.69830", "2016-06-30": "29.55000", "2016-03-31": "30.28110", "2015-12-31": "30.99040", "2015-09-30": "29.70800", "2015-06-30": "28.63970", "2015-03-31": "28.40970", "2014-12-31": "28.86050", "2014-09-30": "30.28390", "2014-06-30": "30.54060", "2014-03-31": "30.13640", "2013-12-31": "28.38750", "2013-09-30": "28.65620", "2013-06-30": "27.90230", "2013-03-31": "26.33630", "2012-12-31": "27.95560", "2012-09-30": "28.61860", "2012-06-30": "24.83210", "2012-03-31": "24.52890", "2011-12-31": "24.33460", "2011-09-30": "24.75320", "2011-06-30": "21.60720", "2011-03-31": "22.14510", "2010-12-31": "22.53930", "2010-09-30": "22.91310", "2010-06-30": "23.34160", "2010-03-31": "21.08680", "2009-12-31": "21.28290", "2009-09-30": "21.61760", "2009-06-30": "21.95090", "2009-03-31": "21.64690", "2008-12-31": "21.48600", "2008-09-30": "21.05070", "2008-06-30": "20.67510", "2008-03-31": "20.87670", "2007-12-31": "15.96060", "2007-09-30": "15.17350", "2007-06-30": "15.42460", "2007-03-31": "12.82680", "2006-12-31": "13.08140", "2006-09-30": "13.36630", "2006-06-30": "13.36200", "2006-03-31": "13.19620", "2005-12-31": "14.12480", "2005-09-30": "14.38180", "2005-06-30": "12.42130", "2005-03-31": "12.58550"}, "Operating Cash Flow Per Share": {"2020-09-30": 1.7384, "2020-06-30": 1.6215, "2020-03-31": "1.00970", "2019-12-31": 1.9272, "2019-09-30": 1.3498, "2019-06-30": 2.2684, "2019-03-31": "1.68180", "2018-12-31": 1.7029, "2018-09-30": 1.7416, "2018-06-30": 2.1109, "2018-03-31": "1.14760", "2017-12-31": 1.8464, "2017-09-30": 0.7947, "2017-06-30": 1.8443, "2017-03-31": "1.36560", "2016-12-31": 1.8499, "2016-09-30": 1.5142, "2016-06-30": 1.4583, "2016-03-31": "1.22510", "2015-12-31": 1.8383, "2015-09-30": 1.298, "2015-06-30": 1.5814, "2015-03-31": "1.02050", "2014-12-31": 1.4319, "2014-09-30": 1.123, "2014-06-30": 1.4516, "2014-03-31": "0.90150", "2013-12-31": 1.7669, "2013-09-30": 1.214, "2013-06-30": 1.4394, "2013-03-31": "0.70260", "2012-12-31": 1.7663, "2012-09-30": 0.8153, "2012-06-30": 1.4431, "2012-03-31": "0.65560", "2011-12-31": 1.2947, "2011-09-30": 0.8028, "2011-06-30": 1.2492, "2011-03-31": "0.69640", "2010-12-31": 1.5079, "2010-09-30": 0.9429, "2010-06-30": 1.0149, "2010-03-31": "0.70840", "2009-12-31": 0.8689, "2009-09-30": 0.9489, "2009-06-30": 1.3145, "2009-03-31": "0.55250", "2008-12-31": 1.4078, "2008-09-30": 0.6069, "2008-06-30": 0.8119, "2008-03-31": "0.26570", "2007-12-31": 0.3769, "2007-09-30": 0.4149, "2007-06-30": 0.447, "2007-03-31": "0.44970", "2006-12-31": 0.9963, "2006-09-30": 0.3683, "2006-06-30": 0.7652, "2006-03-31": "0.52400", "2005-12-31": 0.7082, "2005-09-30": 0.8829, "2005-06-30": 1.0462, "2005-03-31": "0.54370"}, "Free Cash Flow Per Share": {"2020-09-30": 0.8492, "2020-06-30": 1.3191, "2020-03-31": "1.95910", "2019-12-31": 1.8369, "2019-09-30": 1.276, "2019-06-30": 2.0284, "2019-03-31": "1.63820", "2018-12-31": 0.282, "2018-09-30": 1.9834, "2018-06-30": 2.0232, "2018-03-31": "1.81190", "2017-12-31": 0.1219, "2017-09-30": 0.8679, "2017-06-30": 1.7138, "2017-03-31": "1.28090", "2016-12-31": 1.8796, "2016-09-30": -2.1571, "2016-06-30": 1.4554, "2016-03-31": "1.45870", "2015-12-31": 1.4679, "2015-09-30": 1.2853, "2015-06-30": 2.2682, "2015-03-31": "1.33840", "2014-12-31": 1.4337, "2014-09-30": 0.9401, "2014-06-30": 1.7348, "2014-03-31": "0.90150", "2013-12-31": 1.6843, "2013-09-30": 0.9827, "2013-06-30": 1.1269, "2013-03-31": "0.08570", "2012-12-31": 0.1766, "2012-09-30": -9.032, "2012-06-30": 0.5954, "2012-03-31": "-0.51740", "2011-12-31": 0.2604, "2011-09-30": 0.0571, "2011-06-30": 1.0606, "2011-03-31": "0.68250", "2010-12-31": -0.7147, "2010-09-30": -6.9781, "2010-06-30": 0.4681, "2010-03-31": "-3.93600", "2009-12-31": -0.4171, "2009-09-30": 0.6919, "2009-06-30": 1.0659, "2009-03-31": "0.55250", "2008-12-31": 1.2232, "2008-09-30": 0.6649, "2008-06-30": 0.1167, "2008-03-31": "-0.04830", "2007-12-31": -0.8911, "2007-09-30": -1.0081, "2007-06-30": 0.0949, "2007-03-31": "-1.03480", "2006-12-31": -1.9021, "2006-09-30": -4.2527, "2006-06-30": -2.7331, "2006-03-31": "-0.31740", "2005-12-31": -3.1424, "2005-09-30": 0.5067, "2005-06-30": -10.0934, "2005-03-31": "-2.72640"}}, "revenue": {"Digital Realty Trust Annual Revenue (Millions of US $)": {"2019": "$3,209", "2018": "$3,046", "2017": "$2,458", "2016": "$2,142", "2015": "$1,763", "2014": "$1,616", "2013": "$1,482", "2012": "$1,279", "2011": "$1,063", "2010": "$865", "2009": "$637", "2008": "$527", "2007": "$395", "2006": "$272", "2005": "$192"}, "Digital Realty Trust Quarterly Revenue (Millions of US $)": {"2020-09-30": "$1,025", "2020-06-30": "$993", "2020-03-31": "$823", "2019-12-31": "$787", "2019-09-30": "$806", "2019-06-30": "$801", "2019-03-31": "$815", "2018-12-31": "$778", "2018-09-30": "$769", "2018-06-30": "$755", "2018-03-31": "$744", "2017-12-31": "$731", "2017-09-30": "$610", "2017-06-30": "$566", "2017-03-31": "$551", "2016-12-31": "$577", "2016-09-30": "$546", "2016-06-30": "$515", "2016-03-31": "$504", "2015-12-31": "$500", "2015-09-30": "$436", "2015-06-30": "$420", "2015-03-31": "$407", "2014-12-31": "$412", "2014-09-30": "$412", "2014-06-30": "$401", "2014-03-31": "$391", "2013-12-31": "$381", "2013-09-30": "$379", "2013-06-30": "$364", "2013-03-31": "$358", "2012-12-31": "$350", "2012-09-30": "$342", "2012-06-30": "$304", "2012-03-31": "$283", "2011-12-31": "$271", "2011-09-30": "$273", "2011-06-30": "$268", "2011-03-31": "$251", "2010-12-31": "$239", "2010-09-30": "$237", "2010-06-30": "$197", "2010-03-31": "$192", "2009-12-31": "$170", "2009-09-30": "$163", "2009-06-30": "$155", "2009-03-31": "$149", "2008-12-31": "$147", "2008-09-30": "$142", "2008-06-30": "$124", "2008-03-31": "$115", "2007-12-31": "$106", "2007-09-30": "$105", "2007-06-30": "$96", "2007-03-31": "$89", "2006-12-31": "$82", "2006-09-30": "$71", "2006-06-30": "$62", "2006-03-31": "$57", "2005-12-31": "$49", "2005-09-30": "$55", "2005-06-30": "$48", "2005-03-31": "$40"}}, "gross-profit": {"Digital Realty Trust Annual Gross Profit (Millions of US $)": {"2019": "$2,016", "2018": "$1,948", "2017": "$1,563", "2016": "$1,370", "2015": "$1,112", "2014": "$1,013", "2013": "$927", "2012": "$819", "2011": "$697", "2010": "$563", "2009": "$421", "2008": "$340", "2007": "$253", "2006": "$182", "2005": "$130"}, "Digital Realty Trust Quarterly Gross Profit (Millions of US $)": {"2020-09-30": "$623", "2020-06-30": "$612", "2020-03-31": "$512", "2019-12-31": "$488", "2019-09-30": "$506", "2019-06-30": "$504", "2019-03-31": "$519", "2018-12-31": "$489", "2018-09-30": "$485", "2018-06-30": "$495", "2018-03-31": "$480", "2017-12-31": "$466", "2017-09-30": "$385", "2017-06-30": "$361", "2017-03-31": "$352", "2016-12-31": "$378", "2016-09-30": "$346", "2016-06-30": "$326", "2016-03-31": "$320", "2015-12-31": "$314", "2015-09-30": "$273", "2015-06-30": "$268", "2015-03-31": "$257", "2014-12-31": "$259", "2014-09-30": "$253", "2014-06-30": "$252", "2014-03-31": "$248", "2013-12-31": "$240", "2013-09-30": "$222", "2013-06-30": "$235", "2013-03-31": "$230", "2012-12-31": "$220", "2012-09-30": "$215", "2012-06-30": "$198", "2012-03-31": "$185", "2011-12-31": "$177", "2011-09-30": "$176", "2011-06-30": "$180", "2011-03-31": "$163", "2010-12-31": "$162", "2010-09-30": "$147", "2010-06-30": "$129", "2010-03-31": "$125", "2009-12-31": "$116", "2009-09-30": "$107", "2009-06-30": "$102", "2009-03-31": "$96", "2008-12-31": "$96", "2008-09-30": "$92", "2008-06-30": "$78", "2008-03-31": "$74", "2007-12-31": "$67", "2007-09-30": "$65", "2007-06-30": "$63", "2007-03-31": "$59", "2006-12-31": "$55", "2006-09-30": "$48", "2006-06-30": "$41", "2006-03-31": "$38", "2005-12-31": "$32", "2005-09-30": "$36", "2005-06-30": "$34", "2005-03-31": "$28"}}, "operating-income": {"Digital Realty Trust Annual Operating Income (Millions of US $)": {"2019": "$594", "2018": "$550", "2017": "$451", "2016": "$497", "2015": "$402", "2014": "$259", "2013": "$382", "2012": "$366", "2011": "$304", "2010": "$242", "2009": "$178", "2008": "$128", "2007": "$88", "2006": "$75", "2005": "$60"}, "Digital Realty Trust Quarterly Operating Income (Millions of US $)": {"2020-09-30": "$144", "2020-06-30": "$153", "2020-03-31": "$100", "2019-12-31": "$139", "2019-09-30": "$165", "2019-06-30": "$149", "2019-03-31": "$142", "2018-12-31": "$123", "2018-09-30": "$139", "2018-06-30": "$144", "2018-03-31": "$144", "2017-12-31": "$117", "2017-09-30": "$66", "2017-06-30": "$131", "2017-03-31": "$137", "2016-12-31": "$151", "2016-09-30": "$116", "2016-06-30": "$112", "2016-03-31": "$118", "2015-12-31": "$41", "2015-09-30": "$104", "2015-06-30": "$107", "2015-03-31": "$149", "2014-12-31": "$-6", "2014-09-30": "$82", "2014-06-30": "$92", "2014-03-31": "$90", "2013-12-31": "$98", "2013-09-30": "$85", "2013-06-30": "$100", "2013-03-31": "$99", "2012-12-31": "$95", "2012-09-30": "$97", "2012-06-30": "$88", "2012-03-31": "$86", "2011-12-31": "$81", "2011-09-30": "$72", "2011-06-30": "$77", "2011-03-31": "$75", "2010-12-31": "$73", "2010-09-30": "$60", "2010-06-30": "$54", "2010-03-31": "$55", "2009-12-31": "$50", "2009-09-30": "$46", "2009-06-30": "$43", "2009-03-31": "$39", "2008-12-31": "$41", "2008-09-30": "$34", "2008-06-30": "$29", "2008-03-31": "$25", "2007-12-31": "$22", "2007-09-30": "$21", "2007-06-30": "$23", "2007-03-31": "$22", "2006-12-31": "$21", "2006-09-30": "$18", "2006-06-30": "$18", "2006-03-31": "$17", "2005-12-31": "$14", "2005-09-30": "$16", "2005-06-30": "$17", "2005-03-31": "$13"}}, "ebitda": {"Digital Realty Trust Annual EBITDA (Millions of US $)": {"2019": "$1,826", "2018": "$1,805", "2017": "$1,330", "2016": "$1,218", "2015": "$980", "2014": "$816", "2013": "$869", "2012": "$760", "2011": "$632", "2010": "$524", "2009": "$389", "2008": "$309", "2007": "$224", "2006": "$164", "2005": "$123"}, "Digital Realty Trust Quarterly EBITDA (Millions of US $)": {"2020-09-30": "$537", "2020-06-30": "$531", "2020-03-31": "$415", "2019-12-31": "$431", "2019-09-30": "$467", "2019-06-30": "$456", "2019-03-31": "$472", "2018-12-31": "$438", "2018-09-30": "$450", "2018-06-30": "$462", "2018-03-31": "$455", "2017-12-31": "$421", "2017-09-30": "$274", "2017-06-30": "$316", "2017-03-31": "$319", "2016-12-31": "$333", "2016-09-30": "$299", "2016-06-30": "$294", "2016-03-31": "$292", "2015-12-31": "$215", "2015-09-30": "$240", "2015-06-30": "$243", "2015-03-31": "$282", "2014-12-31": "$130", "2014-09-30": "$223", "2014-06-30": "$234", "2014-03-31": "$229", "2013-12-31": "$227", "2013-09-30": "$210", "2013-06-30": "$219", "2013-03-31": "$213", "2012-12-31": "$204", "2012-09-30": "$202", "2012-06-30": "$180", "2012-03-31": "$174", "2011-12-31": "$165", "2011-09-30": "$155", "2011-06-30": "$159", "2011-03-31": "$153", "2010-12-31": "$152", "2010-09-30": "$136", "2010-06-30": "$120", "2010-03-31": "$117", "2009-12-31": "$106", "2009-09-30": "$100", "2009-06-30": "$95", "2009-03-31": "$88", "2008-12-31": "$90", "2008-09-30": "$84", "2008-06-30": "$70", "2008-03-31": "$66", "2007-12-31": "$62", "2007-09-30": "$57", "2007-06-30": "$54", "2007-03-31": "$51", "2006-12-31": "$49", "2006-09-30": "$42", "2006-06-30": "$37", "2006-03-31": "$36", "2005-12-31": "$33", "2005-09-30": "$34", "2005-06-30": "$31", "2005-03-31": "$26"}}, "net-income": {"Digital Realty Trust Annual Net Income (Millions of US $)": {"2019": "$493", "2018": "$250", "2017": "$173", "2016": "$332", "2015": "$217", "2014": "$133", "2013": "$272", "2012": "$172", "2011": "$131", "2010": "$58", "2009": "$47", "2008": "$29", "2007": "$19", "2006": "$18", "2005": "$6"}, "Digital Realty Trust Quarterly Net Income (Millions of US $)": {"2020-09-30": "$-37", "2020-06-30": "$54", "2020-03-31": "$203", "2019-12-31": "$316", "2019-09-30": "$50", "2019-06-30": "$32", "2019-03-31": "$96", "2018-12-31": "$31", "2018-09-30": "$67", "2018-06-30": "$65", "2018-03-31": "$86", "2017-12-31": "$53", "2017-09-30": "$-4", "2017-06-30": "$58", "2017-03-31": "$66", "2016-12-31": "$78", "2016-09-30": "$187", "2016-06-30": "$28", "2016-03-31": "$39", "2015-12-31": "$-40", "2015-09-30": "$39", "2015-06-30": "$117", "2015-03-31": "$102", "2014-12-31": "$-52", "2014-09-30": "$109", "2014-06-30": "$42", "2014-03-31": "$34", "2013-12-31": "$43", "2013-09-30": "$139", "2013-06-30": "$47", "2013-03-31": "$43", "2012-12-31": "$45", "2012-09-30": "$46", "2012-06-30": "$42", "2012-03-31": "$39", "2011-12-31": "$36", "2011-09-30": "$32", "2011-06-30": "$32", "2011-03-31": "$31", "2010-12-31": "$25", "2010-09-30": "$10", "2010-06-30": "$9", "2010-03-31": "$15", "2009-12-31": "$14", "2009-09-30": "$12", "2009-06-30": "$10", "2009-03-31": "$10", "2008-12-31": "$16", "2008-09-30": "$7", "2008-06-30": "$3", "2008-03-31": "$2", "2007-12-31": "$-2", "2007-09-30": "$-0", "2007-06-30": "$3", "2007-03-31": "$19", "2006-12-31": "$3", "2006-09-30": "$11", "2006-06-30": "$2", "2006-03-31": "$2", "2005-12-31": "$1", "2005-09-30": "$1", "2005-06-30": "$2", "2005-03-31": "$1"}}, "eps-earnings-per-share-diluted": {"Digital Realty Trust Annual EPS": {"2019": "$2.35", "2018": "$1.21", "2017": "$0.99", "2016": "$2.20", "2015": "$1.56", "2014": "$0.99", "2013": "$2.12", "2012": "$1.48", "2011": "$1.32", "2010": "$0.68", "2009": "$0.61", "2008": "$0.38", "2007": "$0.30", "2006": "$0.47", "2005": "$0.25"}, "Digital Realty Trust Quarterly EPS": {"2020-09-30": "$-0.14", "2020-06-30": "$0.20", "2020-03-31": "$0.90", "2019-12-31": "$1.50", "2019-09-30": "$0.24", "2019-06-30": "$0.15", "2019-03-31": "$0.46", "2018-12-31": "$0.14", "2018-09-30": "$0.33", "2018-06-30": "$0.32", "2018-03-31": "$0.42", "2017-12-31": "$0.24", "2017-09-30": "$-0.02", "2017-06-30": "$0.36", "2017-03-31": "$0.41", "2016-12-31": "$0.49", "2016-09-30": "$1.25", "2016-06-30": "$0.19", "2016-03-31": "$0.27", "2015-12-31": "$-0.33", "2015-09-30": "$0.28", "2015-06-30": "$0.86", "2015-03-31": "$0.75", "2014-12-31": "$-0.38", "2014-09-30": "$0.80", "2014-06-30": "$0.31", "2014-03-31": "$0.26", "2013-12-31": "$0.35", "2013-09-30": "$1.06", "2013-06-30": "$0.37", "2013-03-31": "$0.34", "2012-12-31": "$0.37", "2012-09-30": "$0.37", "2012-06-30": "$0.38", "2012-03-31": "$0.36", "2011-12-31": "$0.35", "2011-09-30": "$0.31", "2011-06-30": "$0.33", "2011-03-31": "$0.33", "2010-12-31": "$0.28", "2010-09-30": "$0.11", "2010-06-30": "$0.11", "2010-03-31": "$0.18", "2009-12-31": "$0.18", "2009-09-30": "$0.16", "2009-06-30": "$0.13", "2009-03-31": "$0.14", "2008-12-31": "$0.20", "2008-09-30": "$0.10", "2008-06-30": "$0.05", "2008-03-31": "$0.03", "2007-12-31": "$-0.06", "2007-09-30": "$-0.00", "2007-06-30": "$0.04", "2007-03-31": "$0.32", "2006-12-31": "$0.06", "2006-09-30": "$0.30", "2006-06-30": "$0.05", "2006-03-31": "$0.06", "2005-12-31": "$0.03", "2005-09-30": "$0.05", "2005-06-30": "$0.10", "2005-03-31": "$0.07"}}, "shares-outstanding": {"Digital Realty Trust Annual Shares Outstanding (Millions of Shares)": {"2019": "209", "2018": "207", "2017": "175", "2016": "151", "2015": "139", "2014": "134", "2013": "128", "2012": "116", "2011": "99", "2010": "86", "2009": "77", "2008": "70", "2007": "63", "2006": "37", "2005": "24"}, "Digital Realty Trust Quarterly Shares Outstanding (Millions of Shares)": {"2020-09-30": "270", "2020-06-30": "271", "2020-03-31": "224", "2019-12-31": "209", "2019-09-30": "210", "2019-06-30": "209", "2019-03-31": "209", "2018-12-31": "207", "2018-09-30": "207", "2018-06-30": "207", "2018-03-31": "207", "2017-12-31": "175", "2017-09-30": "170", "2017-06-30": "162", "2017-03-31": "160", "2016-12-31": "151", "2016-09-30": "149", "2016-06-30": "148", "2016-03-31": "147", "2015-12-31": "139", "2015-09-30": "138", "2015-06-30": "136", "2015-03-31": "136", "2014-12-31": "134", "2014-09-30": "136", "2014-06-30": "134", "2014-03-31": "129", "2013-12-31": "128", "2013-09-30": "135", "2013-06-30": "129", "2013-03-31": "127", "2012-12-31": "116", "2012-09-30": "122", "2012-06-30": "110", "2012-03-31": "108", "2011-12-31": "99", "2011-09-30": "102", "2011-06-30": "98", "2011-03-31": "93", "2010-12-31": "86", "2010-09-30": "90", "2010-06-30": "83", "2010-03-31": "81", "2009-12-31": "77", "2009-09-30": "78", "2009-06-30": "77", "2009-03-31": "75", "2008-12-31": "70", "2008-09-30": "73", "2008-06-30": "68", "2008-03-31": "67", "2007-12-31": "63", "2007-09-30": "61", "2007-06-30": "63", "2007-03-31": "58", "2006-12-31": "37", "2006-09-30": "37", "2006-06-30": "34", "2006-03-31": "28", "2005-12-31": "24", "2005-09-30": "26", "2005-06-30": "22", "2005-03-31": "22"}}, "total-assets": {"Digital Realty Trust Annual Total Assets (Millions of US $)": {"2019": "$23,068", "2018": "$23,767", "2017": "$21,404", "2016": "$12,193", "2015": "$11,416", "2014": "$9,527", "2013": "$9,627", "2012": "$8,819", "2011": "$6,099", "2010": "$5,329", "2009": "$3,745", "2008": "$3,281", "2007": "$2,809", "2006": "$2,186", "2005": "$1,529"}, "Digital Realty Trust Quarterly Total Assets (Millions of US $)": {"2020-09-30": "$35,435", "2020-06-30": "$33,863", "2020-03-31": "$33,113", "2019-12-31": "$23,068", "2019-09-30": "$23,173", "2019-06-30": "$23,430", "2019-03-31": "$23,342", "2018-12-31": "$23,767", "2018-09-30": "$21,462", "2018-06-30": "$21,411", "2018-03-31": "$21,582", "2017-12-31": "$21,404", "2017-09-30": "$21,233", "2017-06-30": "$12,580", "2017-03-31": "$12,330", "2016-12-31": "$12,193", "2016-09-30": "$12,299", "2016-06-30": "$11,292", "2016-03-31": "$11,422", "2015-12-31": "$11,416", "2015-09-30": "$9,501", "2015-06-30": "$9,586", "2015-03-31": "$9,408", "2014-12-31": "$9,527", "2014-09-30": "$9,722", "2014-06-30": "$9,910", "2014-03-31": "$9,805", "2013-12-31": "$9,627", "2013-09-30": "$9,426", "2013-06-30": "$9,185", "2013-03-31": "$8,971", "2012-12-31": "$8,819", "2012-09-30": "$8,513", "2012-06-30": "$6,717", "2012-03-31": "$6,418", "2011-12-31": "$6,099", "2011-09-30": "$5,826", "2011-06-30": "$5,658", "2011-03-31": "$5,537", "2010-12-31": "$5,329", "2010-09-30": "$5,171", "2010-06-30": "$4,501", "2010-03-31": "$4,148", "2009-12-31": "$3,745", "2009-09-30": "$3,532", "2009-06-30": "$3,445", "2009-03-31": "$3,352", "2008-12-31": "$3,281", "2008-09-30": "$3,159", "2008-06-30": "$3,071", "2008-03-31": "$2,895", "2007-12-31": "$2,809", "2007-09-30": "$2,576", "2007-06-30": "$2,393", "2007-03-31": "$2,334", "2006-12-31": "$2,186", "2006-09-30": "$1,972", "2006-06-30": "$1,714", "2006-03-31": "$1,574", "2005-12-31": "$1,529", "2005-09-30": "$1,454", "2005-06-30": "$1,368", "2005-03-31": "$1,100"}}, "cash-on-hand": {"Digital Realty Trust Annual Cash on Hand (Millions of US $)": {"2019": "$90", "2018": "$127", "2017": "$13", "2016": "$22", "2015": "$75", "2014": "$53", "2013": "$97", "2012": "$100", "2011": "$96", "2010": "$72", "2009": "$110", "2008": "$119", "2007": "$73", "2006": "$50", "2005": "$33"}, "Digital Realty Trust Quarterly Cash on Hand (Millions of US $)": {"2020-09-30": "$971", "2020-06-30": "$505", "2020-03-31": "$246", "2019-12-31": "$90", "2019-09-30": "$7", "2019-06-30": "$34", "2019-03-31": "$124", "2018-12-31": "$127", "2018-09-30": "$54", "2018-06-30": "$27", "2018-03-31": "$30", "2017-12-31": "$13", "2017-09-30": "$210", "2017-06-30": "$41", "2017-03-31": "$25", "2016-12-31": "$22", "2016-09-30": "$48", "2016-06-30": "$52", "2016-03-31": "$51", "2015-12-31": "$75", "2015-09-30": "$35", "2015-06-30": "$69", "2015-03-31": "$49", "2014-12-31": "$53", "2014-09-30": "$51", "2014-06-30": "$121", "2014-03-31": "$113", "2013-12-31": "$97", "2013-09-30": "$98", "2013-06-30": "$63", "2013-03-31": "$86", "2012-12-31": "$100", "2012-09-30": "$119", "2012-06-30": "$83", "2012-03-31": "$70", "2011-12-31": "$96", "2011-09-30": "$94", "2011-06-30": "$85", "2011-03-31": "$104", "2010-12-31": "$72", "2010-09-30": "$128", "2010-06-30": "$378", "2010-03-31": "$91", "2009-12-31": "$110", "2009-09-30": "$78", "2009-06-30": "$100", "2009-03-31": "$110", "2008-12-31": "$119", "2008-09-30": "$87", "2008-06-30": "$57", "2008-03-31": "$72", "2007-12-31": "$73", "2007-09-30": "$88", "2007-06-30": "$81", "2007-03-31": "$75", "2006-12-31": "$50", "2006-09-30": "$52", "2006-06-30": "$36", "2006-03-31": "$43", "2005-12-31": "$33", "2005-09-30": "$36", "2005-06-30": "$29", "2005-03-31": "$17"}}, "long-term-debt": {"Digital Realty Trust Annual Long Term Debt (Millions of US $)": {"2019": "$10,122", "2018": "$11,101", "2017": "$8,542", "2016": "$5,839", "2015": "$5,899", "2014": "$4,673", "2013": "$4,962", "2012": "$4,279", "2011": "$2,930", "2010": "$2,796", "2009": "$1,784", "2008": "$1,385", "2007": "$1,368", "2006": "$1,123", "2005": "$749"}, "Digital Realty Trust Quarterly Long Term Debt (Millions of US $)": {"2020-09-30": "$12,875", "2020-06-30": "$12,372", "2020-03-31": "$12,251", "2019-12-31": "$10,122", "2019-09-30": "$10,924", "2019-06-30": "$10,843", "2019-03-31": "$1,756", "2018-12-31": "$11,101", "2018-09-30": "$9,180", "2018-06-30": "$9,106", "2018-03-31": "$9,148", "2017-12-31": "$8,542", "2017-09-30": "$8,484", "2017-06-30": "$6,438", "2017-03-31": "$6,201", "2016-12-31": "$5,839", "2016-09-30": "$6,025", "2016-06-30": "$6,135", "2016-03-31": "$6,157", "2015-12-31": "$5,899", "2015-09-30": "$4,749", "2015-06-30": "$4,969", "2015-03-31": "$4,818", "2014-12-31": "$4,673", "2014-09-30": "$4,740", "2014-06-30": "$4,859", "2014-03-31": "$5,007", "2013-12-31": "$4,962", "2013-09-30": "$4,780", "2013-06-30": "$4,698", "2013-03-31": "$4,682", "2012-12-31": "$4,279", "2012-09-30": "$4,080", "2012-06-30": "$3,400", "2012-03-31": "$3,261", "2011-12-31": "$2,930", "2011-09-30": "$2,787", "2011-06-30": "$3,057", "2011-03-31": "$3,045", "2010-12-31": "$2,796", "2010-09-30": "$2,711", "2010-06-30": "$2,125", "2010-03-31": "$2,168", "2009-12-31": "$1,784", "2009-09-30": "$1,599", "2009-06-30": "$1,520", "2009-03-31": "$1,440", "2008-12-31": "$1,385", "2008-09-30": "$1,284", "2008-06-30": "$1,361", "2008-03-31": "$1,191", "2007-12-31": "$1,368", "2007-09-30": "$1,335", "2007-06-30": "$1,172", "2007-03-31": "$1,272", "2006-12-31": "$1,123", "2006-09-30": "$1,075", "2006-06-30": "$821", "2006-03-31": "$814", "2005-12-31": "$749", "2005-09-30": "$665", "2005-06-30": "$744", "2005-03-31": "$494"}}, "total-liabilities": {"Digital Realty Trust Annual Total Liabilities (Millions of US $)": {"2019": "$12,460", "2018": "$12,908", "2017": "$10,355", "2016": "$7,060", "2015": "$6,880", "2014": "$5,613", "2013": "$5,980", "2012": "$5,321", "2011": "$3,518", "2010": "$3,275", "2009": "$2,110", "2008": "$1,706", "2007": "$1,766", "2006": "$1,476", "2005": "$1,143"}, "Digital Realty Trust Quarterly Total Liabilities (Millions of US $)": {"2020-09-30": "$17,037", "2020-06-30": "$16,180", "2020-03-31": "$15,937", "2019-12-31": "$12,460", "2019-09-30": "$12,962", "2019-06-30": "$12,956", "2019-03-31": "$12,360", "2018-12-31": "$12,908", "2018-09-30": "$10,699", "2018-06-30": "$10,615", "2018-03-31": "$10,645", "2017-12-31": "$10,355", "2017-09-30": "$10,059", "2017-06-30": "$7,548", "2017-03-31": "$7,259", "2016-12-31": "$7,060", "2016-09-30": "$7,102", "2016-06-30": "$6,967", "2016-03-31": "$6,977", "2015-12-31": "$6,880", "2015-09-30": "$5,465", "2015-06-30": "$5,696", "2015-03-31": "$5,551", "2014-12-31": "$5,613", "2014-09-30": "$5,618", "2014-06-30": "$5,776", "2014-03-31": "$5,930", "2013-12-31": "$5,980", "2013-09-30": "$5,745", "2013-06-30": "$5,602", "2013-03-31": "$5,590", "2012-12-31": "$5,321", "2012-09-30": "$4,985", "2012-06-30": "$3,979", "2012-03-31": "$3,785", "2011-12-31": "$3,518", "2011-09-30": "$3,250", "2011-06-30": "$3,525", "2011-03-31": "$3,498", "2010-12-31": "$3,275", "2010-09-30": "$3,122", "2010-06-30": "$2,469", "2010-03-31": "$2,499", "2009-12-31": "$2,110", "2009-09-30": "$1,878", "2009-06-30": "$1,773", "2009-03-31": "$1,706", "2008-12-31": "$1,706", "2008-09-30": "$1,632", "2008-06-30": "$1,703", "2008-03-31": "$1,528", "2007-12-31": "$1,766", "2007-09-30": "$1,655", "2007-06-30": "$1,457", "2007-03-31": "$1,555", "2006-12-31": "$1,476", "2006-09-30": "$1,489", "2006-06-30": "$1,231", "2006-03-31": "$1,159", "2005-12-31": "$1,143", "2005-09-30": "$1,062", "2005-06-30": "$1,102", "2005-03-31": "$830"}}, "total-share-holder-equity": {"Digital Realty Trust Annual Share Holder Equity (Millions of US $)": {"2019": "$10,608", "2018": "$10,858", "2017": "$11,049", "2016": "$5,132", "2015": "$4,537", "2014": "$3,914", "2013": "$3,647", "2012": "$3,498", "2011": "$2,580", "2010": "$2,055", "2009": "$1,635", "2008": "$1,575", "2007": "$1,044", "2006": "$710", "2005": "$386"}, "Digital Realty Trust Quarterly Share Holder Equity (Millions of US $)": {"2020-09-30": "$18,398", "2020-06-30": "$17,683", "2020-03-31": "$17,177", "2019-12-31": "$10,608", "2019-09-30": "$10,211", "2019-06-30": "$10,474", "2019-03-31": "$10,983", "2018-12-31": "$10,858", "2018-09-30": "$10,763", "2018-06-30": "$10,797", "2018-03-31": "$10,937", "2017-12-31": "$11,049", "2017-09-30": "$11,173", "2017-06-30": "$5,031", "2017-03-31": "$5,070", "2016-12-31": "$5,132", "2016-09-30": "$5,197", "2016-06-30": "$4,326", "2016-03-31": "$4,445", "2015-12-31": "$4,537", "2015-09-30": "$4,036", "2015-06-30": "$3,890", "2015-03-31": "$3,858", "2014-12-31": "$3,914", "2014-09-30": "$4,104", "2014-06-30": "$4,134", "2014-03-31": "$3,876", "2013-12-31": "$3,647", "2013-09-30": "$3,681", "2013-06-30": "$3,583", "2013-03-31": "$3,382", "2012-12-31": "$3,498", "2012-09-30": "$3,528", "2012-06-30": "$2,738", "2012-03-31": "$2,633", "2011-12-31": "$2,580", "2011-09-30": "$2,577", "2011-06-30": "$2,134", "2011-03-31": "$2,039", "2010-12-31": "$2,055", "2010-09-30": "$2,049", "2010-06-30": "$2,032", "2010-03-31": "$1,649", "2009-12-31": "$1,635", "2009-09-30": "$1,654", "2009-06-30": "$1,671", "2009-03-31": "$1,646", "2008-12-31": "$1,575", "2008-09-30": "$1,527", "2008-06-30": "$1,368", "2008-03-31": "$1,367", "2007-12-31": "$1,044", "2007-09-30": "$921", "2007-06-30": "$936", "2007-03-31": "$778", "2006-12-31": "$710", "2006-09-30": "$483", "2006-06-30": "$482", "2006-03-31": "$415", "2005-12-31": "$386", "2005-09-30": "$393", "2005-06-30": "$266", "2005-03-31": "$270"}}, "profit-margins": {"current": "17.5%"}, "gross margin": {"2020-09-30": "61.60%", "2020-06-30": "62.13%", "2020-03-31": "62.48%", "2019-12-31": "62.85%", "2019-09-30": "63.06%", "2019-06-30": "63.14%", "2019-03-31": "63.78%", "2018-12-31": "63.99%", "2018-09-30": "64.22%", "2018-06-30": "64.30%", "2018-03-31": "63.82%", "2017-12-31": "63.63%", "2017-09-30": "64.06%", "2017-06-30": "64.15%", "2017-03-31": "64.05%", "2016-12-31": "63.96%", "2016-09-30": "63.24%", "2016-06-30": "63.07%", "2016-03-31": "63.17%", "2015-12-31": "63.07%", "2015-09-30": "63.10%", "2015-06-30": "62.81%", "2015-03-31": "62.56%", "2014-12-31": "62.62%", "2014-09-30": "62.65%", "2014-06-30": "61.98%", "2014-03-31": "62.38%", "2013-12-31": "62.55%", "2013-09-30": "62.51%", "2013-06-30": "63.65%", "2013-03-31": "63.74%", "2012-12-31": "63.96%", "2012-09-30": "64.58%", "2012-06-30": "65.08%", "2012-03-31": "65.57%", "2011-12-31": "65.48%", "2011-09-30": "66.05%", "2011-06-30": "65.53%", "2011-03-31": "65.04%", "2010-12-31": "65.09%", "2010-09-30": "64.95%", "2010-06-30": "66.07%", "2010-03-31": "66.18%", "2009-12-31": "66.09%", "2009-09-30": "65.31%", "2009-06-30": "65.09%", "2009-03-31": "64.41%", "2008-12-31": "64.39%", "2008-09-30": "63.86%", "2008-06-30": "63.11%", "2008-03-31": "63.74%", "2007-12-31": "64.14%", "2007-09-30": "65.05%", "2007-06-30": "66.57%", "2007-03-31": "66.78%", "2006-12-31": "66.91%", "2006-09-30": "66.53%", "2006-06-30": "65.92%", "2006-03-31": "66.99%", "2005-12-31": "67.71%"}, "operating margin": {"2020-09-30": "14.77%", "2020-06-30": "16.34%", "2020-03-31": "17.19%", "2019-12-31": "18.54%", "2019-09-30": "18.09%", "2019-06-30": "17.48%", "2019-03-31": "17.58%", "2018-12-31": "18.06%", "2018-09-30": "18.14%", "2018-06-30": "16.58%", "2018-03-31": "17.28%", "2017-12-31": "18.35%", "2017-09-30": "21.05%", "2017-06-30": "23.88%", "2017-03-31": "23.57%", "2016-12-31": "23.20%", "2016-09-30": "18.74%", "2016-06-30": "19.18%", "2016-03-31": "19.89%", "2015-12-31": "22.75%", "2015-09-30": "21.13%", "2015-06-30": "20.11%", "2015-03-31": "19.42%", "2014-12-31": "15.97%", "2014-09-30": "22.84%", "2014-06-30": "23.52%", "2014-03-31": "24.62%", "2013-12-31": "25.78%", "2013-09-30": "26.12%", "2013-06-30": "27.65%", "2013-03-31": "27.99%", "2012-12-31": "28.62%", "2012-09-30": "29.33%", "2012-06-30": "28.91%", "2012-03-31": "28.86%", "2011-12-31": "28.69%", "2011-09-30": "28.81%", "2011-06-30": "28.64%", "2011-03-31": "28.35%", "2010-12-31": "27.98%", "2010-09-30": "27.51%", "2010-06-30": "28.39%", "2010-03-31": "28.53%", "2009-12-31": "27.94%", "2009-09-30": "27.52%", "2009-06-30": "26.48%", "2009-03-31": "25.44%", "2008-12-31": "24.43%", "2008-09-30": "22.59%", "2008-06-30": "21.56%", "2008-03-31": "21.56%", "2007-12-31": "22.22%", "2007-09-30": "23.39%", "2007-06-30": "24.85%", "2007-03-31": "25.99%", "2006-12-31": "27.21%", "2006-09-30": "28.03%", "2006-06-30": "29.15%", "2006-03-31": "30.62%", "2005-12-31": "31.25%"}, "ebitda margin": {"2020-09-30": "52.76%", "2020-06-30": "54.09%", "2020-03-31": "54.99%", "2019-12-31": "56.90%", "2019-09-30": "57.28%", "2019-06-30": "57.41%", "2019-03-31": "58.45%", "2018-12-31": "59.26%", "2018-09-30": "59.62%", "2018-06-30": "56.76%", "2018-03-31": "55.30%", "2017-12-31": "54.11%", "2017-09-30": "53.91%", "2017-06-30": "56.56%", "2017-03-31": "56.88%", "2016-12-31": "56.86%", "2016-09-30": "53.27%", "2016-06-30": "53.25%", "2016-03-31": "53.23%", "2015-12-31": "55.59%", "2015-09-30": "53.43%", "2015-06-30": "53.18%", "2015-03-31": "53.25%", "2014-12-31": "50.50%", "2014-09-30": "57.60%", "2014-06-30": "57.99%", "2014-03-31": "58.42%", "2013-12-31": "58.64%", "2013-09-30": "58.30%", "2013-06-30": "59.26%", "2013-03-31": "59.01%", "2012-12-31": "59.42%", "2012-09-30": "60.08%", "2012-06-30": "59.59%", "2012-03-31": "59.63%", "2011-12-31": "59.45%", "2011-09-30": "60.04%", "2011-06-30": "60.30%", "2011-03-31": "60.71%", "2010-12-31": "60.69%", "2010-09-30": "60.18%", "2010-06-30": "61.36%", "2010-03-31": "61.47%", "2009-12-31": "61.07%", "2009-09-30": "60.75%", "2009-06-30": "60.20%", "2009-03-31": "59.07%", "2008-12-31": "58.71%", "2008-09-30": "57.91%", "2008-06-30": "56.67%", "2008-03-31": "56.64%", "2007-12-31": "56.57%", "2007-09-30": "56.72%", "2007-06-30": "57.99%", "2007-03-31": "58.88%", "2006-12-31": "60.29%", "2006-09-30": "61.92%", "2006-06-30": "62.78%", "2006-03-31": "64.11%", "2005-12-31": "64.58%"}, "pre tax profit margin": {"2020-09-30": "18.91%", "2020-06-30": "21.80%", "2020-03-31": "22.44%", "2019-12-31": "19.04%", "2019-09-30": "9.69%", "2019-06-30": "10.46%", "2019-03-31": "11.39%", "2018-12-31": "11.26%", "2018-09-30": "12.54%", "2018-06-30": "10.49%", "2018-03-31": "10.94%", "2017-12-31": "10.74%", "2017-09-30": "12.24%", "2017-06-30": "22.01%", "2017-03-31": "21.20%", "2016-12-31": "20.59%", "2016-09-30": "15.84%", "2016-06-30": "8.24%", "2016-03-31": "13.39%", "2015-12-31": "17.53%", "2015-09-30": "17.37%", "2015-06-30": "21.93%", "2015-03-31": "17.34%", "2014-12-31": "12.87%", "2014-09-30": "18.74%", "2014-06-30": "20.62%", "2014-03-31": "20.99%", "2013-12-31": "21.73%", "2013-09-30": "22.26%", "2013-06-30": "16.05%", "2013-03-31": "16.40%", "2012-12-31": "17.12%", "2012-09-30": "17.42%", "2012-06-30": "16.71%", "2012-03-31": "15.71%", "2011-12-31": "15.15%", "2011-09-30": "14.74%", "2011-06-30": "13.87%", "2011-03-31": "12.99%", "2010-12-31": "12.37%", "2010-09-30": "11.93%", "2010-06-30": "13.16%", "2010-03-31": "14.12%", "2009-12-31": "14.44%", "2009-09-30": "14.98%", "2009-06-30": "14.67%", "2009-03-31": "14.23%", "2008-12-31": "13.07%", "2008-09-30": "9.86%", "2008-06-30": "7.56%", "2008-03-31": "6.64%", "2007-12-31": "5.81%", "2007-09-30": "6.99%", "2007-06-30": "7.69%", "2007-03-31": "7.89%", "2006-12-31": "9.19%", "2006-09-30": "10.04%", "2006-06-30": "11.21%", "2006-03-31": "12.92%", "2005-12-31": "13.02%"}, "net profit margin": {"2020-09-30": "14.77%", "2020-06-30": "18.28%", "2020-03-31": "18.68%", "2019-12-31": "15.39%", "2019-09-30": "6.53%", "2019-06-30": "7.15%", "2019-03-31": "8.31%", "2018-12-31": "8.17%", "2018-09-30": "9.04%", "2018-06-30": "7.04%", "2018-03-31": "7.28%", "2017-12-31": "7.04%", "2017-09-30": "8.59%", "2017-06-30": "17.37%", "2017-03-31": "16.40%", "2016-12-31": "15.50%", "2016-09-30": "10.36%", "2016-06-30": "3.38%", "2016-03-31": "8.33%", "2015-12-31": "12.37%", "2015-09-30": "12.30%", "2015-06-30": "16.72%", "2015-03-31": "12.32%", "2014-12-31": "8.23%", "2014-09-30": "14.38%", "2014-06-30": "16.62%", "2014-03-31": "17.36%", "2013-12-31": "18.35%", "2013-09-30": "18.88%", "2013-06-30": "12.80%", "2013-03-31": "13.00%", "2012-12-31": "13.45%", "2012-09-30": "13.58%", "2012-06-30": "13.17%", "2012-03-31": "12.69%", "2011-12-31": "12.32%", "2011-09-30": "11.64%", "2011-06-30": "9.85%", "2011-03-31": "8.12%", "2010-12-31": "6.82%", "2010-09-30": "6.03%", "2010-06-30": "6.93%", "2010-03-31": "7.50%", "2009-12-31": "7.22%", "2009-09-30": "7.82%", "2009-06-30": "7.25%", "2009-03-31": "6.41%", "2008-12-31": "5.30%", "2008-09-30": "2.05%", "2008-06-30": "0.67%", "2008-03-31": "0.71%", "2007-12-31": "5.05%", "2007-09-30": "6.72%", "2007-06-30": "10.65%", "2007-03-31": "11.51%", "2006-12-31": "6.62%", "2006-09-30": "6.69%", "2006-06-30": "2.69%", "2006-03-31": "2.87%", "2005-12-31": "2.60%"}, "pe ratio": {"current": "23.80", "2021-02-11": "58.87", "2020-09-30": "59.14", "2020-06-30": "49.22", "2020-03-31": "48.58", "2019-12-31": "49.28", "2019-09-30": "124.38", "2019-06-30": "102.67", "2019-03-31": "88.92", "2018-12-31": "81.47", "2018-09-30": "78.20", "2018-06-30": "104.42", "2018-03-31": "93.87", "2017-12-31": "101.49", "2017-09-30": "85.19", "2017-06-30": "39.87", "2017-03-31": "39.96", "2016-12-31": "38.90", "2016-09-30": "58.62", "2016-06-30": "202.59", "2016-03-31": "66.37", "2015-12-31": "39.41", "2015-09-30": "36.10", "2015-06-30": "26.99", "2015-03-31": "36.22", "2014-12-31": "53.89", "2014-09-30": "28.87", "2014-06-30": "23.12", "2014-03-31": "20.13", "2013-12-31": "17.64", "2013-09-30": "18.48", "2013-06-30": "30.96", "2013-03-31": "33.28", "2012-12-31": "32.93", "2012-09-30": "33.98", "2012-06-30": "37.71", "2012-03-31": "38.16", "2011-12-31": "34.57", "2011-09-30": "29.88", "2011-06-30": "39.37", "2011-03-31": "46.36", "2010-12-31": "50.30", "2010-09-30": "68.87", "2010-06-30": "58.77", "2010-03-31": "53.12", "2009-12-31": "52.06", "2009-09-30": "45.40", "2009-06-30": "38.36", "2009-03-31": "40.81", "2008-12-31": "50.00", "2008-09-30": "142.03", "2008-06-30": "271.43", "2008-03-31": "262.99", "2007-12-31": "62.59", "2007-09-30": "54.64", "2007-06-30": "30.25", "2007-03-31": "31.37", "2006-12-31": "41.48"}, "price sales": {"2021-02-11": "9.73", "2020-09-30": "9.77", "2020-06-30": "9.36", "2020-03-31": "8.98", "2019-12-31": "7.55", "2019-09-30": "8.11", "2019-06-30": "7.36", "2019-03-31": "7.45", "2018-12-31": "6.74", "2018-09-30": "6.86", "2018-06-30": "6.81", "2018-03-31": "6.44", "2017-12-31": "6.97", "2017-09-30": "7.37", "2017-06-30": "6.94", "2017-03-31": "6.49", "2016-12-31": "5.95", "2016-09-30": "5.92", "2016-06-30": "6.82", "2016-03-31": "5.66", "2015-12-31": "4.95", "2015-09-30": "4.40", "2015-06-30": "4.48", "2015-03-31": "4.40", "2014-12-31": "4.35", "2014-09-30": "4.08", "2014-06-30": "3.84", "2014-03-31": "3.50", "2013-12-31": "3.24", "2013-09-30": "3.43", "2013-06-30": "3.89", "2013-03-31": "4.23", "2012-12-31": "4.32", "2012-09-30": "4.51", "2012-06-30": "4.85", "2012-03-31": "4.74", "2011-12-31": "4.20", "2011-09-30": "3.42", "2011-06-30": "3.80", "2011-03-31": "3.67", "2010-12-31": "3.32", "2010-09-30": "4.16", "2010-06-30": "4.09", "2010-03-31": "3.97", "2009-12-31": "3.82", "2009-09-30": "3.49", "2009-06-30": "2.77", "2009-03-31": "2.60", "2008-12-31": "2.65", "2008-09-30": "3.97", "2008-06-30": "3.52", "2008-03-31": "3.17", "2007-12-31": "3.49", "2007-09-30": "3.30", "2007-06-30": "3.06", "2007-03-31": "3.08", "2006-12-31": "2.46"}, "price book": {"current": "2.29", "2021-02-11": "2.20", "2020-09-30": "2.21", "2020-06-30": "2.12", "2020-03-31": "2.08", "2019-12-31": "2.28", "2019-09-30": "2.54", "2019-06-30": "2.23", "2019-03-31": "2.12", "2018-12-31": "1.89", "2018-09-30": "1.99", "2018-06-30": "1.95", "2018-03-31": "1.80", "2017-12-31": "1.91", "2017-09-30": "1.94", "2017-06-30": "3.23", "2017-03-31": "2.94", "2016-12-31": "2.65", "2016-09-30": "2.56", "2016-06-30": "3.15", "2016-03-31": "2.48", "2015-12-31": "2.05", "2015-09-30": "1.82", "2015-06-30": "1.90", "2015-03-31": "1.87", "2014-12-31": "1.83", "2014-09-30": "1.62", "2014-06-30": "1.48", "2014-03-31": "1.35", "2013-12-31": "1.30", "2013-09-30": "1.37", "2013-06-30": "1.60", "2013-03-31": "1.83", "2012-12-31": "1.73", "2012-09-30": "1.72", "2012-06-30": "2.11", "2012-03-31": "2.08", "2011-12-31": "1.87", "2011-09-30": "1.51", "2011-06-30": "1.91", "2011-03-31": "1.74", "2010-12-31": "1.50", "2010-09-30": "1.74", "2010-06-30": "1.59", "2010-03-31": "1.64", "2009-12-31": "1.49", "2009-09-30": "1.32", "2009-06-30": "1.01", "2009-03-31": "0.94", "2008-12-31": "0.93", "2008-09-30": "1.35", "2008-06-30": "1.18", "2008-03-31": "1.01", "2007-12-31": "1.41", "2007-09-30": "1.51", "2007-06-30": "1.41", "2007-03-31": "1.79", "2006-12-31": "1.49", "2006-09-30": "1.32", "2006-06-30": "1.03", "2006-03-31": "1.18"}, "price fcf": {"2021-02-11": "", "2020-09-30": "$5.96", "2020-06-30": "$6.39", "2020-03-31": "$7.10", "2019-12-31": "$6.78", "2019-09-30": "$5.22", "2019-06-30": "$5.93", "2019-03-31": "$5.93", "2018-12-31": "$6.10", "2018-09-30": "$5.94", "2018-06-30": "$4.82", "2018-03-31": "$4.52", "2017-12-31": "$3.98", "2017-09-30": "$5.74", "2017-06-30": "$2.72", "2017-03-31": "$2.46", "2016-12-31": "$2.64", "2016-09-30": "$2.22", "2016-06-30": "$5.67", "2016-03-31": "$6.48", "2015-12-31": "$6.36", "2015-09-30": "$6.33", "2015-06-30": "$5.98", "2015-03-31": "$5.45", "2014-12-31": "$5.01", "2014-09-30": "$5.26", "2014-06-30": "$5.30", "2014-03-31": "$4.70", "2013-12-31": "$3.88", "2013-09-30": "$2.37", "2013-06-30": "$-7.64", "2013-03-31": "$-8.17", "2012-12-31": "$-8.78", "2012-09-30": "$-8.69", "2012-06-30": "$0.40", "2012-03-31": "$0.86", "2011-12-31": "$2.06", "2011-09-30": "$1.09", "2011-06-30": "$-5.95", "2011-03-31": "$-6.54", "2010-12-31": "$-11.16", "2010-09-30": "$-10.86", "2010-06-30": "$-3.19", "2010-03-31": "$-2.60", "2009-12-31": "$1.89", "2009-09-30": "$3.53", "2009-06-30": "$3.51", "2009-03-31": "$2.56", "2008-12-31": "$1.96", "2008-09-30": "$-0.16", "2008-06-30": "$-1.83", "2008-03-31": "$-1.85", "2007-12-31": "$-2.84", "2007-09-30": "$-3.85", "2007-06-30": "$-7.09", "2007-03-31": "$-9.92", "2006-12-31": "$-9.21"}, "net worth": {"value": "$41.53B"}, "current ratio": {"2020-09-30": "0.71", "2020-06-30": "0.57", "2020-03-31": "0.45", "2019-12-31": "0.32", "2019-09-30": "0.33", "2019-06-30": "0.36", "2019-03-31": "0.05", "2018-12-31": "0.31", "2018-09-30": "0.34", "2018-06-30": "0.30", "2018-03-31": "0.34", "2017-12-31": "0.23", "2017-09-30": "0.46", "2017-06-30": "0.32", "2017-03-31": "0.28", "2016-12-31": "0.23", "2016-09-30": "0.31", "2016-06-30": "0.36", "2016-03-31": "0.41", "2015-12-31": "0.34", "2015-09-30": "0.38", "2015-06-30": "0.38", "2015-03-31": "0.31", "2014-12-31": "0.26", "2014-09-30": "0.30", "2014-06-30": "0.44", "2014-03-31": "0.48", "2013-12-31": "0.29", "2013-09-30": "0.44", "2013-06-30": "0.36", "2013-03-31": "0.43", "2012-12-31": "0.36", "2012-09-30": "0.43", "2012-06-30": "0.48", "2012-03-31": "0.50", "2011-12-31": "0.47", "2011-09-30": "0.62", "2011-06-30": "0.57", "2011-03-31": "0.66", "2010-12-31": "0.48", "2010-09-30": "0.91", "2010-06-30": "2.19", "2010-03-31": "0.88", "2009-12-31": "0.83", "2009-09-30": "0.81", "2009-06-30": "1.10", "2009-03-31": "1.06", "2008-12-31": "0.80", "2008-09-30": "0.93", "2008-06-30": "0.71", "2008-03-31": "0.87", "2007-12-31": "0.59", "2007-09-30": "0.91", "2007-06-30": "1.18", "2007-03-31": "1.16", "2006-12-31": "0.76", "2006-09-30": "0.94", "2006-06-30": "1.23", "2006-03-31": "1.65", "2005-12-31": "0.77", "2005-09-30": "0.72", "2005-06-30": "0.73", "2005-03-31": "0.56"}, "quick ratio": {"2020-09-30": "0.00", "2020-06-30": "0.00", "2020-03-31": "0.00", "2019-12-31": "0.00", "2019-09-30": "0.00", "2019-06-30": "0.00", "2019-03-31": "0.00", "2018-12-31": "0.00", "2018-09-30": "0.00", "2018-06-30": "0.00", "2018-03-31": "0.00", "2017-12-31": "0.00", "2017-09-30": "0.00", "2017-06-30": "0.00", "2017-03-31": "0.00", "2016-12-31": "0.00", "2016-09-30": "0.00", "2016-06-30": "0.00", "2016-03-31": "0.00", "2015-12-31": "0.00", "2015-09-30": "0.00", "2015-06-30": "0.00", "2015-03-31": "0.00", "2014-12-31": "0.00", "2014-09-30": "0.00", "2014-06-30": "0.00", "2014-03-31": "0.00", "2013-12-31": "0.00", "2013-09-30": "0.00", "2013-06-30": "0.00", "2013-03-31": "0.00", "2012-12-31": "0.00", "2012-09-30": "0.00", "2012-06-30": "0.00", "2012-03-31": "0.00", "2011-12-31": "0.00", "2011-09-30": "0.00", "2011-06-30": "0.00", "2011-03-31": "0.00", "2010-12-31": "0.00", "2010-09-30": "0.00", "2010-06-30": "0.00", "2010-03-31": "0.00", "2009-12-31": "0.00", "2009-09-30": "0.00", "2009-06-30": "0.00", "2009-03-31": "0.00", "2008-12-31": "0.00", "2008-09-30": "0.00", "2008-06-30": "0.00", "2008-03-31": "0.00", "2007-12-31": "0.00", "2007-09-30": "0.00", "2007-06-30": "0.00", "2007-03-31": "0.00", "2006-12-31": "0.00", "2006-09-30": "0.00", "2006-06-30": "0.00", "2006-03-31": "0.00", "2005-12-31": "0.00", "2005-09-30": "0.00", "2005-06-30": "0.00", "2005-03-31": "0.00"}, "debt equity ratio": {"current": "0.74", "2020-09-30": "0.93", "2020-06-30": "0.92", "2020-03-31": "0.93", "2019-12-31": "1.18", "2019-09-30": "1.27", "2019-06-30": "1.24", "2019-03-31": "1.13", "2018-12-31": "1.19", "2018-09-30": "0.99", "2018-06-30": "0.98", "2018-03-31": "0.97", "2017-12-31": "0.94", "2017-09-30": "0.90", "2017-06-30": "1.50", "2017-03-31": "1.43", "2016-12-31": "1.38", "2016-09-30": "1.37", "2016-06-30": "1.61", "2016-03-31": "1.57", "2015-12-31": "1.52", "2015-09-30": "1.35", "2015-06-30": "1.46", "2015-03-31": "1.44", "2014-12-31": "1.43", "2014-09-30": "1.37", "2014-06-30": "1.40", "2014-03-31": "1.53", "2013-12-31": "1.64", "2013-09-30": "1.56", "2013-06-30": "1.56", "2013-03-31": "1.65", "2012-12-31": "1.52", "2012-09-30": "1.41", "2012-06-30": "1.45", "2012-03-31": "1.44", "2011-12-31": "1.36", "2011-09-30": "1.26", "2011-06-30": "1.65", "2011-03-31": "1.72", "2010-12-31": "1.59", "2010-09-30": "1.52", "2010-06-30": "1.22", "2010-03-31": "1.52", "2009-12-31": "1.29", "2009-09-30": "1.14", "2009-06-30": "1.06", "2009-03-31": "1.04", "2008-12-31": "1.08", "2008-09-30": "1.07", "2008-06-30": "1.24", "2008-03-31": "1.12", "2007-12-31": "1.69", "2007-09-30": "1.80", "2007-06-30": "1.56", "2007-03-31": "2.00", "2006-12-31": "2.08", "2006-09-30": "3.08", "2006-06-30": "2.55", "2006-03-31": "2.80", "2005-12-31": "2.96", "2005-09-30": "2.70", "2005-06-30": "4.14", "2005-03-31": "3.08"}, "return on equity": {"2020-09-30": "3.36%", "2020-06-30": "4.48%", "2020-03-31": "4.96%", "2019-12-31": "4.67%", "2019-09-30": "1.97%", "2019-06-30": "2.10%", "2019-03-31": "2.39%", "2018-12-31": "2.30%", "2018-09-30": "2.49%", "2018-06-30": "1.82%", "2018-03-31": "2.02%", "2017-12-31": "2.14%", "2017-09-30": "3.00%", "2017-06-30": "7.62%", "2017-03-31": "7.28%", "2016-12-31": "6.95%", "2016-09-30": "4.63%", "2016-06-30": "1.52%", "2016-03-31": "3.67%", "2015-12-31": "5.34%", "2015-09-30": "5.25%", "2015-06-30": "7.00%", "2015-03-31": "5.02%", "2014-12-31": "3.32%", "2014-09-30": "5.79%", "2014-06-30": "6.73%", "2014-03-31": "7.11%", "2013-12-31": "7.61%", "2013-09-30": "7.75%", "2013-06-30": "5.17%", "2013-03-31": "5.36%", "2012-12-31": "5.55%", "2012-09-30": "5.68%", "2012-06-30": "5.66%", "2012-03-31": "5.60%", "2011-12-31": "5.62%", "2011-09-30": "5.45%", "2011-06-30": "4.74%", "2011-03-31": "3.67%", "2010-12-31": "3.03%", "2010-09-30": "2.61%", "2010-06-30": "2.87%", "2010-03-31": "3.09%", "2009-12-31": "2.79%", "2009-09-30": "2.93%", "2009-06-30": "2.68%", "2009-03-31": "2.35%", "2008-12-31": "1.92%", "2008-09-30": "0.75%", "2008-06-30": "0.26%", "2008-03-31": "0.28%", "2007-12-31": "2.17%", "2007-09-30": "2.99%", "2007-06-30": "4.95%", "2007-03-31": "5.71%", "2006-12-31": "3.44%", "2006-09-30": "3.62%", "2006-06-30": "1.43%", "2006-03-31": "1.64%", "2005-12-31": "1.52%"}, "return on assets": {"2020-09-30": "1.71%", "2020-06-30": "2.20%", "2020-03-31": "2.34%", "2019-12-31": "2.12%", "2019-09-30": "0.89%", "2019-06-30": "0.98%", "2019-03-31": "1.15%", "2018-12-31": "1.13%", "2018-09-30": "1.26%", "2018-06-30": "0.93%", "2018-03-31": "1.01%", "2017-12-31": "1.02%", "2017-09-30": "1.36%", "2017-06-30": "3.15%", "2017-03-31": "2.98%", "2016-12-31": "2.81%", "2016-09-30": "1.84%", "2016-06-30": "0.61%", "2016-03-31": "1.48%", "2015-12-31": "2.18%", "2015-09-30": "2.17%", "2015-06-30": "2.89%", "2015-03-31": "2.08%", "2014-12-31": "1.37%", "2014-09-30": "2.33%", "2014-06-30": "2.66%", "2014-03-31": "2.77%", "2013-12-31": "2.92%", "2013-09-30": "3.01%", "2013-06-30": "2.04%", "2013-03-31": "2.13%", "2012-12-31": "2.26%", "2012-09-30": "2.35%", "2012-06-30": "2.38%", "2012-03-31": "2.32%", "2011-12-31": "2.27%", "2011-09-30": "2.15%", "2011-06-30": "1.81%", "2011-03-31": "1.46%", "2010-12-31": "1.23%", "2010-09-30": "1.09%", "2010-06-30": "1.26%", "2010-03-31": "1.37%", "2009-12-31": "1.31%", "2009-09-30": "1.41%", "2009-06-30": "1.30%", "2009-03-31": "1.12%", "2008-12-31": "0.90%", "2008-09-30": "0.34%", "2008-06-30": "0.11%", "2008-03-31": "0.11%", "2007-12-31": "0.79%", "2007-09-30": "1.05%", "2007-06-30": "1.62%", "2007-03-31": "1.71%", "2006-12-31": "0.97%", "2006-09-30": "0.94%", "2006-06-30": "0.38%", "2006-03-31": "0.41%", "2005-12-31": "0.37%"}, "return on investments": {"2020-09-30": "1.92%", "2020-06-30": "2.20%", "2020-03-31": "2.39%", "2019-12-31": "3.13%", "2019-09-30": "3.00%", "2019-06-30": "2.91%", "2019-03-31": "2.94%", "2018-12-31": "2.69%", "2018-09-30": "2.74%", "2018-06-30": "2.38%", "2018-03-31": "2.59%", "2017-12-31": "2.91%", "2017-09-30": "3.64%", "2017-06-30": "4.76%", "2017-03-31": "4.70%", "2016-12-31": "4.60%", "2016-09-30": "3.62%", "2016-06-30": "3.72%", "2016-03-31": "3.83%", "2015-12-31": "4.36%", "2015-09-30": "4.06%", "2015-06-30": "3.80%", "2015-03-31": "3.61%", "2014-12-31": "2.92%", "2014-09-30": "4.10%", "2014-06-30": "4.18%", "2014-03-31": "4.36%", "2013-12-31": "4.57%", "2013-09-30": "4.65%", "2013-06-30": "4.93%", "2013-03-31": "5.12%", "2012-12-31": "5.34%", "2012-09-30": "5.60%", "2012-06-30": "5.71%", "2012-03-31": "5.76%", "2011-12-31": "5.77%", "2011-09-30": "5.80%", "2011-06-30": "5.73%", "2011-03-31": "5.56%", "2010-12-31": "5.50%", "2010-09-30": "5.42%", "2010-06-30": "5.60%", "2010-03-31": "5.67%", "2009-12-31": "5.50%", "2009-09-30": "5.41%", "2009-06-30": "5.21%", "2009-03-31": "4.94%", "2008-12-31": "4.67%", "2008-09-30": "4.19%", "2008-06-30": "3.90%", "2008-03-31": "3.90%", "2007-12-31": "3.99%", "2007-09-30": "4.22%", "2007-06-30": "4.45%", "2007-03-31": "4.69%", "2006-12-31": "5.00%", "2006-09-30": "5.13%", "2006-06-30": "5.50%", "2006-03-31": "5.78%", "2005-12-31": "6.05%"}, "return on tangible equity": {"2020-09-30": "5.76%", "2020-06-30": "6.72%", "2020-03-31": "7.01%", "2019-12-31": "6.14%", "2019-09-30": "2.66%", "2019-06-30": "3.16%", "2019-03-31": "3.58%", "2018-12-31": "3.45%", "2018-09-30": "3.61%", "2018-06-30": "2.63%", "2018-03-31": "2.83%", "2017-12-31": "2.88%", "2017-09-30": "3.82%", "2017-06-30": "8.96%", "2017-03-31": "8.40%", "2016-12-31": "7.86%", "2016-09-30": "5.12%", "2016-06-30": "1.61%", "2016-03-31": "3.82%", "2015-12-31": "5.45%", "2015-09-30": "5.25%", "2015-06-30": "7.00%", "2015-03-31": "5.02%", "2014-12-31": "3.32%", "2014-09-30": "5.79%", "2014-06-30": "6.73%", "2014-03-31": "7.11%", "2013-12-31": "7.61%", "2013-09-30": "7.75%", "2013-06-30": "5.17%", "2013-03-31": "5.36%", "2012-12-31": "5.55%", "2012-09-30": "5.68%", "2012-06-30": "5.66%", "2012-03-31": "5.60%", "2011-12-31": "5.62%", "2011-09-30": "5.45%", "2011-06-30": "4.74%", "2011-03-31": "3.67%", "2010-12-31": "3.03%", "2010-09-30": "2.61%", "2010-06-30": "2.87%", "2010-03-31": "3.09%", "2009-12-31": "2.79%", "2009-09-30": "2.93%", "2009-06-30": "2.68%", "2009-03-31": "2.35%", "2008-12-31": "1.92%", "2008-09-30": "0.75%", "2008-06-30": "0.26%", "2008-03-31": "0.28%", "2007-12-31": "2.17%", "2007-09-30": "2.99%", "2007-06-30": "4.95%", "2007-03-31": "5.71%", "2006-12-31": "3.44%", "2006-09-30": "3.62%", "2006-06-30": "1.43%", "2006-03-31": "1.64%", "2005-12-31": "1.52%"}, "dividend yield history": {"last payout": "$4.48", "last yield": "3.02%"}}