{"ticker": "DOCU", "price": {"title": "DocuSign Historical Annual Stock Price Data", "value": 250.37, "historical": {"2020": {"Average Stock Price": "160.4189", "Year Open": "75.9000", "Year High": "268.8000", "Year Low": "68.6800", "Year Close": "222.3000", "Annual % Change": "199.96%"}, "2019": {"Average Stock Price": "56.4506", "Year Open": "40.8200", "Year High": "75.5700", "Year Low": "38.8300", "Year Close": "74.1100", "Annual % Change": "84.91%"}, "2018": {"Average Stock Price": "49.6598", "Year Open": "39.7300", "Year High": "67.8700", "Year Low": "37.4100", "Year Close": "40.0800", "Annual % Change": "0.00%"}}}, "market cap": {"value": "$46.71B"}, "income statement": {"Revenue": {"2020-01-31": "973.97100", "2019-01-31": "700.96900", "2018-01-31": "518.50400", "2017-01-31": "381.45900"}, "Cost Of Goods Sold": {"2020-01-31": "243.23400", "2019-01-31": "192.42100", "2018-01-31": "118.27300", "2017-01-31": "102.47700"}, "Gross Profit": {"2020-01-31": "730.73700", "2019-01-31": "508.54800", "2018-01-31": "400.23100", "2017-01-31": "278.98200"}, "Research And Development Expenses": {"2020-01-31": "185.55200", "2019-01-31": "185.96800", "2018-01-31": "92.42800", "2017-01-31": "89.65200"}, "SG&A Expenses": {"2020-01-31": "738.69400", "2019-01-31": "748.90300", "2018-01-31": "359.45600", "2017-01-31": "305.14700"}, "Other Operating Income Or Expenses": {"2020-01-31": "", "2019-01-31": "", "2018-01-31": "", "2017-01-31": ""}, "Operating Expenses": {"2020-01-31": "1167.48000", "2019-01-31": "1127.29200", "2018-01-31": "570.15700", "2017-01-31": "497.27600"}, "Operating Income": {"2020-01-31": "-193.50900", "2019-01-31": "-426.32300", "2018-01-31": "-51.65300", "2017-01-31": "-115.81700"}, "Total Non-Operating Income/Expense": {"2020-01-31": "-10.04700", "2019-01-31": "-1.88500", "2018-01-31": "2.51100", "2017-01-31": "0.76100"}, "Pre-Tax Income": {"2020-01-31": "-203.55600", "2019-01-31": "-428.20800", "2018-01-31": "-49.14200", "2017-01-31": "-115.05600"}, "Income Taxes": {"2020-01-31": "4.80300", "2019-01-31": "-1.75000", "2018-01-31": "3.13400", "2017-01-31": "0.35600"}, "Income After Taxes": {"2020-01-31": "-208.35900", "2019-01-31": "-426.45800", "2018-01-31": "-52.27600", "2017-01-31": "-115.41200"}, "Other Income": {"2020-01-31": "", "2019-01-31": "", "2018-01-31": "", "2017-01-31": ""}, "Income From Continuous Operations": {"2020-01-31": "-208.35900", "2019-01-31": "-426.45800", "2018-01-31": "-52.27600", "2017-01-31": "-115.41200"}, "Income From Discontinued Operations": {"2020-01-31": "", "2019-01-31": "", "2018-01-31": "", "2017-01-31": ""}, "Net Income": {"2020-01-31": "-208.35900", "2019-01-31": "-426.81100", "2018-01-31": "-53.73700", "2017-01-31": "-116.86800"}, "EBITDA": {"2020-01-31": "-47.19100", "2019-01-31": "-336.67700", "2018-01-31": "10.47400", "2017-01-31": "-64.97700"}, "EBIT": {"2020-01-31": "-193.50900", "2019-01-31": "-426.32300", "2018-01-31": "-51.65300", "2017-01-31": "-115.81700"}, "Basic Shares Outstanding": {"2020-01-31": "176.70400", "2019-01-31": "135.16300", "2018-01-31": "32.29400", "2017-01-31": "28.02000"}, "Shares Outstanding": {"2020-01-31": "176.70400", "2019-01-31": "135.16300", "2018-01-31": "32.29400", "2017-01-31": "28.02000"}, "Basic EPS": {"2020-01-31": "-1.18000", "2019-01-31": "-3.16000", "2018-01-31": "-1.66000", "2017-01-31": "-4.17000"}, "EPS - Earnings Per Share": {"2020-01-31": "-1.18000", "2019-01-31": "-3.16000", "2018-01-31": "-1.66000", "2017-01-31": "-4.17000"}}, "income statement, quarterly": {"Revenue": {"2020-10-31": "382.92300", "2020-07-31": "342.20900", "2020-04-30": "297.01700", "2020-01-31": "274.89500", "2019-10-31": "249.50200", "2019-07-31": "235.61200", "2019-04-30": "213.96200", "2019-01-31": "199.73200", "2018-10-31": "178.38500", "2018-07-31": "167.04400", "2018-04-30": "155.80800", "2018-01-31": "148.89400", "2017-10-31": "130.58900", "2017-07-31": "125.54300", "2017-04-30": "113.49800", "2017-01-31": ""}, "Cost Of Goods Sold": {"2020-10-31": "97.83100", "2020-07-31": "90.61500", "2020-04-30": "74.03200", "2020-01-31": "68.07500", "2019-10-31": "61.96400", "2019-07-31": "61.17600", "2019-04-30": "52.01900", "2019-01-31": "52.69300", "2018-10-31": "45.07300", "2018-07-31": "36.36100", "2018-04-30": "58.29400", "2018-01-31": "31.49300", "2017-10-31": "31.21600", "2017-07-31": "28.45800", "2017-04-30": "27.12400", "2017-01-31": ""}, "Gross Profit": {"2020-10-31": "285.09200", "2020-07-31": "251.59400", "2020-04-30": "222.98500", "2020-01-31": "206.82000", "2019-10-31": "187.53800", "2019-07-31": "174.43600", "2019-04-30": "161.94300", "2019-01-31": "147.03900", "2018-10-31": "133.31200", "2018-07-31": "130.68300", "2018-04-30": "97.51400", "2018-01-31": "117.40100", "2017-10-31": "99.37300", "2017-07-31": "97.08500", "2017-04-30": "86.37400", "2017-01-31": ""}, "Research And Development Expenses": {"2020-10-31": "73.36200", "2020-07-31": "63.79100", "2020-04-30": "54.23400", "2020-01-31": "52.09400", "2019-10-31": "48.75800", "2019-07-31": "47.51700", "2019-04-30": "37.18300", "2019-01-31": "42.92100", "2018-10-31": "38.40400", "2018-07-31": "33.77300", "2018-04-30": "70.87000", "2018-01-31": "23.44800", "2017-10-31": "22.52200", "2017-07-31": "23.76700", "2017-04-30": "22.70800", "2017-01-31": ""}, "SG&A Expenses": {"2020-10-31": "260.20000", "2020-07-31": "246.43800", "2020-04-30": "210.60400", "2020-01-31": "197.07900", "2019-10-31": "182.77700", "2019-07-31": "191.64100", "2019-04-30": "167.19700", "2019-01-31": "166.74600", "2018-10-31": "153.32500", "2018-07-31": "134.63000", "2018-04-30": "294.20200", "2018-01-31": "100.24600", "2017-10-31": "89.19400", "2017-07-31": "87.09900", "2017-04-30": "82.93000", "2017-01-31": ""}, "Other Operating Income Or Expenses": {"2020-10-31": "", "2020-07-31": "", "2020-04-30": "", "2020-01-31": "", "2019-10-31": "", "2019-07-31": "", "2019-04-30": "", "2019-01-31": "", "2018-10-31": "", "2018-07-31": "", "2018-04-30": "", "2018-01-31": "", "2017-10-31": "", "2017-07-31": "", "2017-04-30": "", "2017-01-31": ""}, "Operating Expenses": {"2020-10-31": "431.39300", "2020-07-31": "400.84400", "2020-04-30": "338.87000", "2020-01-31": "317.24800", "2019-10-31": "293.49900", "2019-07-31": "300.33400", "2019-04-30": "256.39900", "2019-01-31": "262.36000", "2018-10-31": "236.80200", "2018-07-31": "204.76400", "2018-04-30": "423.36600", "2018-01-31": "155.18700", "2017-10-31": "142.93200", "2017-07-31": "139.32400", "2017-04-30": "132.76200", "2017-01-31": ""}, "Operating Income": {"2020-10-31": "-48.47000", "2020-07-31": "-58.63500", "2020-04-30": "-41.85300", "2020-01-31": "-42.35300", "2019-10-31": "-43.99700", "2019-07-31": "-64.72200", "2019-04-30": "-42.43700", "2019-01-31": "-62.62800", "2018-10-31": "-58.41700", "2018-07-31": "-37.72000", "2018-04-30": "-267.55800", "2018-01-31": "-6.29300", "2017-10-31": "-12.34300", "2017-07-31": "-13.78100", "2017-04-30": "-19.26400", "2017-01-31": ""}, "Total Non-Operating Income/Expense": {"2020-10-31": "-8.08000", "2020-07-31": "-5.08300", "2020-04-30": "-3.81800", "2020-01-31": "-3.80300", "2019-10-31": "-1.56300", "2019-07-31": "-2.74200", "2019-04-30": "-1.93900", "2019-01-31": "-2.30700", "2018-10-31": "-0.10800", "2018-07-31": "2.95100", "2018-04-30": "-2.42100", "2018-01-31": "2.27100", "2017-10-31": "-1.37900", "2017-07-31": "1.86500", "2017-04-30": "-0.26100", "2017-01-31": ""}, "Pre-Tax Income": {"2020-10-31": "-56.55000", "2020-07-31": "-63.71800", "2020-04-30": "-45.67100", "2020-01-31": "-46.15600", "2019-10-31": "-45.56000", "2019-07-31": "-67.46400", "2019-04-30": "-44.37600", "2019-01-31": "-64.93500", "2018-10-31": "-58.52500", "2018-07-31": "-34.76900", "2018-04-30": "-269.97900", "2018-01-31": "-3.99200", "2017-10-31": "-13.72200", "2017-07-31": "-11.91600", "2017-04-30": "-19.52500", "2017-01-31": ""}, "Income Taxes": {"2020-10-31": "1.94100", "2020-07-31": "0.84200", "2020-04-30": "2.13300", "2020-01-31": "1.25100", "2019-10-31": "1.03800", "2019-07-31": "1.16800", "2019-04-30": "1.34600", "2019-01-31": "1.30900", "2018-10-31": "-5.71200", "2018-07-31": "1.94500", "2018-04-30": "0.70800", "2018-01-31": "2.37400", "2017-10-31": "0.78300", "2017-07-31": "0.12100", "2017-04-30": "-0.14300", "2017-01-31": ""}, "Income After Taxes": {"2020-10-31": "-58.49100", "2020-07-31": "-64.56000", "2020-04-30": "-47.80400", "2020-01-31": "-47.40700", "2019-10-31": "-46.59800", "2019-07-31": "-68.63200", "2019-04-30": "-45.72200", "2019-01-31": "-66.24400", "2018-10-31": "-52.81300", "2018-07-31": "-36.71400", "2018-04-30": "-270.68700", "2018-01-31": "-6.36600", "2017-10-31": "-14.50500", "2017-07-31": "-12.03700", "2017-04-30": "-19.38200", "2017-01-31": ""}, "Other Income": {"2020-10-31": "", "2020-07-31": "", "2020-04-30": "", "2020-01-31": "", "2019-10-31": "", "2019-07-31": "", "2019-04-30": "", "2019-01-31": "", "2018-10-31": "", "2018-07-31": "", "2018-04-30": "", "2018-01-31": "0.00000", "2017-10-31": "", "2017-07-31": "", "2017-04-30": "", "2017-01-31": ""}, "Income From Continuous Operations": {"2020-10-31": "-58.49100", "2020-07-31": "-64.56000", "2020-04-30": "-47.80400", "2020-01-31": "-47.40700", "2019-10-31": "-46.59800", "2019-07-31": "-68.63200", "2019-04-30": "-45.72200", "2019-01-31": "-66.24400", "2018-10-31": "-52.81300", "2018-07-31": "-36.71400", "2018-04-30": "-270.68700", "2018-01-31": "-6.36600", "2017-10-31": "-14.50500", "2017-07-31": "-12.03700", "2017-04-30": "-19.38200", "2017-01-31": ""}, "Income From Discontinued Operations": {"2020-10-31": "", "2020-07-31": "", "2020-04-30": "", "2020-01-31": "", "2019-10-31": "", "2019-07-31": "", "2019-04-30": "", "2019-01-31": "", "2018-10-31": "", "2018-07-31": "", "2018-04-30": "", "2018-01-31": "0.00000", "2017-10-31": "", "2017-07-31": "", "2017-04-30": "", "2017-01-31": ""}, "Net Income": {"2020-10-31": "-58.49100", "2020-07-31": "-64.56000", "2020-04-30": "-47.80400", "2020-01-31": "-47.40700", "2019-10-31": "-46.59800", "2019-07-31": "-68.63200", "2019-04-30": "-45.72200", "2019-01-31": "-66.24400", "2018-10-31": "-52.81300", "2018-07-31": "-36.71400", "2018-04-30": "-271.04000", "2018-01-31": "-6.36600", "2017-10-31": "-14.88100", "2017-07-31": "-12.03700", "2017-04-30": "-19.73700", "2017-01-31": ""}, "EBITDA": {"2020-10-31": "3.64600", "2020-07-31": "-9.92200", "2020-04-30": "0.38800", "2020-01-31": "-1.95800", "2019-10-31": "-6.48600", "2019-07-31": "-28.99500", "2019-04-30": "-9.75200", "2019-01-31": "-32.04200", "2018-10-31": "-34.18400", "2018-07-31": "-20.73900", "2018-04-30": "-249.71200", "2018-01-31": "10.10900", "2017-10-31": "3.70600", "2017-07-31": "1.19600", "2017-04-30": "-4.56500", "2017-01-31": ""}, "EBIT": {"2020-10-31": "-48.47000", "2020-07-31": "-58.63500", "2020-04-30": "-41.85300", "2020-01-31": "-42.35300", "2019-10-31": "-43.99700", "2019-07-31": "-64.72200", "2019-04-30": "-42.43700", "2019-01-31": "-62.62800", "2018-10-31": "-58.41700", "2018-07-31": "-37.72000", "2018-04-30": "-267.55800", "2018-01-31": "-6.29300", "2017-10-31": "-12.34300", "2017-07-31": "-13.78100", "2017-04-30": "-19.26400", "2017-01-31": ""}, "Basic Shares Outstanding": {"2020-10-31": "186.42300", "2020-07-31": "184.86200", "2020-04-30": "182.97800", "2020-01-31": "176.70400", "2019-10-31": "178.31400", "2019-07-31": "175.38900", "2019-04-30": "172.10100", "2019-01-31": "135.16300", "2018-10-31": "167.73600", "2018-07-31": "166.08400", "2018-04-30": "36.33400", "2018-01-31": "32.29400", "2017-10-31": "33.35300", "2017-07-31": "31.63830", "2017-04-30": "29.76180", "2017-01-31": ""}, "Shares Outstanding": {"2020-10-31": "186.42300", "2020-07-31": "184.86200", "2020-04-30": "182.97800", "2020-01-31": "176.70400", "2019-10-31": "178.31400", "2019-07-31": "175.38900", "2019-04-30": "172.10100", "2019-01-31": "135.16300", "2018-10-31": "167.73600", "2018-07-31": "166.08400", "2018-04-30": "36.33400", "2018-01-31": "32.29400", "2017-10-31": "33.35300", "2017-07-31": "31.63830", "2017-04-30": "29.76180", "2017-01-31": ""}, "Basic EPS": {"2020-10-31": "-0.31000", "2020-07-31": "-0.35000", "2020-04-30": "-0.26000", "2020-01-31": "-0.26000", "2019-10-31": "-0.26000", "2019-07-31": "-0.39000", "2019-04-30": "-0.27000", "2019-01-31": "4.83000", "2018-10-31": "-0.31000", "2018-07-31": "-0.22000", "2018-04-30": "-7.46000", "2018-01-31": "-0.16000", "2017-10-31": "-0.45000", "2017-07-31": "-0.39000", "2017-04-30": "-0.66000", "2017-01-31": ""}, "EPS - Earnings Per Share": {"2020-10-31": "-0.31000", "2020-07-31": "-0.35000", "2020-04-30": "-0.26000", "2020-01-31": "-0.26000", "2019-10-31": "-0.26000", "2019-07-31": "-0.39000", "2019-04-30": "-0.27000", "2019-01-31": "4.83000", "2018-10-31": "-0.31000", "2018-07-31": "-0.22000", "2018-04-30": "-7.46000", "2018-01-31": "-0.16000", "2017-10-31": "-0.45000", "2017-07-31": "-0.39000", "2017-04-30": "-0.66000", "2017-01-31": "0.00000"}}, "balance sheet": {"Cash On Hand": {"2020-01-31": "656.42200", "2019-01-31": "769.38100", "2018-01-31": "257.43600", "2017-01-31": ""}, "Receivables": {"2020-01-31": "237.84100", "2019-01-31": "174.54800", "2018-01-31": "123.75000", "2017-01-31": ""}, "Inventory": {"2020-01-31": "", "2019-01-31": "", "2018-01-31": "", "2017-01-31": ""}, "Pre-Paid Expenses": {"2020-01-31": "37.12500", "2019-01-31": "29.97600", "2018-01-31": "23.34900", "2017-01-31": ""}, "Other Current Assets": {"2020-01-31": "12.50200", "2019-01-31": "10.61600", "2018-01-31": "14.26000", "2017-01-31": ""}, "Total Current Assets": {"2020-01-31": "943.89000", "2019-01-31": "984.52100", "2018-01-31": "418.79500", "2017-01-31": ""}, "Property, Plant, And Equipment": {"2020-01-31": "128.29300", "2019-01-31": "75.83200", "2018-01-31": "63.01900", "2017-01-31": ""}, "Long-Term Investments": {"2020-01-31": "239.72900", "2019-01-31": "164.22000", "2018-01-31": "", "2017-01-31": ""}, "Goodwill And Intangible Assets": {"2020-01-31": "251.38200", "2019-01-31": "269.42800", "2018-01-31": "51.45400", "2017-01-31": "0.00000"}, "Other Long-Term Assets": {"2020-01-31": "24.67800", "2019-01-31": "8.83300", "2018-01-31": "11.17000", "2017-01-31": ""}, "Total Long-Term Assets": {"2020-01-31": "947.24800", "2019-01-31": "630.89600", "2018-01-31": "201.17800", "2017-01-31": ""}, "Total Assets": {"2020-01-31": "1891.13800", "2019-01-31": "1615.41700", "2018-01-31": "619.97300", "2017-01-31": "0.00000"}, "Total Current Liabilities": {"2020-01-31": "693.96500", "2019-01-31": "516.31300", "2018-01-31": "373.81900", "2017-01-31": ""}, "Long Term Debt": {"2020-01-31": "465.32100", "2019-01-31": "438.93200", "2018-01-31": "", "2017-01-31": ""}, "Other Non-Current Liabilities": {"2020-01-31": "18.17300", "2019-01-31": "17.40800", "2018-01-31": "11.74600", "2017-01-31": ""}, "Total Long Term Liabilities": {"2020-01-31": "650.84600", "2019-01-31": "484.74200", "2018-01-31": "37.30100", "2017-01-31": ""}, "Total Liabilities": {"2020-01-31": "1344.81100", "2019-01-31": "1001.05500", "2018-01-31": "411.12000", "2017-01-31": "0.00000"}, "Common Stock Net": {"2020-01-31": "0.01800", "2019-01-31": "0.01700", "2018-01-31": "0.00400", "2017-01-31": "0.00000"}, "Retained Earnings (Accumulated Deficit)": {"2020-01-31": "-1137.18500", "2019-01-31": "-928.77800", "2018-01-31": "-502.32000", "2017-01-31": ""}, "Comprehensive Income": {"2020-01-31": "", "2019-01-31": "", "2018-01-31": "", "2017-01-31": ""}, "Other Share Holders Equity": {"2020-01-31": "-1.67300", "2019-01-31": "-1.96500", "2018-01-31": "3.40300", "2017-01-31": "0.00000"}, "Share Holder Equity": {"2020-01-31": "546.32700", "2019-01-31": "614.36200", "2018-01-31": "208.85300", "2017-01-31": "0.00000"}, "Total Liabilities And Share Holders Equity": {"2020-01-31": "1891.13800", "2019-01-31": "1615.41700", "2018-01-31": "619.97300", "2017-01-31": "0.00000"}}, "balance sheet, quarterly": {"Cash On Hand": {"2020-10-31": "598.85500", "2020-07-31": "674.31900", "2020-04-30": "758.22900", "2020-01-31": "656.42200", "2019-10-31": "654.19100", "2019-07-31": "750.38600", "2019-04-30": "752.29100", "2019-01-31": "769.38100", "2018-10-31": "1094.50000", "2018-07-31": "819.16200", "2018-04-30": "269.79600", "2018-01-31": "257.43600", "2017-10-31": "", "2017-07-31": "", "2017-04-30": "", "2017-01-31": ""}, "Receivables": {"2020-10-31": "261.08500", "2020-07-31": "224.50200", "2020-04-30": "220.60200", "2020-01-31": "237.84100", "2019-10-31": "159.46400", "2019-07-31": "138.65200", "2019-04-30": "117.13400", "2019-01-31": "174.54800", "2018-10-31": "130.61100", "2018-07-31": "108.36500", "2018-04-30": "104.12800", "2018-01-31": "123.75000", "2017-10-31": "", "2017-07-31": "", "2017-04-30": "", "2017-01-31": ""}, "Inventory": {"2020-10-31": "", "2020-07-31": "", "2020-04-30": "", "2020-01-31": "", "2019-10-31": "", "2019-07-31": "", "2019-04-30": "", "2019-01-31": "", "2018-10-31": "", "2018-07-31": "", "2018-04-30": "", "2018-01-31": "", "2017-10-31": "", "2017-07-31": "", "2017-04-30": "", "2017-01-31": ""}, "Pre-Paid Expenses": {"2020-10-31": "47.34300", "2020-07-31": "52.15800", "2020-04-30": "51.17600", "2020-01-31": "37.12500", "2019-10-31": "37.81400", "2019-07-31": "38.90700", "2019-04-30": "39.34100", "2019-01-31": "29.97600", "2018-10-31": "28.34400", "2018-07-31": "26.77600", "2018-04-30": "29.77900", "2018-01-31": "23.34900", "2017-10-31": "", "2017-07-31": "", "2017-04-30": "", "2017-01-31": ""}, "Other Current Assets": {"2020-10-31": "22.47700", "2020-07-31": "17.04400", "2020-04-30": "13.23600", "2020-01-31": "12.50200", "2019-10-31": "17.92100", "2019-07-31": "15.54800", "2019-04-30": "13.36000", "2019-01-31": "10.61600", "2018-10-31": "12.05600", "2018-07-31": "13.76000", "2018-04-30": "12.03000", "2018-01-31": "14.26000", "2017-10-31": "", "2017-07-31": "", "2017-04-30": "", "2017-01-31": ""}, "Total Current Assets": {"2020-10-31": "929.76000", "2020-07-31": "968.02300", "2020-04-30": "1043.24300", "2020-01-31": "943.89000", "2019-10-31": "869.39000", "2019-07-31": "943.49300", "2019-04-30": "922.12600", "2019-01-31": "984.52100", "2018-10-31": "1265.51100", "2018-07-31": "968.06300", "2018-04-30": "415.73300", "2018-01-31": "418.79500", "2017-10-31": "", "2017-07-31": "", "2017-04-30": "", "2017-01-31": ""}, "Property, Plant, And Equipment": {"2020-10-31": "159.65200", "2020-07-31": "150.64600", "2020-04-30": "134.81100", "2020-01-31": "128.29300", "2019-10-31": "105.91700", "2019-07-31": "92.07800", "2019-04-30": "84.09400", "2019-01-31": "75.83200", "2018-10-31": "73.96500", "2018-07-31": "60.41500", "2018-04-30": "60.09500", "2018-01-31": "63.01900", "2017-10-31": "", "2017-07-31": "", "2017-04-30": "", "2017-01-31": ""}, "Long-Term Investments": {"2020-10-31": "76.78200", "2020-07-31": "66.26500", "2020-04-30": "140.11700", "2020-01-31": "239.72900", "2019-10-31": "257.78300", "2019-07-31": "180.14600", "2019-04-30": "184.68300", "2019-01-31": "164.22000", "2018-10-31": "", "2018-07-31": "", "2018-04-30": "", "2018-01-31": "", "2017-10-31": "", "2017-07-31": "", "2017-04-30": "", "2017-01-31": ""}, "Goodwill And Intangible Assets": {"2020-10-31": "476.91800", "2020-07-31": "485.07900", "2020-04-30": "245.83500", "2020-01-31": "251.38200", "2019-10-31": "255.78300", "2019-07-31": "260.49700", "2019-04-30": "264.26500", "2019-01-31": "269.42800", "2018-10-31": "273.69400", "2018-07-31": "45.50800", "2018-04-30": "47.35200", "2018-01-31": "51.45400", "2017-10-31": "0.00000", "2017-07-31": "0.00000", "2017-04-30": "0.00000", "2017-01-31": "0.00000"}, "Other Long-Term Assets": {"2020-10-31": "22.53000", "2020-07-31": "16.65900", "2020-04-30": "26.31200", "2020-01-31": "24.67800", "2019-10-31": "24.61700", "2019-07-31": "23.89600", "2019-04-30": "23.94700", "2019-01-31": "8.83300", "2018-10-31": "9.17500", "2018-07-31": "9.51300", "2018-04-30": "12.89100", "2018-01-31": "11.17000", "2017-10-31": "", "2017-07-31": "", "2017-04-30": "", "2017-01-31": ""}, "Total Long-Term Assets": {"2020-10-31": "1121.35900", "2020-07-31": "1085.28700", "2020-04-30": "878.24500", "2020-01-31": "947.24800", "2019-10-31": "916.97500", "2019-07-31": "818.34300", "2019-04-30": "816.27400", "2019-01-31": "630.89600", "2018-10-31": "453.92500", "2018-07-31": "201.63500", "2018-04-30": "198.73900", "2018-01-31": "201.17800", "2017-10-31": "", "2017-07-31": "", "2017-04-30": "", "2017-01-31": ""}, "Total Assets": {"2020-10-31": "2051.11900", "2020-07-31": "2053.31000", "2020-04-30": "1921.48800", "2020-01-31": "1891.13800", "2019-10-31": "1786.36500", "2019-07-31": "1761.83600", "2019-04-30": "1738.40000", "2019-01-31": "1615.41700", "2018-10-31": "1719.43600", "2018-07-31": "1169.69800", "2018-04-30": "614.47200", "2018-01-31": "619.97300", "2017-10-31": "0.00000", "2017-07-31": "0.00000", "2017-04-30": "0.00000", "2017-01-31": "0.00000"}, "Total Current Liabilities": {"2020-10-31": "923.10000", "2020-07-31": "854.03800", "2020-04-30": "729.59000", "2020-01-31": "693.96500", "2019-10-31": "588.49400", "2019-07-31": "574.14900", "2019-04-30": "522.60700", "2019-01-31": "516.31300", "2018-10-31": "434.63600", "2018-07-31": "389.59000", "2018-04-30": "362.49500", "2018-01-31": "373.81900", "2017-10-31": "", "2017-07-31": "", "2017-04-30": "", "2017-01-31": ""}, "Long Term Debt": {"2020-10-31": "486.14900", "2020-07-31": "479.10500", "2020-04-30": "472.16200", "2020-01-31": "465.32100", "2019-10-31": "458.57800", "2019-07-31": "451.93400", "2019-04-30": "445.38500", "2019-01-31": "438.93200", "2018-10-31": "432.57200", "2018-07-31": "", "2018-04-30": "", "2018-01-31": "", "2017-10-31": "", "2017-07-31": "", "2017-04-30": "", "2017-01-31": ""}, "Other Non-Current Liabilities": {"2020-10-31": "38.78600", "2020-07-31": "31.67400", "2020-04-30": "18.38400", "2020-01-31": "18.17300", "2019-10-31": "15.29400", "2019-07-31": "14.31100", "2019-04-30": "13.68100", "2019-01-31": "17.40800", "2018-10-31": "16.50900", "2018-07-31": "11.50600", "2018-04-30": "12.48400", "2018-01-31": "11.74600", "2017-10-31": "", "2017-07-31": "", "2017-04-30": "", "2017-01-31": ""}, "Total Long Term Liabilities": {"2020-10-31": "701.98700", "2020-07-31": "697.38100", "2020-04-30": "669.10990", "2020-01-31": "650.84600", "2019-10-31": "628.50900", "2019-07-31": "621.00790", "2019-04-30": "618.11100", "2019-01-31": "484.74200", "2018-10-31": "474.63100", "2018-07-31": "36.63800", "2018-04-30": "37.85100", "2018-01-31": "37.30100", "2017-10-31": "", "2017-07-31": "", "2017-04-30": "", "2017-01-31": ""}, "Total Liabilities": {"2020-10-31": "1625.08700", "2020-07-31": "1551.41900", "2020-04-30": "1398.70000", "2020-01-31": "1344.81100", "2019-10-31": "1217.00300", "2019-07-31": "1195.15700", "2019-04-30": "1140.71800", "2019-01-31": "1001.05500", "2018-10-31": "909.26700", "2018-07-31": "426.22800", "2018-04-30": "400.34600", "2018-01-31": "411.12000", "2017-10-31": "0.00000", "2017-07-31": "0.00000", "2017-04-30": "0.00000", "2017-01-31": "0.00000"}, "Common Stock Net": {"2020-10-31": "0.01900", "2020-07-31": "0.01900", "2020-04-30": "0.01800", "2020-01-31": "0.01800", "2019-10-31": "0.01800", "2019-07-31": "0.01800", "2019-04-30": "0.01700", "2019-01-31": "0.01700", "2018-10-31": "0.01600", "2018-07-31": "0.01600", "2018-04-30": "0.00400", "2018-01-31": "0.00400", "2017-10-31": "0.00000", "2017-07-31": "0.00000", "2017-04-30": "0.00000", "2017-01-31": "0.00000"}, "Retained Earnings (Accumulated Deficit)": {"2020-10-31": "-1308.04000", "2020-07-31": "-1249.54900", "2020-04-30": "-1184.98900", "2020-01-31": "-1137.18500", "2019-10-31": "-1089.77800", "2019-07-31": "-1043.18000", "2019-04-30": "-974.54800", "2019-01-31": "-928.77800", "2018-10-31": "-862.53400", "2018-07-31": "-809.72100", "2018-04-30": "-773.00700", "2018-01-31": "-502.32000", "2017-10-31": "", "2017-07-31": "", "2017-04-30": "", "2017-01-31": ""}, "Comprehensive Income": {"2020-10-31": "", "2020-07-31": "", "2020-04-30": "", "2020-01-31": "", "2019-10-31": "", "2019-07-31": "", "2019-04-30": "", "2019-01-31": "", "2018-10-31": "", "2018-07-31": "", "2018-04-30": "", "2018-01-31": "", "2017-10-31": "", "2017-07-31": "", "2017-04-30": "", "2017-01-31": ""}, "Other Share Holders Equity": {"2020-10-31": "-1.14000", "2020-07-31": "2.09800", "2020-04-30": "-6.70300", "2020-01-31": "-1.67300", "2019-10-31": "-1.19100", "2019-07-31": "-2.94500", "2019-04-30": "-3.25800", "2019-01-31": "-1.96500", "2018-10-31": "-3.49300", "2018-07-31": "-2.01000", "2018-04-30": "1.07500", "2018-01-31": "3.40300", "2017-10-31": "0.00000", "2017-07-31": "0.00000", "2017-04-30": "0.00000", "2017-01-31": "0.00000"}, "Share Holder Equity": {"2020-10-31": "426.03200", "2020-07-31": "501.89100", "2020-04-30": "522.78800", "2020-01-31": "546.32700", "2019-10-31": "569.36200", "2019-07-31": "566.67900", "2019-04-30": "597.68200", "2019-01-31": "614.36200", "2018-10-31": "810.16900", "2018-07-31": "743.47000", "2018-04-30": "214.12600", "2018-01-31": "208.85300", "2017-10-31": "0.00000", "2017-07-31": "0.00000", "2017-04-30": "0.00000", "2017-01-31": "0.00000"}, "Total Liabilities And Share Holders Equity": {"2020-10-31": "2051.11900", "2020-07-31": "2053.31000", "2020-04-30": "1921.48800", "2020-01-31": "1891.13800", "2019-10-31": "1786.36500", "2019-07-31": "1761.83600", "2019-04-30": "1738.40000", "2019-01-31": "1615.41700", "2018-10-31": "1719.43600", "2018-07-31": "1169.69800", "2018-04-30": "614.47200", "2018-01-31": "619.97300", "2017-10-31": "0.00000", "2017-07-31": "0.00000", "2017-04-30": "0.00000", "2017-01-31": "0.00000"}}, "cash flow statement": {"Net Income/Loss": {"2020-01-31": "-208.35900", "2019-01-31": "-426.45800", "2018-01-31": "-52.27600", "2017-01-31": "-115.41200"}, "Total Depreciation And Amortization - Cash Flow": {"2020-01-31": "146.31800", "2019-01-31": "89.64600", "2018-01-31": "62.12700", "2017-01-31": "50.84000"}, "Other Non-Cash Items": {"2020-01-31": "225.38500", "2019-01-31": "406.77700", "2018-01-31": "26.87400", "2017-01-31": "33.68800"}, "Total Non-Cash Items": {"2020-01-31": "371.70300", "2019-01-31": "496.42300", "2018-01-31": "89.00100", "2017-01-31": "84.52800"}, "Change In Accounts Receivable": {"2020-01-31": "-63.29300", "2019-01-31": "-42.57100", "2018-01-31": "-28.07700", "2017-01-31": "-17.45400"}, "Change In Inventories": {"2020-01-31": "", "2019-01-31": "", "2018-01-31": "", "2017-01-31": ""}, "Change In Accounts Payable": {"2020-01-31": "3.84900", "2019-01-31": "-7.38000", "2018-01-31": "2.86400", "2017-01-31": "4.89000"}, "Change In Assets/Liabilities": {"2020-01-31": "-3.19300", "2019-01-31": "23.58400", "2018-01-31": "24.75100", "2017-01-31": "31.72200"}, "Total Change In Assets/Liabilities": {"2020-01-31": "-47.64800", "2019-01-31": "6.12100", "2018-01-31": "18.25400", "2017-01-31": "26.09400"}, "Cash Flow From Operating Activities": {"2020-01-31": "115.69600", "2019-01-31": "76.08600", "2018-01-31": "54.97900", "2017-01-31": "-4.79000"}, "Net Change In Property, Plant, And Equipment": {"2020-01-31": "-72.04600", "2019-01-31": "-30.41300", "2018-01-31": "-18.92900", "2017-01-31": "-43.33000"}, "Net Change In Intangible Assets": {"2020-01-31": "", "2019-01-31": "", "2018-01-31": "", "2017-01-31": ""}, "Net Acquisitions/Divestitures": {"2020-01-31": "", "2019-01-31": "-218.77900", "2018-01-31": "0.16800", "2017-01-31": "0.66500"}, "Net Change In Short-term Investments": {"2020-01-31": "-233.94300", "2019-01-31": "-415.13200", "2018-01-31": "", "2017-01-31": "1.78500"}, "Net Change In Long-Term Investments": {"2020-01-31": "-15.50000", "2019-01-31": "", "2018-01-31": "", "2017-01-31": ""}, "Net Change In Investments - Total": {"2020-01-31": "-249.44300", "2019-01-31": "-415.13200", "2018-01-31": "", "2017-01-31": "1.78500"}, "Investing Activities - Other": {"2020-01-31": "", "2019-01-31": "", "2018-01-31": "", "2017-01-31": ""}, "Cash Flow From Investing Activities": {"2020-01-31": "-321.48900", "2019-01-31": "-664.32400", "2018-01-31": "-18.76100", "2017-01-31": "-40.88000"}, "Net Long-Term Debt": {"2020-01-31": "", "2019-01-31": "493.19300", "2018-01-31": "", "2017-01-31": ""}, "Net Current Debt": {"2020-01-31": "", "2019-01-31": "", "2018-01-31": "", "2017-01-31": ""}, "Debt Issuance/Retirement Net - Total": {"2020-01-31": "", "2019-01-31": "493.19300", "2018-01-31": "", "2017-01-31": ""}, "Net Common Equity Issued/Repurchased": {"2020-01-31": "96.04900", "2019-01-31": "579.51600", "2018-01-31": "26.43300", "2017-01-31": "8.12200"}, "Net Total Equity Issued/Repurchased": {"2020-01-31": "96.04900", "2019-01-31": "579.51600", "2018-01-31": "26.43300", "2017-01-31": "8.12200"}, "Total Common And Preferred Stock Dividends Paid": {"2020-01-31": "", "2019-01-31": "", "2018-01-31": "", "2017-01-31": ""}, "Financial Activities - Other": {"2020-01-31": "-166.50400", "2019-01-31": "-219.59300", "2018-01-31": "-0.70500", "2017-01-31": "-0.08500"}, "Cash Flow From Financial Activities": {"2020-01-31": "-70.45500", "2019-01-31": "853.11600", "2018-01-31": "25.72800", "2017-01-31": "8.03700"}, "Net Cash Flow": {"2020-01-31": "-276.69500", "2019-01-31": "260.74200", "2018-01-31": "66.19200", "2017-01-31": "-37.96700"}, "Stock-Based Compensation": {"2020-01-31": "206.40400", "2019-01-31": "410.97800", "2018-01-31": "29.74700", "2017-01-31": "35.44300"}, "Common Stock Dividends Paid": {"2020-01-31": "", "2019-01-31": "", "2018-01-31": "", "2017-01-31": ""}}, "cash flow statement, quarterly": {"Net Income/Loss": {"2020-10-31": -58.491, "2020-07-31": -64.56, "2020-04-30": "-47.80400", "2020-01-31": -47.407, "2019-10-31": -46.598, "2019-07-31": -68.632, "2019-04-30": "-45.72200", "2019-01-31": -66.244, "2018-10-31": -52.813, "2018-07-31": -36.714, "2018-04-30": "-270.68700", "2018-01-31": -6.352, "2017-10-31": -14.505, "2017-07-31": -12.037, "2017-04-30": "-19.38200", "2017-01-31": -115.412}, "Total Depreciation And Amortization - Cash Flow": {"2020-10-31": 52.116, "2020-07-31": 48.713, "2020-04-30": "42.24100", "2020-01-31": 40.395, "2019-10-31": 37.511, "2019-07-31": 35.727, "2019-04-30": "32.68500", "2019-01-31": 30.586, "2018-10-31": 24.233, "2018-07-31": 16.981, "2018-04-30": "17.84600", "2018-01-31": 16.402, "2017-10-31": 16.049, "2017-07-31": 14.977, "2017-04-30": "14.69900", "2017-01-31": 50.84}, "Other Non-Cash Items": {"2020-10-31": 88.816, "2020-07-31": 74.385, "2020-04-30": "60.27500", "2020-01-31": 62.843, "2019-10-31": 57.959, "2019-07-31": 59.243, "2019-04-30": "45.34000", "2019-01-31": 54.496, "2018-10-31": 43.209, "2018-07-31": 37.059, "2018-04-30": "272.01300", "2018-01-31": 3.324, "2017-10-31": 8.458, "2017-07-31": 7.502, "2017-04-30": "7.59000", "2017-01-31": 0}, "Total Non-Cash Items": {"2020-10-31": 140.932, "2020-07-31": 123.098, "2020-04-30": "102.51600", "2020-01-31": 103.238, "2019-10-31": 95.47, "2019-07-31": 94.97, "2019-04-30": "78.02500", "2019-01-31": 85.082, "2018-10-31": 67.442, "2018-07-31": 54.04, "2018-04-30": "289.85900", "2018-01-31": -7.148, "2017-10-31": 24.507, "2017-07-31": 22.479, "2017-04-30": "22.28900", "2017-01-31": 50.84}, "Change In Accounts Receivable": {"2020-10-31": -36.583, "2020-07-31": 7.915, "2020-04-30": "17.23900", "2020-01-31": -78.377, "2019-10-31": -20.812, "2019-07-31": -21.518, "2019-04-30": "57.41400", "2019-01-31": -43.937, "2018-10-31": -14.019, "2018-07-31": -4.237, "2018-04-30": "19.62200", "2018-01-31": -41.039, "2017-10-31": -0.146, "2017-07-31": 1.531, "2017-04-30": "11.57700", "2017-01-31": 0}, "Change In Inventories": {"2020-10-31": 0, "2020-07-31": 0, "2020-04-30": "", "2020-01-31": 0, "2019-10-31": 0, "2019-07-31": 0, "2019-04-30": "", "2019-01-31": 0, "2018-10-31": 0, "2018-07-31": 0, "2018-04-30": "", "2018-01-31": 0, "2017-10-31": 0, "2017-07-31": 0, "2017-04-30": "", "2017-01-31": 0}, "Change In Accounts Payable": {"2020-10-31": -2.62, "2020-07-31": 8.829, "2020-04-30": "-2.55400", "2020-01-31": 1.543, "2019-10-31": 0.718, "2019-07-31": 1.306, "2019-04-30": "0.28200", "2019-01-31": -1.39, "2018-10-31": -0.956, "2018-07-31": 2.184, "2018-04-30": "-7.21800", "2018-01-31": 8.409, "2017-10-31": 0.726, "2017-07-31": -4.146, "2017-04-30": "-2.12500", "2017-01-31": 0}, "Change In Assets/Liabilities": {"2020-10-31": 3.275, "2020-07-31": 5.825, "2020-04-30": "-7.80100", "2020-01-31": 49.517, "2019-10-31": -11.716, "2019-07-31": -11.809, "2019-04-30": "-29.18500", "2019-01-31": 33.919, "2018-10-31": 1.492, "2018-07-31": -8.888, "2018-04-30": "-2.93900", "2018-01-31": 31.965, "2017-10-31": -3.926, "2017-07-31": -0.406, "2017-04-30": "-2.88200", "2017-01-31": 0}, "Total Change In Assets/Liabilities": {"2020-10-31": -24.998, "2020-07-31": 59.596, "2020-04-30": "4.43200", "2020-01-31": -10.326, "2019-10-31": -50.741, "2019-07-31": 0.067, "2019-04-30": "13.35200", "2019-01-31": 15.299, "2018-10-31": -10.368, "2018-07-31": 5.37, "2018-04-30": "-4.18000", "2018-01-31": 18.586, "2017-10-31": 1.616, "2017-07-31": 1.656, "2017-04-30": "-3.60400", "2017-01-31": 26.094}, "Cash Flow From Operating Activities": {"2020-10-31": 57.443, "2020-07-31": 118.134, "2020-04-30": "59.14400", "2020-01-31": 45.505, "2019-10-31": -1.869, "2019-07-31": 26.405, "2019-04-30": "45.65500", "2019-01-31": 34.137, "2018-10-31": 4.261, "2018-07-31": 22.696, "2018-04-30": "14.99200", "2018-01-31": 31.96, "2017-10-31": 11.618, "2017-07-31": 12.098, "2017-04-30": "-0.69700", "2017-01-31": -4.79}, "Net Change In Property, Plant, And Equipment": {"2020-10-31": -19.393, "2020-07-31": -18.362, "2020-04-30": "-26.38900", "2020-01-31": -29.975, "2019-10-31": -12.28, "2019-07-31": -14.554, "2019-04-30": "-15.23700", "2019-01-31": -11.317, "2018-10-31": -8.576, "2018-07-31": -4.336, "2018-04-30": "-6.18400", "2018-01-31": -3.237, "2017-10-31": -4.603, "2017-07-31": -4.319, "2017-04-30": "-6.77000", "2017-01-31": -43.33}, "Net Change In Intangible Assets": {"2020-10-31": 0, "2020-07-31": 0, "2020-04-30": "", "2020-01-31": 0, "2019-10-31": 0, "2019-07-31": 0, "2019-04-30": "", "2019-01-31": 0, "2018-10-31": 0, "2018-07-31": 0, "2018-04-30": "", "2018-01-31": 0, "2017-10-31": 0, "2017-07-31": 0, "2017-04-30": "", "2017-01-31": 0}, "Net Acquisitions/Divestitures": {"2020-10-31": 0, "2020-07-31": -180.37, "2020-04-30": "", "2020-01-31": 0, "2019-10-31": 0, "2019-07-31": 0, "2019-04-30": "", "2019-01-31": 0, "2018-10-31": -218.779, "2018-07-31": 0, "2018-04-30": "", "2018-01-31": -0.299, "2017-10-31": 0, "2017-07-31": 0.467, "2017-04-30": "", "2017-01-31": 0.665}, "Net Change In Short-term Investments": {"2020-10-31": 34.384, "2020-07-31": 119.678, "2020-04-30": "199.05700", "2020-01-31": 59.281, "2019-10-31": -6.787, "2019-07-31": -3.683, "2019-04-30": "-282.75400", "2019-01-31": -415.132, "2018-10-31": 0, "2018-07-31": 0, "2018-04-30": "", "2018-01-31": 0, "2017-10-31": 0, "2017-07-31": 0, "2017-04-30": "", "2017-01-31": 0}, "Net Change In Long-Term Investments": {"2020-10-31": -5.3, "2020-07-31": -0.241, "2020-04-30": "-3.00000", "2020-01-31": 0, "2019-10-31": 0, "2019-07-31": 0, "2019-04-30": "-15.50000", "2019-01-31": 0, "2018-10-31": 0, "2018-07-31": 0, "2018-04-30": "", "2018-01-31": 0, "2017-10-31": 0, "2017-07-31": 0, "2017-04-30": "", "2017-01-31": 0}, "Net Change In Investments - Total": {"2020-10-31": 29.084, "2020-07-31": 119.437, "2020-04-30": "196.05700", "2020-01-31": 59.281, "2019-10-31": -6.787, "2019-07-31": -3.683, "2019-04-30": "-298.25400", "2019-01-31": -415.132, "2018-10-31": 0, "2018-07-31": 0, "2018-04-30": "", "2018-01-31": 0, "2017-10-31": 0, "2017-07-31": 0, "2017-04-30": "", "2017-01-31": 1.785}, "Investing Activities - Other": {"2020-10-31": 0, "2020-07-31": 0, "2020-04-30": "", "2020-01-31": 0, "2019-10-31": 0, "2019-07-31": 0, "2019-04-30": "", "2019-01-31": 0, "2018-10-31": 0, "2018-07-31": 0, "2018-04-30": "", "2018-01-31": 0, "2017-10-31": 0, "2017-07-31": 0, "2017-04-30": "", "2017-01-31": 0}, "Cash Flow From Investing Activities": {"2020-10-31": 9.691, "2020-07-31": -79.295, "2020-04-30": "169.66800", "2020-01-31": 29.306, "2019-10-31": -19.067, "2019-07-31": -18.237, "2019-04-30": "-313.49100", "2019-01-31": -426.449, "2018-10-31": -227.355, "2018-07-31": -4.336, "2018-04-30": "-6.18400", "2018-01-31": -3.536, "2017-10-31": -4.603, "2017-07-31": -3.852, "2017-04-30": "-6.77000", "2017-01-31": -40.88}, "Net Long-Term Debt": {"2020-10-31": 0, "2020-07-31": 0, "2020-04-30": "", "2020-01-31": 0, "2019-10-31": 0, "2019-07-31": 0, "2019-04-30": "", "2019-01-31": 0, "2018-10-31": 493.193, "2018-07-31": 0, "2018-04-30": "", "2018-01-31": 0, "2017-10-31": 0, "2017-07-31": 0, "2017-04-30": "", "2017-01-31": 0}, "Net Current Debt": {"2020-10-31": 0, "2020-07-31": 0, "2020-04-30": "", "2020-01-31": 0, "2019-10-31": 0, "2019-07-31": 0, "2019-04-30": "", "2019-01-31": 0, "2018-10-31": 0, "2018-07-31": 0, "2018-04-30": "", "2018-01-31": 0, "2017-10-31": 0, "2017-07-31": 0, "2017-04-30": "", "2017-01-31": 0}, "Debt Issuance/Retirement Net - Total": {"2020-10-31": 0, "2020-07-31": 0, "2020-04-30": "", "2020-01-31": 0, "2019-10-31": 0, "2019-07-31": 0, "2019-04-30": "", "2019-01-31": 0, "2018-10-31": 493.193, "2018-07-31": 0, "2018-04-30": "", "2018-01-31": 0, "2017-10-31": 0, "2017-07-31": 0, "2017-04-30": "", "2017-01-31": 0}, "Net Common Equity Issued/Repurchased": {"2020-10-31": 18.214, "2020-07-31": 5.403, "2020-04-30": "21.22500", "2020-01-31": 9.914, "2019-10-31": 33.124, "2019-07-31": 10.194, "2019-04-30": "42.81700", "2019-01-31": 34.846, "2018-10-31": 5.047, "2018-07-31": 531.808, "2018-04-30": "7.81500", "2018-01-31": 4.487, "2017-10-31": 8.437, "2017-07-31": 7.679, "2017-04-30": "5.83000", "2017-01-31": 0}, "Net Total Equity Issued/Repurchased": {"2020-10-31": 18.214, "2020-07-31": 5.403, "2020-04-30": "21.22500", "2020-01-31": 9.914, "2019-10-31": 33.124, "2019-07-31": 10.194, "2019-04-30": "42.81700", "2019-01-31": 34.846, "2018-10-31": 5.047, "2018-07-31": 531.808, "2018-04-30": "7.81500", "2018-01-31": 4.487, "2017-10-31": 8.437, "2017-07-31": 7.679, "2017-04-30": "5.83000", "2017-01-31": 8.122}, "Total Common And Preferred Stock Dividends Paid": {"2020-10-31": 0, "2020-07-31": 0, "2020-04-30": "", "2020-01-31": 0, "2019-10-31": 0, "2019-07-31": 0, "2019-04-30": "", "2019-01-31": 0, "2018-10-31": 0, "2018-07-31": 0, "2018-04-30": "", "2018-01-31": 0, "2017-10-31": 0, "2017-07-31": 0, "2017-04-30": "", "2017-01-31": 0}, "Financial Activities - Other": {"2020-10-31": -113.417, "2020-07-31": -87.137, "2020-04-30": "-46.72300", "2020-01-31": -41.216, "2019-10-31": -39.31, "2019-07-31": -29.841, "2019-04-30": "-56.13700", "2019-01-31": -215.901, "2018-10-31": -0.17, "2018-07-31": -1.328, "2018-04-30": "-2.19400", "2018-01-31": -0.315, "2017-10-31": -0.39, "2017-07-31": 0, "2017-04-30": "", "2017-01-31": -0.085}, "Cash Flow From Financial Activities": {"2020-10-31": -95.203, "2020-07-31": -81.734, "2020-04-30": "-25.49800", "2020-01-31": -31.302, "2019-10-31": -6.186, "2019-07-31": -19.647, "2019-04-30": "-13.32000", "2019-01-31": -181.055, "2018-10-31": 498.07, "2018-07-31": 530.48, "2018-04-30": "5.62100", "2018-01-31": 4.172, "2017-10-31": 8.047, "2017-07-31": 7.679, "2017-04-30": "5.83000", "2017-01-31": 8.037}, "Net Cash Flow": {"2020-10-31": -29.277, "2020-07-31": -37.975, "2020-04-30": "201.03400", "2020-01-31": 43.372, "2019-10-31": -26.312, "2019-07-31": -12.22, "2019-04-30": "-281.53500", "2019-01-31": -576.322, "2018-10-31": 275.338, "2018-07-31": 549.366, "2018-04-30": "12.36000", "2018-01-31": 35.27, "2017-10-31": 14.491, "2017-07-31": 17.584, "2017-04-30": "-1.15300", "2017-01-31": -37.967}, "Stock-Based Compensation": {"2020-10-31": 80.92, "2020-07-31": 68.767, "2020-04-30": "53.55100", "2020-01-31": 55.605, "2019-10-31": 52.736, "2019-07-31": 55.792, "2019-04-30": "42.27100", "2019-01-31": 49.271, "2018-10-31": 51.748, "2018-07-31": 40.165, "2018-04-30": "269.79400", "2018-01-31": 6.234, "2017-10-31": 6.595, "2017-07-31": 8.512, "2017-04-30": "8.40600", "2017-01-31": 0}, "Common Stock Dividends Paid": {"2020-10-31": 0, "2020-07-31": 0, "2020-04-30": "", "2020-01-31": 0, "2019-10-31": 0, "2019-07-31": 0, "2019-04-30": "", "2019-01-31": 0, "2018-10-31": 0, "2018-07-31": 0, "2018-04-30": "", "2018-01-31": 0, "2017-10-31": 0, "2017-07-31": 0, "2017-04-30": "", "2017-01-31": 0}}, "financial ratios": {"Current Ratio": {"2020-01-31": "1.36010", "2019-01-31": "1.90680", "2018-01-31": "1.12030", "2017-01-31": ""}, "Long-term Debt / Capital": {"2020-01-31": "0.46000", "2019-01-31": "0.41670", "2018-01-31": "", "2017-01-31": ""}, "Debt/Equity Ratio": {"2020-01-31": "0.85170", "2019-01-31": "0.71450", "2018-01-31": "", "2017-01-31": ""}, "Gross Margin": {"2020-01-31": "75.02660", "2019-01-31": "72.54930", "2018-01-31": "77.18960", "2017-01-31": "73.13550"}, "Operating Margin": {"2020-01-31": "-19.86800", "2019-01-31": "-60.81910", "2018-01-31": "-9.96190", "2017-01-31": "-30.36160"}, "EBIT Margin": {"2020-01-31": "-19.86800", "2019-01-31": "-60.81910", "2018-01-31": "-9.96190", "2017-01-31": "-30.36160"}, "EBITDA Margin": {"2020-01-31": "-4.84520", "2019-01-31": "-48.03020", "2018-01-31": "2.02010", "2017-01-31": "-17.03380"}, "Pre-Tax Profit Margin": {"2020-01-31": "-20.89960", "2019-01-31": "-61.08800", "2018-01-31": "-9.47770", "2017-01-31": "-30.16210"}, "Net Profit Margin": {"2020-01-31": "-21.39270", "2019-01-31": "-60.88870", "2018-01-31": "-10.36390", "2017-01-31": "-30.63710"}, "Asset Turnover": {"2020-01-31": "0.51500", "2019-01-31": "0.43390", "2018-01-31": "0.83630", "2017-01-31": ""}, "Inventory Turnover Ratio": {"2020-01-31": "", "2019-01-31": "", "2018-01-31": "", "2017-01-31": ""}, "Receiveable Turnover": {"2020-01-31": "4.09510", "2019-01-31": "4.01590", "2018-01-31": "4.18990", "2017-01-31": ""}, "Days Sales In Receivables": {"2020-01-31": "89.13200", "2019-01-31": "90.88850", "2018-01-31": "87.11360", "2017-01-31": ""}, "ROE - Return On Equity": {"2020-01-31": "-38.13820", "2019-01-31": "-69.41480", "2018-01-31": "15.43670", "2017-01-31": ""}, "Return On Tangible Equity": {"2020-01-31": "-70.64340", "2019-01-31": "-123.63470", "2018-01-31": "-33.21240", "2017-01-31": ""}, "ROA - Return On Assets": {"2020-01-31": "-11.01770", "2019-01-31": "-26.39930", "2018-01-31": "-8.43200", "2017-01-31": ""}, "ROI - Return On Investment": {"2020-01-31": "-20.59600", "2019-01-31": "-40.48800", "2018-01-31": "-25.03000", "2017-01-31": ""}, "Book Value Per Share": {"2020-01-31": "3.01420", "2019-01-31": "3.62880", "2018-01-31": "5.85020", "2017-01-31": ""}, "Operating Cash Flow Per Share": {"2020-01-31": 0.0918, "2019-01-31": -1.1396, "2018-01-31": 1.8734, "2017-01-31": -0.1709}, "Free Cash Flow Per Share": {"2020-01-31": -0.0909, "2019-01-31": -0.7784, "2018-01-31": 2.8336, "2017-01-31": -1.7173}}, "financial ratios, quarterly": {"Current Ratio": {"2020-10-31": "1.00720", "2020-07-31": "1.13350", "2020-04-30": "1.42990", "2020-01-31": "1.36010", "2019-10-31": "1.47730", "2019-07-31": "1.64330", "2019-04-30": "1.76450", "2019-01-31": "1.90680", "2018-10-31": "2.91170", "2018-07-31": "2.48480", "2018-04-30": "1.14690", "2018-01-31": "1.12030", "2017-10-31": "", "2017-07-31": "", "2017-04-30": "", "2017-01-31": ""}, "Long-term Debt / Capital": {"2020-10-31": "0.53300", "2020-07-31": "0.48840", "2020-04-30": "0.47460", "2020-01-31": "0.46000", "2019-10-31": "0.44610", "2019-07-31": "0.44370", "2019-04-30": "0.42700", "2019-01-31": "0.41670", "2018-10-31": "0.34810", "2018-07-31": "", "2018-04-30": "", "2018-01-31": "", "2017-10-31": "", "2017-07-31": "", "2017-04-30": "", "2017-01-31": ""}, "Debt/Equity Ratio": {"2020-10-31": "1.14110", "2020-07-31": "0.95460", "2020-04-30": "0.90320", "2020-01-31": "0.85170", "2019-10-31": "0.80540", "2019-07-31": "0.79750", "2019-04-30": "0.74520", "2019-01-31": "0.71450", "2018-10-31": "0.53390", "2018-07-31": "", "2018-04-30": "", "2018-01-31": "", "2017-10-31": "", "2017-07-31": "", "2017-04-30": "", "2017-01-31": ""}, "Gross Margin": {"2020-10-31": "74.45150", "2020-07-31": "73.52060", "2020-04-30": "75.07480", "2020-01-31": "75.23600", "2019-10-31": "75.16490", "2019-07-31": "74.03530", "2019-04-30": "75.68770", "2019-01-31": "73.61820", "2018-10-31": "74.73270", "2018-07-31": "78.23270", "2018-04-30": "62.58600", "2018-01-31": "78.85540", "2017-10-31": "76.09600", "2017-07-31": "77.33210", "2017-04-30": "76.10180", "2017-01-31": ""}, "Operating Margin": {"2020-10-31": "-12.65790", "2020-07-31": "-17.13430", "2020-04-30": "-14.09110", "2020-01-31": "-15.40700", "2019-10-31": "-17.63390", "2019-07-31": "-27.46970", "2019-04-30": "-19.83390", "2019-01-31": "-31.35600", "2018-10-31": "-32.74770", "2018-07-31": "-22.58090", "2018-04-30": "-171.72290", "2018-01-31": "-4.22650", "2017-10-31": "-9.45180", "2017-07-31": "-10.97710", "2017-04-30": "-16.97300", "2017-01-31": ""}, "EBIT Margin": {"2020-10-31": "-12.65790", "2020-07-31": "-17.13430", "2020-04-30": "-14.09110", "2020-01-31": "-15.40700", "2019-10-31": "-17.63390", "2019-07-31": "-27.46970", "2019-04-30": "-19.83390", "2019-01-31": "-31.35600", "2018-10-31": "-32.74770", "2018-07-31": "-22.58090", "2018-04-30": "-171.72290", "2018-01-31": "-4.22650", "2017-10-31": "-9.45180", "2017-07-31": "-10.97710", "2017-04-30": "-16.97300", "2017-01-31": ""}, "EBITDA Margin": {"2020-10-31": "", "2020-07-31": "", "2020-04-30": "", "2020-01-31": "", "2019-10-31": "", "2019-07-31": "", "2019-04-30": "", "2019-01-31": "", "2018-10-31": "", "2018-07-31": "", "2018-04-30": "", "2018-01-31": "", "2017-10-31": "", "2017-07-31": "", "2017-04-30": "", "2017-01-31": ""}, "Pre-Tax Profit Margin": {"2020-10-31": "-14.76800", "2020-07-31": "-18.61960", "2020-04-30": "-15.37660", "2020-01-31": "-16.79040", "2019-10-31": "-18.26040", "2019-07-31": "-28.63350", "2019-04-30": "-20.74010", "2019-01-31": "-32.51110", "2018-10-31": "-32.80830", "2018-07-31": "-20.81430", "2018-04-30": "-173.27670", "2018-01-31": "-2.68110", "2017-10-31": "-10.50780", "2017-07-31": "-9.49160", "2017-04-30": "-17.20300", "2017-01-31": ""}, "Net Profit Margin": {"2020-10-31": "-15.27490", "2020-07-31": "-18.86570", "2020-04-30": "-16.09470", "2020-01-31": "-17.24550", "2019-10-31": "-18.67640", "2019-07-31": "-29.12930", "2019-04-30": "-21.36920", "2019-01-31": "-33.16650", "2018-10-31": "-29.60620", "2018-07-31": "-21.97860", "2018-04-30": "-173.95770", "2018-01-31": "-4.27550", "2017-10-31": "-11.39530", "2017-07-31": "-9.58800", "2017-04-30": "-17.38970", "2017-01-31": ""}, "Asset Turnover": {"2020-10-31": "0.18670", "2020-07-31": "0.16670", "2020-04-30": "0.15460", "2020-01-31": "0.14540", "2019-10-31": "0.13970", "2019-07-31": "0.13370", "2019-04-30": "0.12310", "2019-01-31": "0.12360", "2018-10-31": "0.10370", "2018-07-31": "0.14280", "2018-04-30": "0.25360", "2018-01-31": "0.24020", "2017-10-31": "", "2017-07-31": "", "2017-04-30": "", "2017-01-31": ""}, "Inventory Turnover Ratio": {"2020-10-31": "", "2020-07-31": "", "2020-04-30": "", "2020-01-31": "", "2019-10-31": "", "2019-07-31": "", "2019-04-30": "", "2019-01-31": "", "2018-10-31": "", "2018-07-31": "", "2018-04-30": "", "2018-01-31": "", "2017-10-31": "", "2017-07-31": "", "2017-04-30": "", "2017-01-31": ""}, "Receiveable Turnover": {"2020-10-31": "1.46670", "2020-07-31": "1.52430", "2020-04-30": "1.34640", "2020-01-31": "1.15580", "2019-10-31": "1.56460", "2019-07-31": "1.69930", "2019-04-30": "1.82660", "2019-01-31": "1.14430", "2018-10-31": "1.36580", "2018-07-31": "1.54150", "2018-04-30": "1.49630", "2018-01-31": "1.20320", "2017-10-31": "", "2017-07-31": "", "2017-04-30": "", "2017-01-31": ""}, "Days Sales In Receivables": {"2020-10-31": "61.36390", "2020-07-31": "59.04340", "2020-04-30": "66.84530", "2020-01-31": "77.86860", "2019-10-31": "57.52160", "2019-07-31": "52.96280", "2019-04-30": "49.27070", "2019-01-31": "78.65200", "2018-10-31": "65.89670", "2018-07-31": "58.38490", "2018-04-30": "60.14790", "2018-01-31": "74.80150", "2017-10-31": "", "2017-07-31": "", "2017-04-30": "", "2017-01-31": ""}, "ROE - Return On Equity": {"2020-10-31": "-13.72930", "2020-07-31": "-12.86340", "2020-04-30": "-9.14410", "2020-01-31": "-8.67740", "2019-10-31": "-8.18420", "2019-07-31": "-12.11130", "2019-04-30": "-7.64990", "2019-01-31": "-10.78260", "2018-10-31": "-6.51880", "2018-07-31": "-4.93820", "2018-04-30": "81.11010", "2018-01-31": "1.87980", "2017-10-31": "", "2017-07-31": "", "2017-04-30": "", "2017-01-31": ""}, "Return On Tangible Equity": {"2020-10-31": "114.94490", "2020-07-31": "-384.00840", "2020-04-30": "-17.26070", "2020-01-31": "-16.07320", "2019-10-31": "-14.86010", "2019-07-31": "-22.41540", "2019-04-30": "-13.71320", "2019-01-31": "-19.20480", "2018-10-31": "-9.84440", "2018-07-31": "-5.26020", "2018-04-30": "-162.30770", "2018-01-31": "-4.04450", "2017-10-31": "", "2017-07-31": "", "2017-04-30": "", "2017-01-31": ""}, "ROA - Return On Assets": {"2020-10-31": "-2.85170", "2020-07-31": "-3.14420", "2020-04-30": "-2.48790", "2020-01-31": "-2.50680", "2019-10-31": "-2.60850", "2019-07-31": "-3.89550", "2019-04-30": "-2.63010", "2019-01-31": "-4.10070", "2018-10-31": "-3.07150", "2018-07-31": "-3.13880", "2018-04-30": "-44.05200", "2018-01-31": "-1.02680", "2017-10-31": "", "2017-07-31": "", "2017-04-30": "", "2017-01-31": ""}, "ROI - Return On Investment": {"2020-10-31": "-6.41220", "2020-07-31": "-6.58110", "2020-04-30": "-4.80470", "2020-01-31": "-4.68610", "2019-10-31": "-4.53310", "2019-07-31": "-6.73780", "2019-04-30": "-4.38340", "2019-01-31": "-6.28920", "2018-10-31": "-4.24970", "2018-07-31": "-4.93820", "2018-04-30": "-126.41480", "2018-01-31": "-3.04810", "2017-10-31": "", "2017-07-31": "", "2017-04-30": "", "2017-01-31": ""}, "Book Value Per Share": {"2020-10-31": "2.28400", "2020-07-31": "2.71090", "2020-04-30": "2.85010", "2020-01-31": "3.01420", "2019-10-31": "3.17630", "2019-07-31": "3.22060", "2019-04-30": "3.44230", "2019-01-31": "3.62880", "2018-10-31": "5.15190", "2018-07-31": "4.74200", "2018-04-30": "5.82250", "2018-01-31": "5.85020", "2017-10-31": "", "2017-07-31": "", "2017-04-30": "", "2017-01-31": ""}, "Operating Cash Flow Per Share": {"2020-10-31": 0.3001, "2020-07-31": 0.6358, "2020-04-30": "0.32320", "2020-01-31": 0.2611, "2019-10-31": -0.0173, "2019-07-31": 0.1456, "2019-04-30": "0.26530", "2019-01-31": 0.3128, "2018-10-31": 0.0232, "2018-07-31": -0.1857, "2018-04-30": "0.41260", "2018-01-31": 1.0123, "2017-10-31": 0.3298, "2017-07-31": 0.3838, "2017-04-30": "-0.02340", "2017-01-31": 0}, "Free Cash Flow Per Share": {"2020-10-31": 0.1981, "2020-07-31": 0.5379, "2020-04-30": "0.17900", "2020-01-31": 0.0893, "2019-10-31": -0.0833, "2019-07-31": 0.0643, "2019-04-30": "0.17670", "2019-01-31": 0.2017, "2018-10-31": -0.0274, "2018-07-31": -0.0788, "2018-04-30": "0.24240", "2018-01-31": 0.8966, "2017-10-31": 0.2098, "2017-07-31": 0.2608, "2017-04-30": "-0.25090", "2017-01-31": 0}}, "revenue": {"DocuSign Annual Revenue (Millions of US $)": {"2020": "$974", "2019": "$701", "2018": "$519", "2017": "$381"}, "DocuSign Quarterly Revenue (Millions of US $)": {"2020-10-31": "$383", "2020-07-31": "$342", "2020-04-30": "$297", "2020-01-31": "$275", "2019-10-31": "$250", "2019-07-31": "$236", "2019-04-30": "$214", "2019-01-31": "$200", "2018-10-31": "$178", "2018-07-31": "$167", "2018-04-30": "$156", "2018-01-31": "$149", "2017-10-31": "$131", "2017-07-31": "$126", "2017-04-30": "$113", "2017-01-31": ""}}, "gross-profit": {"DocuSign Annual Gross Profit (Millions of US $)": {"2020": "$731", "2019": "$509", "2018": "$400", "2017": "$279"}, "DocuSign Quarterly Gross Profit (Millions of US $)": {"2020-10-31": "$285", "2020-07-31": "$252", "2020-04-30": "$223", "2020-01-31": "$207", "2019-10-31": "$188", "2019-07-31": "$174", "2019-04-30": "$162", "2019-01-31": "$147", "2018-10-31": "$133", "2018-07-31": "$131", "2018-04-30": "$98", "2018-01-31": "$117", "2017-10-31": "$99", "2017-07-31": "$97", "2017-04-30": "$86", "2017-01-31": ""}}, "operating-income": {"DocuSign Annual Operating Income (Millions of US $)": {"2020": "$-194", "2019": "$-426", "2018": "$-52", "2017": "$-116"}, "DocuSign Quarterly Operating Income (Millions of US $)": {"2020-10-31": "$-48", "2020-07-31": "$-59", "2020-04-30": "$-42", "2020-01-31": "$-42", "2019-10-31": "$-44", "2019-07-31": "$-65", "2019-04-30": "$-42", "2019-01-31": "$-63", "2018-10-31": "$-58", "2018-07-31": "$-38", "2018-04-30": "$-268", "2018-01-31": "$-6", "2017-10-31": "$-12", "2017-07-31": "$-14", "2017-04-30": "$-19", "2017-01-31": ""}}, "ebitda": {"DocuSign Annual EBITDA (Millions of US $)": {"2020": "$-47", "2019": "$-337", "2018": "$10", "2017": "$-65"}, "DocuSign Quarterly EBITDA (Millions of US $)": {"2020-10-31": "$4", "2020-07-31": "$-10", "2020-04-30": "$0", "2020-01-31": "$-2", "2019-10-31": "$-6", "2019-07-31": "$-29", "2019-04-30": "$-10", "2019-01-31": "$-32", "2018-10-31": "$-34", "2018-07-31": "$-21", "2018-04-30": "$-250", "2018-01-31": "$10", "2017-10-31": "$4", "2017-07-31": "$1", "2017-04-30": "$-5", "2017-01-31": ""}}, "net-income": {"DocuSign Annual Net Income (Millions of US $)": {"2020": "$-208", "2019": "$-427", "2018": "$-54", "2017": "$-117"}, "DocuSign Quarterly Net Income (Millions of US $)": {"2020-10-31": "$-58", "2020-07-31": "$-65", "2020-04-30": "$-48", "2020-01-31": "$-47", "2019-10-31": "$-47", "2019-07-31": "$-69", "2019-04-30": "$-46", "2019-01-31": "$-66", "2018-10-31": "$-53", "2018-07-31": "$-37", "2018-04-30": "$-271", "2018-01-31": "$-6", "2017-10-31": "$-15", "2017-07-31": "$-12", "2017-04-30": "$-20", "2017-01-31": ""}}, "eps-earnings-per-share-diluted": {"DocuSign Annual EPS": {"2020": "$-1.18", "2019": "$-3.16", "2018": "$-1.66", "2017": "$-4.17"}, "DocuSign Quarterly EPS": {"2020-10-31": "$-0.31", "2020-07-31": "$-0.35", "2020-04-30": "$-0.26", "2020-01-31": "$-0.26", "2019-10-31": "$-0.26", "2019-07-31": "$-0.39", "2019-04-30": "$-0.27", "2019-01-31": "$4.83", "2018-10-31": "$-0.31", "2018-07-31": "$-0.22", "2018-04-30": "$-7.46", "2018-01-31": "$-0.16", "2017-10-31": "$-0.45", "2017-07-31": "$-0.39", "2017-04-30": "$-0.66", "2017-01-31": "$0.00"}}, "shares-outstanding": {"DocuSign Annual Shares Outstanding (Millions of Shares)": {"2020": "177", "2019": "135", "2018": "32", "2017": "28"}, "DocuSign Quarterly Shares Outstanding (Millions of Shares)": {"2020-10-31": "186", "2020-07-31": "185", "2020-04-30": "183", "2020-01-31": "177", "2019-10-31": "178", "2019-07-31": "175", "2019-04-30": "172", "2019-01-31": "135", "2018-10-31": "168", "2018-07-31": "166", "2018-04-30": "36", "2018-01-31": "32", "2017-10-31": "33", "2017-07-31": "32", "2017-04-30": "30", "2017-01-31": ""}}, "total-assets": {"DocuSign Annual Total Assets (Millions of US $)": {"2020": "$1,891", "2019": "$1,615", "2018": "$620", "2017": "$0"}, "DocuSign Quarterly Total Assets (Millions of US $)": {"2020-10-31": "$2,051", "2020-07-31": "$2,053", "2020-04-30": "$1,921", "2020-01-31": "$1,891", "2019-10-31": "$1,786", "2019-07-31": "$1,762", "2019-04-30": "$1,738", "2019-01-31": "$1,615", "2018-10-31": "$1,719", "2018-07-31": "$1,170", "2018-04-30": "$614", "2018-01-31": "$620", "2017-10-31": "$0", "2017-07-31": "$0", "2017-04-30": "$0", "2017-01-31": "$0"}}, "cash-on-hand": {"DocuSign Annual Cash on Hand (Millions of US $)": {"2020": "$656", "2019": "$769", "2018": "$257", "2017": "$"}, "DocuSign Quarterly Cash on Hand (Millions of US $)": {"2020-10-31": "$599", "2020-07-31": "$674", "2020-04-30": "$758", "2020-01-31": "$656", "2019-10-31": "$654", "2019-07-31": "$750", "2019-04-30": "$752", "2019-01-31": "$769", "2018-10-31": "$1,095", "2018-07-31": "$819", "2018-04-30": "$270", "2018-01-31": "$257", "2017-10-31": "", "2017-07-31": "", "2017-04-30": "", "2017-01-31": ""}}, "long-term-debt": {"DocuSign Annual Long Term Debt (Millions of US $)": {"2020": "$465", "2019": "$439", "2018": "$", "2017": "$"}, "DocuSign Quarterly Long Term Debt (Millions of US $)": {"2020-10-31": "$486", "2020-07-31": "$479", "2020-04-30": "$472", "2020-01-31": "$465", "2019-10-31": "$459", "2019-07-31": "$452", "2019-04-30": "$445", "2019-01-31": "$439", "2018-10-31": "$433", "2018-07-31": "", "2018-04-30": "", "2018-01-31": "", "2017-10-31": "", "2017-07-31": "", "2017-04-30": "", "2017-01-31": ""}}, "total-liabilities": {"DocuSign Annual Total Liabilities (Millions of US $)": {"2020": "$1,345", "2019": "$1,001", "2018": "$411", "2017": "$0"}, "DocuSign Quarterly Total Liabilities (Millions of US $)": {"2020-10-31": "$1,625", "2020-07-31": "$1,551", "2020-04-30": "$1,399", "2020-01-31": "$1,345", "2019-10-31": "$1,217", "2019-07-31": "$1,195", "2019-04-30": "$1,141", "2019-01-31": "$1,001", "2018-10-31": "$909", "2018-07-31": "$426", "2018-04-30": "$400", "2018-01-31": "$411", "2017-10-31": "$0", "2017-07-31": "$0", "2017-04-30": "$0", "2017-01-31": "$0"}}, "total-share-holder-equity": {"DocuSign Annual Share Holder Equity (Millions of US $)": {"2020": "$546", "2019": "$614", "2018": "$209", "2017": "$0"}, "DocuSign Quarterly Share Holder Equity (Millions of US $)": {"2020-10-31": "$426", "2020-07-31": "$502", "2020-04-30": "$523", "2020-01-31": "$546", "2019-10-31": "$569", "2019-07-31": "$567", "2019-04-30": "$598", "2019-01-31": "$614", "2018-10-31": "$810", "2018-07-31": "$743", "2018-04-30": "$214", "2018-01-31": "$209", "2017-10-31": "$0", "2017-07-31": "$0", "2017-04-30": "$0", "2017-01-31": "$0"}}, "profit-margins": {"current": "-16.83%"}, "gross margin": {"2020-10-31": "74.56%", "2020-07-31": "74.74%", "2020-04-30": "74.86%", "2020-01-31": "74.97%", "2019-10-31": "74.56%", "2019-07-31": "74.40%", "2019-04-30": "75.49%", "2019-01-31": "72.61%", "2018-10-31": "73.69%", "2018-07-31": "73.80%", "2018-04-30": "73.13%", "2018-01-31": "76.88%"}, "operating margin": {"2020-10-31": "-14.73%", "2020-07-31": "-16.07%", "2020-04-30": "-18.24%", "2020-01-31": "-19.79%", "2019-10-31": "-23.78%", "2019-07-31": "-27.54%", "2019-04-30": "-26.48%", "2019-01-31": "-60.91%", "2018-10-31": "-56.92%", "2018-07-31": "-53.73%", "2018-04-30": "-53.38%", "2018-01-31": "-9.83%"}, "ebitda margin": {"2020-10-31": "-0.62%", "2020-07-31": "-1.55%", "2020-04-30": "-3.50%", "2020-01-31": "-4.82%", "2019-10-31": "-8.56%", "2019-07-31": "-12.68%", "2019-04-30": "-12.78%", "2019-01-31": "-48.07%", "2018-10-31": "-45.38%", "2018-07-31": "-42.62%", "2018-04-30": "-41.81%", "2018-01-31": "1.93%"}, "pre tax profit margin": {"2020-10-31": "-16.42%", "2020-07-31": "-17.35%", "2020-04-30": "-19.38%", "2020-01-31": "-20.82%", "2019-10-31": "-24.67%", "2019-07-31": "-28.38%", "2019-04-30": "-26.75%", "2019-01-31": "-61.20%", "2018-10-31": "-56.62%", "2018-07-31": "-53.57%", "2018-04-30": "-53.38%", "2018-01-31": "-9.63%"}, "net profit margin": {"2020-10-31": "-16.81%", "2020-07-31": "-17.78%", "2020-04-30": "-19.94%", "2020-01-31": "-21.44%", "2019-10-31": "-25.33%", "2019-07-31": "-28.26%", "2019-04-30": "-26.61%", "2019-01-31": "-60.91%", "2018-10-31": "-56.46%", "2018-07-31": "-54.56%", "2018-04-30": "-54.09%", "2018-01-31": "-10.21%"}, "pe ratio": {"current": "0.00", "2021-02-05": "0.00", "2020-10-31": "0.00", "2020-07-31": "0.00", "2020-04-30": "0.00", "2020-01-31": "0.00", "2019-10-31": "0.00", "2019-07-31": "0.00", "2019-04-30": "0.00", "2019-01-31": "0.00"}, "price sales": {"2021-02-05": "35.34", "2020-10-31": "28.55", "2020-07-31": "33.73", "2020-04-30": "17.69", "2020-01-31": "14.17", "2019-10-31": "12.11", "2019-07-31": "10.09", "2019-04-30": "11.83", "2019-01-31": "6.31"}, "price book": {"current": "108.82", "2021-02-05": "109.62", "2020-10-31": "88.55", "2020-07-31": "79.98", "2020-04-30": "36.75", "2020-01-31": "26.05", "2019-10-31": "20.84", "2019-07-31": "16.06", "2019-04-30": "16.46", "2019-01-31": "13.63", "2018-10-31": "8.14", "2018-07-31": "11.37", "2018-04-30": "6.63"}, "price fcf": {"2021-02-05": "", "2020-10-31": "$1.00", "2020-07-31": "$0.72", "2020-04-30": "$0.25", "2020-01-31": "$0.25", "2019-10-31": "$0.36", "2019-07-31": "$0.42", "2019-04-30": "$0.27", "2019-01-31": "$0.34"}, "net worth": {"value": "$46.71B"}, "current ratio": {"current": "1.01", "2020-10-31": "1.01", "2020-07-31": "1.13", "2020-04-30": "1.43", "2020-01-31": "1.36", "2019-10-31": "1.48", "2019-07-31": "1.64", "2019-04-30": "1.76", "2019-01-31": "1.91", "2018-10-31": "2.91", "2018-07-31": "2.49", "2018-04-30": "1.15", "2018-01-31": "1.12", "2017-10-31": "0.00", "2017-07-31": "0.00", "2017-04-30": "0.00", "2017-01-31": "0.00"}, "quick ratio": {"2020-10-31": "0.00", "2020-07-31": "0.00", "2020-04-30": "0.00", "2020-01-31": "0.00", "2019-10-31": "0.00", "2019-07-31": "0.00", "2019-04-30": "0.00", "2019-01-31": "0.00", "2018-10-31": "0.00", "2018-07-31": "0.00", "2018-04-30": "0.00", "2018-01-31": "0.00", "2017-10-31": "0.00", "2017-07-31": "0.00", "2017-04-30": "0.00", "2017-01-31": "0.00"}, "debt equity ratio": {"current": "1.14", "2020-10-31": "3.81", "2020-07-31": "3.09", "2020-04-30": "2.68", "2020-01-31": "2.46", "2019-10-31": "2.14", "2019-07-31": "2.11", "2019-04-30": "1.91", "2019-01-31": "1.63", "2018-10-31": "1.12", "2018-07-31": "0.57", "2018-04-30": "1.87", "2018-01-31": "1.97", "2017-10-31": "0.00", "2017-07-31": "0.00", "2017-04-30": "0.00", "2017-01-31": "0.00"}, "return on equity": {"2020-10-31": "-43.67%", "2020-07-31": "-38.69%", "2020-04-30": "-38.28%", "2020-01-31": "-36.67%", "2019-10-31": "-38.84%", "2019-07-31": "-36.15%", "2019-04-30": "-29.22%", "2019-01-31": "-71.73%", "2018-10-31": "-74.29%", "2018-07-31": "-112.86%", "2018-04-30": "-287.47%", "2018-01-31": "-101.44%"}, "return on assets": {"2020-10-31": "-11.02%", "2020-07-31": "-10.82%", "2020-04-30": "-11.47%", "2020-01-31": "-11.65%", "2019-10-31": "-13.22%", "2019-07-31": "-13.70%", "2019-04-30": "-12.94%", "2019-01-31": "-33.37%", "2018-10-31": "-35.61%", "2018-07-31": "-54.74%", "2018-04-30": "-98.54%", "2018-01-31": "-34.19%"}, "return on investments": {"2020-10-31": "-19.59%", "2020-07-31": "-18.63%", "2020-04-30": "-19.04%", "2020-01-31": "-18.82%", "2019-10-31": "-20.66%", "2019-07-31": "-20.93%", "2019-04-30": "-24.08%", "2019-01-31": "-74.39%", "2018-10-31": "-119.07%", "2018-07-31": "inf%", "2018-04-30": "inf%", "2018-01-31": "inf%"}, "return on tangible equity": {"2020-10-31": "-162.08%", "2020-07-31": "-91.69%", "2020-04-30": "-70.81%", "2020-01-31": "-66.99%", "2019-10-31": "-70.26%", "2019-07-31": "-61.58%", "2019-04-30": "-42.26%", "2019-01-31": "-97.82%", "2018-10-31": "-94.22%", "2018-07-31": "-128.77%", "2018-04-30": "-375.31%", "2018-01-31": "-135.03%"}, "dividend yield history": {"last payout": "$0.00", "last yield": "0.00%"}}