{"ticker": "DLB", "price": {"title": "Dolby Laboratories Historical Annual Stock Price Data", "value": 91.33, "historical": {"2020": {"Average Stock Price": "68.9851", "Year Open": "69.4600", "Year High": "97.1300", "Year Low": "46.9400", "Year Close": "97.1300", "Annual % Change": "41.18%"}, "2019": {"Average Stock Price": "64.1781", "Year Open": "62.1900", "Year High": "69.9100", "Year Low": "57.3800", "Year Close": "68.8000", "Annual % Change": "11.25%"}, "2018": {"Average Stock Price": "65.5691", "Year Open": "63.0400", "Year High": "71.8300", "Year Low": "58.2400", "Year Close": "61.8400", "Annual % Change": "-0.26%"}, "2017": {"Average Stock Price": "53.3371", "Year Open": "46.0600", "Year High": "63.2500", "Year Low": "46.0600", "Year Close": "62.0000", "Annual % Change": "37.20%"}, "2016": {"Average Stock Price": "45.3542", "Year Open": "33.2200", "Year High": "54.9600", "Year Low": "30.5000", "Year Close": "45.1900", "Annual % Change": "34.29%"}, "2015": {"Average Stock Price": "36.9465", "Year Open": "43.4100", "Year High": "43.4100", "Year Low": "30.9100", "Year Close": "33.6500", "Annual % Change": "-21.96%"}, "2014": {"Average Stock Price": "42.6485", "Year Open": "38.9200", "Year High": "46.9300", "Year Low": "38.4900", "Year Close": "43.1200", "Annual % Change": "11.83%"}, "2013": {"Average Stock Price": "33.6271", "Year Open": "30.0000", "Year High": "38.5700", "Year Low": "29.4800", "Year Close": "38.5600", "Annual % Change": "31.47%"}, "2012": {"Average Stock Price": "36.4147", "Year Open": "31.4000", "Year High": "45.1100", "Year Low": "28.9800", "Year Close": "29.3300", "Annual % Change": "-3.87%"}, "2011": {"Average Stock Price": "41.8615", "Year Open": "67.6400", "Year High": "67.6400", "Year Low": "26.2800", "Year Close": "30.5100", "Annual % Change": "-54.26%"}, "2010": {"Average Stock Price": "60.5811", "Year Open": "48.7900", "Year High": "69.5100", "Year Low": "47.6300", "Year Close": "66.7000", "Annual % Change": "39.74%"}, "2009": {"Average Stock Price": "37.5489", "Year Open": "33.1500", "Year High": "47.7300", "Year Low": "25.5000", "Year Close": "47.7300", "Annual % Change": "45.70%"}, "2008": {"Average Stock Price": "39.2480", "Year Open": "48.6400", "Year High": "52.7300", "Year Low": "24.8600", "Year Close": "32.7600", "Annual % Change": "-34.11%"}, "2007": {"Average Stock Price": "36.7182", "Year Open": "31.1500", "Year High": "51.6100", "Year Low": "30.4900", "Year Close": "49.7200", "Annual % Change": "60.28%"}, "2006": {"Average Stock Price": "21.7941", "Year Open": "17.1600", "Year High": "32.1000", "Year Low": "17.1600", "Year Close": "31.0200", "Annual % Change": "81.94%"}, "2005": {"Average Stock Price": "19.1915", "Year Open": "24.3000", "Year High": "24.5700", "Year Low": "15.0000", "Year Close": "17.0500", "Annual % Change": "0.00%"}}}, "market cap": {"value": "$9.28B"}, "income statement": {"Revenue": {"2020-09-30": "1161.79200", "2019-09-30": "1241.62000", "2018-09-30": "1054.60000", "2017-09-30": "1080.17700", "2016-09-30": "1025.73800", "2015-09-30": "970.63800", "2014-09-30": "960.17600", "2013-09-30": "909.67400", "2012-09-30": "933.01400", "2011-09-30": "961.06500", "2010-09-30": "922.71300", "2009-09-30": "719.50300", "2008-09-30": "640.23100", "2007-09-30": "482.02800", "2006-09-30": "391.54200", "2005-09-30": "327.96700"}, "Cost Of Goods Sold": {"2020-09-30": "146.49800", "2019-09-30": "160.85400", "2018-09-30": "127.56200", "2017-09-30": "118.52900", "2016-09-30": "108.98200", "2015-09-30": "94.81600", "2014-09-30": "70.17600", "2013-09-30": "96.71900", "2012-09-30": "92.02700", "2011-09-30": "111.17100", "2010-09-30": "131.81500", "2009-09-30": "64.76800", "2008-09-30": "67.77700", "2007-09-30": "74.26500", "2006-09-30": "76.04200", "2005-09-30": "80.21800"}, "Gross Profit": {"2020-09-30": "1015.29400", "2019-09-30": "1080.76600", "2018-09-30": "927.03800", "2017-09-30": "961.64800", "2016-09-30": "916.75600", "2015-09-30": "875.82200", "2014-09-30": "890.00000", "2013-09-30": "812.95500", "2012-09-30": "840.98700", "2011-09-30": "849.89400", "2010-09-30": "790.89800", "2009-09-30": "654.73500", "2008-09-30": "572.45400", "2007-09-30": "407.76300", "2006-09-30": "315.50000", "2005-09-30": "247.74900"}, "Research And Development Expenses": {"2020-09-30": "239.04500", "2019-09-30": "237.87100", "2018-09-30": "236.79400", "2017-09-30": "233.31200", "2016-09-30": "219.60700", "2015-09-30": "201.32400", "2014-09-30": "183.12800", "2013-09-30": "168.74600", "2012-09-30": "140.14300", "2011-09-30": "123.92000", "2010-09-30": "104.97800", "2009-09-30": "81.54300", "2008-09-30": "77.50000", "2007-09-30": "44.10900", "2006-09-30": "35.37700", "2005-09-30": "30.53200"}, "SG&A Expenses": {"2020-09-30": "555.68600", "2019-09-30": "549.26000", "2018-09-30": "507.18500", "2017-09-30": "468.34700", "2016-09-30": "464.12100", "2015-09-30": "461.35000", "2014-09-30": "430.75100", "2013-09-30": "393.07300", "2012-09-30": "337.66100", "2011-09-30": "292.83500", "2010-09-30": "249.51300", "2009-09-30": "204.67900", "2008-09-30": "208.17100", "2007-09-30": "178.80200", "2006-09-30": "154.16500", "2005-09-30": "135.15500"}, "Other Operating Income Or Expenses": {"2020-09-30": "", "2019-09-30": "", "2018-09-30": "", "2017-09-30": "", "2016-09-30": "", "2015-09-30": "", "2014-09-30": "", "2013-09-30": "", "2012-09-30": "", "2011-09-30": "", "2010-09-30": "", "2009-09-30": "", "2008-09-30": "", "2007-09-30": "2.10000", "2006-09-30": "3.62500", "2005-09-30": "2.00000"}, "Operating Expenses": {"2020-09-30": "943.05000", "2019-09-30": "984.54300", "2018-09-30": "871.09500", "2017-09-30": "833.04400", "2016-09-30": "793.94290", "2015-09-30": "757.41000", "2014-09-30": "686.45810", "2013-09-30": "664.41200", "2012-09-30": "571.02200", "2011-09-30": "531.33200", "2010-09-30": "493.33200", "2009-09-30": "355.83700", "2008-09-30": "353.44800", "2007-09-30": "295.07600", "2006-09-30": "261.95900", "2005-09-30": "243.90500"}, "Operating Income": {"2020-09-30": "218.74200", "2019-09-30": "257.07700", "2018-09-30": "183.50490", "2017-09-30": "247.13300", "2016-09-30": "231.79510", "2015-09-30": "213.22800", "2014-09-30": "273.71800", "2013-09-30": "245.26200", "2012-09-30": "361.99200", "2011-09-30": "429.73300", "2010-09-30": "429.38100", "2009-09-30": "363.66600", "2008-09-30": "286.78300", "2007-09-30": "186.95200", "2006-09-30": "129.58300", "2005-09-30": "84.06200"}, "Total Non-Operating Income/Expense": {"2020-09-30": "20.97300", "2019-09-30": "25.23000", "2018-09-30": "12.86900", "2017-09-30": "8.01200", "2016-09-30": "4.10900", "2015-09-30": "32.55400", "2014-09-30": "2.38100", "2013-09-30": "5.38400", "2012-09-30": "6.99900", "2011-09-30": "10.91000", "2010-09-30": "7.63100", "2009-09-30": "7.75300", "2008-09-30": "15.01900", "2007-09-30": "22.46400", "2006-09-30": "17.05400", "2005-09-30": "7.15600"}, "Pre-Tax Income": {"2020-09-30": "239.71500", "2019-09-30": "282.30700", "2018-09-30": "196.37400", "2017-09-30": "255.14500", "2016-09-30": "235.90400", "2015-09-30": "245.78200", "2014-09-30": "276.09900", "2013-09-30": "250.64600", "2012-09-30": "368.99100", "2011-09-30": "440.64300", "2010-09-30": "437.01200", "2009-09-30": "371.41900", "2008-09-30": "301.80200", "2007-09-30": "209.41600", "2006-09-30": "146.63700", "2005-09-30": "91.21800"}, "Income Taxes": {"2020-09-30": "8.09600", "2019-09-30": "26.80200", "2018-09-30": "154.06900", "2017-09-30": "48.03900", "2016-09-30": "49.50200", "2015-09-30": "62.54200", "2014-09-30": "67.37900", "2013-09-30": "60.34400", "2012-09-30": "103.85700", "2011-09-30": "130.06100", "2010-09-30": "154.18500", "2009-09-30": "127.07300", "2008-09-30": "100.77000", "2007-09-30": "65.13100", "2006-09-30": "55.83300", "2005-09-30": "37.33000"}, "Income After Taxes": {"2020-09-30": "231.61900", "2019-09-30": "255.50500", "2018-09-30": "42.30500", "2017-09-30": "207.10600", "2016-09-30": "186.40200", "2015-09-30": "183.24000", "2014-09-30": "208.72000", "2013-09-30": "190.30200", "2012-09-30": "265.13400", "2011-09-30": "310.58200", "2010-09-30": "282.82700", "2009-09-30": "244.34600", "2008-09-30": "201.03200", "2007-09-30": "144.28500", "2006-09-30": "90.80400", "2005-09-30": "53.88800"}, "Other Income": {"2020-09-30": "", "2019-09-30": "", "2018-09-30": "", "2017-09-30": "", "2016-09-30": "", "2015-09-30": "", "2014-09-30": "", "2013-09-30": "", "2012-09-30": "", "2011-09-30": "", "2010-09-30": "", "2009-09-30": "", "2008-09-30": "", "2007-09-30": "-1.45400", "2006-09-30": "-1.25500", "2005-09-30": "-1.59500"}, "Income From Continuous Operations": {"2020-09-30": "231.61900", "2019-09-30": "255.50500", "2018-09-30": "42.30500", "2017-09-30": "207.10600", "2016-09-30": "186.40200", "2015-09-30": "183.24000", "2014-09-30": "208.72000", "2013-09-30": "190.30200", "2012-09-30": "265.13400", "2011-09-30": "310.58200", "2010-09-30": "282.82700", "2009-09-30": "244.34600", "2008-09-30": "201.03200", "2007-09-30": "142.83100", "2006-09-30": "89.54900", "2005-09-30": "52.29300"}, "Income From Discontinued Operations": {"2020-09-30": "", "2019-09-30": "", "2018-09-30": "", "2017-09-30": "", "2016-09-30": "", "2015-09-30": "", "2014-09-30": "", "2013-09-30": "", "2012-09-30": "", "2011-09-30": "", "2010-09-30": "", "2009-09-30": "", "2008-09-30": "", "2007-09-30": "", "2006-09-30": "", "2005-09-30": ""}, "Net Income": {"2020-09-30": "231.36300", "2019-09-30": "255.15100", "2018-09-30": "41.74600", "2017-09-30": "206.48100", "2016-09-30": "185.86000", "2015-09-30": "181.39000", "2014-09-30": "206.10300", "2013-09-30": "189.27100", "2012-09-30": "264.30200", "2011-09-30": "309.26700", "2010-09-30": "283.44700", "2009-09-30": "242.99100", "2008-09-30": "199.45800", "2007-09-30": "142.83100", "2006-09-30": "89.54900", "2005-09-30": "52.29300"}, "EBITDA": {"2020-09-30": "310.42000", "2019-09-30": "342.55800", "2018-09-30": "267.26090", "2017-09-30": "334.19900", "2016-09-30": "320.77110", "2015-09-30": "291.52300", "2014-09-30": "336.39400", "2013-09-30": "308.74100", "2012-09-30": "423.00800", "2011-09-30": "490.81500", "2010-09-30": "473.43600", "2009-09-30": "397.98700", "2008-09-30": "313.50100", "2007-09-30": "199.08200", "2006-09-30": "142.44500", "2005-09-30": "95.41000"}, "EBIT": {"2020-09-30": "218.74200", "2019-09-30": "257.07700", "2018-09-30": "183.50490", "2017-09-30": "247.13300", "2016-09-30": "231.79510", "2015-09-30": "213.22800", "2014-09-30": "273.71800", "2013-09-30": "245.26200", "2012-09-30": "361.99200", "2011-09-30": "429.73300", "2010-09-30": "429.38100", "2009-09-30": "363.66600", "2008-09-30": "286.78300", "2007-09-30": "186.95200", "2006-09-30": "129.58300", "2005-09-30": "84.06200"}, "Basic Shares Outstanding": {"2020-09-30": "100.56400", "2019-09-30": "101.62900", "2018-09-30": "103.37700", "2017-09-30": "101.78400", "2016-09-30": "100.71700", "2015-09-30": "102.35400", "2014-09-30": "102.15100", "2013-09-30": "101.87900", "2012-09-30": "106.92600", "2011-09-30": "111.44400", "2010-09-30": "113.45200", "2009-09-30": "113.10100", "2008-09-30": "111.49200", "2007-09-30": "109.20200", "2006-09-30": "105.68800", "2005-09-30": "96.96900"}, "Shares Outstanding": {"2020-09-30": "102.94400", "2019-09-30": "104.57200", "2018-09-30": "106.97800", "2017-09-30": "103.28600", "2016-09-30": "102.42400", "2015-09-30": "103.86200", "2014-09-30": "103.63200", "2013-09-30": "102.78800", "2012-09-30": "107.54100", "2011-09-30": "112.55400", "2010-09-30": "115.38800", "2009-09-30": "115.36700", "2008-09-30": "114.78100", "2007-09-30": "113.57300", "2006-09-30": "111.65800", "2005-09-30": "104.22000"}, "Basic EPS": {"2020-09-30": "2.30000", "2019-09-30": "2.51000", "2018-09-30": "0.40000", "2017-09-30": "2.03000", "2016-09-30": "1.85000", "2015-09-30": "1.77000", "2014-09-30": "2.02000", "2013-09-30": "1.86000", "2012-09-30": "2.47000", "2011-09-30": "2.78000", "2010-09-30": "2.50000", "2009-09-30": "2.15000", "2008-09-30": "1.79000", "2007-09-30": "1.31000", "2006-09-30": "0.85000", "2005-09-30": "0.54000"}, "EPS - Earnings Per Share": {"2020-09-30": "2.25000", "2019-09-30": "2.44000", "2018-09-30": "0.39000", "2017-09-30": "2.00000", "2016-09-30": "1.81000", "2015-09-30": "1.75000", "2014-09-30": "1.99000", "2013-09-30": "1.84000", "2012-09-30": "2.46000", "2011-09-30": "2.75000", "2010-09-30": "2.46000", "2009-09-30": "2.11000", "2008-09-30": "1.74000", "2007-09-30": "1.26000", "2006-09-30": "0.80000", "2005-09-30": "0.50000"}}, "income statement, quarterly": {"Revenue": {"2020-12-31": "389.87400", "2020-09-30": "271.19100", "2020-06-30": "246.90900", "2020-03-31": "351.81500", "2019-12-31": "291.87700", "2019-09-30": "298.82700", "2019-06-30": "302.15900", "2019-03-31": "338.25800", "2018-12-31": "302.37600", "2018-09-30": "240.57100", "2018-06-30": "214.78000", "2018-03-31": "299.72200", "2017-12-31": "299.52700", "2017-09-30": "240.77100", "2017-06-30": "305.66500", "2017-03-31": "267.47400", "2016-12-31": "266.26700", "2016-09-30": "232.99700", "2016-06-30": "277.58700", "2016-03-31": "274.34000", "2015-12-31": "240.81400", "2015-09-30": "232.74800", "2015-06-30": "231.70200", "2015-03-31": "271.95000", "2014-12-31": "234.23800", "2014-09-30": "226.95700", "2014-06-30": "223.35000", "2014-03-31": "278.59200", "2013-12-31": "231.27700", "2013-09-30": "216.65200", "2013-06-30": "207.07400", "2013-03-31": "249.34600", "2012-12-31": "236.60200", "2012-09-30": "225.75500", "2012-06-30": "210.32200", "2012-03-31": "262.75900", "2011-12-31": "234.17800", "2011-09-30": "249.32800", "2011-06-30": "218.99900", "2011-03-31": "250.02600", "2010-12-31": "242.71200", "2010-09-30": "227.80700", "2010-06-30": "230.26900", "2010-03-31": "243.42100", "2009-12-31": "221.21600", "2009-09-30": "163.87700", "2009-06-30": "171.24400", "2009-03-31": "204.12400", "2008-12-31": "180.25800", "2008-09-30": "163.13000", "2008-06-30": "154.31700", "2008-03-31": "172.55700", "2007-12-31": "150.22700", "2007-09-30": "128.96300", "2007-06-30": "119.61300", "2007-03-31": "129.01000", "2006-12-31": "104.44200", "2006-09-30": "102.14300", "2006-06-30": "93.65000", "2006-03-31": "104.72400", "2005-12-31": "91.02500", "2005-09-30": "78.92400", "2005-06-30": "79.67900", "2005-03-31": "85.10100"}, "Cost Of Goods Sold": {"2020-12-31": "35.30400", "2020-09-30": "42.46500", "2020-06-30": "29.88800", "2020-03-31": "36.83000", "2019-12-31": "37.31500", "2019-09-30": "45.96000", "2019-06-30": "39.69000", "2019-03-31": "36.57500", "2018-12-31": "38.62900", "2018-09-30": "31.25900", "2018-06-30": "34.38300", "2018-03-31": "31.02700", "2017-12-31": "30.89300", "2017-09-30": "29.46000", "2017-06-30": "32.12500", "2017-03-31": "26.97700", "2016-12-31": "29.96700", "2016-09-30": "30.22200", "2016-06-30": "24.62100", "2016-03-31": "24.37300", "2015-12-31": "29.76600", "2015-09-30": "25.37700", "2015-06-30": "24.88000", "2015-03-31": "25.14900", "2014-12-31": "19.41000", "2014-09-30": "12.42000", "2014-06-30": "18.86900", "2014-03-31": "17.50500", "2013-12-31": "21.38200", "2013-09-30": "23.49100", "2013-06-30": "24.34000", "2013-03-31": "23.28300", "2012-12-31": "25.60500", "2012-09-30": "26.99400", "2012-06-30": "21.03100", "2012-03-31": "23.59200", "2011-12-31": "20.41000", "2011-09-30": "25.64200", "2011-06-30": "27.93300", "2011-03-31": "28.45700", "2010-12-31": "29.13900", "2010-09-30": "26.34300", "2010-06-30": "40.05600", "2010-03-31": "29.62300", "2009-12-31": "35.79300", "2009-09-30": "17.26400", "2009-06-30": "19.75000", "2009-03-31": "31.98200", "2008-12-31": "-4.22800", "2008-09-30": "16.54900", "2008-06-30": "16.01600", "2008-03-31": "17.24600", "2007-12-31": "17.96600", "2007-09-30": "14.98900", "2007-06-30": "19.56000", "2007-03-31": "20.68700", "2006-12-31": "19.02900", "2006-09-30": "18.58900", "2006-06-30": "18.88400", "2006-03-31": "16.39800", "2005-12-31": "22.17100", "2005-09-30": "15.37100", "2005-06-30": "14.15600", "2005-03-31": "23.71500"}, "Gross Profit": {"2020-12-31": "354.57000", "2020-09-30": "228.72600", "2020-06-30": "217.02100", "2020-03-31": "314.98500", "2019-12-31": "254.56200", "2019-09-30": "252.86700", "2019-06-30": "262.46900", "2019-03-31": "301.68300", "2018-12-31": "263.74700", "2018-09-30": "209.31200", "2018-06-30": "180.39700", "2018-03-31": "268.69500", "2017-12-31": "268.63400", "2017-09-30": "211.31100", "2017-06-30": "273.54000", "2017-03-31": "240.49700", "2016-12-31": "236.30000", "2016-09-30": "202.77500", "2016-06-30": "252.96600", "2016-03-31": "249.96700", "2015-12-31": "211.04800", "2015-09-30": "207.37100", "2015-06-30": "206.82200", "2015-03-31": "246.80100", "2014-12-31": "214.82800", "2014-09-30": "214.53700", "2014-06-30": "204.48100", "2014-03-31": "261.08700", "2013-12-31": "209.89500", "2013-09-30": "193.16100", "2013-06-30": "182.73400", "2013-03-31": "226.06300", "2012-12-31": "210.99700", "2012-09-30": "198.76100", "2012-06-30": "189.29100", "2012-03-31": "239.16700", "2011-12-31": "213.76800", "2011-09-30": "223.68600", "2011-06-30": "191.06600", "2011-03-31": "221.56900", "2010-12-31": "213.57300", "2010-09-30": "201.46400", "2010-06-30": "190.21300", "2010-03-31": "213.79800", "2009-12-31": "185.42300", "2009-09-30": "146.61300", "2009-06-30": "151.49400", "2009-03-31": "172.14200", "2008-12-31": "184.48600", "2008-09-30": "146.58100", "2008-06-30": "138.30100", "2008-03-31": "155.31100", "2007-12-31": "132.26100", "2007-09-30": "113.97400", "2007-06-30": "100.05300", "2007-03-31": "108.32300", "2006-12-31": "85.41300", "2006-09-30": "83.55400", "2006-06-30": "74.76600", "2006-03-31": "88.32600", "2005-12-31": "68.85400", "2005-09-30": "63.55300", "2005-06-30": "65.52300", "2005-03-31": "61.38600"}, "Research And Development Expenses": {"2020-12-31": "63.77200", "2020-09-30": "61.72600", "2020-06-30": "59.58300", "2020-03-31": "60.08600", "2019-12-31": "57.65000", "2019-09-30": "60.19100", "2019-06-30": "60.40800", "2019-03-31": "58.62500", "2018-12-31": "58.64700", "2018-09-30": "60.50000", "2018-06-30": "60.35700", "2018-03-31": "59.49300", "2017-12-31": "56.44400", "2017-09-30": "57.82200", "2017-06-30": "59.63100", "2017-03-31": "58.34100", "2016-12-31": "57.51800", "2016-09-30": "59.21400", "2016-06-30": "54.97700", "2016-03-31": "52.08800", "2015-12-31": "53.32800", "2015-09-30": "50.62100", "2015-06-30": "45.50800", "2015-03-31": "56.60100", "2014-12-31": "48.59400", "2014-09-30": "47.08100", "2014-06-30": "46.78600", "2014-03-31": "44.79800", "2013-12-31": "44.46300", "2013-09-30": "41.44700", "2013-06-30": "42.91500", "2013-03-31": "41.94800", "2012-12-31": "42.43600", "2012-09-30": "37.95800", "2012-06-30": "35.12300", "2012-03-31": "34.23600", "2011-12-31": "32.82600", "2011-09-30": "33.10800", "2011-06-30": "34.08600", "2011-03-31": "28.39900", "2010-12-31": "28.32700", "2010-09-30": "29.41700", "2010-06-30": "27.51300", "2010-03-31": "25.24800", "2009-12-31": "22.80000", "2009-09-30": "21.71200", "2009-06-30": "20.87100", "2009-03-31": "20.30200", "2008-12-31": "18.65800", "2008-09-30": "32.50200", "2008-06-30": "15.36600", "2008-03-31": "15.72500", "2007-12-31": "13.90700", "2007-09-30": "12.45900", "2007-06-30": "11.85400", "2007-03-31": "10.96000", "2006-12-31": "8.83600", "2006-09-30": "9.96400", "2006-06-30": "9.10800", "2006-03-31": "8.36300", "2005-12-31": "7.94200", "2005-09-30": "7.61800", "2005-06-30": "6.88500", "2005-03-31": "7.74000"}, "SG&A Expenses": {"2020-12-31": "129.89900", "2020-09-30": "136.97700", "2020-06-30": "121.77700", "2020-03-31": "149.28500", "2019-12-31": "147.64700", "2019-09-30": "135.16200", "2019-06-30": "137.57300", "2019-03-31": "140.11000", "2018-12-31": "136.41500", "2018-09-30": "136.25800", "2018-06-30": "127.72700", "2018-03-31": "124.76600", "2017-12-31": "118.43400", "2017-09-30": "118.78200", "2017-06-30": "117.97700", "2017-03-31": "118.87300", "2016-12-31": "112.71500", "2016-09-30": "114.48800", "2016-06-30": "116.80400", "2016-03-31": "114.29700", "2015-12-31": "118.53200", "2015-09-30": "120.65400", "2015-06-30": "116.36900", "2015-03-31": "111.59300", "2014-12-31": "112.73400", "2014-09-30": "109.37200", "2014-06-30": "107.80700", "2014-03-31": "111.28500", "2013-12-31": "102.28700", "2013-09-30": "94.67000", "2013-06-30": "96.94100", "2013-03-31": "99.93300", "2012-12-31": "101.52900", "2012-09-30": "89.27700", "2012-06-30": "86.12800", "2012-03-31": "82.97500", "2011-12-31": "79.28100", "2011-09-30": "75.75300", "2011-06-30": "69.12300", "2011-03-31": "72.70000", "2010-12-31": "75.25900", "2010-09-30": "69.20100", "2010-06-30": "65.69200", "2010-03-31": "56.35400", "2009-12-31": "58.26600", "2009-09-30": "58.80400", "2009-06-30": "50.92600", "2009-03-31": "44.46200", "2008-12-31": "50.48700", "2008-09-30": "46.89600", "2008-06-30": "54.97900", "2008-03-31": "55.31000", "2007-12-31": "50.98600", "2007-09-30": "50.53600", "2007-06-30": "48.43000", "2007-03-31": "42.52500", "2006-12-31": "37.31100", "2006-09-30": "40.56700", "2006-06-30": "38.47700", "2006-03-31": "38.58400", "2005-12-31": "36.53700", "2005-09-30": "33.31600", "2005-06-30": "33.37200", "2005-03-31": "35.61000"}, "Other Operating Income Or Expenses": {"2020-12-31": "13.87100", "2020-09-30": "", "2020-06-30": "", "2020-03-31": "", "2019-12-31": "", "2019-09-30": "", "2019-06-30": "", "2019-03-31": "", "2018-12-31": "", "2018-09-30": "", "2018-06-30": "", "2018-03-31": "", "2017-12-31": "", "2017-09-30": "", "2017-06-30": "", "2017-03-31": "", "2016-12-31": "", "2016-09-30": "", "2016-06-30": "", "2016-03-31": "", "2015-12-31": "", "2015-09-30": "", "2015-06-30": "", "2015-03-31": "", "2014-12-31": "", "2014-09-30": "", "2014-06-30": "", "2014-03-31": "", "2013-12-31": "", "2013-09-30": "", "2013-06-30": "", "2013-03-31": "", "2012-12-31": "", "2012-09-30": "", "2012-06-30": "", "2012-03-31": "", "2011-12-31": "", "2011-09-30": "", "2011-06-30": "", "2011-03-31": "", "2010-12-31": "", "2010-09-30": "", "2010-06-30": "", "2010-03-31": "", "2009-12-31": "", "2009-09-30": "", "2009-06-30": "", "2009-03-31": "", "2008-12-31": "", "2008-09-30": "", "2008-06-30": "0.25000", "2008-03-31": "0.24900", "2007-12-31": "", "2007-09-30": "0.25000", "2007-06-30": "0.35000", "2007-03-31": "1.50000", "2006-12-31": "", "2006-09-30": "", "2006-06-30": "", "2006-03-31": "", "2005-12-31": "", "2005-09-30": "", "2005-06-30": "", "2005-03-31": ""}, "Operating Expenses": {"2020-12-31": "225.12700", "2020-09-30": "241.12300", "2020-06-30": "212.77000", "2020-03-31": "245.87000", "2019-12-31": "243.28700", "2019-09-30": "247.60700", "2019-06-30": "267.90300", "2019-03-31": "235.32800", "2018-12-31": "233.70500", "2018-09-30": "228.01700", "2018-06-30": "222.38500", "2018-03-31": "215.11900", "2017-12-31": "205.57400", "2017-09-30": "218.92000", "2017-06-30": "209.73300", "2017-03-31": "204.19100", "2016-12-31": "200.20000", "2016-09-30": "203.91190", "2016-06-30": "196.39200", "2016-03-31": "192.01300", "2015-12-31": "201.62600", "2015-09-30": "196.61090", "2015-06-30": "186.75700", "2015-03-31": "193.34300", "2014-12-31": "180.69900", "2014-09-30": "168.66310", "2014-06-30": "172.77400", "2014-03-31": "173.67400", "2013-12-31": "171.34700", "2013-09-30": "159.55200", "2013-06-30": "170.12600", "2013-03-31": "165.16400", "2012-12-31": "169.57000", "2012-09-30": "154.22700", "2012-06-30": "142.19700", "2012-03-31": "141.71300", "2011-12-31": "132.88500", "2011-09-30": "137.17200", "2011-06-30": "131.09400", "2011-03-31": "129.55600", "2010-12-31": "133.51000", "2010-09-30": "130.61600", "2010-06-30": "134.32900", "2010-03-31": "111.34300", "2009-12-31": "117.04400", "2009-09-30": "98.61500", "2009-06-30": "92.82500", "2009-03-31": "98.61200", "2008-12-31": "65.78500", "2008-09-30": "96.44600", "2008-06-30": "86.11100", "2008-03-31": "88.03200", "2007-12-31": "82.85900", "2007-09-30": "77.73400", "2007-06-30": "79.49400", "2007-03-31": "72.67200", "2006-12-31": "65.17600", "2006-09-30": "65.49500", "2006-06-30": "66.46900", "2006-03-31": "63.34500", "2005-12-31": "66.65000", "2005-09-30": "56.30500", "2005-06-30": "54.41300", "2005-03-31": "67.06500"}, "Operating Income": {"2020-12-31": "164.74700", "2020-09-30": "30.06800", "2020-06-30": "34.13900", "2020-03-31": "105.94500", "2019-12-31": "48.59000", "2019-09-30": "51.22000", "2019-06-30": "34.25600", "2019-03-31": "102.93000", "2018-12-31": "68.67100", "2018-09-30": "12.55400", "2018-06-30": "-7.60500", "2018-03-31": "84.60300", "2017-12-31": "93.95300", "2017-09-30": "21.85100", "2017-06-30": "95.93200", "2017-03-31": "63.28300", "2016-12-31": "66.06700", "2016-09-30": "29.08510", "2016-06-30": "81.19500", "2016-03-31": "82.32700", "2015-12-31": "39.18800", "2015-09-30": "36.13710", "2015-06-30": "44.94500", "2015-03-31": "78.60700", "2014-12-31": "53.53900", "2014-09-30": "58.29400", "2014-06-30": "50.57600", "2014-03-31": "104.91800", "2013-12-31": "59.93000", "2013-09-30": "57.10000", "2013-06-30": "36.94800", "2013-03-31": "84.18200", "2012-12-31": "67.03200", "2012-09-30": "71.52800", "2012-06-30": "68.12500", "2012-03-31": "121.04600", "2011-12-31": "101.29300", "2011-09-30": "112.15600", "2011-06-30": "87.90500", "2011-03-31": "120.47000", "2010-12-31": "109.20200", "2010-09-30": "97.19100", "2010-06-30": "95.94000", "2010-03-31": "132.07800", "2009-12-31": "104.17200", "2009-09-30": "65.26200", "2009-06-30": "78.41900", "2009-03-31": "105.51200", "2008-12-31": "114.47300", "2008-09-30": "66.68400", "2008-06-30": "68.20600", "2008-03-31": "84.52500", "2007-12-31": "67.36800", "2007-09-30": "51.22900", "2007-06-30": "40.11900", "2007-03-31": "56.33800", "2006-12-31": "39.26600", "2006-09-30": "36.64800", "2006-06-30": "27.18100", "2006-03-31": "41.37900", "2005-12-31": "24.37500", "2005-09-30": "22.61900", "2005-06-30": "25.26600", "2005-03-31": "18.03600"}, "Total Non-Operating Income/Expense": {"2020-12-31": "2.21500", "2020-09-30": "4.42400", "2020-06-30": "5.85100", "2020-03-31": "4.83400", "2019-12-31": "5.86400", "2019-09-30": "5.03100", "2019-06-30": "7.54400", "2019-03-31": "7.07200", "2018-12-31": "5.58300", "2018-09-30": "5.29900", "2018-06-30": "1.79700", "2018-03-31": "3.17900", "2017-12-31": "2.59400", "2017-09-30": "3.14100", "2017-06-30": "0.37100", "2017-03-31": "2.91100", "2016-12-31": "1.58900", "2016-09-30": "1.72800", "2016-06-30": "0.58900", "2016-03-31": "1.49600", "2015-12-31": "0.29600", "2015-09-30": "28.06600", "2015-06-30": "2.43300", "2015-03-31": "1.27800", "2014-12-31": "0.77700", "2014-09-30": "2.36800", "2014-06-30": "1.23800", "2014-03-31": "-1.99600", "2013-12-31": "0.77100", "2013-09-30": "1.76800", "2013-06-30": "0.89900", "2013-03-31": "0.69000", "2012-12-31": "2.02700", "2012-09-30": "1.42300", "2012-06-30": "2.19600", "2012-03-31": "1.46900", "2011-12-31": "1.91100", "2011-09-30": "4.47600", "2011-06-30": "2.54600", "2011-03-31": "2.02400", "2010-12-31": "1.86400", "2010-09-30": "1.43100", "2010-06-30": "2.14200", "2010-03-31": "1.85100", "2009-12-31": "2.20700", "2009-09-30": "1.95900", "2009-06-30": "0.60000", "2009-03-31": "2.70700", "2008-12-31": "2.48700", "2008-09-30": "4.75000", "2008-06-30": "2.66100", "2008-03-31": "2.40400", "2007-12-31": "5.20400", "2007-09-30": "5.34600", "2007-06-30": "5.75900", "2007-03-31": "5.93200", "2006-12-31": "5.42700", "2006-09-30": "4.74100", "2006-06-30": "4.02000", "2006-03-31": "4.59400", "2005-12-31": "3.69900", "2005-09-30": "4.05600", "2005-06-30": "2.06200", "2005-03-31": "0.75100"}, "Pre-Tax Income": {"2020-12-31": "166.96200", "2020-09-30": "34.49200", "2020-06-30": "39.99000", "2020-03-31": "110.77900", "2019-12-31": "54.45400", "2019-09-30": "56.25100", "2019-06-30": "41.80000", "2019-03-31": "110.00200", "2018-12-31": "74.25400", "2018-09-30": "17.85300", "2018-06-30": "-5.80800", "2018-03-31": "87.78200", "2017-12-31": "96.54700", "2017-09-30": "24.99200", "2017-06-30": "96.30300", "2017-03-31": "66.19400", "2016-12-31": "67.65600", "2016-09-30": "30.81300", "2016-06-30": "81.78400", "2016-03-31": "83.82300", "2015-12-31": "39.48400", "2015-09-30": "64.20300", "2015-06-30": "47.37800", "2015-03-31": "79.88500", "2014-12-31": "54.31600", "2014-09-30": "60.66200", "2014-06-30": "51.81400", "2014-03-31": "102.92200", "2013-12-31": "60.70100", "2013-09-30": "58.86800", "2013-06-30": "37.84700", "2013-03-31": "84.87200", "2012-12-31": "69.05900", "2012-09-30": "72.95100", "2012-06-30": "70.32100", "2012-03-31": "122.51500", "2011-12-31": "103.20400", "2011-09-30": "116.63200", "2011-06-30": "90.45100", "2011-03-31": "122.49400", "2010-12-31": "111.06600", "2010-09-30": "98.62200", "2010-06-30": "98.08200", "2010-03-31": "133.92900", "2009-12-31": "106.37900", "2009-09-30": "67.22100", "2009-06-30": "79.01900", "2009-03-31": "108.21900", "2008-12-31": "116.96000", "2008-09-30": "71.43400", "2008-06-30": "70.86700", "2008-03-31": "86.92900", "2007-12-31": "72.57200", "2007-09-30": "56.57500", "2007-06-30": "45.87800", "2007-03-31": "62.27000", "2006-12-31": "44.69300", "2006-09-30": "41.38900", "2006-06-30": "31.20100", "2006-03-31": "45.97300", "2005-12-31": "28.07400", "2005-09-30": "26.67500", "2005-06-30": "27.32800", "2005-03-31": "18.78700"}, "Income Taxes": {"2020-12-31": "24.27200", "2020-09-30": "7.51600", "2020-06-30": "-27.38800", "2020-03-31": "22.10500", "2019-12-31": "5.86300", "2019-09-30": "12.31600", "2019-06-30": "2.16300", "2019-03-31": "36.42700", "2018-12-31": "-24.10400", "2018-09-30": "-9.00100", "2018-06-30": "-9.06700", "2018-03-31": "22.43200", "2017-12-31": "149.70500", "2017-09-30": "-1.62700", "2017-06-30": "20.11700", "2017-03-31": "15.46700", "2016-12-31": "14.08200", "2016-09-30": "6.73400", "2016-06-30": "18.01700", "2016-03-31": "16.27800", "2015-12-31": "8.47300", "2015-09-30": "17.28800", "2015-06-30": "11.52200", "2015-03-31": "21.35300", "2014-12-31": "12.37900", "2014-09-30": "14.30000", "2014-06-30": "11.25100", "2014-03-31": "26.37300", "2013-12-31": "15.45500", "2013-09-30": "12.78400", "2013-06-30": "7.34500", "2013-03-31": "22.63300", "2012-12-31": "17.58200", "2012-09-30": "20.90600", "2012-06-30": "18.91500", "2012-03-31": "34.19800", "2011-12-31": "29.83800", "2011-09-30": "37.34400", "2011-06-30": "28.40400", "2011-03-31": "40.01200", "2010-12-31": "24.30100", "2010-09-30": "35.29500", "2010-06-30": "34.39400", "2010-03-31": "47.61000", "2009-12-31": "36.88600", "2009-09-30": "22.51800", "2009-06-30": "27.50200", "2009-03-31": "38.43000", "2008-12-31": "38.62300", "2008-09-30": "22.25400", "2008-06-30": "24.11700", "2008-03-31": "29.79200", "2007-12-31": "24.60700", "2007-09-30": "12.06400", "2007-06-30": "15.83900", "2007-03-31": "22.77600", "2006-12-31": "14.45200", "2006-09-30": "15.91700", "2006-06-30": "11.77800", "2006-03-31": "17.65200", "2005-12-31": "10.48600", "2005-09-30": "9.25500", "2005-06-30": "12.33200", "2005-03-31": "8.00000"}, "Income After Taxes": {"2020-12-31": "142.69000", "2020-09-30": "26.97600", "2020-06-30": "67.37800", "2020-03-31": "88.67400", "2019-12-31": "48.59100", "2019-09-30": "43.93500", "2019-06-30": "39.63700", "2019-03-31": "73.57500", "2018-12-31": "98.35800", "2018-09-30": "26.85400", "2018-06-30": "3.25900", "2018-03-31": "65.35000", "2017-12-31": "-53.15800", "2017-09-30": "26.61900", "2017-06-30": "76.18600", "2017-03-31": "50.72700", "2016-12-31": "53.57400", "2016-09-30": "24.07900", "2016-06-30": "63.76700", "2016-03-31": "67.54500", "2015-12-31": "31.01100", "2015-09-30": "46.91500", "2015-06-30": "35.85600", "2015-03-31": "58.53200", "2014-12-31": "41.93700", "2014-09-30": "46.36200", "2014-06-30": "40.56300", "2014-03-31": "76.54900", "2013-12-31": "45.24600", "2013-09-30": "46.08400", "2013-06-30": "30.50200", "2013-03-31": "62.23900", "2012-12-31": "51.47700", "2012-09-30": "52.04500", "2012-06-30": "51.40600", "2012-03-31": "88.31700", "2011-12-31": "73.36600", "2011-09-30": "79.28800", "2011-06-30": "62.04700", "2011-03-31": "82.48200", "2010-12-31": "86.76500", "2010-09-30": "63.32700", "2010-06-30": "63.68800", "2010-03-31": "86.31900", "2009-12-31": "69.49300", "2009-09-30": "44.70300", "2009-06-30": "51.51700", "2009-03-31": "69.78900", "2008-12-31": "78.33700", "2008-09-30": "49.18000", "2008-06-30": "46.75000", "2008-03-31": "57.13700", "2007-12-31": "47.96500", "2007-09-30": "44.51100", "2007-06-30": "30.03900", "2007-03-31": "39.49400", "2006-12-31": "30.24100", "2006-09-30": "25.47200", "2006-06-30": "19.42300", "2006-03-31": "28.32100", "2005-12-31": "17.58800", "2005-09-30": "17.42000", "2005-06-30": "14.99600", "2005-03-31": "10.78700"}, "Other Income": {"2020-12-31": "", "2020-09-30": "", "2020-06-30": "", "2020-03-31": "", "2019-12-31": "", "2019-09-30": "", "2019-06-30": "", "2019-03-31": "", "2018-12-31": "", "2018-09-30": "", "2018-06-30": "", "2018-03-31": "", "2017-12-31": "", "2017-09-30": "", "2017-06-30": "", "2017-03-31": "", "2016-12-31": "", "2016-09-30": "", "2016-06-30": "", "2016-03-31": "", "2015-12-31": "", "2015-09-30": "", "2015-06-30": "", "2015-03-31": "", "2014-12-31": "", "2014-09-30": "", "2014-06-30": "", "2014-03-31": "", "2013-12-31": "", "2013-09-30": "", "2013-06-30": "", "2013-03-31": "", "2012-12-31": "", "2012-09-30": "", "2012-06-30": "", "2012-03-31": "", "2011-12-31": "", "2011-09-30": "", "2011-06-30": "", "2011-03-31": "", "2010-12-31": "", "2010-09-30": "", "2010-06-30": "", "2010-03-31": "", "2009-12-31": "", "2009-09-30": "", "2009-06-30": "", "2009-03-31": "", "2008-12-31": "", "2008-09-30": "", "2008-06-30": "-0.30200", "2008-03-31": "-0.35900", "2007-12-31": "-0.29200", "2007-09-30": "-0.35300", "2007-06-30": "-0.35400", "2007-03-31": "-0.39900", "2006-12-31": "-0.34800", "2006-09-30": "-0.25500", "2006-06-30": "-0.33900", "2006-03-31": "-0.34200", "2005-12-31": "-0.31900", "2005-09-30": "-0.61200", "2005-06-30": "-0.21800", "2005-03-31": "-0.45700"}, "Income From Continuous Operations": {"2020-12-31": "142.69000", "2020-09-30": "26.97600", "2020-06-30": "67.37800", "2020-03-31": "88.67400", "2019-12-31": "48.59100", "2019-09-30": "43.93500", "2019-06-30": "39.63700", "2019-03-31": "73.57500", "2018-12-31": "98.35800", "2018-09-30": "26.85400", "2018-06-30": "3.25900", "2018-03-31": "65.35000", "2017-12-31": "-53.15800", "2017-09-30": "26.61900", "2017-06-30": "76.18600", "2017-03-31": "50.72700", "2016-12-31": "53.57400", "2016-09-30": "24.07900", "2016-06-30": "63.76700", "2016-03-31": "67.54500", "2015-12-31": "31.01100", "2015-09-30": "46.91500", "2015-06-30": "35.85600", "2015-03-31": "58.53200", "2014-12-31": "41.93700", "2014-09-30": "46.36200", "2014-06-30": "40.56300", "2014-03-31": "76.54900", "2013-12-31": "45.24600", "2013-09-30": "46.08400", "2013-06-30": "30.50200", "2013-03-31": "62.23900", "2012-12-31": "51.47700", "2012-09-30": "52.04500", "2012-06-30": "51.40600", "2012-03-31": "88.31700", "2011-12-31": "73.36600", "2011-09-30": "79.28800", "2011-06-30": "62.04700", "2011-03-31": "82.48200", "2010-12-31": "86.76500", "2010-09-30": "63.32700", "2010-06-30": "63.68800", "2010-03-31": "86.31900", "2009-12-31": "69.49300", "2009-09-30": "44.70300", "2009-06-30": "51.51700", "2009-03-31": "69.78900", "2008-12-31": "78.33700", "2008-09-30": "50.13300", "2008-06-30": "46.44800", "2008-03-31": "56.77800", "2007-12-31": "47.67300", "2007-09-30": "44.15800", "2007-06-30": "29.68500", "2007-03-31": "39.09500", "2006-12-31": "29.89300", "2006-09-30": "25.21700", "2006-06-30": "19.08400", "2006-03-31": "27.97900", "2005-12-31": "17.26900", "2005-09-30": "16.80800", "2005-06-30": "14.77800", "2005-03-31": "10.33000"}, "Income From Discontinued Operations": {"2020-12-31": "", "2020-09-30": "", "2020-06-30": "", "2020-03-31": "", "2019-12-31": "", "2019-09-30": "", "2019-06-30": "", "2019-03-31": "", "2018-12-31": "", "2018-09-30": "", "2018-06-30": "", "2018-03-31": "", "2017-12-31": "", "2017-09-30": "", "2017-06-30": "", "2017-03-31": "", "2016-12-31": "", "2016-09-30": "", "2016-06-30": "", "2016-03-31": "", "2015-12-31": "", "2015-09-30": "", "2015-06-30": "", "2015-03-31": "", "2014-12-31": "", "2014-09-30": "", "2014-06-30": "", "2014-03-31": "", "2013-12-31": "", "2013-09-30": "", "2013-06-30": "", "2013-03-31": "", "2012-12-31": "", "2012-09-30": "", "2012-06-30": "", "2012-03-31": "", "2011-12-31": "", "2011-09-30": "", "2011-06-30": "", "2011-03-31": "", "2010-12-31": "", "2010-09-30": "", "2010-06-30": "", "2010-03-31": "", "2009-12-31": "", "2009-09-30": "", "2009-06-30": "", "2009-03-31": "", "2008-12-31": "", "2008-09-30": "", "2008-06-30": "", "2008-03-31": "", "2007-12-31": "", "2007-09-30": "", "2007-06-30": "", "2007-03-31": "", "2006-12-31": "", "2006-09-30": "", "2006-06-30": "", "2006-03-31": "", "2005-12-31": "", "2005-09-30": "", "2005-06-30": "", "2005-03-31": ""}, "Net Income": {"2020-12-31": "135.19800", "2020-09-30": "26.82900", "2020-06-30": "67.28500", "2020-03-31": "88.49600", "2019-12-31": "48.75300", "2019-09-30": "43.91800", "2019-06-30": "39.57400", "2019-03-31": "73.44000", "2018-12-31": "98.21900", "2018-09-30": "26.71600", "2018-06-30": "3.11600", "2018-03-31": "65.21600", "2017-12-31": "-53.30200", "2017-09-30": "26.47400", "2017-06-30": "76.04300", "2017-03-31": "50.59000", "2016-12-31": "53.37400", "2016-09-30": "23.93300", "2016-06-30": "63.62800", "2016-03-31": "67.39800", "2015-12-31": "30.90100", "2015-09-30": "46.55300", "2015-06-30": "35.50600", "2015-03-31": "57.97400", "2014-12-31": "41.35700", "2014-09-30": "45.94100", "2014-06-30": "39.77900", "2014-03-31": "75.86800", "2013-12-31": "44.51500", "2013-09-30": "45.79500", "2013-06-30": "30.21600", "2013-03-31": "61.91100", "2012-12-31": "51.34900", "2012-09-30": "51.49400", "2012-06-30": "51.52900", "2012-03-31": "88.12000", "2011-12-31": "73.15900", "2011-09-30": "79.07100", "2011-06-30": "61.74800", "2011-03-31": "82.06100", "2010-12-31": "86.38700", "2010-09-30": "65.01100", "2010-06-30": "63.45200", "2010-03-31": "85.89800", "2009-12-31": "69.08600", "2009-09-30": "44.29900", "2009-06-30": "51.14600", "2009-03-31": "69.45100", "2008-12-31": "78.09500", "2008-09-30": "48.55900", "2008-06-30": "46.44800", "2008-03-31": "56.77800", "2007-12-31": "47.67300", "2007-09-30": "44.15800", "2007-06-30": "29.68500", "2007-03-31": "39.09500", "2006-12-31": "29.89300", "2006-09-30": "25.21700", "2006-06-30": "19.08400", "2006-03-31": "27.97900", "2005-12-31": "17.26900", "2005-09-30": "16.80800", "2005-06-30": "14.77800", "2005-03-31": "10.33000"}, "EBITDA": {"2020-12-31": "187.24400", "2020-09-30": "57.30200", "2020-06-30": "58.03700", "2020-03-31": "126.09200", "2019-12-31": "68.98900", "2019-09-30": "73.56800", "2019-06-30": "56.25200", "2019-03-31": "123.72900", "2018-12-31": "89.00900", "2018-09-30": "32.86600", "2018-06-30": "13.68300", "2018-03-31": "106.13500", "2017-12-31": "114.57700", "2017-09-30": "42.29700", "2017-06-30": "117.11500", "2017-03-31": "86.24800", "2016-12-31": "88.53900", "2016-09-30": "50.94410", "2016-06-30": "102.73400", "2016-03-31": "104.48600", "2015-12-31": "62.60700", "2015-09-30": "56.44110", "2015-06-30": "64.54700", "2015-03-31": "98.08100", "2014-12-31": "72.45400", "2014-09-30": "74.92300", "2014-06-30": "66.91500", "2014-03-31": "119.95100", "2013-12-31": "74.60500", "2013-09-30": "72.86300", "2013-06-30": "52.29100", "2013-03-31": "99.63200", "2012-12-31": "83.95500", "2012-09-30": "88.07500", "2012-06-30": "83.18500", "2012-03-31": "135.60600", "2011-12-31": "116.14200", "2011-09-30": "126.88800", "2011-06-30": "105.40500", "2011-03-31": "136.54600", "2010-12-31": "121.97600", "2010-09-30": "109.31700", "2010-06-30": "106.49700", "2010-03-31": "143.77600", "2009-12-31": "113.84600", "2009-09-30": "74.14000", "2009-06-30": "87.01200", "2009-03-31": "114.86900", "2008-12-31": "121.96600", "2008-09-30": "74.12800", "2008-06-30": "75.03000", "2008-03-31": "91.84400", "2007-12-31": "72.49900", "2007-09-30": "54.64200", "2007-06-30": "43.11700", "2007-03-31": "58.83300", "2006-12-31": "42.49000", "2006-09-30": "40.05800", "2006-06-30": "30.42800", "2006-03-31": "44.47400", "2005-12-31": "27.48500", "2005-09-30": "25.76800", "2005-06-30": "28.32400", "2005-03-31": "20.85000"}, "EBIT": {"2020-12-31": "164.74700", "2020-09-30": "30.06800", "2020-06-30": "34.13900", "2020-03-31": "105.94500", "2019-12-31": "48.59000", "2019-09-30": "51.22000", "2019-06-30": "34.25600", "2019-03-31": "102.93000", "2018-12-31": "68.67100", "2018-09-30": "12.55400", "2018-06-30": "-7.60500", "2018-03-31": "84.60300", "2017-12-31": "93.95300", "2017-09-30": "21.85100", "2017-06-30": "95.93200", "2017-03-31": "63.28300", "2016-12-31": "66.06700", "2016-09-30": "29.08510", "2016-06-30": "81.19500", "2016-03-31": "82.32700", "2015-12-31": "39.18800", "2015-09-30": "36.13700", "2015-06-30": "44.94500", "2015-03-31": "78.60700", "2014-12-31": "53.53900", "2014-09-30": "58.29400", "2014-06-30": "50.57600", "2014-03-31": "104.91800", "2013-12-31": "59.93000", "2013-09-30": "57.10000", "2013-06-30": "36.94800", "2013-03-31": "84.18200", "2012-12-31": "67.03200", "2012-09-30": "71.52800", "2012-06-30": "68.12500", "2012-03-31": "121.04600", "2011-12-31": "101.29300", "2011-09-30": "112.15600", "2011-06-30": "87.90500", "2011-03-31": "120.47000", "2010-12-31": "109.20200", "2010-09-30": "97.19100", "2010-06-30": "95.94000", "2010-03-31": "132.07800", "2009-12-31": "104.17200", "2009-09-30": "65.26200", "2009-06-30": "78.41900", "2009-03-31": "105.51200", "2008-12-31": "114.47300", "2008-09-30": "66.68400", "2008-06-30": "68.20600", "2008-03-31": "84.52500", "2007-12-31": "67.36800", "2007-09-30": "51.22900", "2007-06-30": "40.11900", "2007-03-31": "56.33800", "2006-12-31": "39.26600", "2006-09-30": "36.64800", "2006-06-30": "27.18100", "2006-03-31": "41.37900", "2005-12-31": "24.37500", "2005-09-30": "22.61900", "2005-06-30": "25.26600", "2005-03-31": "18.03600"}, "Basic Shares Outstanding": {"2020-12-31": "100.71600", "2020-09-30": "100.56400", "2020-06-30": "100.59300", "2020-03-31": "100.85400", "2019-12-31": "100.33600", "2019-09-30": "101.62900", "2019-06-30": "101.21800", "2019-03-31": "102.14100", "2018-12-31": "102.67700", "2018-09-30": "103.37700", "2018-06-30": "103.83600", "2018-03-31": "103.77100", "2017-12-31": "102.55200", "2017-09-30": "101.78400", "2017-06-30": "101.90500", "2017-03-31": "101.78700", "2016-12-31": "101.48300", "2016-09-30": "100.71700", "2016-06-30": "100.53300", "2016-03-31": "100.45600", "2015-12-31": "100.73400", "2015-09-30": "102.35400", "2015-06-30": "102.67000", "2015-03-31": "102.50900", "2014-12-31": "102.30300", "2014-09-30": "102.15100", "2014-06-30": "102.35000", "2014-03-31": "102.29100", "2013-12-31": "101.75000", "2013-09-30": "101.87900", "2013-06-30": "101.75100", "2013-03-31": "101.63800", "2012-12-31": "102.36100", "2012-09-30": "106.92600", "2012-06-30": "106.32800", "2012-03-31": "108.41500", "2011-12-31": "108.88400", "2011-09-30": "111.44400", "2011-06-30": "111.49400", "2011-03-31": "112.14000", "2010-12-31": "112.03500", "2010-09-30": "113.45200", "2010-06-30": "113.25400", "2010-03-31": "113.98500", "2009-12-31": "114.08500", "2009-09-30": "113.10100", "2009-06-30": "113.26100", "2009-03-31": "112.85200", "2008-12-31": "112.60800", "2008-09-30": "111.49200", "2008-06-30": "111.84400", "2008-03-31": "111.19200", "2007-12-31": "110.59200", "2007-09-30": "109.20200", "2007-06-30": "109.69200", "2007-03-31": "109.05500", "2006-12-31": "107.94700", "2006-09-30": "105.68800", "2006-06-30": "106.23800", "2006-03-31": "105.25400", "2005-12-31": "104.29500", "2005-09-30": "96.96900", "2005-06-30": "103.41000", "2005-03-31": "94.80600"}, "Shares Outstanding": {"2020-12-31": "103.87600", "2020-09-30": "102.94400", "2020-06-30": "102.07500", "2020-03-31": "102.77300", "2019-12-31": "103.07800", "2019-09-30": "104.57200", "2019-06-30": "103.71700", "2019-03-31": "104.58700", "2018-12-31": "106.13000", "2018-09-30": "106.97800", "2018-06-30": "106.95000", "2018-03-31": "107.00100", "2017-12-31": "102.55200", "2017-09-30": "103.28600", "2017-06-30": "104.22200", "2017-03-31": "103.88300", "2016-12-31": "103.87600", "2016-09-30": "102.42400", "2016-06-30": "102.67700", "2016-03-31": "101.55500", "2015-12-31": "101.93100", "2015-09-30": "103.86200", "2015-06-30": "104.10500", "2015-03-31": "103.90400", "2014-12-31": "104.27500", "2014-09-30": "103.63200", "2014-06-30": "103.94200", "2014-03-31": "103.93400", "2013-12-31": "103.19200", "2013-09-30": "102.78800", "2013-06-30": "103.03100", "2013-03-31": "102.68000", "2012-12-31": "103.52300", "2012-09-30": "107.54100", "2012-06-30": "107.20200", "2012-03-31": "109.17000", "2011-12-31": "109.44300", "2011-09-30": "112.55400", "2011-06-30": "112.34900", "2011-03-31": "113.34600", "2010-12-31": "113.71300", "2010-09-30": "115.38800", "2010-06-30": "115.28200", "2010-03-31": "115.99500", "2009-12-31": "116.13800", "2009-09-30": "115.36700", "2009-06-30": "115.52800", "2009-03-31": "115.05900", "2008-12-31": "114.87000", "2008-09-30": "114.78100", "2008-06-30": "114.87500", "2008-03-31": "114.73600", "2007-12-31": "114.70000", "2007-09-30": "113.57300", "2007-06-30": "113.69600", "2007-03-31": "113.41200", "2006-12-31": "112.76700", "2006-09-30": "111.65800", "2006-06-30": "111.98300", "2006-03-31": "111.38700", "2005-12-31": "110.19000", "2005-09-30": "104.22000", "2005-06-30": "112.75000", "2005-03-31": "105.54400"}, "Basic EPS": {"2020-12-31": "1.34000", "2020-09-30": "0.26000", "2020-06-30": "0.67000", "2020-03-31": "0.88000", "2019-12-31": "0.49000", "2019-09-30": "0.44000", "2019-06-30": "0.39000", "2019-03-31": "0.72000", "2018-12-31": "0.96000", "2018-09-30": "0.26000", "2018-06-30": "0.03000", "2018-03-31": "0.63000", "2017-12-31": "-0.52000", "2017-09-30": "0.25000", "2017-06-30": "0.75000", "2017-03-31": "0.50000", "2016-12-31": "0.53000", "2016-09-30": "0.24000", "2016-06-30": "0.63000", "2016-03-31": "0.67000", "2015-12-31": "0.31000", "2015-09-30": "0.45000", "2015-06-30": "0.35000", "2015-03-31": "0.57000", "2014-12-31": "0.40000", "2014-09-30": "0.45000", "2014-06-30": "0.39000", "2014-03-31": "0.74000", "2013-12-31": "0.44000", "2013-09-30": "0.45000", "2013-06-30": "0.30000", "2013-03-31": "0.61000", "2012-12-31": "0.50000", "2012-09-30": "0.51000", "2012-06-30": "0.48000", "2012-03-31": "0.81000", "2011-12-31": "0.67000", "2011-09-30": "0.73000", "2011-06-30": "0.55000", "2011-03-31": "0.73000", "2010-12-31": "0.77000", "2010-09-30": "0.58000", "2010-06-30": "0.56000", "2010-03-31": "0.75000", "2009-12-31": "0.61000", "2009-09-30": "0.39000", "2009-06-30": "0.45000", "2009-03-31": "0.62000", "2008-12-31": "0.69000", "2008-09-30": "0.43000", "2008-06-30": "0.42000", "2008-03-31": "0.51000", "2007-12-31": "0.43000", "2007-09-30": "0.40000", "2007-06-30": "0.27000", "2007-03-31": "0.36000", "2006-12-31": "0.28000", "2006-09-30": "0.23000", "2006-06-30": "0.18000", "2006-03-31": "0.27000", "2005-12-31": "0.17000", "2005-09-30": "0.17000", "2005-06-30": "0.14000", "2005-03-31": "0.11000"}, "EPS - Earnings Per Share": {"2020-12-31": "1.30000", "2020-09-30": "0.26000", "2020-06-30": "0.66000", "2020-03-31": "0.86000", "2019-12-31": "0.47000", "2019-09-30": "0.43000", "2019-06-30": "0.38000", "2019-03-31": "0.70000", "2018-12-31": "0.93000", "2018-09-30": "0.27000", "2018-06-30": "0.03000", "2018-03-31": "0.61000", "2017-12-31": "-0.52000", "2017-09-30": "0.27000", "2017-06-30": "0.73000", "2017-03-31": "0.49000", "2016-12-31": "0.51000", "2016-09-30": "0.23000", "2016-06-30": "0.62000", "2016-03-31": "0.66000", "2015-12-31": "0.30000", "2015-09-30": "0.45000", "2015-06-30": "0.34000", "2015-03-31": "0.56000", "2014-12-31": "0.40000", "2014-09-30": "0.45000", "2014-06-30": "0.38000", "2014-03-31": "0.73000", "2013-12-31": "0.43000", "2013-09-30": "0.45000", "2013-06-30": "0.29000", "2013-03-31": "0.60000", "2012-12-31": "0.50000", "2012-09-30": "0.50000", "2012-06-30": "0.48000", "2012-03-31": "0.81000", "2011-12-31": "0.67000", "2011-09-30": "0.72000", "2011-06-30": "0.55000", "2011-03-31": "0.72000", "2010-12-31": "0.76000", "2010-09-30": "0.58000", "2010-06-30": "0.55000", "2010-03-31": "0.74000", "2009-12-31": "0.59000", "2009-09-30": "0.39000", "2009-06-30": "0.44000", "2009-03-31": "0.60000", "2008-12-31": "0.68000", "2008-09-30": "0.43000", "2008-06-30": "0.40000", "2008-03-31": "0.49000", "2007-12-31": "0.42000", "2007-09-30": "0.39000", "2007-06-30": "0.26000", "2007-03-31": "0.34000", "2006-12-31": "0.27000", "2006-09-30": "0.22000", "2006-06-30": "0.17000", "2006-03-31": "0.25000", "2005-12-31": "0.16000", "2005-09-30": "0.16000", "2005-06-30": "0.13000", "2005-03-31": "0.10000"}}, "balance sheet": {"Cash On Hand": {"2020-09-30": "1126.92700", "2019-09-30": "924.73900", "2018-09-30": "1103.38800", "2017-09-30": "882.12510", "2016-09-30": "641.38600", "2015-09-30": "673.76300", "2014-09-30": "801.82200", "2013-09-30": "597.83900", "2012-09-30": "795.29300", "2011-09-30": "942.79300", "2010-09-30": "848.13000", "2009-09-30": "735.48600", "2008-09-30": "514.42800", "2007-09-30": "599.68400", "2006-09-30": "485.69900", "2005-09-30": "372.60800"}, "Receivables": {"2020-09-30": "180.34000", "2019-09-30": "189.11500", "2018-09-30": "166.13300", "2017-09-30": "73.75000", "2016-09-30": "75.68800", "2015-09-30": "101.56300", "2014-09-30": "86.16800", "2013-09-30": "97.46000", "2012-09-30": "43.49500", "2011-09-30": "61.81500", "2010-09-30": "54.25700", "2009-09-30": "22.98100", "2008-09-30": "27.65000", "2007-09-30": "28.16500", "2006-09-30": "23.55000", "2005-09-30": "33.24200"}, "Inventory": {"2020-09-30": "25.55000", "2019-09-30": "32.33100", "2018-09-30": "26.20600", "2017-09-30": "25.05100", "2016-09-30": "16.35400", "2015-09-30": "13.87200", "2014-09-30": "8.53600", "2013-09-30": "10.09300", "2012-09-30": "16.70000", "2011-09-30": "26.24400", "2010-09-30": "28.33800", "2009-09-30": "12.97500", "2008-09-30": "18.13300", "2007-09-30": "14.88300", "2006-09-30": "11.10400", "2005-09-30": "11.72200"}, "Pre-Paid Expenses": {"2020-09-30": "53.02200", "2019-09-30": "39.70400", "2018-09-30": "34.89000", "2017-09-30": "30.50800", "2016-09-30": "26.30200", "2015-09-30": "32.03100", "2014-09-30": "22.88000", "2013-09-30": "28.94900", "2012-09-30": "33.83200", "2011-09-30": "36.87700", "2010-09-30": "26.93000", "2009-09-30": "45.95800", "2008-09-30": "39.83400", "2007-09-30": "17.00000", "2006-09-30": "7.71100", "2005-09-30": "5.43300"}, "Other Current Assets": {"2020-09-30": "161.35700", "2019-09-30": "195.65100", "2018-09-30": "165.95900", "2017-09-30": "", "2016-09-30": "", "2015-09-30": "", "2014-09-30": "", "2013-09-30": "", "2012-09-30": "", "2011-09-30": "", "2010-09-30": "", "2009-09-30": "", "2008-09-30": "", "2007-09-30": "", "2006-09-30": "", "2005-09-30": ""}, "Total Current Assets": {"2020-09-30": "1547.19600", "2019-09-30": "1381.54000", "2018-09-30": "1496.57600", "2017-09-30": "1011.43400", "2016-09-30": "759.73000", "2015-09-30": "821.22900", "2014-09-30": "1005.85100", "2013-09-30": "818.57900", "2012-09-30": "970.28600", "2011-09-30": "1158.59800", "2010-09-30": "1060.41300", "2009-09-30": "900.83800", "2008-09-30": "691.86900", "2007-09-30": "733.41800", "2006-09-30": "572.63200", "2005-09-30": "454.18800"}, "Property, Plant, And Equipment": {"2020-09-30": "541.96300", "2019-09-30": "537.43200", "2018-09-30": "514.18200", "2017-09-30": "485.27500", "2016-09-30": "443.65600", "2015-09-30": "403.09100", "2014-09-30": "289.75500", "2013-09-30": "242.91700", "2012-09-30": "254.67600", "2011-09-30": "117.10700", "2010-09-30": "94.09700", "2009-09-30": "92.17800", "2008-09-30": "87.91500", "2007-09-30": "85.55200", "2006-09-30": "76.99500", "2005-09-30": "76.46200"}, "Long-Term Investments": {"2020-09-30": "52.14900", "2019-09-30": "179.58700", "2018-09-30": "187.78200", "2017-09-30": "314.36400", "2016-09-30": "393.90400", "2015-09-30": "321.01500", "2014-09-30": "296.33500", "2013-09-30": "306.33800", "2012-09-30": "361.61400", "2011-09-30": "272.79700", "2010-09-30": "190.83700", "2009-09-30": "205.93800", "2008-09-30": "180.99600", "2007-09-30": "73.22400", "2006-09-30": "32.90900", "2005-09-30": ""}, "Goodwill And Intangible Assets": {"2020-09-30": "489.37600", "2019-09-30": "515.72000", "2018-09-30": "512.00100", "2017-09-30": "500.73500", "2016-09-30": "524.95800", "2015-09-30": "435.21500", "2014-09-30": "341.27400", "2013-09-30": "321.03900", "2012-09-30": "337.90100", "2011-09-30": "314.83300", "2010-09-30": "331.59900", "2009-09-30": "343.15600", "2008-09-30": "333.41600", "2007-09-30": "74.75300", "2006-09-30": "38.14200", "2005-09-30": "41.04900"}, "Other Long-Term Assets": {"2020-09-30": "91.24500", "2019-09-30": "93.39500", "2018-09-30": "80.08000", "2017-09-30": "30.83100", "2016-09-30": "21.06800", "2015-09-30": "9.46400", "2014-09-30": "9.05100", "2013-09-30": "11.63800", "2012-09-30": "13.68700", "2011-09-30": "6.27300", "2010-09-30": "14.87800", "2009-09-30": "15.45000", "2008-09-30": "17.05000", "2007-09-30": "12.35700", "2006-09-30": "7.51000", "2005-09-30": "7.79700"}, "Total Long-Term Assets": {"2020-09-30": "1370.12900", "2019-09-30": "1440.20900", "2018-09-30": "1368.81100", "2017-09-30": "1522.12000", "2016-09-30": "1550.37600", "2015-09-30": "1312.06400", "2014-09-30": "978.16100", "2013-09-30": "919.36600", "2012-09-30": "990.51200", "2011-09-30": "725.78900", "2010-09-30": "651.35900", "2009-09-30": "680.47700", "2008-09-30": "644.27700", "2007-09-30": "258.27900", "2006-09-30": "166.65600", "2005-09-30": "132.08900"}, "Total Assets": {"2020-09-30": "2917.32500", "2019-09-30": "2821.74900", "2018-09-30": "2865.38700", "2017-09-30": "2533.55400", "2016-09-30": "2310.10600", "2015-09-30": "2133.29300", "2014-09-30": "1984.01200", "2013-09-30": "1737.94500", "2012-09-30": "1960.79800", "2011-09-30": "1884.38700", "2010-09-30": "1711.77200", "2009-09-30": "1581.31500", "2008-09-30": "1336.14600", "2007-09-30": "991.69700", "2006-09-30": "739.28800", "2005-09-30": "586.27700"}, "Total Current Liabilities": {"2020-09-30": "267.10900", "2019-09-30": "306.85300", "2018-09-30": "285.19800", "2017-09-30": "245.77300", "2016-09-30": "213.08300", "2015-09-30": "209.68100", "2014-09-30": "189.37000", "2013-09-30": "172.81500", "2012-09-30": "156.84000", "2011-09-30": "159.38500", "2010-09-30": "165.75600", "2009-09-30": "156.58400", "2008-09-30": "200.67300", "2007-09-30": "143.20400", "2006-09-30": "92.85400", "2005-09-30": "72.79400"}, "Long Term Debt": {"2020-09-30": "", "2019-09-30": "", "2018-09-30": "", "2017-09-30": "", "2016-09-30": "", "2015-09-30": "", "2014-09-30": "", "2013-09-30": "", "2012-09-30": "", "2011-09-30": "", "2010-09-30": "", "2009-09-30": "5.82500", "2008-09-30": "7.78200", "2007-09-30": "9.69100", "2006-09-30": "10.89300", "2005-09-30": "12.12400"}, "Other Non-Current Liabilities": {"2020-09-30": "146.49600", "2019-09-30": "201.86600", "2018-09-30": "209.68600", "2017-09-30": "107.51400", "2016-09-30": "82.92200", "2015-09-30": "77.02400", "2014-09-30": "43.71500", "2013-09-30": "45.44100", "2012-09-30": "39.83700", "2011-09-30": "23.45500", "2010-09-30": "27.01500", "2009-09-30": "31.46900", "2008-09-30": "55.51200", "2007-09-30": "36.57300", "2006-09-30": "36.69000", "2005-09-30": "40.22000"}, "Total Long Term Liabilities": {"2020-09-30": "211.81100", "2019-09-30": "201.86600", "2018-09-30": "209.68600", "2017-09-30": "143.93900", "2016-09-30": "118.28800", "2015-09-30": "107.60500", "2014-09-30": "62.99400", "2013-09-30": "65.10400", "2012-09-30": "60.72500", "2011-09-30": "39.65200", "2010-09-30": "51.33700", "2009-09-30": "61.62600", "2008-09-30": "86.22000", "2007-09-30": "51.33700", "2006-09-30": "52.14600", "2005-09-30": "52.34400"}, "Total Liabilities": {"2020-09-30": "478.92000", "2019-09-30": "508.71900", "2018-09-30": "494.88400", "2017-09-30": "389.71200", "2016-09-30": "331.37100", "2015-09-30": "317.28600", "2014-09-30": "252.36400", "2013-09-30": "237.91900", "2012-09-30": "217.56500", "2011-09-30": "199.03700", "2010-09-30": "217.09300", "2009-09-30": "218.21000", "2008-09-30": "286.89300", "2007-09-30": "194.54100", "2006-09-30": "145.00000", "2005-09-30": "125.13800"}, "Common Stock Net": {"2020-09-30": "0.09900", "2019-09-30": "0.09900", "2018-09-30": "0.10200", "2017-09-30": "0.10100", "2016-09-30": "0.10100", "2015-09-30": "0.10200", "2014-09-30": "0.10300", "2013-09-30": "0.10200", "2012-09-30": "0.10300", "2011-09-30": "0.11000", "2010-09-30": "0.11200", "2009-09-30": "0.11300", "2008-09-30": "0.11200", "2007-09-30": "0.11000", "2006-09-30": "0.10700", "2005-09-30": "0.10400"}, "Retained Earnings (Accumulated Deficit)": {"2020-09-30": "2443.13800", "2019-09-30": "2327.87700", "2018-09-30": "2313.53900", "2017-09-30": "2083.06300", "2016-09-30": "1938.32000", "2015-09-30": "1800.85700", "2014-09-30": "1660.48500", "2013-09-30": "1454.38200", "2012-09-30": "1709.47900", "2011-09-30": "1445.18900", "2010-09-30": "1135.92200", "2009-09-30": "852.47500", "2008-09-30": "609.49500", "2007-09-30": "409.74900", "2006-09-30": "266.91800", "2005-09-30": "177.36900"}, "Comprehensive Income": {"2020-09-30": "-10.59400", "2019-09-30": "-20.62500", "2018-09-30": "-15.83200", "2017-09-30": "-7.75300", "2016-09-30": "-10.19700", "2015-09-30": "-11.46200", "2014-09-30": "3.01400", "2013-09-30": "7.81400", "2012-09-30": "10.68700", "2011-09-30": "7.53300", "2010-09-30": "7.80100", "2009-09-30": "9.54100", "2008-09-30": "4.73900", "2007-09-30": "11.46700", "2006-09-30": "3.81400", "2005-09-30": "1.73400"}, "Other Share Holders Equity": {"2020-09-30": "5.76200", "2019-09-30": "5.67900", "2018-09-30": "6.56700", "2017-09-30": "7.10000", "2016-09-30": "8.47900", "2015-09-30": "8.93900", "2014-09-30": "21.63100", "2013-09-30": "18.91600", "2012-09-30": "22.96400", "2011-09-30": "21.83700", "2010-09-30": "20.94200", "2009-09-30": "21.99700", "2008-09-30": "", "2007-09-30": "", "2006-09-30": "", "2005-09-30": ""}, "Share Holder Equity": {"2020-09-30": "2438.40500", "2019-09-30": "2313.03000", "2018-09-30": "2370.50300", "2017-09-30": "2143.84200", "2016-09-30": "1978.73500", "2015-09-30": "1816.00700", "2014-09-30": "1731.64800", "2013-09-30": "1500.02600", "2012-09-30": "1743.23300", "2011-09-30": "1685.35000", "2010-09-30": "1494.67900", "2009-09-30": "1363.10500", "2008-09-30": "1049.25300", "2007-09-30": "797.15600", "2006-09-30": "594.28800", "2005-09-30": "461.13900"}, "Total Liabilities And Share Holders Equity": {"2020-09-30": "2917.32500", "2019-09-30": "2821.74900", "2018-09-30": "2865.38700", "2017-09-30": "2533.55400", "2016-09-30": "2310.10600", "2015-09-30": "2133.29300", "2014-09-30": "1984.01200", "2013-09-30": "1737.94500", "2012-09-30": "1960.79800", "2011-09-30": "1884.38700", "2010-09-30": "1711.77200", "2009-09-30": "1581.31500", "2008-09-30": "1336.14600", "2007-09-30": "991.69700", "2006-09-30": "739.28800", "2005-09-30": "586.27700"}}, "balance sheet, quarterly": {"Cash On Hand": {"2020-12-31": "1171.68600", "2020-09-30": "1126.92700", "2020-06-30": "1052.77600", "2020-03-31": "909.30300", "2019-12-31": "923.38900", "2019-09-30": "924.73900", "2019-06-30": "844.78200", "2019-03-31": "893.54500", "2018-12-31": "975.34300", "2018-09-30": "1103.38800", "2018-06-30": "1032.74700", "2018-03-31": "954.09800", "2017-12-31": "856.62700", "2017-09-30": "882.12510", "2017-06-30": "846.46800", "2017-03-31": "733.25700", "2016-12-31": "682.73100", "2016-09-30": "641.38600", "2016-06-30": "724.44200", "2016-03-31": "630.74710", "2015-12-31": "610.57400", "2015-09-30": "673.76300", "2015-06-30": "638.62000", "2015-03-31": "704.31400", "2014-12-31": "622.59800", "2014-09-30": "801.82200", "2014-06-30": "774.87700", "2014-03-31": "741.32500", "2013-12-31": "667.39500", "2013-09-30": "597.83900", "2013-06-30": "517.90300", "2013-03-31": "452.92300", "2012-12-31": "434.87400", "2012-09-30": "795.29300", "2012-06-30": "992.80700", "2012-03-31": "1098.72300", "2011-12-31": "1021.82600", "2011-09-30": "942.79300", "2011-06-30": "903.67100", "2011-03-31": "787.08600", "2010-12-31": "704.23100", "2010-09-30": "848.13000", "2010-06-30": "822.86900", "2010-03-31": "799.44600", "2009-12-31": "779.00500", "2009-09-30": "735.48600", "2009-06-30": "574.65500", "2009-03-31": "566.07100", "2008-12-31": "583.55700", "2008-09-30": "514.42800", "2008-06-30": "419.45900", "2008-03-31": "376.40700", "2007-12-31": "480.97300", "2007-09-30": "599.68400", "2007-06-30": "536.45700", "2007-03-31": "532.39300", "2006-12-31": "528.39400", "2006-09-30": "485.69900", "2006-06-30": "447.80500", "2006-03-31": "450.82600", "2005-12-31": "404.68700", "2005-09-30": "372.60800", "2005-06-30": "361.72600", "2005-03-31": "350.65000"}, "Receivables": {"2020-12-31": "293.94800", "2020-09-30": "180.34000", "2020-06-30": "247.48600", "2020-03-31": "247.04300", "2019-12-31": "191.00100", "2019-09-30": "189.11500", "2019-06-30": "231.18500", "2019-03-31": "178.61700", "2018-12-31": "181.61400", "2018-09-30": "166.13300", "2018-06-30": "149.58200", "2018-03-31": "141.25700", "2017-12-31": "122.91700", "2017-09-30": "73.75000", "2017-06-30": "82.10200", "2017-03-31": "88.21600", "2016-12-31": "81.39300", "2016-09-30": "75.68800", "2016-06-30": "91.63700", "2016-03-31": "102.08300", "2015-12-31": "89.93500", "2015-09-30": "101.56300", "2015-06-30": "103.92100", "2015-03-31": "98.56200", "2014-12-31": "117.24000", "2014-09-30": "86.16800", "2014-06-30": "95.25900", "2014-03-31": "109.14300", "2013-12-31": "75.94900", "2013-09-30": "97.46000", "2013-06-30": "74.52800", "2013-03-31": "91.20100", "2012-12-31": "51.79700", "2012-09-30": "43.49500", "2012-06-30": "46.03400", "2012-03-31": "57.76200", "2011-12-31": "54.21100", "2011-09-30": "61.81500", "2011-06-30": "39.37000", "2011-03-31": "73.65700", "2010-12-31": "68.63800", "2010-09-30": "54.25700", "2010-06-30": "47.65000", "2010-03-31": "44.42700", "2009-12-31": "43.50700", "2009-09-30": "22.98100", "2009-06-30": "49.81700", "2009-03-31": "45.24500", "2008-12-31": "23.66700", "2008-09-30": "27.65000", "2008-06-30": "45.93300", "2008-03-31": "43.39900", "2007-12-31": "37.95500", "2007-09-30": "28.16500", "2007-06-30": "45.89600", "2007-03-31": "45.65900", "2006-12-31": "18.47200", "2006-09-30": "23.55000", "2006-06-30": "37.46200", "2006-03-31": "30.58000", "2005-12-31": "31.62500", "2005-09-30": "33.24200", "2005-06-30": "19.49700", "2005-03-31": "19.19400"}, "Inventory": {"2020-12-31": "20.10800", "2020-09-30": "25.55000", "2020-06-30": "29.33000", "2020-03-31": "28.33100", "2019-12-31": "29.10400", "2019-09-30": "32.33100", "2019-06-30": "38.90800", "2019-03-31": "34.63200", "2018-12-31": "27.76500", "2018-09-30": "26.20600", "2018-06-30": "23.93200", "2018-03-31": "24.06600", "2017-12-31": "24.86200", "2017-09-30": "25.05100", "2017-06-30": "19.95000", "2017-03-31": "17.69700", "2016-12-31": "14.77300", "2016-09-30": "16.35400", "2016-06-30": "18.54400", "2016-03-31": "17.25900", "2015-12-31": "14.23700", "2015-09-30": "13.87200", "2015-06-30": "20.07000", "2015-03-31": "23.76100", "2014-12-31": "28.29100", "2014-09-30": "8.53600", "2014-06-30": "9.18500", "2014-03-31": "9.56900", "2013-12-31": "8.25300", "2013-09-30": "10.09300", "2013-06-30": "12.79500", "2013-03-31": "19.48700", "2012-12-31": "21.02300", "2012-09-30": "16.70000", "2012-06-30": "12.76000", "2012-03-31": "16.56200", "2011-12-31": "33.51500", "2011-09-30": "26.24400", "2011-06-30": "23.41600", "2011-03-31": "31.38200", "2010-12-31": "27.79900", "2010-09-30": "28.33800", "2010-06-30": "16.98900", "2010-03-31": "10.44600", "2009-12-31": "9.49300", "2009-09-30": "12.97500", "2009-06-30": "9.98600", "2009-03-31": "14.11300", "2008-12-31": "16.31600", "2008-09-30": "18.13300", "2008-06-30": "22.00000", "2008-03-31": "20.15300", "2007-12-31": "14.58500", "2007-09-30": "14.88300", "2007-06-30": "14.09100", "2007-03-31": "13.21200", "2006-12-31": "11.58500", "2006-09-30": "11.10400", "2006-06-30": "11.95700", "2006-03-31": "13.14600", "2005-12-31": "10.40900", "2005-09-30": "11.72200", "2005-06-30": "9.14300", "2005-03-31": "8.19500"}, "Pre-Paid Expenses": {"2020-12-31": "51.39000", "2020-09-30": "53.02200", "2020-06-30": "45.52400", "2020-03-31": "51.15600", "2019-12-31": "52.55100", "2019-09-30": "39.70400", "2019-06-30": "41.03000", "2019-03-31": "44.05000", "2018-12-31": "39.60100", "2018-09-30": "34.89000", "2018-06-30": "32.67200", "2018-03-31": "35.24400", "2017-12-31": "31.10500", "2017-09-30": "30.50800", "2017-06-30": "29.79000", "2017-03-31": "32.50100", "2016-12-31": "32.11900", "2016-09-30": "26.30200", "2016-06-30": "37.30600", "2016-03-31": "36.19800", "2015-12-31": "23.19500", "2015-09-30": "32.03100", "2015-06-30": "45.55100", "2015-03-31": "34.52300", "2014-12-31": "37.09200", "2014-09-30": "22.88000", "2014-06-30": "22.44600", "2014-03-31": "24.37700", "2013-12-31": "25.58400", "2013-09-30": "28.94900", "2013-06-30": "30.20000", "2013-03-31": "29.43200", "2012-12-31": "28.20300", "2012-09-30": "33.83200", "2012-06-30": "27.44700", "2012-03-31": "26.09900", "2011-12-31": "26.91600", "2011-09-30": "36.87700", "2011-06-30": "36.05800", "2011-03-31": "35.65400", "2010-12-31": "25.47500", "2010-09-30": "26.93000", "2010-06-30": "23.00700", "2010-03-31": "27.86400", "2009-12-31": "34.56900", "2009-09-30": "45.95800", "2009-06-30": "35.49800", "2009-03-31": "29.34400", "2008-12-31": "34.23600", "2008-09-30": "39.83400", "2008-06-30": "47.01800", "2008-03-31": "27.59600", "2007-12-31": "19.58500", "2007-09-30": "17.00000", "2007-06-30": "13.81900", "2007-03-31": "13.06700", "2006-12-31": "8.35800", "2006-09-30": "7.71100", "2006-06-30": "4.83400", "2006-03-31": "3.91900", "2005-12-31": "3.33600", "2005-09-30": "5.43300", "2005-06-30": "2.77500", "2005-03-31": "3.03800"}, "Other Current Assets": {"2020-12-31": "187.53900", "2020-09-30": "161.35700", "2020-06-30": "128.31900", "2020-03-31": "223.73900", "2019-12-31": "204.96300", "2019-09-30": "195.65100", "2019-06-30": "182.91200", "2019-03-31": "244.91700", "2018-12-31": "199.48000", "2018-09-30": "165.95900", "2018-06-30": "", "2018-03-31": "", "2017-12-31": "", "2017-09-30": "", "2017-06-30": "", "2017-03-31": "", "2016-12-31": "", "2016-09-30": "", "2016-06-30": "", "2016-03-31": "", "2015-12-31": "", "2015-09-30": "", "2015-06-30": "", "2015-03-31": "", "2014-12-31": "", "2014-09-30": "", "2014-06-30": "", "2014-03-31": "", "2013-12-31": "", "2013-09-30": "", "2013-06-30": "", "2013-03-31": "", "2012-12-31": "", "2012-09-30": "", "2012-06-30": "", "2012-03-31": "", "2011-12-31": "", "2011-09-30": "", "2011-06-30": "", "2011-03-31": "", "2010-12-31": "", "2010-09-30": "", "2010-06-30": "", "2010-03-31": "", "2009-12-31": "", "2009-09-30": "", "2009-06-30": "", "2009-03-31": "", "2008-12-31": "", "2008-09-30": "", "2008-06-30": "", "2008-03-31": "", "2007-12-31": "", "2007-09-30": "", "2007-06-30": "", "2007-03-31": "", "2006-12-31": "", "2006-09-30": "", "2006-06-30": "", "2006-03-31": "", "2005-12-31": "", "2005-09-30": "", "2005-06-30": "", "2005-03-31": ""}, "Total Current Assets": {"2020-12-31": "1724.67100", "2020-09-30": "1547.19600", "2020-06-30": "1503.43500", "2020-03-31": "1459.57200", "2019-12-31": "1401.00800", "2019-09-30": "1381.54000", "2019-06-30": "1338.81700", "2019-03-31": "1395.76100", "2018-12-31": "1423.80300", "2018-09-30": "1496.57600", "2018-06-30": "1238.93300", "2018-03-31": "1154.66500", "2017-12-31": "1035.51100", "2017-09-30": "1011.43400", "2017-06-30": "978.31000", "2017-03-31": "871.67100", "2016-12-31": "811.01600", "2016-09-30": "759.73000", "2016-06-30": "871.92900", "2016-03-31": "786.28700", "2015-12-31": "737.94100", "2015-09-30": "821.22900", "2015-06-30": "895.52900", "2015-03-31": "942.01800", "2014-12-31": "892.15800", "2014-09-30": "1005.85100", "2014-06-30": "986.95000", "2014-03-31": "967.39400", "2013-12-31": "858.81100", "2013-09-30": "818.57900", "2013-06-30": "714.54000", "2013-03-31": "677.08100", "2012-12-31": "618.55800", "2012-09-30": "970.28600", "2012-06-30": "1169.03100", "2012-03-31": "1294.00500", "2011-12-31": "1229.05000", "2011-09-30": "1158.59800", "2011-06-30": "1093.91600", "2011-03-31": "1022.43500", "2010-12-31": "924.05700", "2010-09-30": "1060.41300", "2010-06-30": "1012.23800", "2010-03-31": "975.03400", "2009-12-31": "954.34100", "2009-09-30": "900.83800", "2009-06-30": "738.14800", "2009-03-31": "725.48700", "2008-12-31": "739.31200", "2008-09-30": "691.86900", "2008-06-30": "619.98600", "2008-03-31": "549.42900", "2007-12-31": "629.18400", "2007-09-30": "733.41800", "2007-06-30": "668.09400", "2007-03-31": "650.19100", "2006-12-31": "611.78900", "2006-09-30": "572.63200", "2006-06-30": "538.48300", "2006-03-31": "531.70100", "2005-12-31": "483.29500", "2005-09-30": "454.18800", "2005-06-30": "431.53500", "2005-03-31": "415.67000"}, "Property, Plant, And Equipment": {"2020-12-31": "543.55000", "2020-09-30": "541.96300", "2020-06-30": "546.65000", "2020-03-31": "551.02700", "2019-12-31": "549.49500", "2019-09-30": "537.43200", "2019-06-30": "524.64100", "2019-03-31": "537.64100", "2018-12-31": "523.19300", "2018-09-30": "514.18200", "2018-06-30": "502.04100", "2018-03-31": "500.98100", "2017-12-31": "493.17300", "2017-09-30": "485.27500", "2017-06-30": "476.35300", "2017-03-31": "471.09500", "2016-12-31": "459.70900", "2016-09-30": "443.65600", "2016-06-30": "428.22500", "2016-03-31": "416.25400", "2015-12-31": "410.06300", "2015-09-30": "403.09100", "2015-06-30": "386.44800", "2015-03-31": "358.36800", "2014-12-31": "330.24900", "2014-09-30": "289.75500", "2014-06-30": "252.38900", "2014-03-31": "242.97000", "2013-12-31": "243.71200", "2013-09-30": "242.91700", "2013-06-30": "245.66700", "2013-03-31": "249.01700", "2012-12-31": "254.36100", "2012-09-30": "254.67600", "2012-06-30": "140.12700", "2012-03-31": "135.51700", "2011-12-31": "123.53600", "2011-09-30": "117.10700", "2011-06-30": "108.33400", "2011-03-31": "103.59000", "2010-12-31": "99.10900", "2010-09-30": "94.09700", "2010-06-30": "95.48600", "2010-03-31": "100.88000", "2009-12-31": "98.29200", "2009-09-30": "92.17800", "2009-06-30": "90.57700", "2009-03-31": "86.89500", "2008-12-31": "84.80900", "2008-09-30": "87.91500", "2008-06-30": "85.77500", "2008-03-31": "84.56500", "2007-12-31": "85.07900", "2007-09-30": "85.55200", "2007-06-30": "81.45700", "2007-03-31": "79.69600", "2006-12-31": "77.17900", "2006-09-30": "76.99500", "2006-06-30": "76.80100", "2006-03-31": "75.03700", "2005-12-31": "75.25800", "2005-09-30": "76.46200", "2005-06-30": "76.56300", "2005-03-31": "78.02800"}, "Long-Term Investments": {"2020-12-31": "49.33700", "2020-09-30": "52.14900", "2020-06-30": "74.76800", "2020-03-31": "127.29400", "2019-12-31": "141.72000", "2019-09-30": "179.58700", "2019-06-30": "211.35200", "2019-03-31": "199.30200", "2018-12-31": "201.42800", "2018-09-30": "187.78200", "2018-06-30": "243.17900", "2018-03-31": "262.06200", "2017-12-31": "303.50100", "2017-09-30": "314.36400", "2017-06-30": "303.32000", "2017-03-31": "326.80000", "2016-12-31": "350.36000", "2016-09-30": "393.90400", "2016-06-30": "266.43100", "2016-03-31": "268.09100", "2015-12-31": "266.90400", "2015-09-30": "321.01500", "2015-06-30": "373.49800", "2015-03-31": "330.29800", "2014-12-31": "318.44800", "2014-09-30": "296.33500", "2014-06-30": "313.50500", "2014-03-31": "304.37600", "2013-12-31": "293.71900", "2013-09-30": "306.33800", "2013-06-30": "335.37100", "2013-03-31": "327.94600", "2012-12-31": "308.27700", "2012-09-30": "361.61400", "2012-06-30": "295.95000", "2012-03-31": "209.80400", "2011-12-31": "247.27300", "2011-09-30": "272.79700", "2011-06-30": "280.38000", "2011-03-31": "347.09200", "2010-12-31": "367.72700", "2010-09-30": "190.83700", "2010-06-30": "222.66400", "2010-03-31": "249.63300", "2009-12-31": "246.02200", "2009-09-30": "205.93800", "2009-06-30": "289.74500", "2009-03-31": "244.53500", "2008-12-31": "198.37100", "2008-09-30": "180.99600", "2008-06-30": "179.53800", "2008-03-31": "165.88000", "2007-12-31": "29.30100", "2007-09-30": "73.22400", "2007-06-30": "80.04700", "2007-03-31": "72.27500", "2006-12-31": "50.07800", "2006-09-30": "32.90900", "2006-06-30": "23.76700", "2006-03-31": "", "2005-12-31": "", "2005-09-30": "", "2005-06-30": "", "2005-03-31": ""}, "Goodwill And Intangible Assets": {"2020-12-31": "483.40100", "2020-09-30": "489.37600", "2020-06-30": "495.76300", "2020-03-31": "500.89600", "2019-12-31": "511.42400", "2019-09-30": "515.72000", "2019-06-30": "525.24000", "2019-03-31": "513.75000", "2018-12-31": "516.33200", "2018-09-30": "512.00100", "2018-06-30": "499.45700", "2018-03-31": "507.89800", "2017-12-31": "506.39100", "2017-09-30": "500.73500", "2017-06-30": "506.40500", "2017-03-31": "512.47400", "2016-12-31": "513.98300", "2016-09-30": "524.95800", "2016-06-30": "531.88800", "2016-03-31": "525.96200", "2015-12-31": "532.52500", "2015-09-30": "435.21500", "2015-06-30": "430.18000", "2015-03-31": "419.23800", "2014-12-31": "424.01100", "2014-09-30": "341.27400", "2014-06-30": "330.19100", "2014-03-31": "326.64300", "2013-12-31": "317.05500", "2013-09-30": "321.03900", "2013-06-30": "323.45400", "2013-03-31": "329.46800", "2012-12-31": "334.67600", "2012-09-30": "337.90100", "2012-06-30": "305.65100", "2012-03-31": "309.56600", "2011-12-31": "311.70200", "2011-09-30": "314.83300", "2011-06-30": "323.47200", "2011-03-31": "329.05900", "2010-12-31": "333.57600", "2010-09-30": "331.59900", "2010-06-30": "328.17500", "2010-03-31": "331.81100", "2009-12-31": "336.46300", "2009-09-30": "343.15600", "2009-06-30": "332.27600", "2009-03-31": "304.76600", "2008-12-31": "323.40100", "2008-09-30": "333.41600", "2008-06-30": "364.30300", "2008-03-31": "366.40500", "2007-12-31": "352.63900", "2007-09-30": "74.75300", "2007-06-30": "74.93600", "2007-03-31": "39.14900", "2006-12-31": "38.75700", "2006-09-30": "38.14200", "2006-06-30": "38.70000", "2006-03-31": "38.71200", "2005-12-31": "39.82100", "2005-09-30": "41.04900", "2005-06-30": "40.79300", "2005-03-31": "41.30900"}, "Other Long-Term Assets": {"2020-12-31": "86.82500", "2020-09-30": "91.24500", "2020-06-30": "100.90100", "2020-03-31": "97.35300", "2019-12-31": "95.28200", "2019-09-30": "93.39500", "2019-06-30": "100.55000", "2019-03-31": "87.08800", "2018-12-31": "50.99100", "2018-09-30": "80.08000", "2018-06-30": "42.26000", "2018-03-31": "39.45300", "2017-12-31": "36.47500", "2017-09-30": "30.83100", "2017-06-30": "30.25200", "2017-03-31": "29.46900", "2016-12-31": "24.24700", "2016-09-30": "21.06800", "2016-06-30": "15.24700", "2016-03-31": "12.98500", "2015-12-31": "11.89400", "2015-09-30": "9.46400", "2015-06-30": "9.76300", "2015-03-31": "9.34200", "2014-12-31": "9.34100", "2014-09-30": "9.05100", "2014-06-30": "9.54100", "2014-03-31": "10.29500", "2013-12-31": "11.06300", "2013-09-30": "11.63800", "2013-06-30": "11.82700", "2013-03-31": "12.00500", "2012-12-31": "11.71600", "2012-09-30": "13.68700", "2012-06-30": "20.63900", "2012-03-31": "16.17100", "2011-12-31": "7.16900", "2011-09-30": "6.27300", "2011-06-30": "6.31400", "2011-03-31": "6.13500", "2010-12-31": "15.06900", "2010-09-30": "14.87800", "2010-06-30": "15.35100", "2010-03-31": "15.49600", "2009-12-31": "15.17600", "2009-09-30": "15.45000", "2009-06-30": "24.87300", "2009-03-31": "24.18400", "2008-12-31": "23.27100", "2008-09-30": "17.05000", "2008-06-30": "13.18800", "2008-03-31": "13.03300", "2007-12-31": "12.54100", "2007-09-30": "12.35700", "2007-06-30": "8.15100", "2007-03-31": "8.66800", "2006-12-31": "7.79700", "2006-09-30": "7.51000", "2006-06-30": "7.31900", "2006-03-31": "7.03800", "2005-12-31": "8.11500", "2005-09-30": "7.79700", "2005-06-30": "8.29900", "2005-03-31": "8.12200"}, "Total Long-Term Assets": {"2020-12-31": "1372.18300", "2020-09-30": "1370.12900", "2020-06-30": "1400.47100", "2020-03-31": "1485.26100", "2019-12-31": "1492.27600", "2019-09-30": "1440.20900", "2019-06-30": "1470.99100", "2019-03-31": "1451.19000", "2018-12-31": "1399.25700", "2018-09-30": "1368.81100", "2018-06-30": "1430.88600", "2018-03-31": "1451.97400", "2017-12-31": "1479.19800", "2017-09-30": "1522.12000", "2017-06-30": "1494.79600", "2017-03-31": "1516.12600", "2016-12-31": "1519.68700", "2016-09-30": "1550.37600", "2016-06-30": "1391.42400", "2016-03-31": "1372.56400", "2015-12-31": "1375.66300", "2015-09-30": "1312.06400", "2015-06-30": "1256.10600", "2015-03-31": "1172.58600", "2014-12-31": "1130.26100", "2014-09-30": "978.16100", "2014-06-30": "951.82610", "2014-03-31": "929.16100", "2013-12-31": "906.81400", "2013-09-30": "919.36600", "2013-06-30": "952.91000", "2013-03-31": "949.42400", "2012-12-31": "933.39200", "2012-09-30": "990.51200", "2012-06-30": "784.52400", "2012-03-31": "691.39500", "2011-12-31": "710.07000", "2011-09-30": "725.78900", "2011-06-30": "737.31100", "2011-03-31": "803.53300", "2010-12-31": "836.07400", "2010-09-30": "651.35900", "2010-06-30": "690.94790", "2010-03-31": "724.42600", "2009-12-31": "722.10200", "2009-09-30": "680.47700", "2009-06-30": "770.60100", "2009-03-31": "698.41300", "2008-12-31": "661.90000", "2008-09-30": "644.27700", "2008-06-30": "655.62100", "2008-03-31": "641.83900", "2007-12-31": "497.44700", "2007-09-30": "258.27900", "2007-06-30": "255.60600", "2007-03-31": "209.11100", "2006-12-31": "183.82400", "2006-09-30": "166.65600", "2006-06-30": "155.37700", "2006-03-31": "129.99500", "2005-12-31": "130.47600", "2005-09-30": "132.08900", "2005-06-30": "132.46700", "2005-03-31": "134.27100"}, "Total Assets": {"2020-12-31": "3096.85400", "2020-09-30": "2917.32500", "2020-06-30": "2903.90600", "2020-03-31": "2944.83300", "2019-12-31": "2893.28400", "2019-09-30": "2821.74900", "2019-06-30": "2809.80800", "2019-03-31": "2846.95100", "2018-12-31": "2823.06000", "2018-09-30": "2865.38700", "2018-06-30": "2669.81900", "2018-03-31": "2606.63900", "2017-12-31": "2514.70900", "2017-09-30": "2533.55400", "2017-06-30": "2473.10600", "2017-03-31": "2387.79700", "2016-12-31": "2330.70300", "2016-09-30": "2310.10600", "2016-06-30": "2263.35300", "2016-03-31": "2158.85100", "2015-12-31": "2113.60400", "2015-09-30": "2133.29300", "2015-06-30": "2151.63500", "2015-03-31": "2114.60400", "2014-12-31": "2022.41900", "2014-09-30": "1984.01200", "2014-06-30": "1938.77600", "2014-03-31": "1896.55500", "2013-12-31": "1765.62500", "2013-09-30": "1737.94500", "2013-06-30": "1667.45000", "2013-03-31": "1626.50500", "2012-12-31": "1551.95000", "2012-09-30": "1960.79800", "2012-06-30": "1953.55500", "2012-03-31": "1985.40000", "2011-12-31": "1939.12000", "2011-09-30": "1884.38700", "2011-06-30": "1831.22700", "2011-03-31": "1825.96800", "2010-12-31": "1760.13100", "2010-09-30": "1711.77200", "2010-06-30": "1703.18600", "2010-03-31": "1699.46000", "2009-12-31": "1676.44300", "2009-09-30": "1581.31500", "2009-06-30": "1508.74900", "2009-03-31": "1423.90000", "2008-12-31": "1401.21200", "2008-09-30": "1336.14600", "2008-06-30": "1275.60700", "2008-03-31": "1191.26800", "2007-12-31": "1126.63100", "2007-09-30": "991.69700", "2007-06-30": "923.70000", "2007-03-31": "859.30200", "2006-12-31": "795.61300", "2006-09-30": "739.28800", "2006-06-30": "693.86000", "2006-03-31": "661.69600", "2005-12-31": "613.77100", "2005-09-30": "586.27700", "2005-06-30": "564.00200", "2005-03-31": "549.94100"}, "Total Current Liabilities": {"2020-12-31": "316.41900", "2020-09-30": "267.10900", "2020-06-30": "257.70200", "2020-03-31": "307.25400", "2019-12-31": "293.45900", "2019-09-30": "306.85300", "2019-06-30": "278.33900", "2019-03-31": "265.45000", "2018-12-31": "294.58500", "2018-09-30": "285.19800", "2018-06-30": "240.31200", "2018-03-31": "213.14900", "2017-12-31": "223.18200", "2017-09-30": "245.77300", "2017-06-30": "213.40000", "2017-03-31": "213.05600", "2016-12-31": "207.17100", "2016-09-30": "213.08300", "2016-06-30": "212.07700", "2016-03-31": "198.48700", "2015-12-31": "196.53500", "2015-09-30": "209.68100", "2015-06-30": "209.35800", "2015-03-31": "221.15200", "2014-12-31": "192.32300", "2014-09-30": "189.37000", "2014-06-30": "185.17300", "2014-03-31": "176.48200", "2013-12-31": "150.03100", "2013-09-30": "172.81500", "2013-06-30": "152.24400", "2013-03-31": "152.37400", "2012-12-31": "144.46500", "2012-09-30": "156.84000", "2012-06-30": "152.43800", "2012-03-31": "149.79800", "2011-12-31": "149.63200", "2011-09-30": "159.38500", "2011-06-30": "136.61600", "2011-03-31": "147.61200", "2010-12-31": "144.33000", "2010-09-30": "165.75600", "2010-06-30": "171.61600", "2010-03-31": "163.70500", "2009-12-31": "181.91100", "2009-09-30": "156.58400", "2009-06-30": "148.33100", "2009-03-31": "147.93200", "2008-12-31": "191.24700", "2008-09-30": "200.67300", "2008-06-30": "178.64600", "2008-03-31": "159.26000", "2007-12-31": "173.57200", "2007-09-30": "143.20400", "2007-06-30": "122.91100", "2007-03-31": "107.96000", "2006-12-31": "96.50800", "2006-09-30": "92.85400", "2006-06-30": "82.90700", "2006-03-31": "81.73100", "2005-12-31": "73.53900", "2005-09-30": "72.79400", "2005-06-30": "75.46500", "2005-03-31": "76.31900"}, "Long Term Debt": {"2020-12-31": "", "2020-09-30": "", "2020-06-30": "", "2020-03-31": "", "2019-12-31": "", "2019-09-30": "", "2019-06-30": "", "2019-03-31": "", "2018-12-31": "", "2018-09-30": "", "2018-06-30": "", "2018-03-31": "", "2017-12-31": "", "2017-09-30": "", "2017-06-30": "", "2017-03-31": "", "2016-12-31": "", "2016-09-30": "", "2016-06-30": "", "2016-03-31": "", "2015-12-31": "", "2015-09-30": "", "2015-06-30": "", "2015-03-31": "", "2014-12-31": "", "2014-09-30": "", "2014-06-30": "", "2014-03-31": "", "2013-12-31": "", "2013-09-30": "", "2013-06-30": "", "2013-03-31": "", "2012-12-31": "", "2012-09-30": "", "2012-06-30": "", "2012-03-31": "", "2011-12-31": "", "2011-09-30": "", "2011-06-30": "", "2011-03-31": "", "2010-12-31": "", "2010-09-30": "", "2010-06-30": "4.47000", "2010-03-31": "4.88000", "2009-12-31": "5.40700", "2009-09-30": "5.82500", "2009-06-30": "6.31500", "2009-03-31": "6.45300", "2008-12-31": "6.88700", "2008-09-30": "7.78200", "2008-06-30": "8.40800", "2008-03-31": "8.81000", "2007-12-31": "9.20900", "2007-09-30": "9.69100", "2007-06-30": "10.03700", "2007-03-31": "10.35100", "2006-12-31": "10.69700", "2006-09-30": "10.89300", "2006-06-30": "11.27000", "2006-03-31": "11.43700", "2005-12-31": "11.67900", "2005-09-30": "12.12400", "2005-06-30": "12.47100", "2005-03-31": "13.13100"}, "Other Non-Current Liabilities": {"2020-12-31": "144.96200", "2020-09-30": "146.49600", "2020-06-30": "144.11800", "2020-03-31": "203.87900", "2019-12-31": "203.13900", "2019-09-30": "201.86600", "2019-06-30": "211.19300", "2019-03-31": "228.64400", "2018-12-31": "179.52100", "2018-09-30": "209.68600", "2018-06-30": "203.81300", "2018-03-31": "202.08200", "2017-12-31": "198.81100", "2017-09-30": "107.51400", "2017-06-30": "101.20400", "2017-03-31": "95.93200", "2016-12-31": "88.27100", "2016-09-30": "82.92200", "2016-06-30": "76.05300", "2016-03-31": "70.66400", "2015-12-31": "71.07400", "2015-09-30": "77.02400", "2015-06-30": "72.63300", "2015-03-31": "64.71500", "2014-12-31": "55.79300", "2014-09-30": "43.71500", "2014-06-30": "47.96800", "2014-03-31": "46.71300", "2013-12-31": "46.29200", "2013-09-30": "45.44100", "2013-06-30": "46.27100", "2013-03-31": "43.74000", "2012-12-31": "40.07800", "2012-09-30": "39.83700", "2012-06-30": "32.56200", "2012-03-31": "31.44500", "2011-12-31": "27.63700", "2011-09-30": "23.45500", "2011-06-30": "23.27400", "2011-03-31": "23.77500", "2010-12-31": "29.86700", "2010-09-30": "27.01500", "2010-06-30": "29.31600", "2010-03-31": "32.47000", "2009-12-31": "32.06900", "2009-09-30": "31.46900", "2009-06-30": "51.37500", "2009-03-31": "52.71600", "2008-12-31": "53.89500", "2008-09-30": "55.51200", "2008-06-30": "52.02200", "2008-03-31": "51.30600", "2007-12-31": "54.04600", "2007-09-30": "36.57300", "2007-06-30": "36.09900", "2007-03-31": "38.49000", "2006-12-31": "42.41500", "2006-09-30": "36.69000", "2006-06-30": "38.88200", "2006-03-31": "40.48100", "2005-12-31": "40.53400", "2005-09-30": "40.22000", "2005-06-30": "39.75200", "2005-03-31": "41.98000"}, "Total Long Term Liabilities": {"2020-12-31": "209.21800", "2020-09-30": "211.81100", "2020-06-30": "209.30700", "2020-03-31": "268.30200", "2019-12-31": "261.12400", "2019-09-30": "201.86600", "2019-06-30": "211.19300", "2019-03-31": "228.64400", "2018-12-31": "179.52100", "2018-09-30": "209.68600", "2018-06-30": "241.58800", "2018-03-31": "239.51200", "2017-12-31": "235.60300", "2017-09-30": "143.93900", "2017-06-30": "137.32700", "2017-03-31": "131.58300", "2016-12-31": "122.87400", "2016-09-30": "118.28800", "2016-06-30": "110.95600", "2016-03-31": "106.31600", "2015-12-31": "104.88700", "2015-09-30": "107.60500", "2015-06-30": "102.29400", "2015-03-31": "94.39300", "2014-12-31": "78.99600", "2014-09-30": "62.99400", "2014-06-30": "67.43900", "2014-03-31": "66.89100", "2013-12-31": "65.82400", "2013-09-30": "65.10400", "2013-06-30": "65.34400", "2013-03-31": "65.59800", "2012-12-31": "61.68500", "2012-09-30": "60.72500", "2012-06-30": "50.05500", "2012-03-31": "48.43500", "2011-12-31": "45.40000", "2011-09-30": "39.65200", "2011-06-30": "38.74500", "2011-03-31": "38.22000", "2010-12-31": "43.94900", "2010-09-30": "51.33700", "2010-06-30": "58.46300", "2010-03-31": "61.36400", "2009-12-31": "61.19500", "2009-09-30": "61.62600", "2009-06-30": "83.75100", "2009-03-31": "80.87300", "2008-12-31": "82.81700", "2008-09-30": "86.22000", "2008-06-30": "85.48400", "2008-03-31": "84.33800", "2007-12-31": "85.88100", "2007-09-30": "51.33700", "2007-06-30": "57.52000", "2007-03-31": "54.14600", "2006-12-31": "53.11200", "2006-09-30": "52.14600", "2006-06-30": "50.15200", "2006-03-31": "51.91800", "2005-12-31": "52.21300", "2005-09-30": "52.34400", "2005-06-30": "52.22300", "2005-03-31": "55.11100"}, "Total Liabilities": {"2020-12-31": "525.63700", "2020-09-30": "478.92000", "2020-06-30": "467.00900", "2020-03-31": "575.55600", "2019-12-31": "554.58300", "2019-09-30": "508.71900", "2019-06-30": "489.53200", "2019-03-31": "494.09400", "2018-12-31": "474.10600", "2018-09-30": "494.88400", "2018-06-30": "481.90000", "2018-03-31": "452.66100", "2017-12-31": "458.78500", "2017-09-30": "389.71200", "2017-06-30": "350.72700", "2017-03-31": "344.63900", "2016-12-31": "330.04500", "2016-09-30": "331.37100", "2016-06-30": "323.03300", "2016-03-31": "304.80300", "2015-12-31": "301.42200", "2015-09-30": "317.28600", "2015-06-30": "311.65200", "2015-03-31": "315.54500", "2014-12-31": "271.31900", "2014-09-30": "252.36400", "2014-06-30": "252.61200", "2014-03-31": "243.37300", "2013-12-31": "215.85500", "2013-09-30": "237.91900", "2013-06-30": "217.58800", "2013-03-31": "217.97200", "2012-12-31": "206.15000", "2012-09-30": "217.56500", "2012-06-30": "202.49300", "2012-03-31": "198.23300", "2011-12-31": "195.03200", "2011-09-30": "199.03700", "2011-06-30": "175.36100", "2011-03-31": "185.83200", "2010-12-31": "188.27900", "2010-09-30": "217.09300", "2010-06-30": "230.07900", "2010-03-31": "225.06900", "2009-12-31": "243.10600", "2009-09-30": "218.21000", "2009-06-30": "232.08200", "2009-03-31": "228.80500", "2008-12-31": "274.06400", "2008-09-30": "286.89300", "2008-06-30": "264.13000", "2008-03-31": "243.59800", "2007-12-31": "259.45300", "2007-09-30": "194.54100", "2007-06-30": "180.43100", "2007-03-31": "162.10600", "2006-12-31": "149.62000", "2006-09-30": "145.00000", "2006-06-30": "133.05900", "2006-03-31": "133.64900", "2005-12-31": "125.75200", "2005-09-30": "125.13800", "2005-06-30": "127.68800", "2005-03-31": "131.43000"}, "Common Stock Net": {"2020-12-31": "0.10000", "2020-09-30": "0.09900", "2020-06-30": "0.09900", "2020-03-31": "0.09900", "2019-12-31": "0.09900", "2019-09-30": "0.09900", "2019-06-30": "0.09900", "2019-03-31": "0.10000", "2018-12-31": "0.10100", "2018-09-30": "0.10200", "2018-06-30": "0.10300", "2018-03-31": "0.10200", "2017-12-31": "0.10200", "2017-09-30": "0.10100", "2017-06-30": "0.10100", "2017-03-31": "0.10100", "2016-12-31": "0.10000", "2016-09-30": "0.10100", "2016-06-30": "0.10200", "2016-03-31": "0.10100", "2015-12-31": "0.10100", "2015-09-30": "0.10200", "2015-06-30": "0.10400", "2015-03-31": "0.10300", "2014-12-31": "0.10300", "2014-09-30": "0.10300", "2014-06-30": "0.10300", "2014-03-31": "0.10300", "2013-12-31": "0.10300", "2013-09-30": "0.10200", "2013-06-30": "0.10200", "2013-03-31": "0.10200", "2012-12-31": "0.10200", "2012-09-30": "0.10300", "2012-06-30": "0.10500", "2012-03-31": "0.10700", "2011-12-31": "0.10900", "2011-09-30": "0.11000", "2011-06-30": "0.11100", "2011-03-31": "0.11200", "2010-12-31": "0.11200", "2010-09-30": "0.11200", "2010-06-30": "0.11300", "2010-03-31": "0.11300", "2009-12-31": "0.11400", "2009-09-30": "0.11300", "2009-06-30": "0.11300", "2009-03-31": "0.11300", "2008-12-31": "0.11200", "2008-09-30": "0.11200", "2008-06-30": "0.11300", "2008-03-31": "0.11200", "2007-12-31": "0.11100", "2007-09-30": "0.11000", "2007-06-30": "0.11000", "2007-03-31": "0.10900", "2006-12-31": "0.10800", "2006-09-30": "0.10700", "2006-06-30": "0.10700", "2006-03-31": "0.10600", "2005-12-31": "0.10500", "2005-09-30": "0.10400", "2005-06-30": "0.10400", "2005-03-31": "0.10300"}, "Retained Earnings (Accumulated Deficit)": {"2020-12-31": "2565.67000", "2020-09-30": "2443.13800", "2020-06-30": "2448.38900", "2020-03-31": "2395.57500", "2019-12-31": "2351.25100", "2019-09-30": "2327.87700", "2019-06-30": "2328.91800", "2019-03-31": "2361.60700", "2018-12-31": "2361.84300", "2018-09-30": "2313.53900", "2018-06-30": "2105.62100", "2018-03-31": "2039.11600", "2017-12-31": "1985.06400", "2017-09-30": "2083.06300", "2017-06-30": "2075.55900", "2017-03-31": "2013.79000", "2016-12-31": "1977.47800", "2016-09-30": "1938.32000", "2016-06-30": "1926.52800", "2016-03-31": "1853.60200", "2015-12-31": "1816.31800", "2015-09-30": "1800.85700", "2015-06-30": "1764.57800", "2015-03-31": "1739.34600", "2014-12-31": "1691.61400", "2014-09-30": "1660.48500", "2014-06-30": "1614.54400", "2014-03-31": "1574.76500", "2013-12-31": "1498.89700", "2013-09-30": "1454.38200", "2013-06-30": "1408.58700", "2013-03-31": "1378.37100", "2012-12-31": "1316.46100", "2012-09-30": "1709.47900", "2012-06-30": "1657.99700", "2012-03-31": "1606.46800", "2011-12-31": "1518.34800", "2011-09-30": "1445.18900", "2011-06-30": "1366.11800", "2011-03-31": "1304.37000", "2010-12-31": "1222.30900", "2010-09-30": "1135.92200", "2010-06-30": "1070.91100", "2010-03-31": "1007.45900", "2009-12-31": "921.56100", "2009-09-30": "852.47500", "2009-06-30": "808.17600", "2009-03-31": "757.03000", "2008-12-31": "687.57900", "2008-09-30": "609.49500", "2008-06-30": "560.93600", "2008-03-31": "514.48800", "2007-12-31": "457.71000", "2007-09-30": "409.74900", "2007-06-30": "365.59100", "2007-03-31": "335.90600", "2006-12-31": "296.81100", "2006-09-30": "266.91800", "2006-06-30": "241.70100", "2006-03-31": "222.61700", "2005-12-31": "194.63800", "2005-09-30": "177.36900", "2005-06-30": "160.56100", "2005-03-31": "145.78300"}, "Comprehensive Income": {"2020-12-31": "-0.60800", "2020-09-30": "-10.59400", "2020-06-30": "-17.12100", "2020-03-31": "-31.61500", "2019-12-31": "-18.06000", "2019-09-30": "-20.62500", "2019-06-30": "-14.49600", "2019-03-31": "-14.68300", "2018-12-31": "-18.63900", "2018-09-30": "-15.83200", "2018-06-30": "-13.30100", "2018-03-31": "-5.61600", "2017-12-31": "-8.12200", "2017-09-30": "-7.75300", "2017-06-30": "-11.51800", "2017-03-31": "-14.70800", "2016-12-31": "-19.67900", "2016-09-30": "-10.19700", "2016-06-30": "-10.20500", "2016-03-31": "-8.34200", "2015-12-31": "-12.92300", "2015-09-30": "-11.46200", "2015-06-30": "-7.39100", "2015-03-31": "-7.53200", "2014-12-31": "-2.18800", "2014-09-30": "3.01400", "2014-06-30": "8.67800", "2014-03-31": "8.69400", "2013-12-31": "7.38500", "2013-09-30": "7.81400", "2013-06-30": "5.81200", "2013-03-31": "8.77200", "2012-12-31": "11.21400", "2012-09-30": "10.68700", "2012-06-30": "5.89700", "2012-03-31": "9.13000", "2011-12-31": "7.10800", "2011-09-30": "7.53300", "2011-06-30": "11.89500", "2011-03-31": "10.35500", "2010-12-31": "8.03200", "2010-09-30": "7.80100", "2010-06-30": "4.55800", "2010-03-31": "5.56800", "2009-12-31": "6.85800", "2009-09-30": "9.54100", "2009-06-30": "2.08100", "2009-03-31": "-11.96200", "2008-12-31": "-3.77800", "2008-09-30": "4.73900", "2008-06-30": "25.92600", "2008-03-31": "25.47100", "2007-12-31": "16.35800", "2007-09-30": "11.46700", "2007-06-30": "11.66100", "2007-03-31": "8.44100", "2006-12-31": "7.67400", "2006-09-30": "3.81400", "2006-06-30": "3.66600", "2006-03-31": "0.76500", "2005-12-31": "0.10200", "2005-09-30": "1.73400", "2005-06-30": "3.68700", "2005-03-31": "4.40700"}, "Other Share Holders Equity": {"2020-12-31": "6.05500", "2020-09-30": "5.76200", "2020-06-30": "5.53000", "2020-03-31": "5.21800", "2019-12-31": "5.41100", "2019-09-30": "5.67900", "2019-06-30": "5.75500", "2019-03-31": "5.83300", "2018-12-31": "5.64900", "2018-09-30": "6.56700", "2018-06-30": "6.41900", "2018-03-31": "6.54900", "2017-12-31": "6.21700", "2017-09-30": "7.10000", "2017-06-30": "6.81100", "2017-03-31": "6.51600", "2016-12-31": "6.32400", "2016-09-30": "8.47900", "2016-06-30": "8.51500", "2016-03-31": "8.68700", "2015-12-31": "8.68600", "2015-09-30": "8.93900", "2015-06-30": "17.10600", "2015-03-31": "16.48000", "2014-12-31": "16.09200", "2014-09-30": "21.63100", "2014-06-30": "21.55000", "2014-03-31": "20.54600", "2013-12-31": "19.79100", "2013-09-30": "18.91600", "2013-06-30": "18.25000", "2013-03-31": "17.86300", "2012-12-31": "18.02300", "2012-09-30": "22.96400", "2012-06-30": "22.09400", "2012-03-31": "22.38000", "2011-12-31": "21.97800", "2011-09-30": "21.83700", "2011-06-30": "22.16700", "2011-03-31": "21.87500", "2010-12-31": "21.15400", "2010-09-30": "20.94200", "2010-06-30": "22.28400", "2010-03-31": "21.92300", "2009-12-31": "22.29900", "2009-09-30": "21.99700", "2009-06-30": "", "2009-03-31": "", "2008-12-31": "", "2008-09-30": "", "2008-06-30": "", "2008-03-31": "", "2007-12-31": "", "2007-09-30": "", "2007-06-30": "", "2007-03-31": "", "2006-12-31": "", "2006-09-30": "", "2006-06-30": "", "2006-03-31": "", "2005-12-31": "", "2005-09-30": "", "2005-06-30": "", "2005-03-31": ""}, "Share Holder Equity": {"2020-12-31": "2571.21700", "2020-09-30": "2438.40500", "2020-06-30": "2436.89700", "2020-03-31": "2369.27700", "2019-12-31": "2338.70100", "2019-09-30": "2313.03000", "2019-06-30": "2320.27600", "2019-03-31": "2352.85700", "2018-12-31": "2348.95400", "2018-09-30": "2370.50300", "2018-06-30": "2187.91900", "2018-03-31": "2153.97800", "2017-12-31": "2055.92400", "2017-09-30": "2143.84200", "2017-06-30": "2122.37900", "2017-03-31": "2043.15800", "2016-12-31": "2000.65800", "2016-09-30": "1978.73500", "2016-06-30": "1940.32000", "2016-03-31": "1854.04800", "2015-12-31": "1812.18200", "2015-09-30": "1816.00700", "2015-06-30": "1839.98300", "2015-03-31": "1799.05900", "2014-12-31": "1751.10000", "2014-09-30": "1731.64800", "2014-06-30": "1686.16400", "2014-03-31": "1653.18200", "2013-12-31": "1549.77000", "2013-09-30": "1500.02600", "2013-06-30": "1449.86200", "2013-03-31": "1408.53300", "2012-12-31": "1345.80000", "2012-09-30": "1743.23300", "2012-06-30": "1751.06200", "2012-03-31": "1787.16700", "2011-12-31": "1744.08800", "2011-09-30": "1685.35000", "2011-06-30": "1655.86600", "2011-03-31": "1640.13600", "2010-12-31": "1571.85200", "2010-09-30": "1494.67900", "2010-06-30": "1473.10700", "2010-03-31": "1474.39100", "2009-12-31": "1433.33700", "2009-09-30": "1363.10500", "2009-06-30": "1276.66700", "2009-03-31": "1195.09500", "2008-12-31": "1127.14800", "2008-09-30": "1049.25300", "2008-06-30": "1011.47700", "2008-03-31": "947.67000", "2007-12-31": "867.17800", "2007-09-30": "797.15600", "2007-06-30": "743.26900", "2007-03-31": "697.19600", "2006-12-31": "645.99300", "2006-09-30": "594.28800", "2006-06-30": "560.80100", "2006-03-31": "528.04700", "2005-12-31": "488.01900", "2005-09-30": "461.13900", "2005-06-30": "436.31400", "2005-03-31": "418.51100"}, "Total Liabilities And Share Holders Equity": {"2020-12-31": "3096.85400", "2020-09-30": "2917.32500", "2020-06-30": "2903.90600", "2020-03-31": "2944.83300", "2019-12-31": "2893.28400", "2019-09-30": "2821.74900", "2019-06-30": "2809.80800", "2019-03-31": "2846.95100", "2018-12-31": "2823.06000", "2018-09-30": "2865.38700", "2018-06-30": "2669.81900", "2018-03-31": "2606.63900", "2017-12-31": "2514.70900", "2017-09-30": "2533.55400", "2017-06-30": "2473.10600", "2017-03-31": "2387.79700", "2016-12-31": "2330.70300", "2016-09-30": "2310.10600", "2016-06-30": "2263.35300", "2016-03-31": "2158.85100", "2015-12-31": "2113.60400", "2015-09-30": "2133.29300", "2015-06-30": "2151.63500", "2015-03-31": "2114.60400", "2014-12-31": "2022.41900", "2014-09-30": "1984.01200", "2014-06-30": "1938.77600", "2014-03-31": "1896.55500", "2013-12-31": "1765.62500", "2013-09-30": "1737.94500", "2013-06-30": "1667.45000", "2013-03-31": "1626.50500", "2012-12-31": "1551.95000", "2012-09-30": "1960.79800", "2012-06-30": "1953.55500", "2012-03-31": "1985.40000", "2011-12-31": "1939.12000", "2011-09-30": "1884.38700", "2011-06-30": "1831.22700", "2011-03-31": "1825.96800", "2010-12-31": "1760.13100", "2010-09-30": "1711.77200", "2010-06-30": "1703.18600", "2010-03-31": "1699.46000", "2009-12-31": "1676.44300", "2009-09-30": "1581.31500", "2009-06-30": "1508.74900", "2009-03-31": "1423.90000", "2008-12-31": "1401.21200", "2008-09-30": "1336.14600", "2008-06-30": "1275.60700", "2008-03-31": "1191.26800", "2007-12-31": "1126.63100", "2007-09-30": "991.69700", "2007-06-30": "923.70000", "2007-03-31": "859.30200", "2006-12-31": "795.61300", "2006-09-30": "739.28800", "2006-06-30": "693.86000", "2006-03-31": "661.69600", "2005-12-31": "613.77100", "2005-09-30": "586.27700", "2005-06-30": "564.00200", "2005-03-31": "549.94100"}}, "cash flow statement": {"Net Income/Loss": {"2020-09-30": "231.61900", "2019-09-30": "255.50500", "2018-09-30": "42.30500", "2017-09-30": "207.10600", "2016-09-30": "186.40200", "2015-09-30": "183.24000", "2014-09-30": "208.72000", "2013-09-30": "190.30200", "2012-09-30": "265.13400", "2011-09-30": "310.58200", "2010-09-30": "282.82700", "2009-09-30": "244.34600", "2008-09-30": "201.03200", "2007-09-30": "142.83100", "2006-09-30": "89.54900", "2005-09-30": "52.29300"}, "Total Depreciation And Amortization - Cash Flow": {"2020-09-30": "91.67800", "2019-09-30": "85.48100", "2018-09-30": "83.75600", "2017-09-30": "87.06600", "2016-09-30": "88.97600", "2015-09-30": "78.29500", "2014-09-30": "62.67600", "2013-09-30": "63.47900", "2012-09-30": "61.01600", "2011-09-30": "61.08200", "2010-09-30": "44.05500", "2009-09-30": "34.32100", "2008-09-30": "26.71800", "2007-09-30": "12.13000", "2006-09-30": "12.86200", "2005-09-30": "11.34800"}, "Other Non-Cash Items": {"2020-09-30": "101.60300", "2019-09-30": "81.11500", "2018-09-30": "142.29100", "2017-09-30": "34.10700", "2016-09-30": "46.98300", "2015-09-30": "28.97800", "2014-09-30": "59.49000", "2013-09-30": "43.01100", "2012-09-30": "47.92800", "2011-09-30": "42.38600", "2010-09-30": "-1.15700", "2009-09-30": "3.69500", "2008-09-30": "-22.53000", "2007-09-30": "-35.23300", "2006-09-30": "-14.12700", "2005-09-30": "18.58700"}, "Total Non-Cash Items": {"2020-09-30": "193.28100", "2019-09-30": "166.59600", "2018-09-30": "226.04700", "2017-09-30": "121.17300", "2016-09-30": "135.95900", "2015-09-30": "107.27300", "2014-09-30": "122.16600", "2013-09-30": "106.49000", "2012-09-30": "108.94400", "2011-09-30": "103.46800", "2010-09-30": "42.89800", "2009-09-30": "38.01600", "2008-09-30": "4.18800", "2007-09-30": "-23.10300", "2006-09-30": "-1.26500", "2005-09-30": "29.93500"}, "Change In Accounts Receivable": {"2020-09-30": "1.25100", "2019-09-30": "-27.49200", "2018-09-30": "100.12900", "2017-09-30": "-56.55900", "2016-09-30": "24.88600", "2015-09-30": "-7.00800", "2014-09-30": "10.16500", "2013-09-30": "-53.63900", "2012-09-30": "18.83100", "2011-09-30": "-8.51400", "2010-09-30": "-31.32900", "2009-09-30": "1.79700", "2008-09-30": "0.98700", "2007-09-30": "-5.01200", "2006-09-30": "1.28900", "2005-09-30": "-5.13200"}, "Change In Inventories": {"2020-09-30": "-11.78400", "2019-09-30": "-16.09800", "2018-09-30": "-6.60200", "2017-09-30": "-11.92200", "2016-09-30": "-2.94900", "2015-09-30": "5.83500", "2014-09-30": "3.81800", "2013-09-30": "9.16600", "2012-09-30": "3.05100", "2011-09-30": "2.10500", "2010-09-30": "-15.69600", "2009-09-30": "-3.63800", "2008-09-30": "-7.56700", "2007-09-30": "-9.79500", "2006-09-30": "-1.70000", "2005-09-30": "-4.61100"}, "Change In Accounts Payable": {"2020-09-30": "", "2019-09-30": "", "2018-09-30": "", "2017-09-30": "", "2016-09-30": "", "2015-09-30": "", "2014-09-30": "", "2013-09-30": "", "2012-09-30": "", "2011-09-30": "", "2010-09-30": "", "2009-09-30": "", "2008-09-30": "", "2007-09-30": "", "2006-09-30": "", "2005-09-30": ""}, "Change In Assets/Liabilities": {"2020-09-30": "25.25300", "2019-09-30": "-48.82000", "2018-09-30": "-20.39600", "2017-09-30": "-12.46000", "2016-09-30": "-4.33300", "2015-09-30": "5.65400", "2014-09-30": "-8.39700", "2013-09-30": "-0.02200", "2012-09-30": "-3.26400", "2011-09-30": "12.29100", "2010-09-30": "-10.95300", "2009-09-30": "6.12800", "2008-09-30": "2.13500", "2007-09-30": "-2.79500", "2006-09-30": "4.88000", "2005-09-30": "1.20900"}, "Total Change In Assets/Liabilities": {"2020-09-30": "-81.05100", "2019-09-30": "-94.42700", "2018-09-30": "83.85000", "2017-09-30": "49.51400", "2016-09-30": "37.70300", "2015-09-30": "18.86400", "2014-09-30": "30.66100", "2013-09-30": "-20.29100", "2012-09-30": "15.84300", "2011-09-30": "-10.36200", "2010-09-30": "1.57300", "2009-09-30": "-9.13700", "2008-09-30": "59.25400", "2007-09-30": "43.24500", "2006-09-30": "44.21800", "2005-09-30": "-1.80600"}, "Cash Flow From Operating Activities": {"2020-09-30": "343.84900", "2019-09-30": "327.67400", "2018-09-30": "352.20200", "2017-09-30": "377.79300", "2016-09-30": "360.06400", "2015-09-30": "309.37700", "2014-09-30": "361.54700", "2013-09-30": "276.50100", "2012-09-30": "389.92100", "2011-09-30": "403.68800", "2010-09-30": "327.29800", "2009-09-30": "273.22500", "2008-09-30": "264.47400", "2007-09-30": "162.97300", "2006-09-30": "132.50200", "2005-09-30": "80.42200"}, "Net Change In Property, Plant, And Equipment": {"2020-09-30": "-66.34700", "2019-09-30": "-96.28100", "2018-09-30": "-72.81400", "2017-09-30": "-99.61700", "2016-09-30": "-100.76200", "2015-09-30": "-157.52600", "2014-09-30": "-75.36300", "2013-09-30": "-26.20800", "2012-09-30": "-165.27400", "2011-09-30": "-43.79500", "2010-09-30": "-35.32200", "2009-09-30": "-13.99400", "2008-09-30": "-13.57000", "2007-09-30": "-10.57800", "2006-09-30": "-8.03900", "2005-09-30": "-14.73400"}, "Net Change In Intangible Assets": {"2020-09-30": "-2.64000", "2019-09-30": "-17.25500", "2018-09-30": "-12.54300", "2017-09-30": "-5.25000", "2016-09-30": "-121.02000", "2015-09-30": "-37.41600", "2014-09-30": "-37.95000", "2013-09-30": "-4.05000", "2012-09-30": "-0.35000", "2011-09-30": "0.00000", "2010-09-30": "-0.82500", "2009-09-30": "-9.57100", "2008-09-30": "", "2007-09-30": "-5.22500", "2006-09-30": "", "2005-09-30": "-11.78900"}, "Net Acquisitions/Divestitures": {"2020-09-30": "", "2019-09-30": "-14.91900", "2018-09-30": "-22.85200", "2017-09-30": "", "2016-09-30": "", "2015-09-30": "-93.51600", "2014-09-30": "", "2013-09-30": "", "2012-09-30": "-12.52100", "2011-09-30": "-3.35000", "2010-09-30": "-5.60100", "2009-09-30": "-16.62100", "2008-09-30": "-253.04700", "2007-09-30": "-30.20800", "2006-09-30": "", "2005-09-30": "-4.58900"}, "Net Change In Short-term Investments": {"2020-09-30": "", "2019-09-30": "", "2018-09-30": "", "2017-09-30": "", "2016-09-30": "", "2015-09-30": "", "2014-09-30": "", "2013-09-30": "", "2012-09-30": "", "2011-09-30": "", "2010-09-30": "", "2009-09-30": "", "2008-09-30": "", "2007-09-30": "", "2006-09-30": "", "2005-09-30": ""}, "Net Change In Long-Term Investments": {"2020-09-30": "203.36100", "2019-09-30": "72.22600", "2018-09-30": "186.29500", "2017-09-30": "-53.15900", "2016-09-30": "-60.00600", "2015-09-30": "58.44100", "2014-09-30": "-92.66400", "2013-09-30": "207.12300", "2012-09-30": "-16.53400", "2011-09-30": "-189.55700", "2010-09-30": "-2.60900", "2009-09-30": "-196.31500", "2008-09-30": "-4.72100", "2007-09-30": "-146.88400", "2006-09-30": "-154.31500", "2005-09-30": ""}, "Net Change In Investments - Total": {"2020-09-30": "203.36100", "2019-09-30": "72.22600", "2018-09-30": "186.29500", "2017-09-30": "-53.15900", "2016-09-30": "-60.00600", "2015-09-30": "58.44100", "2014-09-30": "-92.66400", "2013-09-30": "207.12300", "2012-09-30": "-16.53400", "2011-09-30": "-189.55700", "2010-09-30": "-2.60900", "2009-09-30": "-196.31500", "2008-09-30": "-4.72100", "2007-09-30": "-146.88400", "2006-09-30": "-154.31500", "2005-09-30": ""}, "Investing Activities - Other": {"2020-09-30": "", "2019-09-30": "", "2018-09-30": "", "2017-09-30": "", "2016-09-30": "-0.70900", "2015-09-30": "26.42200", "2014-09-30": "1.03300", "2013-09-30": "-1.84000", "2012-09-30": "-0.12400", "2011-09-30": "", "2010-09-30": "", "2009-09-30": "", "2008-09-30": "", "2007-09-30": "0.09800", "2006-09-30": "-1.04400", "2005-09-30": "0.03500"}, "Cash Flow From Investing Activities": {"2020-09-30": "134.37400", "2019-09-30": "-56.22900", "2018-09-30": "78.08600", "2017-09-30": "-158.02600", "2016-09-30": "-282.49700", "2015-09-30": "-203.59500", "2014-09-30": "-204.94400", "2013-09-30": "175.02500", "2012-09-30": "-194.80300", "2011-09-30": "-236.70200", "2010-09-30": "-44.35700", "2009-09-30": "-236.50100", "2008-09-30": "-271.33800", "2007-09-30": "-192.79700", "2006-09-30": "-163.39800", "2005-09-30": "-31.07700"}, "Net Long-Term Debt": {"2020-09-30": "", "2019-09-30": "", "2018-09-30": "", "2017-09-30": "", "2016-09-30": "", "2015-09-30": "", "2014-09-30": "", "2013-09-30": "-0.07900", "2012-09-30": "-0.51800", "2011-09-30": "", "2010-09-30": "-7.68000", "2009-09-30": "-1.52200", "2008-09-30": "-1.53600", "2007-09-30": "-1.46700", "2006-09-30": "-1.36000", "2005-09-30": "-1.29200"}, "Net Current Debt": {"2020-09-30": "", "2019-09-30": "", "2018-09-30": "", "2017-09-30": "", "2016-09-30": "", "2015-09-30": "", "2014-09-30": "", "2013-09-30": "", "2012-09-30": "", "2011-09-30": "", "2010-09-30": "", "2009-09-30": "", "2008-09-30": "", "2007-09-30": "", "2006-09-30": "", "2005-09-30": ""}, "Debt Issuance/Retirement Net - Total": {"2020-09-30": "", "2019-09-30": "", "2018-09-30": "", "2017-09-30": "", "2016-09-30": "", "2015-09-30": "", "2014-09-30": "", "2013-09-30": "-0.07900", "2012-09-30": "-0.51800", "2011-09-30": "", "2010-09-30": "-7.68000", "2009-09-30": "-1.52200", "2008-09-30": "-1.53600", "2007-09-30": "-1.46700", "2006-09-30": "-1.36000", "2005-09-30": "-1.29200"}, "Net Common Equity Issued/Repurchased": {"2020-09-30": "-91.08400", "2019-09-30": "-283.23900", "2018-09-30": "-44.30800", "2017-09-30": "-30.00200", "2016-09-30": "-29.74300", "2015-09-30": "-78.72200", "2014-09-30": "-22.65500", "2013-09-30": "-66.28700", "2012-09-30": "-250.81700", "2011-09-30": "-164.49200", "2010-09-30": "-198.96400", "2009-09-30": "17.21800", "2008-09-30": "14.68600", "2007-09-30": "10.14600", "2006-09-30": "7.71700", "2005-09-30": "246.00600"}, "Net Total Equity Issued/Repurchased": {"2020-09-30": "-91.08400", "2019-09-30": "-283.23900", "2018-09-30": "-44.30800", "2017-09-30": "-30.00200", "2016-09-30": "-29.74300", "2015-09-30": "-78.72200", "2014-09-30": "-22.65500", "2013-09-30": "-66.28700", "2012-09-30": "-250.81700", "2011-09-30": "-164.49200", "2010-09-30": "-198.96400", "2009-09-30": "17.21800", "2008-09-30": "14.68600", "2007-09-30": "10.14600", "2006-09-30": "7.71700", "2005-09-30": "246.00600"}, "Total Common And Preferred Stock Dividends Paid": {"2020-09-30": "-88.58100", "2019-09-30": "-77.49600", "2018-09-30": "-66.15500", "2017-09-30": "-57.05900", "2016-09-30": "-48.39700", "2015-09-30": "-41.01800", "2014-09-30": "", "2013-09-30": "-408.20600", "2012-09-30": "", "2011-09-30": "", "2010-09-30": "", "2009-09-30": "", "2008-09-30": "", "2007-09-30": "", "2006-09-30": "", "2005-09-30": ""}, "Financial Activities - Other": {"2020-09-30": "-28.11000", "2019-09-30": "-24.54600", "2018-09-30": "-23.16600", "2017-09-30": "-19.77000", "2016-09-30": "-13.84600", "2015-09-30": "-18.77900", "2014-09-30": "-17.92500", "2013-09-30": "-13.39200", "2012-09-30": "-2.98300", "2011-09-30": "1.99400", "2010-09-30": "21.87000", "2009-09-30": "5.82700", "2008-09-30": "21.74600", "2007-09-30": "21.84500", "2006-09-30": "13.84500", "2005-09-30": ""}, "Cash Flow From Financial Activities": {"2020-09-30": "-207.77500", "2019-09-30": "-385.28100", "2018-09-30": "-133.62900", "2017-09-30": "-106.83100", "2016-09-30": "-91.98600", "2015-09-30": "-138.51900", "2014-09-30": "-40.58000", "2013-09-30": "-487.96400", "2012-09-30": "-254.31800", "2011-09-30": "-162.49800", "2010-09-30": "-184.77400", "2009-09-30": "21.52300", "2008-09-30": "34.89600", "2007-09-30": "30.52400", "2006-09-30": "20.20200", "2005-09-30": "244.71400"}, "Net Cash Flow": {"2020-09-30": "274.38600", "2019-09-30": "-119.65700", "2018-09-30": "290.88200", "2017-09-30": "114.61100", "2016-09-30": "-15.81400", "2015-09-30": "-36.54600", "2014-09-30": "114.07500", "2013-09-30": "-38.20300", "2012-09-30": "-58.91200", "2011-09-30": "5.65100", "2010-09-30": "94.18300", "2009-09-30": "56.91700", "2008-09-30": "26.29400", "2007-09-30": "4.93000", "2006-09-30": "-8.86600", "2005-09-30": "293.69200"}, "Stock-Based Compensation": {"2020-09-30": "86.62800", "2019-09-30": "76.58000", "2018-09-30": "71.24900", "2017-09-30": "65.34300", "2016-09-30": "66.98500", "2015-09-30": "67.06900", "2014-09-30": "65.68000", "2013-09-30": "64.32800", "2012-09-30": "47.58100", "2011-09-30": "43.66500", "2010-09-30": "28.81500", "2009-09-30": "22.42200", "2008-09-30": "22.33200", "2007-09-30": "19.50800", "2006-09-30": "18.96600", "2005-09-30": "14.18400"}, "Common Stock Dividends Paid": {"2020-09-30": "-88.58100", "2019-09-30": "-77.49600", "2018-09-30": "-66.15500", "2017-09-30": "-57.05900", "2016-09-30": "-48.39700", "2015-09-30": "-41.01800", "2014-09-30": "0.00000", "2013-09-30": "-408.20600", "2012-09-30": "", "2011-09-30": "0.00000", "2010-09-30": "", "2009-09-30": "", "2008-09-30": "", "2007-09-30": "", "2006-09-30": "", "2005-09-30": ""}}, "cash flow statement, quarterly": {"Net Income/Loss": {"2020-12-31": "142.69000", "2020-09-30": 26.976, "2020-06-30": 67.378, "2020-03-31": 88.674, "2019-12-31": "48.59100", "2019-09-30": 43.935, "2019-06-30": 39.637, "2019-03-31": 73.575, "2018-12-31": "98.35800", "2018-09-30": 26.854, "2018-06-30": 3.259, "2018-03-31": 65.35, "2017-12-31": "-53.15800", "2017-09-30": 26.619, "2017-06-30": 76.186, "2017-03-31": 50.727, "2016-12-31": "53.57400", "2016-09-30": 24.079, "2016-06-30": 63.767, "2016-03-31": 67.545, "2015-12-31": "31.01100", "2015-09-30": 46.915, "2015-06-30": 35.856, "2015-03-31": 58.532, "2014-12-31": "41.93700", "2014-09-30": 46.362, "2014-06-30": 40.563, "2014-03-31": 76.549, "2013-12-31": "45.24600", "2013-09-30": 46.084, "2013-06-30": 30.502, "2013-03-31": 62.239, "2012-12-31": "51.47700", "2012-09-30": 52.045, "2012-06-30": 51.406, "2012-03-31": 88.317, "2011-12-31": "73.36600", "2011-09-30": 79.288, "2011-06-30": 62.047, "2011-03-31": 82.482, "2010-12-31": "86.76500", "2010-09-30": 63.327, "2010-06-30": 63.688, "2010-03-31": 86.319, "2009-12-31": "69.49300", "2009-09-30": 44.703, "2009-06-30": 51.517, "2009-03-31": 69.789, "2008-12-31": "78.33700", "2008-09-30": 50.133, "2008-06-30": 46.448, "2008-03-31": 56.778, "2007-12-31": "47.67300", "2007-09-30": 44.158, "2007-06-30": 29.685, "2007-03-31": 39.095, "2006-12-31": "29.89300", "2006-09-30": 25.217, "2006-06-30": 19.084, "2006-03-31": 27.979, "2005-12-31": "17.26900", "2005-09-30": 16.808, "2005-06-30": 14.778, "2005-03-31": 20.707}, "Total Depreciation And Amortization - Cash Flow": {"2020-12-31": "22.49700", "2020-09-30": 27.234, "2020-06-30": 23.898, "2020-03-31": 20.147, "2019-12-31": "20.39900", "2019-09-30": 22.348, "2019-06-30": 21.996, "2019-03-31": 20.799, "2018-12-31": "20.33800", "2018-09-30": 20.312, "2018-06-30": 21.288, "2018-03-31": 21.532, "2017-12-31": "20.62400", "2017-09-30": 20.446, "2017-06-30": 21.183, "2017-03-31": 22.965, "2016-12-31": "22.47200", "2016-09-30": 21.859, "2016-06-30": 21.539, "2016-03-31": 22.159, "2015-12-31": "23.41900", "2015-09-30": 20.304, "2015-06-30": 19.602, "2015-03-31": 19.474, "2014-12-31": "18.91500", "2014-09-30": 16.629, "2014-06-30": 16.339, "2014-03-31": 15.033, "2013-12-31": "14.67500", "2013-09-30": 15.763, "2013-06-30": 15.343, "2013-03-31": 15.45, "2012-12-31": "16.92300", "2012-09-30": 16.547, "2012-06-30": 15.06, "2012-03-31": 14.56, "2011-12-31": "14.84900", "2011-09-30": 14.732, "2011-06-30": 17.5, "2011-03-31": 16.076, "2010-12-31": "12.77400", "2010-09-30": 12.126, "2010-06-30": 10.557, "2010-03-31": 11.698, "2009-12-31": "9.67400", "2009-09-30": 8.878, "2009-06-30": 8.593, "2009-03-31": 9.357, "2008-12-31": "7.49300", "2008-09-30": 7.444, "2008-06-30": 6.824, "2008-03-31": 7.319, "2007-12-31": "5.13100", "2007-09-30": 3.413, "2007-06-30": 2.998, "2007-03-31": 2.495, "2006-12-31": "3.22400", "2006-09-30": 3.41, "2006-06-30": 3.247, "2006-03-31": 3.095, "2005-12-31": "3.11000", "2005-09-30": 3.149, "2005-06-30": 3.058, "2005-03-31": 5.141}, "Other Non-Cash Items": {"2020-12-31": "5.03700", "2020-09-30": 14.203, "2020-06-30": 51.666, "2020-03-31": 21.243, "2019-12-31": "14.49100", "2019-09-30": 21.643, "2019-06-30": 53.985, "2019-03-31": 11.578, "2018-12-31": "-6.09100", "2018-09-30": 66.04, "2018-06-30": 0.817, "2018-03-31": 22.319, "2017-12-31": "53.11500", "2017-09-30": -7.101, "2017-06-30": 15.696, "2017-03-31": 11.881, "2016-12-31": "13.63100", "2016-09-30": 1.222, "2016-06-30": 14.616, "2016-03-31": 22.43, "2015-12-31": "8.71500", "2015-09-30": -6.122, "2015-06-30": 9.602, "2015-03-31": 15.633, "2014-12-31": "9.86500", "2014-09-30": 19.43, "2014-06-30": 11.667, "2014-03-31": 15.192, "2013-12-31": "13.20100", "2013-09-30": 7.562, "2013-06-30": 14.628, "2013-03-31": 7.083, "2012-12-31": "13.73800", "2012-09-30": 21.214, "2012-06-30": 11.298, "2012-03-31": 10.502, "2011-12-31": "4.91400", "2011-09-30": 22.537, "2011-06-30": 8.613, "2011-03-31": 16.145, "2010-12-31": "-4.90900", "2010-09-30": 6.175, "2010-06-30": 0.549, "2010-03-31": -3.395, "2009-12-31": "-4.48600", "2009-09-30": -12.444, "2009-06-30": 9.931, "2009-03-31": 14.151, "2008-12-31": "-7.94300", "2008-09-30": -3.532, "2008-06-30": -5.223, "2008-03-31": -5.971, "2007-12-31": "-7.80400", "2007-09-30": -41.784, "2007-06-30": -5.043, "2007-03-31": 4.908, "2006-12-31": "6.68600", "2006-09-30": -11.77, "2006-06-30": -0.019, "2006-03-31": -1.291, "2005-12-31": "-1.04700", "2005-09-30": 13.678, "2005-06-30": -0.297, "2005-03-31": 5.206}, "Total Non-Cash Items": {"2020-12-31": "27.53400", "2020-09-30": 41.437, "2020-06-30": 75.564, "2020-03-31": 41.39, "2019-12-31": "34.89000", "2019-09-30": 43.991, "2019-06-30": 75.981, "2019-03-31": 32.377, "2018-12-31": "14.24700", "2018-09-30": 86.352, "2018-06-30": 22.105, "2018-03-31": 43.851, "2017-12-31": "73.73900", "2017-09-30": 13.345, "2017-06-30": 36.879, "2017-03-31": 34.846, "2016-12-31": "36.10300", "2016-09-30": 23.081, "2016-06-30": 36.155, "2016-03-31": 44.589, "2015-12-31": "32.13400", "2015-09-30": 14.182, "2015-06-30": 29.204, "2015-03-31": 35.107, "2014-12-31": "28.78000", "2014-09-30": 36.059, "2014-06-30": 28.006, "2014-03-31": 30.225, "2013-12-31": "27.87600", "2013-09-30": 23.325, "2013-06-30": 29.971, "2013-03-31": 22.533, "2012-12-31": "30.66100", "2012-09-30": 37.761, "2012-06-30": 26.358, "2012-03-31": 25.062, "2011-12-31": "19.76300", "2011-09-30": 37.269, "2011-06-30": 26.113, "2011-03-31": 32.221, "2010-12-31": "7.86500", "2010-09-30": 18.301, "2010-06-30": 11.106, "2010-03-31": 8.303, "2009-12-31": "5.18800", "2009-09-30": -3.566, "2009-06-30": 18.524, "2009-03-31": 23.508, "2008-12-31": "-0.45000", "2008-09-30": 3.912, "2008-06-30": 1.601, "2008-03-31": 1.348, "2007-12-31": "-2.67300", "2007-09-30": -38.371, "2007-06-30": -2.045, "2007-03-31": 7.403, "2006-12-31": "9.91000", "2006-09-30": -8.36, "2006-06-30": 3.228, "2006-03-31": 1.804, "2005-12-31": "2.06300", "2005-09-30": 16.827, "2005-06-30": 2.761, "2005-03-31": 10.347}, "Change In Accounts Receivable": {"2020-12-31": "-111.90200", "2020-09-30": 65.498, "2020-06-30": -3.377, "2020-03-31": -58.539, "2019-12-31": "-2.33100", "2019-09-30": 42.53, "2019-06-30": -55.801, "2019-03-31": -31.957, "2018-12-31": "17.73600", "2018-09-30": 98.154, "2018-06-30": 41.271, "2018-03-31": 2.23, "2017-12-31": "-41.52600", "2017-09-30": -48.983, "2017-06-30": 5.962, "2017-03-31": -7.756, "2016-12-31": "-5.78200", "2016-09-30": 16.088, "2016-06-30": 10.525, "2016-03-31": -13.688, "2015-12-31": "11.96100", "2015-09-30": 2.309, "2015-06-30": -5.86, "2015-03-31": 18.985, "2014-12-31": "-22.44200", "2014-09-30": 8.584, "2014-06-30": 13.767, "2014-03-31": -33.334, "2013-12-31": "21.14800", "2013-09-30": -22.81, "2013-06-30": 17.119, "2013-03-31": -39.884, "2012-12-31": "-8.06400", "2012-09-30": 3.472, "2012-06-30": 11.256, "2012-03-31": -3.428, "2011-12-31": "7.53100", "2011-09-30": -22.579, "2011-06-30": 34.283, "2011-03-31": -5.429, "2010-12-31": "-14.78900", "2010-09-30": -6.734, "2010-06-30": -3.148, "2010-03-31": -1.047, "2009-12-31": "-20.40000", "2009-09-30": 26.491, "2009-06-30": -3.477, "2009-03-31": -22.442, "2008-12-31": "1.22500", "2008-09-30": 17.268, "2008-06-30": -2.76, "2008-03-31": -5.398, "2007-12-31": "-8.12300", "2007-09-30": -2.973, "2007-06-30": 5.056, "2007-03-31": -13.955, "2006-12-31": "6.86000", "2006-09-30": 0.054, "2006-06-30": -0.94, "2006-03-31": 7.58, "2005-12-31": "-5.40500", "2005-09-30": -7.267, "2005-06-30": 0.942, "2005-03-31": 1.193}, "Change In Inventories": {"2020-12-31": "4.42400", "2020-09-30": 0.749, "2020-06-30": -7.157, "2020-03-31": -6.143, "2019-12-31": "0.76700", "2019-09-30": -0.122, "2019-06-30": -7.993, "2019-03-31": -5.274, "2018-12-31": "-2.70900", "2018-09-30": -6.094, "2018-06-30": -0.156, "2018-03-31": 1.139, "2017-12-31": "-1.49100", "2017-09-30": -5.082, "2017-06-30": -3.587, "2017-03-31": -4.131, "2016-12-31": "0.87800", "2016-09-30": 3.075, "2016-06-30": -2.491, "2016-03-31": -2.656, "2015-12-31": "-0.87700", "2015-09-30": 0.597, "2015-06-30": 3.841, "2015-03-31": 4.394, "2014-12-31": "-2.99700", "2014-09-30": 1.164, "2014-06-30": 1.014, "2014-03-31": -0.585, "2013-12-31": "2.22500", "2013-09-30": 3.53, "2013-06-30": 6.39, "2013-03-31": 5.419, "2012-12-31": "-6.17300", "2012-09-30": -2.224, "2012-06-30": 4.399, "2012-03-31": 8.147, "2011-12-31": "-7.27100", "2011-09-30": -2.822, "2011-06-30": 7.965, "2011-03-31": -3.574, "2010-12-31": "0.53600", "2010-09-30": -11.609, "2010-06-30": -6.504, "2010-03-31": -1.073, "2009-12-31": "3.49000", "2009-09-30": -3.783, "2009-06-30": 3.855, "2009-03-31": -1.322, "2008-12-31": "-2.38800", "2008-09-30": 1.307, "2008-06-30": -2.757, "2008-03-31": -5.655, "2007-12-31": "-0.46200", "2007-09-30": -3.131, "2007-06-30": -2.39, "2007-03-31": -4.009, "2006-12-31": "-0.26500", "2006-09-30": 0.097, "2006-06-30": -0.385, "2006-03-31": -2.631, "2005-12-31": "1.21900", "2005-09-30": -2.448, "2005-06-30": -1.314, "2005-03-31": -0.849}, "Change In Accounts Payable": {"2020-12-31": "", "2020-09-30": 0, "2020-06-30": 0, "2020-03-31": 0, "2019-12-31": "", "2019-09-30": 0, "2019-06-30": 0, "2019-03-31": 0, "2018-12-31": "", "2018-09-30": 0, "2018-06-30": 0, "2018-03-31": 0, "2017-12-31": "", "2017-09-30": 0, "2017-06-30": 0, "2017-03-31": 0, "2016-12-31": "", "2016-09-30": 0, "2016-06-30": 0, "2016-03-31": 0, "2015-12-31": "", "2015-09-30": 0, "2015-06-30": 0, "2015-03-31": 0, "2014-12-31": "", "2014-09-30": 0, "2014-06-30": 0, "2014-03-31": 0, "2013-12-31": "", "2013-09-30": 0, "2013-06-30": 0, "2013-03-31": 0, "2012-12-31": "", "2012-09-30": 0, "2012-06-30": 0, "2012-03-31": 0, "2011-12-31": "", "2011-09-30": 0, "2011-06-30": 0, "2011-03-31": 0, "2010-12-31": "", "2010-09-30": 0, "2010-06-30": 0, "2010-03-31": 0, "2009-12-31": "", "2009-09-30": 0, "2009-06-30": 0, "2009-03-31": 0, "2008-12-31": "", "2008-09-30": 0, "2008-06-30": 0, "2008-03-31": 0, "2007-12-31": "", "2007-09-30": 0, "2007-06-30": 0, "2007-03-31": 0, "2006-12-31": "", "2006-09-30": 0, "2006-06-30": 0, "2006-03-31": 0, "2005-12-31": "", "2005-09-30": 0, "2005-06-30": 0, "2005-03-31": 0}, "Change In Assets/Liabilities": {"2020-12-31": "-16.84200", "2020-09-30": -32.762, "2020-06-30": 99.62, "2020-03-31": -20.687, "2019-12-31": "-20.91800", "2019-09-30": -13.796, "2019-06-30": 59.709, "2019-03-31": -48.839, "2018-12-31": "-45.89400", "2018-09-30": -18.2, "2018-06-30": 54.228, "2018-03-31": -29.464, "2017-12-31": "-26.96000", "2017-09-30": -2.016, "2017-06-30": 0.271, "2017-03-31": -1.948, "2016-12-31": "-8.76700", "2016-09-30": -1.117, "2016-06-30": -4.754, "2016-03-31": -1.188, "2015-12-31": "2.72600", "2015-09-30": 4.255, "2015-06-30": 1.042, "2015-03-31": -0.919, "2014-12-31": "1.27600", "2014-09-30": 1.198, "2014-06-30": -0.942, "2014-03-31": -1.341, "2013-12-31": "-7.31200", "2013-09-30": -11.281, "2013-06-30": 7.691, "2013-03-31": -6.217, "2012-12-31": "9.78500", "2012-09-30": -6.066, "2012-06-30": 1.007, "2012-03-31": 0.963, "2011-12-31": "0.83200", "2011-09-30": 13.609, "2011-06-30": 0.409, "2011-03-31": 0.693, "2010-12-31": "-2.42000", "2010-09-30": 0.673, "2010-06-30": -5.592, "2010-03-31": -3.477, "2009-12-31": "-2.55700", "2009-09-30": 3.544, "2009-06-30": 4.467, "2009-03-31": -4.904, "2008-12-31": "3.02100", "2008-09-30": -8.023, "2008-06-30": 2.667, "2008-03-31": 2.141, "2007-12-31": "5.35000", "2007-09-30": 2.455, "2007-06-30": -3.541, "2007-03-31": -0.65, "2006-12-31": "-1.05900", "2006-09-30": 4.566, "2006-06-30": -3.028, "2006-03-31": -0.781, "2005-12-31": "4.12300", "2005-09-30": 0.769, "2005-06-30": -1.958, "2005-03-31": 2.398}, "Total Change In Assets/Liabilities": {"2020-12-31": "-88.06400", "2020-09-30": 44.249, "2020-06-30": -8.654, "2020-03-31": -64.324, "2019-12-31": "-52.32200", "2019-09-30": 42.554, "2019-06-30": -24.268, "2019-03-31": -57.06, "2018-12-31": "-55.65300", "2018-09-30": -1.475, "2018-06-30": 117.066, "2018-03-31": -28.309, "2017-12-31": "-3.43200", "2017-09-30": 40.464, "2017-06-30": 24.972, "2017-03-31": 3.032, "2016-12-31": "-18.95400", "2016-09-30": 28.949, "2016-06-30": 27.167, "2016-03-31": -22.663, "2015-12-31": "4.25000", "2015-09-30": 22.163, "2015-06-30": -16.883, "2015-03-31": 80.856, "2014-12-31": "-67.27200", "2014-09-30": 7.158, "2014-06-30": 23.979, "2014-03-31": -4.636, "2013-12-31": "4.16000", "2013-09-30": -2.353, "2013-06-30": 24.916, "2013-03-31": -28.016, "2012-12-31": "-14.83800", "2012-09-30": -12.883, "2012-06-30": 20.565, "2012-03-31": 5.498, "2011-12-31": "2.66300", "2011-09-30": -7.028, "2011-06-30": 34.408, "2011-03-31": -13.764, "2010-12-31": "-23.97800", "2010-09-30": -13.781, "2010-06-30": 0.175, "2010-03-31": -8.604, "2009-12-31": "23.78300", "2009-09-30": 36.824, "2009-06-30": -4.844, "2009-03-31": -60.654, "2008-12-31": "19.53700", "2008-09-30": 48.416, "2008-06-30": 3.19, "2008-03-31": -23.618, "2007-12-31": "31.26600", "2007-09-30": 51.709, "2007-06-30": 7.428, "2007-03-31": -23.254, "2006-12-31": "7.36200", "2006-09-30": 29.225, "2006-06-30": -5.838, "2006-03-31": 11.456, "2005-12-31": "9.37500", "2005-09-30": -16.344, "2005-06-30": -3.604, "2005-03-31": 18.142}, "Cash Flow From Operating Activities": {"2020-12-31": "82.16000", "2020-09-30": 112.662, "2020-06-30": 134.288, "2020-03-31": 65.74, "2019-12-31": "31.15900", "2019-09-30": 130.48, "2019-06-30": 91.35, "2019-03-31": 48.892, "2018-12-31": "56.95200", "2018-09-30": 111.731, "2018-06-30": 142.43, "2018-03-31": 80.892, "2017-12-31": "17.14900", "2017-09-30": 80.428, "2017-06-30": 138.037, "2017-03-31": 88.605, "2016-12-31": "70.72300", "2016-09-30": 76.109, "2016-06-30": 127.089, "2016-03-31": 89.471, "2015-12-31": "67.39500", "2015-09-30": 83.26, "2015-06-30": 48.177, "2015-03-31": 174.495, "2014-12-31": "3.44500", "2014-09-30": 89.579, "2014-06-30": 92.548, "2014-03-31": 102.138, "2013-12-31": "77.28200", "2013-09-30": 67.056, "2013-06-30": 85.389, "2013-03-31": 56.756, "2012-12-31": "67.30000", "2012-09-30": 76.923, "2012-06-30": 98.329, "2012-03-31": 118.877, "2011-12-31": "95.79200", "2011-09-30": 109.529, "2011-06-30": 122.568, "2011-03-31": 100.939, "2010-12-31": "70.65200", "2010-09-30": 67.847, "2010-06-30": 74.969, "2010-03-31": 86.018, "2009-12-31": "98.46400", "2009-09-30": 77.961, "2009-06-30": 65.197, "2009-03-31": 32.643, "2008-12-31": "97.42400", "2008-09-30": 102.461, "2008-06-30": 51.239, "2008-03-31": 34.508, "2007-12-31": "76.26600", "2007-09-30": 57.496, "2007-06-30": 35.068, "2007-03-31": 23.244, "2006-12-31": "47.16500", "2006-09-30": 46.082, "2006-06-30": 16.474, "2006-03-31": 41.239, "2005-12-31": "28.70700", "2005-09-30": 17.291, "2005-06-30": 13.935, "2005-03-31": 49.196}, "Net Change In Property, Plant, And Equipment": {"2020-12-31": "0.83800", "2020-09-30": -10.438, "2020-06-30": -14.127, "2020-03-31": -18.397, "2019-12-31": "-23.38500", "2019-09-30": -16.611, "2019-06-30": -23.588, "2019-03-31": -37.543, "2018-12-31": "-18.53900", "2018-09-30": -17.945, "2018-06-30": -15.135, "2018-03-31": -20.459, "2017-12-31": "-19.27500", "2017-09-30": -17.949, "2017-06-30": -30.438, "2017-03-31": -28.654, "2016-12-31": "-22.57600", "2016-09-30": -23.683, "2016-06-30": -28.095, "2016-03-31": -24.616, "2015-12-31": "-24.36800", "2015-09-30": -37.757, "2015-06-30": -41.281, "2015-03-31": -56.83, "2014-12-31": "-21.65800", "2014-09-30": -41.596, "2014-06-30": -15.937, "2014-03-31": -8.905, "2013-12-31": "-8.92500", "2013-09-30": -8.783, "2013-06-30": -5.637, "2013-03-31": -5.09, "2012-12-31": "-6.69800", "2012-09-30": -116.037, "2012-06-30": -19.502, "2012-03-31": -17.504, "2011-12-31": "-12.23100", "2011-09-30": -16.538, "2011-06-30": -10.503, "2011-03-31": -7.729, "2010-12-31": "-9.02500", "2010-09-30": -10.44, "2010-06-30": -6.989, "2010-03-31": -7.274, "2009-12-31": "-10.61900", "2009-09-30": -4.758, "2009-06-30": -5.684, "2009-03-31": -2.556, "2008-12-31": "-0.99600", "2008-09-30": -5.904, "2008-06-30": -3.035, "2008-03-31": -3.154, "2007-12-31": "-1.47700", "2007-09-30": -3.633, "2007-06-30": -2.498, "2007-03-31": -2.649, "2006-12-31": "-1.79800", "2006-09-30": -2.342, "2006-06-30": -1.764, "2006-03-31": -2.023, "2005-12-31": "-1.91000", "2005-09-30": -2.733, "2005-06-30": -2.902, "2005-03-31": -9.099}, "Net Change In Intangible Assets": {"2020-12-31": "", "2020-09-30": 0, "2020-06-30": 0, "2020-03-31": -2.35, "2019-12-31": "-0.29000", "2019-09-30": 0, "2019-06-30": -0.19, "2019-03-31": -5, "2018-12-31": "-12.06500", "2018-09-30": 0, "2018-06-30": -0.65, "2018-03-31": -0.695, "2017-12-31": "-11.19800", "2017-09-30": 0, "2017-06-30": 0, "2017-03-31": -5.25, "2016-12-31": "0.00000", "2016-09-30": -2.25, "2016-06-30": -13.5, "2016-03-31": 0, "2015-12-31": "-105.27000", "2015-09-30": -14.7, "2015-06-30": -16.3, "2015-03-31": 0, "2014-12-31": "-6.41600", "2014-09-30": -18, "2014-06-30": -7.55, "2014-03-31": -12.4, "2013-12-31": "", "2013-09-30": 0, "2013-06-30": 0, "2013-03-31": -0.002, "2012-12-31": "-4.04800", "2012-09-30": 0, "2012-06-30": -0.35, "2012-03-31": 0, "2011-12-31": "0.00000", "2011-09-30": 0, "2011-06-30": 0, "2011-03-31": 0, "2010-12-31": "", "2010-09-30": -0.825, "2010-06-30": 0.125, "2010-03-31": 0, "2009-12-31": "-0.12500", "2009-09-30": -1.25, "2009-06-30": 0, "2009-03-31": 0, "2008-12-31": "-8.32100", "2008-09-30": 0, "2008-06-30": 0, "2008-03-31": 0, "2007-12-31": "", "2007-09-30": -4.475, "2007-06-30": 0, "2007-03-31": -0.75, "2006-12-31": "", "2006-09-30": 0, "2006-06-30": 0, "2006-03-31": 0, "2005-12-31": "", "2005-09-30": -0.016, "2005-06-30": 0, "2005-03-31": -11.773}, "Net Acquisitions/Divestitures": {"2020-12-31": "", "2020-09-30": 0, "2020-06-30": 0, "2020-03-31": 0, "2019-12-31": "", "2019-09-30": 0, "2019-06-30": -14.919, "2019-03-31": 0, "2018-12-31": "", "2018-09-30": -16.289, "2018-06-30": 0, "2018-03-31": -6.563, "2017-12-31": "", "2017-09-30": 0, "2017-06-30": 0, "2017-03-31": 0, "2016-12-31": "", "2016-09-30": 0, "2016-06-30": 0, "2016-03-31": 0, "2015-12-31": "", "2015-09-30": 0, "2015-06-30": 0, "2015-03-31": 0, "2014-12-31": "-93.51600", "2014-09-30": 0, "2014-06-30": 0, "2014-03-31": 0, "2013-12-31": "", "2013-09-30": 0, "2013-06-30": 0, "2013-03-31": 0, "2012-12-31": "", "2012-09-30": -11.946, "2012-06-30": 0, "2012-03-31": 0, "2011-12-31": "-0.57500", "2011-09-30": 0, "2011-06-30": 0, "2011-03-31": 0, "2010-12-31": "-3.35000", "2010-09-30": -5.601, "2010-06-30": 0, "2010-03-31": 0, "2009-12-31": "", "2009-09-30": 0, "2009-06-30": -16.621, "2009-03-31": 0, "2008-12-31": "", "2008-09-30": 0.129, "2008-06-30": 0, "2008-03-31": -4.461, "2007-12-31": "-248.71500", "2007-09-30": 0.022, "2007-06-30": -30.23, "2007-03-31": 0, "2006-12-31": "", "2006-09-30": 0, "2006-06-30": 0, "2006-03-31": 0, "2005-12-31": "", "2005-09-30": -3.143, "2005-06-30": 0, "2005-03-31": -1.446}, "Net Change In Short-term Investments": {"2020-12-31": "", "2020-09-30": 0, "2020-06-30": 0, "2020-03-31": 0, "2019-12-31": "", "2019-09-30": 0, "2019-06-30": 0, "2019-03-31": 0, "2018-12-31": "", "2018-09-30": 0, "2018-06-30": 0, "2018-03-31": 0, "2017-12-31": "", "2017-09-30": 0, "2017-06-30": 0, "2017-03-31": 0, "2016-12-31": "", "2016-09-30": 0, "2016-06-30": 0, "2016-03-31": 0, "2015-12-31": "", "2015-09-30": 0, "2015-06-30": 0, "2015-03-31": 0, "2014-12-31": "", "2014-09-30": 0, "2014-06-30": 0, "2014-03-31": 0, "2013-12-31": "", "2013-09-30": 0, "2013-06-30": 0, "2013-03-31": 0, "2012-12-31": "", "2012-09-30": 0, "2012-06-30": 0, "2012-03-31": 0, "2011-12-31": "", "2011-09-30": 0, "2011-06-30": 0, "2011-03-31": 0, "2010-12-31": "", "2010-09-30": 0, "2010-06-30": 0, "2010-03-31": 0, "2009-12-31": "", "2009-09-30": 0, "2009-06-30": 0, "2009-03-31": 0, "2008-12-31": "", "2008-09-30": 0, "2008-06-30": 0, "2008-03-31": 0, "2007-12-31": "", "2007-09-30": 0, "2007-06-30": 0, "2007-03-31": 0, "2006-12-31": "", "2006-09-30": 0, "2006-06-30": 0, "2006-03-31": 0, "2005-12-31": "", "2005-09-30": 0, "2005-06-30": 0, "2005-03-31": 0}, "Net Change In Long-Term Investments": {"2020-12-31": "-2.33700", "2020-09-30": 165.073, "2020-06-30": 41.074, "2020-03-31": 10.946, "2019-12-31": "-13.73200", "2019-09-30": 33.703, "2019-06-30": 28.83, "2019-03-31": 20.655, "2018-12-31": "-10.96200", "2018-09-30": 71.752, "2018-06-30": 60.427, "2018-03-31": 50.736, "2017-12-31": "3.38000", "2017-09-30": -11.49, "2017-06-30": -32.122, "2017-03-31": -6.9, "2016-12-31": "-2.64700", "2016-09-30": -132.135, "2016-06-30": -13.074, "2016-03-31": 34.122, "2015-12-31": "51.08100", "2015-09-30": 77.356, "2015-06-30": -24.261, "2015-03-31": 9.7, "2014-12-31": "-4.35400", "2014-09-30": -35.213, "2014-06-30": -23.447, "2014-03-31": -5.452, "2013-12-31": "-28.55200", "2013-09-30": -3.148, "2013-06-30": 4.213, "2013-03-31": -30.2, "2012-12-31": "236.25800", "2012-09-30": -49.075, "2012-06-30": -62.179, "2012-03-31": 50.313, "2011-12-31": "44.40700", "2011-09-30": -80.381, "2011-06-30": 20.455, "2011-03-31": 20.204, "2010-12-31": "-149.83500", "2010-09-30": 33.706, "2010-06-30": 107.72, "2010-03-31": -13.906, "2009-12-31": "-130.12900", "2009-09-30": 10.423, "2009-06-30": -65.471, "2009-03-31": -61.516, "2008-12-31": "-79.75100", "2008-09-30": -74.825, "2008-06-30": -35.848, "2008-03-31": 31.597, "2007-12-31": "74.35500", "2007-09-30": -12.673, "2007-06-30": -22.674, "2007-03-31": -48.859, "2006-12-31": "-62.67800", "2006-09-30": -4.221, "2006-06-30": -150.094, "2006-03-31": 0, "2005-12-31": "", "2005-09-30": 0, "2005-06-30": 0, "2005-03-31": 0}, "Net Change In Investments - Total": {"2020-12-31": "-2.33700", "2020-09-30": 165.073, "2020-06-30": 41.074, "2020-03-31": 10.946, "2019-12-31": "-13.73200", "2019-09-30": 33.703, "2019-06-30": 28.83, "2019-03-31": 20.655, "2018-12-31": "-10.96200", "2018-09-30": 71.752, "2018-06-30": 60.427, "2018-03-31": 50.736, "2017-12-31": "3.38000", "2017-09-30": -11.49, "2017-06-30": -32.122, "2017-03-31": -6.9, "2016-12-31": "-2.64700", "2016-09-30": -132.135, "2016-06-30": -13.074, "2016-03-31": 34.122, "2015-12-31": "51.08100", "2015-09-30": 77.356, "2015-06-30": -24.261, "2015-03-31": 9.7, "2014-12-31": "-4.35400", "2014-09-30": -35.213, "2014-06-30": -23.447, "2014-03-31": -5.452, "2013-12-31": "-28.55200", "2013-09-30": -3.148, "2013-06-30": 4.213, "2013-03-31": -30.2, "2012-12-31": "236.25800", "2012-09-30": -49.075, "2012-06-30": -62.179, "2012-03-31": 50.313, "2011-12-31": "44.40700", "2011-09-30": -80.381, "2011-06-30": 20.455, "2011-03-31": 20.204, "2010-12-31": "-149.83500", "2010-09-30": 33.706, "2010-06-30": 107.72, "2010-03-31": -13.906, "2009-12-31": "-130.12900", "2009-09-30": 10.423, "2009-06-30": -65.471, "2009-03-31": -61.516, "2008-12-31": "-79.75100", "2008-09-30": -74.825, "2008-06-30": -35.848, "2008-03-31": 31.597, "2007-12-31": "74.35500", "2007-09-30": -12.673, "2007-06-30": -22.674, "2007-03-31": -48.859, "2006-12-31": "-62.67800", "2006-09-30": -4.221, "2006-06-30": -150.094, "2006-03-31": 0, "2005-12-31": "", "2005-09-30": 0, "2005-06-30": 0, "2005-03-31": 0}, "Investing Activities - Other": {"2020-12-31": "", "2020-09-30": 0, "2020-06-30": 0, "2020-03-31": 0, "2019-12-31": "", "2019-09-30": 0, "2019-06-30": 0, "2019-03-31": 0, "2018-12-31": "", "2018-09-30": 0, "2018-06-30": 0, "2018-03-31": 0, "2017-12-31": "", "2017-09-30": 2.542, "2017-06-30": -0.435, "2017-03-31": -0.677, "2016-12-31": "-1.43000", "2016-09-30": 2.028, "2016-06-30": -0.395, "2016-03-31": -0.947, "2015-12-31": "-1.39500", "2015-09-30": 26.199, "2015-06-30": 0.237, "2015-03-31": -0.116, "2014-12-31": "0.10200", "2014-09-30": 1.192, "2014-06-30": 0.01, "2014-03-31": 0.005, "2013-12-31": "-0.17400", "2013-09-30": 0.117, "2013-06-30": -0.729, "2013-03-31": 2.063, "2012-12-31": "-3.29100", "2012-09-30": -0.124, "2012-06-30": 0, "2012-03-31": 0, "2011-12-31": "", "2011-09-30": 0, "2011-06-30": 0, "2011-03-31": 0, "2010-12-31": "", "2010-09-30": 0.825, "2010-06-30": -0.825, "2010-03-31": 0, "2009-12-31": "", "2009-09-30": 0, "2009-06-30": 0, "2009-03-31": 0, "2008-12-31": "", "2008-09-30": -0.04, "2008-06-30": 0, "2008-03-31": 0.033, "2007-12-31": "0.00700", "2007-09-30": 0.01, "2007-06-30": 1.294, "2007-03-31": -1.26, "2006-12-31": "0.05400", "2006-09-30": -0.044, "2006-06-30": -1, "2006-03-31": 0, "2005-12-31": "", "2005-09-30": -0.004, "2005-06-30": 0.039, "2005-03-31": 0}, "Cash Flow From Investing Activities": {"2020-12-31": "-1.49900", "2020-09-30": 154.635, "2020-06-30": 26.947, "2020-03-31": -9.801, "2019-12-31": "-37.40700", "2019-09-30": 17.092, "2019-06-30": -9.867, "2019-03-31": -21.888, "2018-12-31": "-41.56600", "2018-09-30": 37.518, "2018-06-30": 44.642, "2018-03-31": 23.019, "2017-12-31": "-27.09300", "2017-09-30": -26.897, "2017-06-30": -62.995, "2017-03-31": -41.481, "2016-12-31": "-26.65300", "2016-09-30": -156.04, "2016-06-30": -55.064, "2016-03-31": 8.559, "2015-12-31": "-79.95200", "2015-09-30": 51.098, "2015-06-30": -81.605, "2015-03-31": -47.246, "2014-12-31": "-125.84200", "2014-09-30": -93.617, "2014-06-30": -46.924, "2014-03-31": -26.752, "2013-12-31": "-37.65100", "2013-09-30": -11.814, "2013-06-30": -2.153, "2013-03-31": -33.229, "2012-12-31": "222.22100", "2012-09-30": -177.182, "2012-06-30": -82.031, "2012-03-31": 32.809, "2011-12-31": "31.60100", "2011-09-30": -96.919, "2011-06-30": 9.952, "2011-03-31": 12.475, "2010-12-31": "-162.21000", "2010-09-30": 17.665, "2010-06-30": 100.031, "2010-03-31": -21.18, "2009-12-31": "-140.87300", "2009-09-30": 4.415, "2009-06-30": -87.776, "2009-03-31": -64.072, "2008-12-31": "-89.06800", "2008-09-30": -80.64, "2008-06-30": -38.883, "2008-03-31": 24.015, "2007-12-31": "-175.83000", "2007-09-30": -20.749, "2007-06-30": -54.108, "2007-03-31": -53.518, "2006-12-31": "-64.42200", "2006-09-30": -6.607, "2006-06-30": -152.858, "2006-03-31": -2.023, "2005-12-31": "-1.91000", "2005-09-30": -5.896, "2005-06-30": -2.863, "2005-03-31": -22.318}, "Net Long-Term Debt": {"2020-12-31": "", "2020-09-30": 0, "2020-06-30": 0, "2020-03-31": 0, "2019-12-31": "", "2019-09-30": 0, "2019-06-30": 0, "2019-03-31": 0, "2018-12-31": "", "2018-09-30": 0, "2018-06-30": 0, "2018-03-31": 0, "2017-12-31": "", "2017-09-30": 0, "2017-06-30": 0, "2017-03-31": 0, "2016-12-31": "", "2016-09-30": 0, "2016-06-30": 0, "2016-03-31": 0, "2015-12-31": "", "2015-09-30": 0, "2015-06-30": 0, "2015-03-31": 0, "2014-12-31": "", "2014-09-30": 0, "2014-06-30": 0, "2014-03-31": 0, "2013-12-31": "", "2013-09-30": -0.079, "2013-06-30": 0, "2013-03-31": 0, "2012-12-31": "", "2012-09-30": -0.518, "2012-06-30": 0, "2012-03-31": 0, "2011-12-31": "", "2011-09-30": 0, "2011-06-30": 0, "2011-03-31": 0, "2010-12-31": "", "2010-09-30": -6.488, "2010-06-30": -0.402, "2010-03-31": -0.392, "2009-12-31": "-0.39800", "2009-09-30": -0.401, "2009-06-30": -0.387, "2009-03-31": -0.366, "2008-12-31": "-0.36800", "2008-09-30": -0.39, "2008-06-30": -0.387, "2008-03-31": -0.38, "2007-12-31": "-0.37900", "2007-09-30": -0.38, "2007-06-30": -0.369, "2007-03-31": -0.359, "2006-12-31": "-0.35900", "2006-09-30": -0.349, "2006-06-30": -0.353, "2006-03-31": -0.329, "2005-12-31": "-0.32900", "2005-09-30": -0.316, "2005-06-30": -0.332, "2005-03-31": -0.644}, "Net Current Debt": {"2020-12-31": "", "2020-09-30": 0, "2020-06-30": 0, "2020-03-31": 0, "2019-12-31": "", "2019-09-30": 0, "2019-06-30": 0, "2019-03-31": 0, "2018-12-31": "", "2018-09-30": 0, "2018-06-30": 0, "2018-03-31": 0, "2017-12-31": "", "2017-09-30": 0, "2017-06-30": 0, "2017-03-31": 0, "2016-12-31": "", "2016-09-30": 0, "2016-06-30": 0, "2016-03-31": 0, "2015-12-31": "", "2015-09-30": 0, "2015-06-30": 0, "2015-03-31": 0, "2014-12-31": "", "2014-09-30": 0, "2014-06-30": 0, "2014-03-31": 0, "2013-12-31": "", "2013-09-30": 0, "2013-06-30": 0, "2013-03-31": 0, "2012-12-31": "", "2012-09-30": 0, "2012-06-30": 0, "2012-03-31": 0, "2011-12-31": "", "2011-09-30": 0, "2011-06-30": 0, "2011-03-31": 0, "2010-12-31": "", "2010-09-30": 0, "2010-06-30": 0, "2010-03-31": 0, "2009-12-31": "", "2009-09-30": 0, "2009-06-30": 0, "2009-03-31": 0, "2008-12-31": "", "2008-09-30": 0, "2008-06-30": 0, "2008-03-31": 0, "2007-12-31": "", "2007-09-30": 0, "2007-06-30": 0, "2007-03-31": 0, "2006-12-31": "", "2006-09-30": 0, "2006-06-30": 0, "2006-03-31": 0, "2005-12-31": "", "2005-09-30": 0, "2005-06-30": 0, "2005-03-31": 0}, "Debt Issuance/Retirement Net - Total": {"2020-12-31": "", "2020-09-30": 0, "2020-06-30": 0, "2020-03-31": 0, "2019-12-31": "", "2019-09-30": 0, "2019-06-30": 0, "2019-03-31": 0, "2018-12-31": "", "2018-09-30": 0, "2018-06-30": 0, "2018-03-31": 0, "2017-12-31": "", "2017-09-30": 0, "2017-06-30": 0, "2017-03-31": 0, "2016-12-31": "", "2016-09-30": 0, "2016-06-30": 0, "2016-03-31": 0, "2015-12-31": "", "2015-09-30": 0, "2015-06-30": 0, "2015-03-31": 0, "2014-12-31": "", "2014-09-30": 0, "2014-06-30": 0, "2014-03-31": 0, "2013-12-31": "", "2013-09-30": -0.079, "2013-06-30": 0, "2013-03-31": 0, "2012-12-31": "", "2012-09-30": -0.518, "2012-06-30": 0, "2012-03-31": 0, "2011-12-31": "", "2011-09-30": 0, "2011-06-30": 0, "2011-03-31": 0, "2010-12-31": "", "2010-09-30": -6.488, "2010-06-30": -0.402, "2010-03-31": -0.392, "2009-12-31": "-0.39800", "2009-09-30": -0.401, "2009-06-30": -0.387, "2009-03-31": -0.366, "2008-12-31": "-0.36800", "2008-09-30": -0.39, "2008-06-30": -0.387, "2008-03-31": -0.38, "2007-12-31": "-0.37900", "2007-09-30": -0.38, "2007-06-30": -0.369, "2007-03-31": -0.359, "2006-12-31": "-0.35900", "2006-09-30": -0.349, "2006-06-30": -0.353, "2006-03-31": -0.329, "2005-12-31": "-0.32900", "2005-09-30": -0.316, "2005-06-30": -0.332, "2005-03-31": -0.644}, "Net Common Equity Issued/Repurchased": {"2020-12-31": "11.33800", "2020-09-30": -30.62, "2020-06-30": -12.778, "2020-03-31": -42.056, "2019-12-31": "-5.63000", "2019-09-30": -41.754, "2019-06-30": -70.763, "2019-03-31": -72.449, "2018-12-31": "-98.27300", "2018-09-30": -39.769, "2018-06-30": -40.607, "2018-03-31": 24.598, "2017-12-31": "11.47000", "2017-09-30": -2.773, "2017-06-30": -1.439, "2017-03-31": -14.78, "2016-12-31": "-11.01000", "2016-09-30": 11.044, "2016-06-30": 21.494, "2016-03-31": -32.818, "2015-12-31": "-29.46300", "2015-09-30": -58.823, "2015-06-30": -0.173, "2015-03-31": -10.285, "2014-12-31": "-9.44100", "2014-09-30": -5.844, "2014-06-30": -22.615, "2014-03-31": 9.337, "2013-12-31": "-3.53300", "2013-09-30": -5.761, "2013-06-30": -2.295, "2013-03-31": -8.777, "2012-12-31": "-49.45400", "2012-09-30": -77.054, "2012-06-30": -94.245, "2012-03-31": -54.263, "2011-12-31": "-25.25500", "2011-09-30": -44.912, "2011-06-30": -59.671, "2011-03-31": -29.692, "2010-12-31": "-30.21700", "2010-09-30": -58.324, "2010-06-30": -78.595, "2010-03-31": -55.642, "2009-12-31": "-6.40300", "2009-09-30": 4.343, "2009-06-30": 8.079, "2009-03-31": 1.826, "2008-12-31": "2.97000", "2008-09-30": 2.637, "2008-06-30": 3.543, "2008-03-31": 2.867, "2007-12-31": "5.63900", "2007-09-30": 1.926, "2007-06-30": 2.089, "2007-03-31": 1.909, "2006-12-31": "4.22200", "2006-09-30": 1.201, "2006-06-30": 2.324, "2006-03-31": 1.433, "2005-12-31": "2.75900", "2005-09-30": 0.465, "2005-06-30": 0.517, "2005-03-31": 245.024}, "Net Total Equity Issued/Repurchased": {"2020-12-31": "11.33800", "2020-09-30": -30.62, "2020-06-30": -12.778, "2020-03-31": -42.056, "2019-12-31": "-5.63000", "2019-09-30": -41.754, "2019-06-30": -70.763, "2019-03-31": -72.449, "2018-12-31": "-98.27300", "2018-09-30": -39.769, "2018-06-30": -40.607, "2018-03-31": 24.598, "2017-12-31": "11.47000", "2017-09-30": -2.773, "2017-06-30": -1.439, "2017-03-31": -14.78, "2016-12-31": "-11.01000", "2016-09-30": 11.044, "2016-06-30": 21.494, "2016-03-31": -32.818, "2015-12-31": "-29.46300", "2015-09-30": -58.823, "2015-06-30": -0.173, "2015-03-31": -10.285, "2014-12-31": "-9.44100", "2014-09-30": -5.844, "2014-06-30": -22.615, "2014-03-31": 9.337, "2013-12-31": "-3.53300", "2013-09-30": -5.761, "2013-06-30": -2.295, "2013-03-31": -8.777, "2012-12-31": "-49.45400", "2012-09-30": -77.054, "2012-06-30": -94.245, "2012-03-31": -54.263, "2011-12-31": "-25.25500", "2011-09-30": -44.912, "2011-06-30": -59.671, "2011-03-31": -29.692, "2010-12-31": "-30.21700", "2010-09-30": -58.324, "2010-06-30": -78.595, "2010-03-31": -55.642, "2009-12-31": "-6.40300", "2009-09-30": 4.343, "2009-06-30": 8.079, "2009-03-31": 1.826, "2008-12-31": "2.97000", "2008-09-30": 2.637, "2008-06-30": 3.543, "2008-03-31": 2.867, "2007-12-31": "5.63900", "2007-09-30": 1.926, "2007-06-30": 2.089, "2007-03-31": 1.909, "2006-12-31": "4.22200", "2006-09-30": 1.201, "2006-06-30": 2.324, "2006-03-31": 1.433, "2005-12-31": "2.75900", "2005-09-30": 0.465, "2005-06-30": 0.517, "2005-03-31": 245.024}, "Total Common And Preferred Stock Dividends Paid": {"2020-12-31": "-22.23100", "2020-09-30": -22.142, "2020-06-30": -22.103, "2020-03-31": -22.255, "2019-12-31": "-22.08100", "2019-09-30": -19.178, "2019-06-30": -19.283, "2019-03-31": -19.462, "2018-12-31": "-19.57300", "2018-09-30": -16.559, "2018-06-30": -16.64, "2018-03-31": -16.579, "2017-12-31": "-16.37700", "2017-09-30": -14.291, "2017-06-30": -14.274, "2017-03-31": -14.278, "2016-12-31": "-14.21600", "2016-09-30": -12.141, "2016-06-30": -12.056, "2016-03-31": -12.086, "2015-12-31": "-12.11400", "2015-09-30": -10.274, "2015-06-30": -10.274, "2015-03-31": -10.242, "2014-12-31": "-10.22800", "2014-09-30": 0, "2014-06-30": 0, "2014-03-31": 0, "2013-12-31": "", "2013-09-30": 0, "2013-06-30": 0, "2013-03-31": 0, "2012-12-31": "-408.20600", "2012-09-30": 0, "2012-06-30": 0, "2012-03-31": 0, "2011-12-31": "", "2011-09-30": 0, "2011-06-30": 0, "2011-03-31": 0, "2010-12-31": "", "2010-09-30": 0, "2010-06-30": 0, "2010-03-31": 0, "2009-12-31": "", "2009-09-30": 0, "2009-06-30": 0, "2009-03-31": 0, "2008-12-31": "", "2008-09-30": 0, "2008-06-30": 0, "2008-03-31": 0, "2007-12-31": "", "2007-09-30": 0, "2007-06-30": 0, "2007-03-31": 0, "2006-12-31": "", "2006-09-30": 0, "2006-06-30": 0, "2006-03-31": 0, "2005-12-31": "", "2005-09-30": 0, "2005-06-30": 0, "2005-03-31": 0}, "Financial Activities - Other": {"2020-12-31": "-35.44700", "2020-09-30": -1.096, "2020-06-30": -2.546, "2020-03-31": -3.903, "2019-12-31": "-20.56500", "2019-09-30": -1.77, "2019-06-30": -1.082, "2019-03-31": -1.109, "2018-12-31": "-20.58500", "2018-09-30": -0.955, "2018-06-30": -1.243, "2018-03-31": -4.601, "2017-12-31": "-16.36700", "2017-09-30": -0.801, "2017-06-30": -1.076, "2017-03-31": -1.143, "2016-12-31": "-16.75000", "2016-09-30": -2.792, "2016-06-30": -0.436, "2016-03-31": -0.865, "2015-12-31": "-9.75300", "2015-09-30": -2.765, "2015-06-30": -0.672, "2015-03-31": -0.849, "2014-12-31": "-14.49300", "2014-09-30": -10.561, "2014-06-30": -0.568, "2014-03-31": -1.079, "2013-12-31": "-5.71700", "2013-09-30": -3.265, "2013-06-30": -0.605, "2013-03-31": -1.316, "2012-12-31": "-8.20600", "2012-09-30": -0.544, "2012-06-30": 0.243, "2012-03-31": -3.709, "2011-12-31": "1.02700", "2011-09-30": -10.649, "2011-06-30": 1.338, "2011-03-31": 1.919, "2010-12-31": "9.38600", "2010-09-30": 4.98, "2010-06-30": 6.606, "2010-03-31": 5.631, "2009-12-31": "4.65300", "2009-09-30": 2.279, "2009-06-30": 2.065, "2009-03-31": 0.691, "2008-12-31": "0.79200", "2008-09-30": 3.229, "2008-06-30": 6.965, "2008-03-31": 5.243, "2007-12-31": "6.30900", "2007-09-30": 3.321, "2007-06-30": 5.133, "2007-03-31": 4.824, "2006-12-31": "8.56700", "2006-09-30": 2.829, "2006-06-30": 2.628, "2006-03-31": 4.939, "2005-12-31": "3.44900", "2005-09-30": 0, "2005-06-30": 0, "2005-03-31": 0}, "Cash Flow From Financial Activities": {"2020-12-31": "-46.34000", "2020-09-30": -53.858, "2020-06-30": -37.427, "2020-03-31": -68.214, "2019-12-31": "-48.27600", "2019-09-30": -62.702, "2019-06-30": -91.128, "2019-03-31": -93.02, "2018-12-31": "-138.43100", "2018-09-30": -57.283, "2018-06-30": -58.49, "2018-03-31": 3.418, "2017-12-31": "-21.27400", "2017-09-30": -17.865, "2017-06-30": -16.789, "2017-03-31": -30.201, "2016-12-31": "-41.97600", "2016-09-30": -3.889, "2016-06-30": 9.002, "2016-03-31": -45.769, "2015-12-31": "-51.33000", "2015-09-30": -71.862, "2015-06-30": -11.119, "2015-03-31": -21.376, "2014-12-31": "-34.16200", "2014-09-30": -16.405, "2014-06-30": -23.183, "2014-03-31": 8.258, "2013-12-31": "-9.25000", "2013-09-30": -9.105, "2013-06-30": -2.9, "2013-03-31": -10.093, "2012-12-31": "-465.86600", "2012-09-30": -78.116, "2012-06-30": -94.002, "2012-03-31": -57.972, "2011-12-31": "-24.22800", "2011-09-30": -55.561, "2011-06-30": -58.333, "2011-03-31": -27.773, "2010-12-31": "-20.83100", "2010-09-30": -59.832, "2010-06-30": -72.391, "2010-03-31": -50.403, "2009-12-31": "-2.14800", "2009-09-30": 6.221, "2009-06-30": 9.757, "2009-03-31": 2.151, "2008-12-31": "3.39400", "2008-09-30": 5.476, "2008-06-30": 10.121, "2008-03-31": 7.73, "2007-12-31": "11.56900", "2007-09-30": 4.867, "2007-06-30": 6.853, "2007-03-31": 6.374, "2006-12-31": "12.43000", "2006-09-30": 3.681, "2006-06-30": 4.599, "2006-03-31": 6.043, "2005-12-31": "5.87900", "2005-09-30": 0.149, "2005-06-30": 0.185, "2005-03-31": 244.38}, "Net Cash Flow": {"2020-12-31": "39.44600", "2020-09-30": 216.586, "2020-06-30": 128.949, "2020-03-31": -18.711, "2019-12-31": "-52.43800", "2019-09-30": 81.548, "2019-06-30": -10.821, "2019-03-31": -64.92, "2018-12-31": "-125.46400", "2018-09-30": 87.787, "2018-06-30": 123.862, "2018-03-31": 109.581, "2017-12-31": "-30.34800", "2017-09-30": 38.107, "2017-06-30": 60.108, "2017-03-31": 19.67, "2016-12-31": "-3.27400", "2016-09-30": -83.879, "2016-06-30": 78.789, "2016-03-31": 54.103, "2015-12-31": "-64.82700", "2015-09-30": 61.058, "2015-06-30": -43.126, "2015-03-31": 104.879, "2014-12-31": "-159.35700", "2014-09-30": -21.625, "2014-06-30": 21.198, "2014-03-31": 84.259, "2013-12-31": "30.24300", "2013-09-30": 45.836, "2013-06-30": 80.053, "2013-03-31": 12.315, "2012-12-31": "-176.40700", "2012-09-30": -177.808, "2012-06-30": -77.58, "2012-03-31": 93.574, "2011-12-31": "102.90200", "2011-09-30": -43.092, "2011-06-30": 74.336, "2011-03-31": 86.63, "2010-12-31": "-112.22300", "2010-09-30": 26.763, "2010-06-30": 101.749, "2010-03-31": 11.111, "2009-12-31": "-45.44000", "2009-09-30": 88.302, "2009-06-30": -9.152, "2009-03-31": -29.906, "2008-12-31": "7.67300", "2008-09-30": 24.854, "2008-06-30": 22.405, "2008-03-31": 67.256, "2007-12-31": "-88.22100", "2007-09-30": 42.558, "2007-06-30": -11.492, "2007-03-31": -23.404, "2006-12-31": "-2.73200", "2006-09-30": 42.891, "2006-06-30": -129.937, "2006-03-31": 46.081, "2005-12-31": "32.09900", "2005-09-30": 10.852, "2005-06-30": 10.901, "2005-03-31": 271.939}, "Stock-Based Compensation": {"2020-12-31": "26.31300", "2020-09-30": 21.778, "2020-06-30": 21.285, "2020-03-31": 20.951, "2019-12-31": "22.61400", "2019-09-30": 17, "2019-06-30": 18.863, "2019-03-31": 19.235, "2018-12-31": "21.48200", "2018-09-30": 17.773, "2018-06-30": 17.101, "2018-03-31": 17.691, "2017-12-31": "18.68400", "2017-09-30": 16.403, "2017-06-30": 15.742, "2017-03-31": 15.983, "2016-12-31": "17.21500", "2016-09-30": 15.512, "2016-06-30": 16.007, "2016-03-31": 16.086, "2015-12-31": "19.38000", "2015-09-30": 16.247, "2015-06-30": 16.313, "2015-03-31": 16.667, "2014-12-31": "17.84200", "2014-09-30": 16.907, "2014-06-30": 15.966, "2014-03-31": 17.753, "2013-12-31": "15.05400", "2013-09-30": 14.396, "2013-06-30": 17.283, "2013-03-31": 14.945, "2012-12-31": "17.70400", "2012-09-30": 13.338, "2012-06-30": 10.741, "2012-03-31": 12.063, "2011-12-31": "11.43900", "2011-09-30": 10.749, "2011-06-30": 10.916, "2011-03-31": 10.74, "2010-12-31": "11.26000", "2010-09-30": 7.8, "2010-06-30": 8.577, "2010-03-31": 7.111, "2009-12-31": "5.32700", "2009-09-30": 6.871, "2009-06-30": 6.371, "2009-03-31": 4.649, "2008-12-31": "4.53100", "2008-09-30": 5.411, "2008-06-30": 5.394, "2008-03-31": 6.408, "2007-12-31": "5.11900", "2007-09-30": 4.751, "2007-06-30": 5.139, "2007-03-31": 4.757, "2006-12-31": "4.86100", "2006-09-30": 4.026, "2006-06-30": 4.74, "2006-03-31": 5.091, "2005-12-31": "5.10900", "2005-09-30": 2.749, "2005-06-30": 3.228, "2005-03-31": 8.207}, "Common Stock Dividends Paid": {"2020-12-31": "-22.23100", "2020-09-30": -22.142, "2020-06-30": -22.103, "2020-03-31": -22.255, "2019-12-31": "-22.08100", "2019-09-30": -19.178, "2019-06-30": -19.283, "2019-03-31": -19.462, "2018-12-31": "-19.57300", "2018-09-30": -16.559, "2018-06-30": -16.64, "2018-03-31": -16.579, "2017-12-31": "-16.37700", "2017-09-30": -14.291, "2017-06-30": -14.274, "2017-03-31": -14.278, "2016-12-31": "-14.21600", "2016-09-30": -12.141, "2016-06-30": -12.056, "2016-03-31": -12.086, "2015-12-31": "-12.11400", "2015-09-30": -10.274, "2015-06-30": -10.274, "2015-03-31": -10.242, "2014-12-31": "-10.22800", "2014-09-30": 0, "2014-06-30": 0, "2014-03-31": 0, "2013-12-31": "", "2013-09-30": 0, "2013-06-30": 0, "2013-03-31": 0, "2012-12-31": "-408.20600", "2012-09-30": 0, "2012-06-30": 0, "2012-03-31": 0, "2011-12-31": "", "2011-09-30": 0, "2011-06-30": 0, "2011-03-31": 0, "2010-12-31": "", "2010-09-30": 0, "2010-06-30": 0, "2010-03-31": 0, "2009-12-31": "", "2009-09-30": 0, "2009-06-30": 0, "2009-03-31": 0, "2008-12-31": "", "2008-09-30": 0, "2008-06-30": 0, "2008-03-31": 0, "2007-12-31": "", "2007-09-30": 0, "2007-06-30": 0, "2007-03-31": 0, "2006-12-31": "", "2006-09-30": 0, "2006-06-30": 0, "2006-03-31": 0, "2005-12-31": "", "2005-09-30": 0, "2005-06-30": 0, "2005-03-31": 0}}, "financial ratios": {"Current Ratio": {"2020-09-30": "5.79240", "2019-09-30": "4.50230", "2018-09-30": "5.24750", "2017-09-30": "4.11530", "2016-09-30": "3.56540", "2015-09-30": "3.91660", "2014-09-30": "5.31160", "2013-09-30": "4.73670", "2012-09-30": "6.18650", "2011-09-30": "7.26920", "2010-09-30": "6.39740", "2009-09-30": "5.75310", "2008-09-30": "3.44770", "2007-09-30": "5.12150", "2006-09-30": "6.16700", "2005-09-30": "6.23940"}, "Long-term Debt / Capital": {"2020-09-30": "", "2019-09-30": "", "2018-09-30": "", "2017-09-30": "", "2016-09-30": "", "2015-09-30": "", "2014-09-30": "", "2013-09-30": "", "2012-09-30": "", "2011-09-30": "", "2010-09-30": "", "2009-09-30": "0.00430", "2008-09-30": "0.00740", "2007-09-30": "0.01200", "2006-09-30": "0.01800", "2005-09-30": "0.02560"}, "Debt/Equity Ratio": {"2020-09-30": "", "2019-09-30": "", "2018-09-30": "", "2017-09-30": "", "2016-09-30": "", "2015-09-30": "", "2014-09-30": "", "2013-09-30": "", "2012-09-30": "", "2011-09-30": "", "2010-09-30": "", "2009-09-30": "0.00550", "2008-09-30": "0.00890", "2007-09-30": "0.01410", "2006-09-30": "0.02080", "2005-09-30": "0.02920"}, "Gross Margin": {"2020-09-30": "87.39030", "2019-09-30": "87.04480", "2018-09-30": "87.90420", "2017-09-30": "89.02690", "2016-09-30": "89.37530", "2015-09-30": "90.23160", "2014-09-30": "92.69130", "2013-09-30": "89.36770", "2012-09-30": "90.13660", "2011-09-30": "88.43250", "2010-09-30": "85.71440", "2009-09-30": "90.99820", "2008-09-30": "89.41370", "2007-09-30": "84.59320", "2006-09-30": "80.57880", "2005-09-30": "75.54080"}, "Operating Margin": {"2020-09-30": "18.82800", "2019-09-30": "20.70500", "2018-09-30": "17.40040", "2017-09-30": "22.87890", "2016-09-30": "22.59790", "2015-09-30": "21.96780", "2014-09-30": "28.50710", "2013-09-30": "26.96150", "2012-09-30": "38.79810", "2011-09-30": "44.71420", "2010-09-30": "46.53460", "2009-09-30": "50.54410", "2008-09-30": "44.79370", "2007-09-30": "38.78450", "2006-09-30": "33.09560", "2005-09-30": "25.63120"}, "EBIT Margin": {"2020-09-30": "18.82800", "2019-09-30": "20.70500", "2018-09-30": "17.40040", "2017-09-30": "22.87890", "2016-09-30": "22.59790", "2015-09-30": "21.96780", "2014-09-30": "28.50710", "2013-09-30": "26.96150", "2012-09-30": "38.79810", "2011-09-30": "44.71420", "2010-09-30": "46.53460", "2009-09-30": "50.54410", "2008-09-30": "44.79370", "2007-09-30": "38.78450", "2006-09-30": "33.09560", "2005-09-30": "25.63120"}, "EBITDA Margin": {"2020-09-30": "26.71910", "2019-09-30": "27.58960", "2018-09-30": "25.34240", "2017-09-30": "30.93930", "2016-09-30": "31.27220", "2015-09-30": "30.03420", "2014-09-30": "35.03460", "2013-09-30": "33.93970", "2012-09-30": "45.33780", "2011-09-30": "51.06990", "2010-09-30": "51.30910", "2009-09-30": "55.31420", "2008-09-30": "48.96690", "2007-09-30": "41.30090", "2006-09-30": "36.38050", "2005-09-30": "29.09130"}, "Pre-Tax Profit Margin": {"2020-09-30": "20.63320", "2019-09-30": "22.73700", "2018-09-30": "18.62070", "2017-09-30": "23.62070", "2016-09-30": "22.99850", "2015-09-30": "25.32170", "2014-09-30": "28.75500", "2013-09-30": "27.55340", "2012-09-30": "39.54830", "2011-09-30": "45.84950", "2010-09-30": "47.36160", "2009-09-30": "51.62160", "2008-09-30": "47.13960", "2007-09-30": "43.44480", "2006-09-30": "37.45120", "2005-09-30": "27.81320"}, "Net Profit Margin": {"2020-09-30": "19.91430", "2019-09-30": "20.54990", "2018-09-30": "3.95850", "2017-09-30": "19.11550", "2016-09-30": "18.11960", "2015-09-30": "18.68770", "2014-09-30": "21.46510", "2013-09-30": "20.80650", "2012-09-30": "28.32780", "2011-09-30": "32.17960", "2010-09-30": "30.71890", "2009-09-30": "33.77210", "2008-09-30": "31.15410", "2007-09-30": "29.63130", "2006-09-30": "22.87090", "2005-09-30": "15.94460"}, "Asset Turnover": {"2020-09-30": "0.39820", "2019-09-30": "0.44000", "2018-09-30": "0.36800", "2017-09-30": "0.42630", "2016-09-30": "0.44400", "2015-09-30": "0.45500", "2014-09-30": "0.48400", "2013-09-30": "0.52340", "2012-09-30": "0.47580", "2011-09-30": "0.51000", "2010-09-30": "0.53900", "2009-09-30": "0.45500", "2008-09-30": "0.47920", "2007-09-30": "0.48610", "2006-09-30": "0.52960", "2005-09-30": "0.55940"}, "Inventory Turnover Ratio": {"2020-09-30": "5.73380", "2019-09-30": "4.97520", "2018-09-30": "4.86770", "2017-09-30": "4.73150", "2016-09-30": "6.66390", "2015-09-30": "6.83510", "2014-09-30": "8.22120", "2013-09-30": "9.58280", "2012-09-30": "5.51060", "2011-09-30": "4.23610", "2010-09-30": "4.65150", "2009-09-30": "4.99180", "2008-09-30": "3.73780", "2007-09-30": "4.98990", "2006-09-30": "6.84820", "2005-09-30": "6.84340"}, "Receiveable Turnover": {"2020-09-30": "6.44220", "2019-09-30": "6.56540", "2018-09-30": "6.34790", "2017-09-30": "14.64650", "2016-09-30": "13.55220", "2015-09-30": "9.55700", "2014-09-30": "11.14310", "2013-09-30": "9.33380", "2012-09-30": "21.45110", "2011-09-30": "15.54740", "2010-09-30": "17.00630", "2009-09-30": "31.30860", "2008-09-30": "23.15480", "2007-09-30": "17.11440", "2006-09-30": "16.62600", "2005-09-30": "9.86600"}, "Days Sales In Receivables": {"2020-09-30": "56.65740", "2019-09-30": "55.59430", "2018-09-30": "57.49910", "2017-09-30": "24.92070", "2016-09-30": "26.93290", "2015-09-30": "38.19190", "2014-09-30": "32.75580", "2013-09-30": "39.10510", "2012-09-30": "17.01550", "2011-09-30": "23.47650", "2010-09-30": "21.46260", "2009-09-30": "11.65810", "2008-09-30": "15.76350", "2007-09-30": "21.32700", "2006-09-30": "21.95360", "2005-09-30": "36.99560"}, "ROE - Return On Equity": {"2020-09-30": "9.49880", "2019-09-30": "11.04630", "2018-09-30": "1.78460", "2017-09-30": "9.66050", "2016-09-30": "9.42030", "2015-09-30": "10.09030", "2014-09-30": "12.05330", "2013-09-30": "12.68660", "2012-09-30": "15.20930", "2011-09-30": "18.42830", "2010-09-30": "18.92230", "2009-09-30": "17.92570", "2008-09-30": "19.15950", "2007-09-30": "17.91760", "2006-09-30": "15.06830", "2005-09-30": "11.34000"}, "Return On Tangible Equity": {"2020-09-30": "11.88380", "2019-09-30": "14.21600", "2018-09-30": "2.27630", "2017-09-30": "12.60450", "2016-09-30": "12.82190", "2015-09-30": "13.27060", "2014-09-30": "15.01180", "2013-09-30": "16.14120", "2012-09-30": "18.86630", "2011-09-30": "22.66170", "2010-09-30": "24.31710", "2009-09-30": "23.95670", "2008-09-30": "28.08350", "2007-09-30": "19.77170", "2006-09-30": "16.10170", "2005-09-30": "12.44810"}, "ROA - Return On Assets": {"2020-09-30": "7.93940", "2019-09-30": "9.05480", "2018-09-30": "1.47640", "2017-09-30": "8.17450", "2016-09-30": "8.06900", "2015-09-30": "8.58950", "2014-09-30": "10.52010", "2013-09-30": "10.94980", "2012-09-30": "13.52170", "2011-09-30": "16.48190", "2010-09-30": "16.52250", "2009-09-30": "15.45210", "2008-09-30": "15.04570", "2007-09-30": "14.40270", "2006-09-30": "12.11290", "2005-09-30": "8.91950"}, "ROI - Return On Investment": {"2020-09-30": "9.49880", "2019-09-30": "11.04630", "2018-09-30": "1.78460", "2017-09-30": "9.66050", "2016-09-30": "9.42030", "2015-09-30": "10.09030", "2014-09-30": "12.05330", "2013-09-30": "12.68660", "2012-09-30": "15.20930", "2011-09-30": "18.42830", "2010-09-30": "18.92230", "2009-09-30": "17.84940", "2008-09-30": "19.01850", "2007-09-30": "17.70240", "2006-09-30": "14.79710", "2005-09-30": "11.04950"}, "Book Value Per Share": {"2020-09-30": "24.31190", "2019-09-30": "23.09770", "2018-09-30": "22.96110", "2017-09-30": "20.98600", "2016-09-30": "19.50990", "2015-09-30": "17.97420", "2014-09-30": "16.93230", "2013-09-30": "14.74390", "2012-09-30": "16.90880", "2011-09-30": "15.40240", "2010-09-30": "13.33540", "2009-09-30": "11.97290", "2008-09-30": "9.32890", "2007-09-30": "7.23040", "2006-09-30": "5.54060", "2005-09-30": "4.43800"}, "Operating Cash Flow Per Share": {"2020-09-30": 0.2067, "2019-09-30": -0.1588, "2018-09-30": -0.3654, "2017-09-30": 0.1423, "2016-09-30": 0.5367, "2015-09-30": -0.5101, "2014-09-30": 0.7988, "2013-09-30": -0.9358, "2012-09-30": 0.0392, "2011-09-30": 0.7501, "2010-09-30": 0.4682, "2009-09-30": 0.0641, "2008-09-30": 0.8692, "2007-09-30": 0.2483, "2006-09-30": 0.415, "2005-09-30": 0.7717}, "Free Cash Flow Per Share": {"2020-09-30": 0.4829, "2019-09-30": -0.3988, "2018-09-30": -0.0817, "2017-09-30": 0.1616, "2016-09-30": 1.0697, "2015-09-30": -1.2995, "2014-09-30": 0.3265, "2013-09-30": 0.3461, "2012-09-30": -1.1086, "2011-09-30": 0.6671, "2010-09-30": 0.2834, "2009-09-30": 0.0611, "2008-09-30": 0.8441, "2007-09-30": 0.2271, "2006-09-30": 0.4844, "2005-09-30": 0.6303}}, "financial ratios, quarterly": {"Current Ratio": {"2020-12-31": "5.45060", "2020-09-30": "5.79240", "2020-06-30": "5.83400", "2020-03-31": "4.75040", "2019-12-31": "4.77410", "2019-09-30": "4.50230", "2019-06-30": "4.81000", "2019-03-31": "5.25810", "2018-12-31": "4.83330", "2018-09-30": "5.24750", "2018-06-30": "5.15550", "2018-03-31": "5.41720", "2017-12-31": "4.63980", "2017-09-30": "4.11530", "2017-06-30": "4.58440", "2017-03-31": "4.09130", "2016-12-31": "3.91470", "2016-09-30": "3.56540", "2016-06-30": "4.11140", "2016-03-31": "3.96140", "2015-12-31": "3.75480", "2015-09-30": "3.91660", "2015-06-30": "4.27750", "2015-03-31": "4.25960", "2014-12-31": "4.63890", "2014-09-30": "5.31160", "2014-06-30": "5.32990", "2014-03-31": "5.48150", "2013-12-31": "5.72420", "2013-09-30": "4.73670", "2013-06-30": "4.69340", "2013-03-31": "4.44350", "2012-12-31": "4.28170", "2012-09-30": "6.18650", "2012-06-30": "7.66890", "2012-03-31": "8.63830", "2011-12-31": "8.21380", "2011-09-30": "7.26920", "2011-06-30": "8.00720", "2011-03-31": "6.92650", "2010-12-31": "6.40240", "2010-09-30": "6.39740", "2010-06-30": "5.89830", "2010-03-31": "5.95600", "2009-12-31": "5.24620", "2009-09-30": "5.75310", "2009-06-30": "4.97640", "2009-03-31": "4.90420", "2008-12-31": "3.86570", "2008-09-30": "3.44770", "2008-06-30": "3.47050", "2008-03-31": "3.44990", "2007-12-31": "3.62490", "2007-09-30": "5.12150", "2007-06-30": "5.43560", "2007-03-31": "6.02250", "2006-12-31": "6.33930", "2006-09-30": "6.16700", "2006-06-30": "6.49500", "2006-03-31": "6.50550", "2005-12-31": "6.57200", "2005-09-30": "6.23940", "2005-06-30": "5.71830", "2005-03-31": "5.44650"}, "Long-term Debt / Capital": {"2020-12-31": "", "2020-09-30": "", "2020-06-30": "", "2020-03-31": "", "2019-12-31": "", "2019-09-30": "", "2019-06-30": "", "2019-03-31": "", "2018-12-31": "", "2018-09-30": "", "2018-06-30": "", "2018-03-31": "", "2017-12-31": "", "2017-09-30": "", "2017-06-30": "", "2017-03-31": "", "2016-12-31": "", "2016-09-30": "", "2016-06-30": "", "2016-03-31": "", "2015-12-31": "", "2015-09-30": "", "2015-06-30": "", "2015-03-31": "", "2014-12-31": "", "2014-09-30": "", "2014-06-30": "", "2014-03-31": "", "2013-12-31": "", "2013-09-30": "", "2013-06-30": "", "2013-03-31": "", "2012-12-31": "", "2012-09-30": "", "2012-06-30": "", "2012-03-31": "", "2011-12-31": "", "2011-09-30": "", "2011-06-30": "", "2011-03-31": "", "2010-12-31": "", "2010-09-30": "", "2010-06-30": "0.00300", "2010-03-31": "0.00330", "2009-12-31": "0.00380", "2009-09-30": "0.00430", "2009-06-30": "0.00490", "2009-03-31": "0.00540", "2008-12-31": "0.00610", "2008-09-30": "0.00740", "2008-06-30": "0.00820", "2008-03-31": "0.00920", "2007-12-31": "0.01050", "2007-09-30": "0.01200", "2007-06-30": "0.01330", "2007-03-31": "0.01460", "2006-12-31": "0.01630", "2006-09-30": "0.01800", "2006-06-30": "0.01970", "2006-03-31": "0.02120", "2005-12-31": "0.02340", "2005-09-30": "0.02560", "2005-06-30": "0.02780", "2005-03-31": "0.03040"}, "Debt/Equity Ratio": {"2020-12-31": "", "2020-09-30": "", "2020-06-30": "", "2020-03-31": "", "2019-12-31": "", "2019-09-30": "", "2019-06-30": "", "2019-03-31": "", "2018-12-31": "", "2018-09-30": "", "2018-06-30": "", "2018-03-31": "", "2017-12-31": "", "2017-09-30": "", "2017-06-30": "", "2017-03-31": "", "2016-12-31": "", "2016-09-30": "", "2016-06-30": "", "2016-03-31": "", "2015-12-31": "", "2015-09-30": "", "2015-06-30": "", "2015-03-31": "", "2014-12-31": "", "2014-09-30": "", "2014-06-30": "", "2014-03-31": "", "2013-12-31": "", "2013-09-30": "", "2013-06-30": "", "2013-03-31": "", "2012-12-31": "", "2012-09-30": "", "2012-06-30": "", "2012-03-31": "", "2011-12-31": "", "2011-09-30": "", "2011-06-30": "", "2011-03-31": "", "2010-12-31": "", "2010-09-30": "", "2010-06-30": "0.00420", "2010-03-31": "0.00440", "2009-12-31": "0.00490", "2009-09-30": "0.00550", "2009-06-30": "0.00620", "2009-03-31": "0.00670", "2008-12-31": "0.00750", "2008-09-30": "0.00890", "2008-06-30": "0.00990", "2008-03-31": "0.01100", "2007-12-31": "0.01240", "2007-09-30": "0.01410", "2007-06-30": "0.01560", "2007-03-31": "0.01700", "2006-12-31": "0.01890", "2006-09-30": "0.02080", "2006-06-30": "0.02260", "2006-03-31": "0.02430", "2005-12-31": "0.02670", "2005-09-30": "0.02920", "2005-06-30": "0.03160", "2005-03-31": "0.03460"}, "Gross Margin": {"2020-12-31": "90.94480", "2020-09-30": "84.34130", "2020-06-30": "87.89510", "2020-03-31": "89.53140", "2019-12-31": "87.21550", "2019-09-30": "84.61990", "2019-06-30": "86.86450", "2019-03-31": "89.18730", "2018-12-31": "87.22490", "2018-09-30": "87.00630", "2018-06-30": "83.99150", "2018-03-31": "89.64810", "2017-12-31": "89.68610", "2017-09-30": "87.76430", "2017-06-30": "89.49010", "2017-03-31": "89.91420", "2016-12-31": "88.74550", "2016-09-30": "87.02900", "2016-06-30": "91.13040", "2016-03-31": "91.11580", "2015-12-31": "87.63940", "2015-09-30": "89.09680", "2015-06-30": "89.26210", "2015-03-31": "90.75230", "2014-12-31": "91.71360", "2014-09-30": "94.52760", "2014-06-30": "91.55180", "2014-03-31": "93.71660", "2013-12-31": "90.75480", "2013-09-30": "89.15730", "2013-06-30": "88.24570", "2013-03-31": "90.66240", "2012-12-31": "89.17800", "2012-09-30": "88.04280", "2012-06-30": "90.00060", "2012-03-31": "91.02140", "2011-12-31": "91.28440", "2011-09-30": "89.71560", "2011-06-30": "87.24520", "2011-03-31": "88.61840", "2010-12-31": "87.99440", "2010-09-30": "88.43630", "2010-06-30": "82.60470", "2010-03-31": "87.83060", "2009-12-31": "83.81990", "2009-09-30": "89.46530", "2009-06-30": "88.46680", "2009-03-31": "84.33210", "2008-12-31": "102.34550", "2008-09-30": "89.85530", "2008-06-30": "89.62140", "2008-03-31": "90.00560", "2007-12-31": "88.04080", "2007-09-30": "88.37730", "2007-06-30": "83.64730", "2007-03-31": "83.96480", "2006-12-31": "81.78030", "2006-09-30": "81.80100", "2006-06-30": "79.83560", "2006-03-31": "84.34170", "2005-12-31": "75.64300", "2005-09-30": "80.52430", "2005-06-30": "82.23370", "2005-03-31": "72.13310"}, "Operating Margin": {"2020-12-31": "42.25650", "2020-09-30": "11.08740", "2020-06-30": "13.82660", "2020-03-31": "30.11380", "2019-12-31": "16.64740", "2019-09-30": "17.14040", "2019-06-30": "11.33710", "2019-03-31": "30.42940", "2018-12-31": "22.71050", "2018-09-30": "5.21840", "2018-06-30": "-3.54080", "2018-03-31": "28.22720", "2017-12-31": "31.36710", "2017-09-30": "9.07540", "2017-06-30": "31.38470", "2017-03-31": "23.65950", "2016-12-31": "24.81230", "2016-09-30": "12.48300", "2016-06-30": "29.25030", "2016-03-31": "30.00910", "2015-12-31": "16.27310", "2015-09-30": "15.52630", "2015-06-30": "19.39780", "2015-03-31": "28.90500", "2014-12-31": "22.85670", "2014-09-30": "25.68500", "2014-06-30": "22.64430", "2014-03-31": "37.66010", "2013-12-31": "25.91270", "2013-09-30": "26.35560", "2013-06-30": "17.84290", "2013-03-31": "33.76110", "2012-12-31": "28.33110", "2012-09-30": "31.68390", "2012-06-30": "32.39080", "2012-03-31": "46.06730", "2011-12-31": "43.25470", "2011-09-30": "44.98330", "2011-06-30": "40.13950", "2011-03-31": "48.18300", "2010-12-31": "44.99240", "2010-09-30": "42.66380", "2010-06-30": "41.66430", "2010-03-31": "54.25910", "2009-12-31": "47.09060", "2009-09-30": "39.82380", "2009-06-30": "45.79370", "2009-03-31": "51.69020", "2008-12-31": "63.50510", "2008-09-30": "40.87780", "2008-06-30": "44.19860", "2008-03-31": "48.98380", "2007-12-31": "44.84410", "2007-09-30": "39.72380", "2007-06-30": "33.54070", "2007-03-31": "43.66950", "2006-12-31": "37.59600", "2006-09-30": "35.87910", "2006-06-30": "29.02400", "2006-03-31": "39.51240", "2005-12-31": "26.77840", "2005-09-30": "28.65920", "2005-06-30": "31.70970", "2005-03-31": "21.19360"}, "EBIT Margin": {"2020-12-31": "42.25650", "2020-09-30": "11.08740", "2020-06-30": "13.82660", "2020-03-31": "30.11380", "2019-12-31": "16.64740", "2019-09-30": "17.14040", "2019-06-30": "11.33710", "2019-03-31": "30.42940", "2018-12-31": "22.71050", "2018-09-30": "5.21840", "2018-06-30": "-3.54080", "2018-03-31": "28.22720", "2017-12-31": "31.36710", "2017-09-30": "9.07540", "2017-06-30": "31.38470", "2017-03-31": "23.65950", "2016-12-31": "24.81230", "2016-09-30": "12.48310", "2016-06-30": "29.25030", "2016-03-31": "30.00910", "2015-12-31": "16.27310", "2015-09-30": "15.52620", "2015-06-30": "19.39780", "2015-03-31": "28.90500", "2014-12-31": "22.85670", "2014-09-30": "25.68500", "2014-06-30": "22.64430", "2014-03-31": "37.66010", "2013-12-31": "25.91270", "2013-09-30": "26.35570", "2013-06-30": "17.84290", "2013-03-31": "33.76110", "2012-12-31": "28.33110", "2012-09-30": "31.68390", "2012-06-30": "32.39080", "2012-03-31": "46.06730", "2011-12-31": "43.25470", "2011-09-30": "44.98330", "2011-06-30": "40.13950", "2011-03-31": "48.18300", "2010-12-31": "44.99240", "2010-09-30": "42.66380", "2010-06-30": "41.66430", "2010-03-31": "54.25910", "2009-12-31": "47.09060", "2009-09-30": "39.82380", "2009-06-30": "45.79370", "2009-03-31": "51.69020", "2008-12-31": "63.50510", "2008-09-30": "40.87790", "2008-06-30": "44.19860", "2008-03-31": "48.98380", "2007-12-31": "44.84410", "2007-09-30": "39.72380", "2007-06-30": "33.54070", "2007-03-31": "43.66950", "2006-12-31": "37.59600", "2006-09-30": "35.87910", "2006-06-30": "29.02400", "2006-03-31": "39.51240", "2005-12-31": "26.77840", "2005-09-30": "28.65920", "2005-06-30": "31.70970", "2005-03-31": "21.19360"}, "EBITDA Margin": {"2020-12-31": "", "2020-09-30": "", "2020-06-30": "", "2020-03-31": "", "2019-12-31": "", "2019-09-30": "", "2019-06-30": "", "2019-03-31": "", "2018-12-31": "", "2018-09-30": "", "2018-06-30": "", "2018-03-31": "", "2017-12-31": "", "2017-09-30": "", "2017-06-30": "", "2017-03-31": "", "2016-12-31": "", "2016-09-30": "", "2016-06-30": "", "2016-03-31": "", "2015-12-31": "", "2015-09-30": "", "2015-06-30": "", "2015-03-31": "", "2014-12-31": "", "2014-09-30": "", "2014-06-30": "", "2014-03-31": "", "2013-12-31": "", "2013-09-30": "", "2013-06-30": "", "2013-03-31": "", "2012-12-31": "", "2012-09-30": "", "2012-06-30": "", "2012-03-31": "", "2011-12-31": "", "2011-09-30": "", "2011-06-30": "", "2011-03-31": "", "2010-12-31": "", "2010-09-30": "", "2010-06-30": "", "2010-03-31": "", "2009-12-31": "", "2009-09-30": "", "2009-06-30": "", "2009-03-31": "", "2008-12-31": "", "2008-09-30": "", "2008-06-30": "", "2008-03-31": "", "2007-12-31": "", "2007-09-30": "", "2007-06-30": "", "2007-03-31": "", "2006-12-31": "", "2006-09-30": "", "2006-06-30": "", "2006-03-31": "", "2005-12-31": "", "2005-09-30": "", "2005-06-30": "", "2005-03-31": ""}, "Pre-Tax Profit Margin": {"2020-12-31": "42.82460", "2020-09-30": "12.71870", "2020-06-30": "16.19630", "2020-03-31": "31.48790", "2019-12-31": "18.65650", "2019-09-30": "18.82390", "2019-06-30": "13.83380", "2019-03-31": "32.52020", "2018-12-31": "24.55680", "2018-09-30": "7.42110", "2018-06-30": "-2.70420", "2018-03-31": "29.28780", "2017-12-31": "32.23320", "2017-09-30": "10.38000", "2017-06-30": "31.50610", "2017-03-31": "24.74780", "2016-12-31": "25.40910", "2016-09-30": "13.22460", "2016-06-30": "29.46250", "2016-03-31": "30.55440", "2015-12-31": "16.39610", "2015-09-30": "27.58480", "2015-06-30": "20.44780", "2015-03-31": "29.37490", "2014-12-31": "23.18840", "2014-09-30": "26.72840", "2014-06-30": "23.19860", "2014-03-31": "36.94360", "2013-12-31": "26.24600", "2013-09-30": "27.17170", "2013-06-30": "18.27700", "2013-03-31": "34.03780", "2012-12-31": "29.18780", "2012-09-30": "32.31420", "2012-06-30": "33.43490", "2012-03-31": "46.62640", "2011-12-31": "44.07080", "2011-09-30": "46.77850", "2011-06-30": "41.30200", "2011-03-31": "48.99250", "2010-12-31": "45.76040", "2010-09-30": "43.29190", "2010-06-30": "42.59450", "2010-03-31": "55.01950", "2009-12-31": "48.08830", "2009-09-30": "41.01920", "2009-06-30": "46.14410", "2009-03-31": "53.01630", "2008-12-31": "64.88480", "2008-09-30": "43.78960", "2008-06-30": "45.92300", "2008-03-31": "50.37700", "2007-12-31": "48.30820", "2007-09-30": "43.86920", "2007-06-30": "38.35540", "2007-03-31": "48.26760", "2006-12-31": "42.79220", "2006-09-30": "40.52060", "2006-06-30": "33.31660", "2006-03-31": "43.89920", "2005-12-31": "30.84210", "2005-09-30": "33.79830", "2005-06-30": "34.29760", "2005-03-31": "22.07610"}, "Net Profit Margin": {"2020-12-31": "34.67740", "2020-09-30": "9.89300", "2020-06-30": "27.25090", "2020-03-31": "25.15410", "2019-12-31": "16.70330", "2019-09-30": "14.69680", "2019-06-30": "13.09710", "2019-03-31": "21.71120", "2018-12-31": "32.48240", "2018-09-30": "11.10520", "2018-06-30": "1.45080", "2018-03-31": "21.75880", "2017-12-31": "-17.79540", "2017-09-30": "10.99550", "2017-06-30": "24.87790", "2017-03-31": "18.91400", "2016-12-31": "20.04530", "2016-09-30": "10.27180", "2016-06-30": "22.92180", "2016-03-31": "24.56730", "2015-12-31": "12.83190", "2015-09-30": "20.00150", "2015-06-30": "15.32400", "2015-03-31": "21.31790", "2014-12-31": "17.65600", "2014-09-30": "20.24220", "2014-06-30": "17.81020", "2014-03-31": "27.23270", "2013-12-31": "19.24750", "2013-09-30": "21.13760", "2013-06-30": "14.59190", "2013-03-31": "24.82940", "2012-12-31": "21.70270", "2012-09-30": "22.80970", "2012-06-30": "24.50010", "2012-03-31": "33.53640", "2011-12-31": "31.24080", "2011-09-30": "31.71360", "2011-06-30": "28.19560", "2011-03-31": "32.82100", "2010-12-31": "35.59240", "2010-09-30": "28.53780", "2010-06-30": "27.55560", "2010-03-31": "35.28780", "2009-12-31": "31.23010", "2009-09-30": "27.03190", "2009-06-30": "29.86730", "2009-03-31": "34.02390", "2008-12-31": "43.32400", "2008-09-30": "29.76710", "2008-06-30": "30.09910", "2008-03-31": "32.90390", "2007-12-31": "31.73400", "2007-09-30": "34.24080", "2007-06-30": "24.81750", "2007-03-31": "30.30390", "2006-12-31": "28.62160", "2006-09-30": "24.68790", "2006-06-30": "20.37800", "2006-03-31": "26.71690", "2005-12-31": "18.97170", "2005-09-30": "21.29640", "2005-06-30": "18.54690", "2005-03-31": "12.13850"}, "Asset Turnover": {"2020-12-31": "0.12590", "2020-09-30": "0.09300", "2020-06-30": "0.08500", "2020-03-31": "0.11950", "2019-12-31": "0.10090", "2019-09-30": "0.10590", "2019-06-30": "0.10750", "2019-03-31": "0.11880", "2018-12-31": "0.10710", "2018-09-30": "0.08400", "2018-06-30": "0.08040", "2018-03-31": "0.11500", "2017-12-31": "0.11910", "2017-09-30": "0.09500", "2017-06-30": "0.12360", "2017-03-31": "0.11200", "2016-12-31": "0.11420", "2016-09-30": "0.10090", "2016-06-30": "0.12260", "2016-03-31": "0.12710", "2015-12-31": "0.11390", "2015-09-30": "0.10910", "2015-06-30": "0.10770", "2015-03-31": "0.12860", "2014-12-31": "0.11580", "2014-09-30": "0.11440", "2014-06-30": "0.11520", "2014-03-31": "0.14690", "2013-12-31": "0.13100", "2013-09-30": "0.12470", "2013-06-30": "0.12420", "2013-03-31": "0.15330", "2012-12-31": "0.15250", "2012-09-30": "0.11510", "2012-06-30": "0.10770", "2012-03-31": "0.13230", "2011-12-31": "0.12080", "2011-09-30": "0.13230", "2011-06-30": "0.11960", "2011-03-31": "0.13690", "2010-12-31": "0.13790", "2010-09-30": "0.13310", "2010-06-30": "0.13520", "2010-03-31": "0.14320", "2009-12-31": "0.13200", "2009-09-30": "0.10360", "2009-06-30": "0.11350", "2009-03-31": "0.14340", "2008-12-31": "0.12860", "2008-09-30": "0.12210", "2008-06-30": "0.12100", "2008-03-31": "0.14490", "2007-12-31": "0.13330", "2007-09-30": "0.13000", "2007-06-30": "0.12950", "2007-03-31": "0.15010", "2006-12-31": "0.13130", "2006-09-30": "0.13820", "2006-06-30": "0.13500", "2006-03-31": "0.15830", "2005-12-31": "0.14830", "2005-09-30": "0.13460", "2005-06-30": "0.14130", "2005-03-31": "0.15470"}, "Inventory Turnover Ratio": {"2020-12-31": "1.75570", "2020-09-30": "1.66200", "2020-06-30": "1.01900", "2020-03-31": "1.30000", "2019-12-31": "1.28210", "2019-09-30": "1.42150", "2019-06-30": "1.02010", "2019-03-31": "1.05610", "2018-12-31": "1.39130", "2018-09-30": "1.19280", "2018-06-30": "1.43670", "2018-03-31": "1.28920", "2017-12-31": "1.24260", "2017-09-30": "1.17600", "2017-06-30": "1.61030", "2017-03-31": "1.52440", "2016-12-31": "2.02850", "2016-09-30": "1.84800", "2016-06-30": "1.32770", "2016-03-31": "1.41220", "2015-12-31": "2.09080", "2015-09-30": "1.82940", "2015-06-30": "1.23970", "2015-03-31": "1.05840", "2014-12-31": "0.68610", "2014-09-30": "1.45500", "2014-06-30": "2.05430", "2014-03-31": "1.82930", "2013-12-31": "2.59080", "2013-09-30": "2.32750", "2013-06-30": "1.90230", "2013-03-31": "1.19480", "2012-12-31": "1.21800", "2012-09-30": "1.61640", "2012-06-30": "1.64820", "2012-03-31": "1.42450", "2011-12-31": "0.60900", "2011-09-30": "0.97710", "2011-06-30": "1.19290", "2011-03-31": "0.90680", "2010-12-31": "1.04820", "2010-09-30": "0.92960", "2010-06-30": "2.35780", "2010-03-31": "2.83580", "2009-12-31": "3.77050", "2009-09-30": "1.33060", "2009-06-30": "1.97780", "2009-03-31": "2.26610", "2008-12-31": "-0.25910", "2008-09-30": "0.91260", "2008-06-30": "0.72800", "2008-03-31": "0.85580", "2007-12-31": "1.23180", "2007-09-30": "1.00710", "2007-06-30": "1.38810", "2007-03-31": "1.56580", "2006-12-31": "1.64260", "2006-09-30": "1.67410", "2006-06-30": "1.57930", "2006-03-31": "1.24740", "2005-12-31": "2.13000", "2005-09-30": "1.31130", "2005-06-30": "1.54830", "2005-03-31": "2.89380"}, "Receiveable Turnover": {"2020-12-31": "1.32630", "2020-09-30": "1.50380", "2020-06-30": "0.99770", "2020-03-31": "1.42410", "2019-12-31": "1.52810", "2019-09-30": "1.58010", "2019-06-30": "1.30700", "2019-03-31": "1.89380", "2018-12-31": "1.66490", "2018-09-30": "1.44810", "2018-06-30": "1.43590", "2018-03-31": "2.12180", "2017-12-31": "2.43680", "2017-09-30": "3.26470", "2017-06-30": "3.72300", "2017-03-31": "3.03200", "2016-12-31": "3.27140", "2016-09-30": "3.07840", "2016-06-30": "3.02920", "2016-03-31": "2.68740", "2015-12-31": "2.67760", "2015-09-30": "2.29170", "2015-06-30": "2.22960", "2015-03-31": "2.75920", "2014-12-31": "1.99790", "2014-09-30": "2.63390", "2014-06-30": "2.34470", "2014-03-31": "2.55250", "2013-12-31": "3.04520", "2013-09-30": "2.22300", "2013-06-30": "2.77850", "2013-03-31": "2.73400", "2012-12-31": "4.56790", "2012-09-30": "5.19040", "2012-06-30": "4.56880", "2012-03-31": "4.54900", "2011-12-31": "4.31980", "2011-09-30": "4.03350", "2011-06-30": "5.56260", "2011-03-31": "3.39450", "2010-12-31": "3.53610", "2010-09-30": "4.19870", "2010-06-30": "4.83250", "2010-03-31": "5.47910", "2009-12-31": "5.08460", "2009-09-30": "7.13100", "2009-06-30": "3.43750", "2009-03-31": "4.51150", "2008-12-31": "7.61640", "2008-09-30": "5.89980", "2008-06-30": "3.35960", "2008-03-31": "3.97610", "2007-12-31": "3.95800", "2007-09-30": "4.57880", "2007-06-30": "2.60620", "2007-03-31": "2.82550", "2006-12-31": "5.65410", "2006-09-30": "4.33730", "2006-06-30": "2.49990", "2006-03-31": "3.42460", "2005-12-31": "2.87830", "2005-09-30": "2.37420", "2005-06-30": "4.08670", "2005-03-31": "4.43370"}, "Days Sales In Receivables": {"2020-12-31": "67.85610", "2020-09-30": "59.84930", "2020-06-30": "90.21030", "2020-03-31": "63.19760", "2019-12-31": "58.89500", "2019-09-30": "56.95720", "2019-06-30": "68.85990", "2019-03-31": "47.52450", "2018-12-31": "54.05610", "2018-09-30": "62.15200", "2018-06-30": "62.67990", "2018-03-31": "42.41640", "2017-12-31": "36.93330", "2017-09-30": "27.56770", "2017-06-30": "24.17410", "2017-03-31": "29.68300", "2016-12-31": "27.51140", "2016-09-30": "29.23610", "2016-06-30": "29.71080", "2016-03-31": "33.48940", "2015-12-31": "33.61160", "2015-09-30": "39.27280", "2015-06-30": "40.36600", "2015-03-31": "32.61840", "2014-12-31": "45.04650", "2014-09-30": "34.17000", "2014-06-30": "38.38510", "2014-03-31": "35.25900", "2013-12-31": "29.55510", "2013-09-30": "40.48610", "2013-06-30": "32.39190", "2013-03-31": "32.91850", "2012-12-31": "19.70280", "2012-09-30": "17.33980", "2012-06-30": "19.69870", "2012-03-31": "19.78460", "2011-12-31": "20.83450", "2011-09-30": "22.31340", "2011-06-30": "16.17950", "2011-03-31": "26.51380", "2010-12-31": "25.45170", "2010-09-30": "21.43540", "2010-06-30": "18.62390", "2010-03-31": "16.42600", "2009-12-31": "17.70050", "2009-09-30": "12.62100", "2009-06-30": "26.18210", "2009-03-31": "19.94890", "2008-12-31": "11.81660", "2008-09-30": "15.25470", "2008-06-30": "26.78880", "2008-03-31": "22.63550", "2007-12-31": "22.73860", "2007-09-30": "19.65560", "2007-06-30": "34.53340", "2007-03-31": "31.85270", "2006-12-31": "15.91770", "2006-09-30": "20.75030", "2006-06-30": "36.00190", "2006-03-31": "26.28050", "2005-12-31": "31.26890", "2005-09-30": "37.90710", "2005-06-30": "22.02250", "2005-03-31": "20.29890"}, "ROE - Return On Equity": {"2020-12-31": "5.54950", "2020-09-30": "1.10630", "2020-06-30": "2.76490", "2020-03-31": "3.74270", "2019-12-31": "2.07770", "2019-09-30": "1.89950", "2019-06-30": "1.70830", "2019-03-31": "3.12700", "2018-12-31": "4.18730", "2018-09-30": "1.13280", "2018-06-30": "0.14900", "2018-03-31": "3.03390", "2017-12-31": "-2.58560", "2017-09-30": "1.24160", "2017-06-30": "3.58970", "2017-03-31": "2.48280", "2016-12-31": "2.67780", "2016-09-30": "1.21690", "2016-06-30": "3.28640", "2016-03-31": "3.64310", "2015-12-31": "1.71130", "2015-09-30": "2.58340", "2015-06-30": "1.94870", "2015-03-31": "3.25350", "2014-12-31": "2.39490", "2014-09-30": "2.67730", "2014-06-30": "2.40560", "2014-03-31": "4.63040", "2013-12-31": "2.91950", "2013-09-30": "3.07220", "2013-06-30": "2.10380", "2013-03-31": "4.41870", "2012-12-31": "3.82500", "2012-09-30": "2.98550", "2012-06-30": "2.93570", "2012-03-31": "4.94170", "2011-12-31": "4.20660", "2011-09-30": "4.70450", "2011-06-30": "3.74710", "2011-03-31": "5.02900", "2010-12-31": "5.51990", "2010-09-30": "4.23680", "2010-06-30": "4.32340", "2010-03-31": "5.85460", "2009-12-31": "4.84830", "2009-09-30": "3.27950", "2009-06-30": "4.03530", "2009-03-31": "5.83960", "2008-12-31": "6.95000", "2008-09-30": "4.77800", "2008-06-30": "4.59210", "2008-03-31": "5.99130", "2007-12-31": "5.49750", "2007-09-30": "5.53940", "2007-06-30": "3.99380", "2007-03-31": "5.60750", "2006-12-31": "4.62750", "2006-09-30": "4.24320", "2006-06-30": "3.40300", "2006-03-31": "5.29860", "2005-12-31": "3.53860", "2005-09-30": "3.64490", "2005-06-30": "3.38700", "2005-03-31": "2.46830"}, "Return On Tangible Equity": {"2020-12-31": "6.83440", "2020-09-30": "1.38410", "2020-06-30": "3.47110", "2020-03-31": "4.74600", "2019-12-31": "2.65920", "2019-09-30": "2.44450", "2019-06-30": "2.20810", "2019-03-31": "4.00060", "2018-12-31": "5.36710", "2018-09-30": "1.44490", "2018-06-30": "0.19300", "2018-03-31": "3.97000", "2017-12-31": "-3.43060", "2017-09-30": "1.62000", "2017-06-30": "4.71460", "2017-03-31": "3.31400", "2016-12-31": "3.60360", "2016-09-30": "1.65630", "2016-06-30": "4.52750", "2016-03-31": "5.08590", "2015-12-31": "2.42340", "2015-09-30": "3.39770", "2015-06-30": "2.54330", "2015-03-31": "4.24200", "2014-12-31": "3.16010", "2014-09-30": "3.33450", "2014-06-30": "2.99140", "2014-03-31": "5.77060", "2013-12-31": "3.67040", "2013-09-30": "3.90880", "2013-06-30": "2.70790", "2013-03-31": "5.76790", "2012-12-31": "5.09110", "2012-09-30": "3.70340", "2012-06-30": "3.55650", "2012-03-31": "5.97710", "2011-12-31": "5.12190", "2011-09-30": "5.78530", "2011-06-30": "4.65680", "2011-03-31": "6.29120", "2010-12-31": "7.00690", "2010-09-30": "5.44480", "2010-06-30": "5.56260", "2010-03-31": "7.55470", "2009-12-31": "6.33560", "2009-09-30": "4.38290", "2009-06-30": "5.45510", "2009-03-31": "7.83860", "2008-12-31": "9.74650", "2008-09-30": "7.00340", "2008-06-30": "7.17700", "2008-03-31": "9.76800", "2007-12-31": "9.26520", "2007-09-30": "6.11270", "2007-06-30": "4.44160", "2007-03-31": "5.94110", "2006-12-31": "4.92280", "2006-09-30": "4.53420", "2006-06-30": "3.65520", "2006-03-31": "5.71780", "2005-12-31": "3.85300", "2005-09-30": "4.00100", "2005-06-30": "3.73630", "2005-03-31": "2.73860"}, "ROA - Return On Assets": {"2020-12-31": "4.60760", "2020-09-30": "0.92470", "2020-06-30": "2.32030", "2020-03-31": "3.01120", "2019-12-31": "1.67940", "2019-09-30": "1.55700", "2019-06-30": "1.41070", "2019-03-31": "2.58430", "2018-12-31": "3.48410", "2018-09-30": "0.93720", "2018-06-30": "0.12210", "2018-03-31": "2.50710", "2017-12-31": "-2.11390", "2017-09-30": "1.05070", "2017-06-30": "3.08060", "2017-03-31": "2.12440", "2016-12-31": "2.29860", "2016-09-30": "1.04230", "2016-06-30": "2.81740", "2016-03-31": "3.12870", "2015-12-31": "1.46720", "2015-09-30": "2.19920", "2015-06-30": "1.66650", "2015-03-31": "2.76800", "2014-12-31": "2.07360", "2014-09-30": "2.33680", "2014-06-30": "2.09220", "2014-03-31": "4.03620", "2013-12-31": "2.56260", "2013-09-30": "2.65160", "2013-06-30": "1.82930", "2013-03-31": "3.82650", "2012-12-31": "3.31690", "2012-09-30": "2.65430", "2012-06-30": "2.63140", "2012-03-31": "4.44830", "2011-12-31": "3.78350", "2011-09-30": "4.20760", "2011-06-30": "3.38830", "2011-03-31": "4.51720", "2010-12-31": "4.92950", "2010-09-30": "3.69950", "2010-06-30": "3.73930", "2010-03-31": "5.07920", "2009-12-31": "4.14530", "2009-09-30": "2.82700", "2009-06-30": "3.41460", "2009-03-31": "4.90130", "2008-12-31": "5.59070", "2008-09-30": "3.75210", "2008-06-30": "3.64120", "2008-03-31": "4.76620", "2007-12-31": "4.23150", "2007-09-30": "4.45280", "2007-06-30": "3.21370", "2007-03-31": "4.54960", "2006-12-31": "3.75720", "2006-09-30": "3.41100", "2006-06-30": "2.75040", "2006-03-31": "4.22840", "2005-12-31": "2.81360", "2005-09-30": "2.86690", "2005-06-30": "2.62020", "2005-03-31": "1.87840"}, "ROI - Return On Investment": {"2020-12-31": "5.54950", "2020-09-30": "1.10630", "2020-06-30": "2.76490", "2020-03-31": "3.74270", "2019-12-31": "2.07770", "2019-09-30": "1.89950", "2019-06-30": "1.70830", "2019-03-31": "3.12700", "2018-12-31": "4.18730", "2018-09-30": "1.13280", "2018-06-30": "0.14900", "2018-03-31": "3.03390", "2017-12-31": "-2.58560", "2017-09-30": "1.24160", "2017-06-30": "3.58970", "2017-03-31": "2.48280", "2016-12-31": "2.67780", "2016-09-30": "1.21690", "2016-06-30": "3.28640", "2016-03-31": "3.64310", "2015-12-31": "1.71130", "2015-09-30": "2.58340", "2015-06-30": "1.94870", "2015-03-31": "3.25350", "2014-12-31": "2.39490", "2014-09-30": "2.67730", "2014-06-30": "2.40560", "2014-03-31": "4.63040", "2013-12-31": "2.91950", "2013-09-30": "3.07220", "2013-06-30": "2.10380", "2013-03-31": "4.41870", "2012-12-31": "3.82500", "2012-09-30": "2.98550", "2012-06-30": "2.93570", "2012-03-31": "4.94170", "2011-12-31": "4.20660", "2011-09-30": "4.70450", "2011-06-30": "3.74710", "2011-03-31": "5.02900", "2010-12-31": "5.51990", "2010-09-30": "4.23680", "2010-06-30": "4.31030", "2010-03-31": "5.83520", "2009-12-31": "4.83010", "2009-09-30": "3.26550", "2009-06-30": "4.01540", "2009-03-31": "5.80830", "2008-12-31": "6.90780", "2008-09-30": "4.74280", "2008-06-30": "4.55420", "2008-03-31": "5.93610", "2007-12-31": "5.43970", "2007-09-30": "5.47290", "2007-06-30": "3.94060", "2007-03-31": "5.52540", "2006-12-31": "4.55210", "2006-09-30": "4.16690", "2006-06-30": "3.33590", "2006-03-31": "5.18630", "2005-12-31": "3.45590", "2005-09-30": "3.55150", "2005-06-30": "3.29290", "2005-03-31": "2.39320"}, "Book Value Per Share": {"2020-12-31": "25.30930", "2020-09-30": "24.31190", "2020-06-30": "24.23280", "2020-03-31": "23.54050", "2019-12-31": "23.18320", "2019-09-30": "23.09770", "2019-06-30": "23.04830", "2019-03-31": "23.15490", "2018-12-31": "22.91640", "2018-09-30": "22.96110", "2018-06-30": "21.12140", "2018-03-31": "20.69180", "2017-12-31": "19.90730", "2017-09-30": "20.98600", "2017-06-30": "20.81600", "2017-03-31": "20.07490", "2016-12-31": "19.63680", "2016-09-30": "19.50990", "2016-06-30": "19.23620", "2016-03-31": "18.53030", "2015-12-31": "17.98340", "2015-09-30": "17.97420", "2015-06-30": "17.92520", "2015-03-31": "17.55920", "2014-12-31": "17.07310", "2014-09-30": "16.93230", "2014-06-30": "16.51470", "2014-03-31": "16.12530", "2013-12-31": "15.18920", "2013-09-30": "14.74390", "2013-06-30": "14.25160", "2013-03-31": "13.84800", "2012-12-31": "13.21740", "2012-09-30": "16.90880", "2012-06-30": "16.63860", "2012-03-31": "16.62980", "2011-12-31": "16.04470", "2011-09-30": "15.40240", "2011-06-30": "14.99490", "2011-03-31": "14.66920", "2010-12-31": "14.02810", "2010-09-30": "13.33540", "2010-06-30": "13.06780", "2010-03-31": "12.99720", "2009-12-31": "12.56870", "2009-09-30": "11.97290", "2009-06-30": "11.24200", "2009-03-31": "10.57060", "2008-12-31": "9.99740", "2008-09-30": "9.32890", "2008-06-30": "9.01090", "2008-03-31": "8.49240", "2007-12-31": "7.80910", "2007-09-30": "7.23040", "2007-06-30": "6.75670", "2007-03-31": "6.36390", "2006-12-31": "5.93070", "2006-09-30": "5.54060", "2006-06-30": "5.25110", "2006-03-31": "4.98160", "2005-12-31": "4.64030", "2005-09-30": "4.43800", "2005-06-30": "4.21230", "2005-03-31": "4.05260"}, "Operating Cash Flow Per Share": {"2020-12-31": "0.79090", "2020-09-30": 1.0753, "2020-06-30": 1.3221, "2020-03-31": 0.6405, "2019-12-31": "0.30230", "2019-09-30": 1.2322, "2019-06-30": 0.8893, "2019-03-31": 0.4754, "2018-12-31": "0.53660", "2018-09-30": 1.0439, "2018-06-30": 1.3321, "2018-03-31": 0.7491, "2017-12-31": "0.16720", "2017-09-30": 0.8045, "2017-06-30": 1.3195, "2017-03-31": 0.8529, "2016-12-31": "0.68080", "2016-09-30": 0.7499, "2016-06-30": 1.2209, "2016-03-31": 0.8834, "2015-12-31": "0.66120", "2015-09-30": 0.8067, "2015-06-30": 0.4595, "2015-03-31": 1.6795, "2014-12-31": "0.03300", "2014-09-30": 0.8723, "2014-06-30": 0.8902, "2014-03-31": 0.9774, "2013-12-31": "0.74890", "2013-09-30": 0.6572, "2013-06-30": 0.8246, "2013-03-31": 0.5581, "2012-12-31": "0.65010", "2012-09-30": 0.7061, "2012-06-30": 0.9533, "2012-03-31": 1.0911, "2011-12-31": "0.87530", "2011-09-30": 0.9683, "2011-06-30": 1.1044, "2011-03-31": 0.8926, "2010-12-31": "0.62130", "2010-09-30": 0.5859, "2010-06-30": 0.6602, "2010-03-31": 0.7426, "2009-12-31": "0.84780", "2009-09-30": 0.6781, "2009-06-30": 0.5598, "2009-03-31": 0.2823, "2008-12-31": "0.84810", "2008-09-30": 0.8939, "2008-06-30": 0.4448, "2008-03-31": 0.3006, "2007-12-31": "0.66490", "2007-09-30": 0.5073, "2007-06-30": 0.3069, "2007-03-31": 0.2025, "2006-12-31": "0.41830", "2006-09-30": 0.415, "2006-06-30": 0.1437, "2006-03-31": 0.3675, "2005-12-31": "0.26050", "2005-09-30": 0.2118, "2005-06-30": 0.0938, "2005-03-31": 0.4661}, "Free Cash Flow Per Share": {"2020-12-31": "0.79900", "2020-09-30": 0.9786, "2020-06-30": 1.1808, "2020-03-31": 0.4609, "2019-12-31": "0.07540", "2019-09-30": 1.0797, "2019-06-30": 0.6573, "2019-03-31": 0.1139, "2018-12-31": "0.36190", "2018-09-30": 0.8762, "2018-06-30": 1.1905, "2018-03-31": 0.5656, "2017-12-31": "-0.02070", "2017-09-30": 0.6237, "2017-06-30": 1.029, "2017-03-31": 0.5771, "2016-12-31": "0.46350", "2016-09-30": 0.5169, "2016-06-30": 0.9525, "2016-03-31": 0.6402, "2015-12-31": "0.42210", "2015-09-30": 0.4405, "2015-06-30": 0.0643, "2015-03-31": 1.1319, "2014-12-31": "-0.17470", "2014-09-30": 0.4698, "2014-06-30": 0.737, "2014-03-31": 0.8923, "2013-12-31": "0.66240", "2013-09-30": 0.5713, "2013-06-30": 0.7703, "2013-03-31": 0.508, "2012-12-31": "0.58540", "2012-09-30": -0.3715, "2012-06-30": 0.7664, "2012-03-31": 0.9305, "2011-12-31": "0.76350", "2011-09-30": 0.8218, "2011-06-30": 1.0096, "2011-03-31": 0.8241, "2010-12-31": "0.54200", "2010-09-30": 0.4957, "2010-06-30": 0.5985, "2010-03-31": 0.6798, "2009-12-31": "0.75640", "2009-09-30": 0.6368, "2009-06-30": 0.5106, "2009-03-31": 0.2601, "2008-12-31": "0.83950", "2008-09-30": 0.8423, "2008-06-30": 0.4185, "2008-03-31": 0.2731, "2007-12-31": "0.65200", "2007-09-30": 0.4752, "2007-06-30": 0.285, "2007-03-31": 0.1793, "2006-12-31": "0.40230", "2006-09-30": 0.3938, "2006-06-30": 0.1283, "2006-03-31": 0.3494, "2005-12-31": "0.24320", "2005-09-30": 0.1768, "2005-06-30": 0.0736, "2005-03-31": 0.3799}}, "revenue": {"Dolby Laboratories Annual Revenue (Millions of US $)": {"2020": "$1,162", "2019": "$1,242", "2018": "$1,055", "2017": "$1,080", "2016": "$1,026", "2015": "$971", "2014": "$960", "2013": "$910", "2012": "$933", "2011": "$961", "2010": "$923", "2009": "$720", "2008": "$640", "2007": "$482", "2006": "$392", "2005": "$328"}, "Dolby Laboratories Quarterly Revenue (Millions of US $)": {"2020-12-31": "$390", "2020-09-30": "$271", "2020-06-30": "$247", "2020-03-31": "$352", "2019-12-31": "$292", "2019-09-30": "$299", "2019-06-30": "$302", "2019-03-31": "$338", "2018-12-31": "$302", "2018-09-30": "$241", "2018-06-30": "$215", "2018-03-31": "$300", "2017-12-31": "$300", "2017-09-30": "$241", "2017-06-30": "$306", "2017-03-31": "$267", "2016-12-31": "$266", "2016-09-30": "$233", "2016-06-30": "$278", "2016-03-31": "$274", "2015-12-31": "$241", "2015-09-30": "$233", "2015-06-30": "$232", "2015-03-31": "$272", "2014-12-31": "$234", "2014-09-30": "$227", "2014-06-30": "$223", "2014-03-31": "$279", "2013-12-31": "$231", "2013-09-30": "$217", "2013-06-30": "$207", "2013-03-31": "$249", "2012-12-31": "$237", "2012-09-30": "$226", "2012-06-30": "$210", "2012-03-31": "$263", "2011-12-31": "$234", "2011-09-30": "$249", "2011-06-30": "$219", "2011-03-31": "$250", "2010-12-31": "$243", "2010-09-30": "$228", "2010-06-30": "$230", "2010-03-31": "$243", "2009-12-31": "$221", "2009-09-30": "$164", "2009-06-30": "$171", "2009-03-31": "$204", "2008-12-31": "$180", "2008-09-30": "$163", "2008-06-30": "$154", "2008-03-31": "$173", "2007-12-31": "$150", "2007-09-30": "$129", "2007-06-30": "$120", "2007-03-31": "$129", "2006-12-31": "$104", "2006-09-30": "$102", "2006-06-30": "$94", "2006-03-31": "$105", "2005-12-31": "$91", "2005-09-30": "$79", "2005-06-30": "$80", "2005-03-31": "$85"}}, "gross-profit": {"Dolby Laboratories Annual Gross Profit (Millions of US $)": {"2020": "$1,015", "2019": "$1,081", "2018": "$927", "2017": "$962", "2016": "$917", "2015": "$876", "2014": "$890", "2013": "$813", "2012": "$841", "2011": "$850", "2010": "$791", "2009": "$655", "2008": "$572", "2007": "$408", "2006": "$316", "2005": "$248"}, "Dolby Laboratories Quarterly Gross Profit (Millions of US $)": {"2020-12-31": "$355", "2020-09-30": "$229", "2020-06-30": "$217", "2020-03-31": "$315", "2019-12-31": "$255", "2019-09-30": "$253", "2019-06-30": "$262", "2019-03-31": "$302", "2018-12-31": "$264", "2018-09-30": "$209", "2018-06-30": "$180", "2018-03-31": "$269", "2017-12-31": "$269", "2017-09-30": "$211", "2017-06-30": "$274", "2017-03-31": "$240", "2016-12-31": "$236", "2016-09-30": "$203", "2016-06-30": "$253", "2016-03-31": "$250", "2015-12-31": "$211", "2015-09-30": "$207", "2015-06-30": "$207", "2015-03-31": "$247", "2014-12-31": "$215", "2014-09-30": "$215", "2014-06-30": "$204", "2014-03-31": "$261", "2013-12-31": "$210", "2013-09-30": "$193", "2013-06-30": "$183", "2013-03-31": "$226", "2012-12-31": "$211", "2012-09-30": "$199", "2012-06-30": "$189", "2012-03-31": "$239", "2011-12-31": "$214", "2011-09-30": "$224", "2011-06-30": "$191", "2011-03-31": "$222", "2010-12-31": "$214", "2010-09-30": "$201", "2010-06-30": "$190", "2010-03-31": "$214", "2009-12-31": "$185", "2009-09-30": "$147", "2009-06-30": "$151", "2009-03-31": "$172", "2008-12-31": "$184", "2008-09-30": "$147", "2008-06-30": "$138", "2008-03-31": "$155", "2007-12-31": "$132", "2007-09-30": "$114", "2007-06-30": "$100", "2007-03-31": "$108", "2006-12-31": "$85", "2006-09-30": "$84", "2006-06-30": "$75", "2006-03-31": "$88", "2005-12-31": "$69", "2005-09-30": "$64", "2005-06-30": "$66", "2005-03-31": "$61"}}, "operating-income": {"Dolby Laboratories Annual Operating Income (Millions of US $)": {"2020": "$219", "2019": "$257", "2018": "$184", "2017": "$247", "2016": "$232", "2015": "$213", "2014": "$274", "2013": "$245", "2012": "$362", "2011": "$430", "2010": "$429", "2009": "$364", "2008": "$287", "2007": "$187", "2006": "$130", "2005": "$84"}, "Dolby Laboratories Quarterly Operating Income (Millions of US $)": {"2020-12-31": "$165", "2020-09-30": "$30", "2020-06-30": "$34", "2020-03-31": "$106", "2019-12-31": "$49", "2019-09-30": "$51", "2019-06-30": "$34", "2019-03-31": "$103", "2018-12-31": "$69", "2018-09-30": "$13", "2018-06-30": "$-8", "2018-03-31": "$85", "2017-12-31": "$94", "2017-09-30": "$22", "2017-06-30": "$96", "2017-03-31": "$63", "2016-12-31": "$66", "2016-09-30": "$29", "2016-06-30": "$81", "2016-03-31": "$82", "2015-12-31": "$39", "2015-09-30": "$36", "2015-06-30": "$45", "2015-03-31": "$79", "2014-12-31": "$54", "2014-09-30": "$58", "2014-06-30": "$51", "2014-03-31": "$105", "2013-12-31": "$60", "2013-09-30": "$57", "2013-06-30": "$37", "2013-03-31": "$84", "2012-12-31": "$67", "2012-09-30": "$72", "2012-06-30": "$68", "2012-03-31": "$121", "2011-12-31": "$101", "2011-09-30": "$112", "2011-06-30": "$88", "2011-03-31": "$120", "2010-12-31": "$109", "2010-09-30": "$97", "2010-06-30": "$96", "2010-03-31": "$132", "2009-12-31": "$104", "2009-09-30": "$65", "2009-06-30": "$78", "2009-03-31": "$106", "2008-12-31": "$114", "2008-09-30": "$67", "2008-06-30": "$68", "2008-03-31": "$85", "2007-12-31": "$67", "2007-09-30": "$51", "2007-06-30": "$40", "2007-03-31": "$56", "2006-12-31": "$39", "2006-09-30": "$37", "2006-06-30": "$27", "2006-03-31": "$41", "2005-12-31": "$24", "2005-09-30": "$23", "2005-06-30": "$25", "2005-03-31": "$18"}}, "ebitda": {"Dolby Laboratories Annual EBITDA (Millions of US $)": {"2020": "$310", "2019": "$343", "2018": "$267", "2017": "$334", "2016": "$321", "2015": "$292", "2014": "$336", "2013": "$309", "2012": "$423", "2011": "$491", "2010": "$473", "2009": "$398", "2008": "$314", "2007": "$199", "2006": "$142", "2005": "$95"}, "Dolby Laboratories Quarterly EBITDA (Millions of US $)": {"2020-12-31": "$187", "2020-09-30": "$57", "2020-06-30": "$58", "2020-03-31": "$126", "2019-12-31": "$69", "2019-09-30": "$74", "2019-06-30": "$56", "2019-03-31": "$124", "2018-12-31": "$89", "2018-09-30": "$33", "2018-06-30": "$14", "2018-03-31": "$106", "2017-12-31": "$115", "2017-09-30": "$42", "2017-06-30": "$117", "2017-03-31": "$86", "2016-12-31": "$89", "2016-09-30": "$51", "2016-06-30": "$103", "2016-03-31": "$104", "2015-12-31": "$63", "2015-09-30": "$56", "2015-06-30": "$65", "2015-03-31": "$98", "2014-12-31": "$72", "2014-09-30": "$75", "2014-06-30": "$67", "2014-03-31": "$120", "2013-12-31": "$75", "2013-09-30": "$73", "2013-06-30": "$52", "2013-03-31": "$100", "2012-12-31": "$84", "2012-09-30": "$88", "2012-06-30": "$83", "2012-03-31": "$136", "2011-12-31": "$116", "2011-09-30": "$127", "2011-06-30": "$105", "2011-03-31": "$137", "2010-12-31": "$122", "2010-09-30": "$109", "2010-06-30": "$106", "2010-03-31": "$144", "2009-12-31": "$114", "2009-09-30": "$74", "2009-06-30": "$87", "2009-03-31": "$115", "2008-12-31": "$122", "2008-09-30": "$74", "2008-06-30": "$75", "2008-03-31": "$92", "2007-12-31": "$72", "2007-09-30": "$55", "2007-06-30": "$43", "2007-03-31": "$59", "2006-12-31": "$42", "2006-09-30": "$40", "2006-06-30": "$30", "2006-03-31": "$44", "2005-12-31": "$27", "2005-09-30": "$26", "2005-06-30": "$28", "2005-03-31": "$21"}}, "net-income": {"Dolby Laboratories Annual Net Income (Millions of US $)": {"2020": "$231", "2019": "$255", "2018": "$42", "2017": "$206", "2016": "$186", "2015": "$181", "2014": "$206", "2013": "$189", "2012": "$264", "2011": "$309", "2010": "$283", "2009": "$243", "2008": "$199", "2007": "$143", "2006": "$90", "2005": "$52"}, "Dolby Laboratories Quarterly Net Income (Millions of US $)": {"2020-12-31": "$135", "2020-09-30": "$27", "2020-06-30": "$67", "2020-03-31": "$88", "2019-12-31": "$49", "2019-09-30": "$44", "2019-06-30": "$40", "2019-03-31": "$73", "2018-12-31": "$98", "2018-09-30": "$27", "2018-06-30": "$3", "2018-03-31": "$65", "2017-12-31": "$-53", "2017-09-30": "$26", "2017-06-30": "$76", "2017-03-31": "$51", "2016-12-31": "$53", "2016-09-30": "$24", "2016-06-30": "$64", "2016-03-31": "$67", "2015-12-31": "$31", "2015-09-30": "$47", "2015-06-30": "$36", "2015-03-31": "$58", "2014-12-31": "$41", "2014-09-30": "$46", "2014-06-30": "$40", "2014-03-31": "$76", "2013-12-31": "$45", "2013-09-30": "$46", "2013-06-30": "$30", "2013-03-31": "$62", "2012-12-31": "$51", "2012-09-30": "$51", "2012-06-30": "$52", "2012-03-31": "$88", "2011-12-31": "$73", "2011-09-30": "$79", "2011-06-30": "$62", "2011-03-31": "$82", "2010-12-31": "$86", "2010-09-30": "$65", "2010-06-30": "$63", "2010-03-31": "$86", "2009-12-31": "$69", "2009-09-30": "$44", "2009-06-30": "$51", "2009-03-31": "$69", "2008-12-31": "$78", "2008-09-30": "$49", "2008-06-30": "$46", "2008-03-31": "$57", "2007-12-31": "$48", "2007-09-30": "$44", "2007-06-30": "$30", "2007-03-31": "$39", "2006-12-31": "$30", "2006-09-30": "$25", "2006-06-30": "$19", "2006-03-31": "$28", "2005-12-31": "$17", "2005-09-30": "$17", "2005-06-30": "$15", "2005-03-31": "$10"}}, "eps-earnings-per-share-diluted": {"Dolby Laboratories Annual EPS": {"2020": "$2.25", "2019": "$2.44", "2018": "$0.39", "2017": "$2.00", "2016": "$1.81", "2015": "$1.75", "2014": "$1.99", "2013": "$1.84", "2012": "$2.46", "2011": "$2.75", "2010": "$2.46", "2009": "$2.11", "2008": "$1.74", "2007": "$1.26", "2006": "$0.80", "2005": "$0.50"}, "Dolby Laboratories Quarterly EPS": {"2020-12-31": "$1.30", "2020-09-30": "$0.26", "2020-06-30": "$0.66", "2020-03-31": "$0.86", "2019-12-31": "$0.47", "2019-09-30": "$0.43", "2019-06-30": "$0.38", "2019-03-31": "$0.70", "2018-12-31": "$0.93", "2018-09-30": "$0.27", "2018-06-30": "$0.03", "2018-03-31": "$0.61", "2017-12-31": "$-0.52", "2017-09-30": "$0.27", "2017-06-30": "$0.73", "2017-03-31": "$0.49", "2016-12-31": "$0.51", "2016-09-30": "$0.23", "2016-06-30": "$0.62", "2016-03-31": "$0.66", "2015-12-31": "$0.30", "2015-09-30": "$0.45", "2015-06-30": "$0.34", "2015-03-31": "$0.56", "2014-12-31": "$0.40", "2014-09-30": "$0.45", "2014-06-30": "$0.38", "2014-03-31": "$0.73", "2013-12-31": "$0.43", "2013-09-30": "$0.45", "2013-06-30": "$0.29", "2013-03-31": "$0.60", "2012-12-31": "$0.50", "2012-09-30": "$0.50", "2012-06-30": "$0.48", "2012-03-31": "$0.81", "2011-12-31": "$0.67", "2011-09-30": "$0.72", "2011-06-30": "$0.55", "2011-03-31": "$0.72", "2010-12-31": "$0.76", "2010-09-30": "$0.58", "2010-06-30": "$0.55", "2010-03-31": "$0.74", "2009-12-31": "$0.59", "2009-09-30": "$0.39", "2009-06-30": "$0.44", "2009-03-31": "$0.60", "2008-12-31": "$0.68", "2008-09-30": "$0.43", "2008-06-30": "$0.40", "2008-03-31": "$0.49", "2007-12-31": "$0.42", "2007-09-30": "$0.39", "2007-06-30": "$0.26", "2007-03-31": "$0.34", "2006-12-31": "$0.27", "2006-09-30": "$0.22", "2006-06-30": "$0.17", "2006-03-31": "$0.25", "2005-12-31": "$0.16", "2005-09-30": "$0.16", "2005-06-30": "$0.13", "2005-03-31": "$0.10"}}, "shares-outstanding": {"Dolby Laboratories Annual Shares Outstanding (Millions of Shares)": {"2020": "103", "2019": "105", "2018": "107", "2017": "103", "2016": "102", "2015": "104", "2014": "104", "2013": "103", "2012": "108", "2011": "113", "2010": "115", "2009": "115", "2008": "115", "2007": "114", "2006": "112", "2005": "104"}, "Dolby Laboratories Quarterly Shares Outstanding (Millions of Shares)": {"2020-12-31": "104", "2020-09-30": "103", "2020-06-30": "102", "2020-03-31": "103", "2019-12-31": "103", "2019-09-30": "105", "2019-06-30": "104", "2019-03-31": "105", "2018-12-31": "106", "2018-09-30": "107", "2018-06-30": "107", "2018-03-31": "107", "2017-12-31": "103", "2017-09-30": "103", "2017-06-30": "104", "2017-03-31": "104", "2016-12-31": "104", "2016-09-30": "102", "2016-06-30": "103", "2016-03-31": "102", "2015-12-31": "102", "2015-09-30": "104", "2015-06-30": "104", "2015-03-31": "104", "2014-12-31": "104", "2014-09-30": "104", "2014-06-30": "104", "2014-03-31": "104", "2013-12-31": "103", "2013-09-30": "103", "2013-06-30": "103", "2013-03-31": "103", "2012-12-31": "104", "2012-09-30": "108", "2012-06-30": "107", "2012-03-31": "109", "2011-12-31": "109", "2011-09-30": "113", "2011-06-30": "112", "2011-03-31": "113", "2010-12-31": "114", "2010-09-30": "115", "2010-06-30": "115", "2010-03-31": "116", "2009-12-31": "116", "2009-09-30": "115", "2009-06-30": "116", "2009-03-31": "115", "2008-12-31": "115", "2008-09-30": "115", "2008-06-30": "115", "2008-03-31": "115", "2007-12-31": "115", "2007-09-30": "114", "2007-06-30": "114", "2007-03-31": "113", "2006-12-31": "113", "2006-09-30": "112", "2006-06-30": "112", "2006-03-31": "111", "2005-12-31": "110", "2005-09-30": "104", "2005-06-30": "113", "2005-03-31": "106"}}, "total-assets": {"Dolby Laboratories Annual Total Assets (Millions of US $)": {"2020": "$2,917", "2019": "$2,822", "2018": "$2,865", "2017": "$2,534", "2016": "$2,310", "2015": "$2,133", "2014": "$1,984", "2013": "$1,738", "2012": "$1,961", "2011": "$1,884", "2010": "$1,712", "2009": "$1,581", "2008": "$1,336", "2007": "$992", "2006": "$739", "2005": "$586"}, "Dolby Laboratories Quarterly Total Assets (Millions of US $)": {"2020-12-31": "$3,097", "2020-09-30": "$2,917", "2020-06-30": "$2,904", "2020-03-31": "$2,945", "2019-12-31": "$2,893", "2019-09-30": "$2,822", "2019-06-30": "$2,810", "2019-03-31": "$2,847", "2018-12-31": "$2,823", "2018-09-30": "$2,865", "2018-06-30": "$2,670", "2018-03-31": "$2,607", "2017-12-31": "$2,515", "2017-09-30": "$2,534", "2017-06-30": "$2,473", "2017-03-31": "$2,388", "2016-12-31": "$2,331", "2016-09-30": "$2,310", "2016-06-30": "$2,263", "2016-03-31": "$2,159", "2015-12-31": "$2,114", "2015-09-30": "$2,133", "2015-06-30": "$2,152", "2015-03-31": "$2,115", "2014-12-31": "$2,022", "2014-09-30": "$1,984", "2014-06-30": "$1,939", "2014-03-31": "$1,897", "2013-12-31": "$1,766", "2013-09-30": "$1,738", "2013-06-30": "$1,667", "2013-03-31": "$1,627", "2012-12-31": "$1,552", "2012-09-30": "$1,961", "2012-06-30": "$1,954", "2012-03-31": "$1,985", "2011-12-31": "$1,939", "2011-09-30": "$1,884", "2011-06-30": "$1,831", "2011-03-31": "$1,826", "2010-12-31": "$1,760", "2010-09-30": "$1,712", "2010-06-30": "$1,703", "2010-03-31": "$1,699", "2009-12-31": "$1,676", "2009-09-30": "$1,581", "2009-06-30": "$1,509", "2009-03-31": "$1,424", "2008-12-31": "$1,401", "2008-09-30": "$1,336", "2008-06-30": "$1,276", "2008-03-31": "$1,191", "2007-12-31": "$1,127", "2007-09-30": "$992", "2007-06-30": "$924", "2007-03-31": "$859", "2006-12-31": "$796", "2006-09-30": "$739", "2006-06-30": "$694", "2006-03-31": "$662", "2005-12-31": "$614", "2005-09-30": "$586", "2005-06-30": "$564", "2005-03-31": "$550"}}, "cash-on-hand": {"Dolby Laboratories Annual Cash on Hand (Millions of US $)": {"2020": "$1,127", "2019": "$925", "2018": "$1,103", "2017": "$882", "2016": "$641", "2015": "$674", "2014": "$802", "2013": "$598", "2012": "$795", "2011": "$943", "2010": "$848", "2009": "$735", "2008": "$514", "2007": "$600", "2006": "$486", "2005": "$373"}, "Dolby Laboratories Quarterly Cash on Hand (Millions of US $)": {"2020-12-31": "$1,172", "2020-09-30": "$1,127", "2020-06-30": "$1,053", "2020-03-31": "$909", "2019-12-31": "$923", "2019-09-30": "$925", "2019-06-30": "$845", "2019-03-31": "$894", "2018-12-31": "$975", "2018-09-30": "$1,103", "2018-06-30": "$1,033", "2018-03-31": "$954", "2017-12-31": "$857", "2017-09-30": "$882", "2017-06-30": "$846", "2017-03-31": "$733", "2016-12-31": "$683", "2016-09-30": "$641", "2016-06-30": "$724", "2016-03-31": "$631", "2015-12-31": "$611", "2015-09-30": "$674", "2015-06-30": "$639", "2015-03-31": "$704", "2014-12-31": "$623", "2014-09-30": "$802", "2014-06-30": "$775", "2014-03-31": "$741", "2013-12-31": "$667", "2013-09-30": "$598", "2013-06-30": "$518", "2013-03-31": "$453", "2012-12-31": "$435", "2012-09-30": "$795", "2012-06-30": "$993", "2012-03-31": "$1,099", "2011-12-31": "$1,022", "2011-09-30": "$943", "2011-06-30": "$904", "2011-03-31": "$787", "2010-12-31": "$704", "2010-09-30": "$848", "2010-06-30": "$823", "2010-03-31": "$799", "2009-12-31": "$779", "2009-09-30": "$735", "2009-06-30": "$575", "2009-03-31": "$566", "2008-12-31": "$584", "2008-09-30": "$514", "2008-06-30": "$419", "2008-03-31": "$376", "2007-12-31": "$481", "2007-09-30": "$600", "2007-06-30": "$536", "2007-03-31": "$532", "2006-12-31": "$528", "2006-09-30": "$486", "2006-06-30": "$448", "2006-03-31": "$451", "2005-12-31": "$405", "2005-09-30": "$373", "2005-06-30": "$362", "2005-03-31": "$351"}}, "long-term-debt": {"Dolby Laboratories Annual Long Term Debt (Millions of US $)": {"2020": "$", "2019": "$", "2018": "$", "2017": "$", "2016": "$", "2015": "$", "2014": "$", "2013": "$", "2012": "$", "2011": "$", "2010": "$", "2009": "$6", "2008": "$8", "2007": "$10", "2006": "$11", "2005": "$12"}, "Dolby Laboratories Quarterly Long Term Debt (Millions of US $)": {"2020-12-31": "", "2020-09-30": "", "2020-06-30": "", "2020-03-31": "", "2019-12-31": "", "2019-09-30": "", "2019-06-30": "", "2019-03-31": "", "2018-12-31": "", "2018-09-30": "", "2018-06-30": "", "2018-03-31": "", "2017-12-31": "", "2017-09-30": "", "2017-06-30": "", "2017-03-31": "", "2016-12-31": "", "2016-09-30": "", "2016-06-30": "", "2016-03-31": "", "2015-12-31": "", "2015-09-30": "", "2015-06-30": "", "2015-03-31": "", "2014-12-31": "", "2014-09-30": "", "2014-06-30": "", "2014-03-31": "", "2013-12-31": "", "2013-09-30": "", "2013-06-30": "", "2013-03-31": "", "2012-12-31": "", "2012-09-30": "", "2012-06-30": "", "2012-03-31": "", "2011-12-31": "", "2011-09-30": "", "2011-06-30": "", "2011-03-31": "", "2010-12-31": "", "2010-09-30": "", "2010-06-30": "$4", "2010-03-31": "$5", "2009-12-31": "$5", "2009-09-30": "$6", "2009-06-30": "$6", "2009-03-31": "$6", "2008-12-31": "$7", "2008-09-30": "$8", "2008-06-30": "$8", "2008-03-31": "$9", "2007-12-31": "$9", "2007-09-30": "$10", "2007-06-30": "$10", "2007-03-31": "$10", "2006-12-31": "$11", "2006-09-30": "$11", "2006-06-30": "$11", "2006-03-31": "$11", "2005-12-31": "$12", "2005-09-30": "$12", "2005-06-30": "$12", "2005-03-31": "$13"}}, "total-liabilities": {"Dolby Laboratories Annual Total Liabilities (Millions of US $)": {"2020": "$479", "2019": "$509", "2018": "$495", "2017": "$390", "2016": "$331", "2015": "$317", "2014": "$252", "2013": "$238", "2012": "$218", "2011": "$199", "2010": "$217", "2009": "$218", "2008": "$287", "2007": "$195", "2006": "$145", "2005": "$125"}, "Dolby Laboratories Quarterly Total Liabilities (Millions of US $)": {"2020-12-31": "$526", "2020-09-30": "$479", "2020-06-30": "$467", "2020-03-31": "$576", "2019-12-31": "$555", "2019-09-30": "$509", "2019-06-30": "$490", "2019-03-31": "$494", "2018-12-31": "$474", "2018-09-30": "$495", "2018-06-30": "$482", "2018-03-31": "$453", "2017-12-31": "$459", "2017-09-30": "$390", "2017-06-30": "$351", "2017-03-31": "$345", "2016-12-31": "$330", "2016-09-30": "$331", "2016-06-30": "$323", "2016-03-31": "$305", "2015-12-31": "$301", "2015-09-30": "$317", "2015-06-30": "$312", "2015-03-31": "$316", "2014-12-31": "$271", "2014-09-30": "$252", "2014-06-30": "$253", "2014-03-31": "$243", "2013-12-31": "$216", "2013-09-30": "$238", "2013-06-30": "$218", "2013-03-31": "$218", "2012-12-31": "$206", "2012-09-30": "$218", "2012-06-30": "$202", "2012-03-31": "$198", "2011-12-31": "$195", "2011-09-30": "$199", "2011-06-30": "$175", "2011-03-31": "$186", "2010-12-31": "$188", "2010-09-30": "$217", "2010-06-30": "$230", "2010-03-31": "$225", "2009-12-31": "$243", "2009-09-30": "$218", "2009-06-30": "$232", "2009-03-31": "$229", "2008-12-31": "$274", "2008-09-30": "$287", "2008-06-30": "$264", "2008-03-31": "$244", "2007-12-31": "$259", "2007-09-30": "$195", "2007-06-30": "$180", "2007-03-31": "$162", "2006-12-31": "$150", "2006-09-30": "$145", "2006-06-30": "$133", "2006-03-31": "$134", "2005-12-31": "$126", "2005-09-30": "$125", "2005-06-30": "$128", "2005-03-31": "$131"}}, "total-share-holder-equity": {"Dolby Laboratories Annual Share Holder Equity (Millions of US $)": {"2020": "$2,438", "2019": "$2,313", "2018": "$2,371", "2017": "$2,144", "2016": "$1,979", "2015": "$1,816", "2014": "$1,732", "2013": "$1,500", "2012": "$1,743", "2011": "$1,685", "2010": "$1,495", "2009": "$1,363", "2008": "$1,049", "2007": "$797", "2006": "$594", "2005": "$461"}, "Dolby Laboratories Quarterly Share Holder Equity (Millions of US $)": {"2020-12-31": "$2,571", "2020-09-30": "$2,438", "2020-06-30": "$2,437", "2020-03-31": "$2,369", "2019-12-31": "$2,339", "2019-09-30": "$2,313", "2019-06-30": "$2,320", "2019-03-31": "$2,353", "2018-12-31": "$2,349", "2018-09-30": "$2,371", "2018-06-30": "$2,188", "2018-03-31": "$2,154", "2017-12-31": "$2,056", "2017-09-30": "$2,144", "2017-06-30": "$2,122", "2017-03-31": "$2,043", "2016-12-31": "$2,001", "2016-09-30": "$1,979", "2016-06-30": "$1,940", "2016-03-31": "$1,854", "2015-12-31": "$1,812", "2015-09-30": "$1,816", "2015-06-30": "$1,840", "2015-03-31": "$1,799", "2014-12-31": "$1,751", "2014-09-30": "$1,732", "2014-06-30": "$1,686", "2014-03-31": "$1,653", "2013-12-31": "$1,550", "2013-09-30": "$1,500", "2013-06-30": "$1,450", "2013-03-31": "$1,409", "2012-12-31": "$1,346", "2012-09-30": "$1,743", "2012-06-30": "$1,751", "2012-03-31": "$1,787", "2011-12-31": "$1,744", "2011-09-30": "$1,685", "2011-06-30": "$1,656", "2011-03-31": "$1,640", "2010-12-31": "$1,572", "2010-09-30": "$1,495", "2010-06-30": "$1,473", "2010-03-31": "$1,474", "2009-12-31": "$1,433", "2009-09-30": "$1,363", "2009-06-30": "$1,277", "2009-03-31": "$1,195", "2008-12-31": "$1,127", "2008-09-30": "$1,049", "2008-06-30": "$1,011", "2008-03-31": "$948", "2007-12-31": "$867", "2007-09-30": "$797", "2007-06-30": "$743", "2007-03-31": "$697", "2006-12-31": "$646", "2006-09-30": "$594", "2006-06-30": "$561", "2006-03-31": "$528", "2005-12-31": "$488", "2005-09-30": "$461", "2005-06-30": "$436", "2005-03-31": "$419"}}, "profit-margins": {"current": "25.23%"}, "gross margin": {"2020-12-31": "88.57%", "2020-09-30": "87.44%", "2020-06-30": "87.39%", "2020-03-31": "87.15%", "2019-12-31": "87.08%", "2019-09-30": "87.11%", "2019-06-30": "87.66%", "2019-03-31": "87.14%", "2018-12-31": "87.15%", "2018-09-30": "87.78%", "2018-06-30": "87.97%", "2018-03-31": "89.19%", "2017-12-31": "89.23%", "2017-09-30": "88.98%", "2017-06-30": "88.90%", "2017-03-31": "89.27%", "2016-12-31": "89.63%", "2016-09-30": "89.38%", "2016-06-30": "89.77%", "2016-03-31": "89.29%", "2015-12-31": "89.16%", "2015-09-30": "90.22%", "2015-06-30": "91.61%", "2015-03-31": "92.15%", "2014-12-31": "92.94%", "2014-09-30": "92.71%", "2014-06-30": "91.37%", "2014-03-31": "90.69%", "2013-12-31": "89.82%", "2013-09-30": "89.34%", "2013-06-30": "89.12%", "2013-03-31": "89.48%", "2012-12-31": "89.53%", "2012-09-30": "90.14%", "2012-06-30": "90.59%", "2012-03-31": "89.95%", "2011-12-31": "89.39%", "2011-09-30": "88.55%", "2011-06-30": "88.09%", "2011-03-31": "86.96%", "2010-12-31": "86.76%", "2010-09-30": "85.68%", "2010-06-30": "85.78%", "2010-03-31": "87.23%", "2009-12-31": "86.18%", "2009-09-30": "90.96%", "2009-06-30": "91.09%", "2009-03-31": "91.44%", "2008-12-31": "93.13%", "2008-09-30": "89.38%", "2008-06-30": "88.94%", "2008-03-31": "87.59%", "2007-12-31": "85.98%", "2007-09-30": "84.44%", "2007-06-30": "82.86%", "2007-03-31": "82.05%", "2006-12-31": "81.98%", "2006-09-30": "80.61%", "2006-06-30": "80.22%", "2006-03-31": "80.85%", "2005-12-31": "77.61%"}, "operating margin": {"2020-12-31": "26.59%", "2020-09-30": "18.85%", "2020-06-30": "20.17%", "2020-03-31": "19.28%", "2019-12-31": "19.25%", "2019-09-30": "20.71%", "2019-06-30": "18.51%", "2019-03-31": "16.15%", "2018-12-31": "15.03%", "2018-09-30": "17.42%", "2018-06-30": "18.28%", "2018-03-31": "25.89%", "2017-12-31": "24.69%", "2017-09-30": "22.87%", "2017-06-30": "23.69%", "2017-03-31": "22.89%", "2016-12-31": "24.55%", "2016-09-30": "22.51%", "2016-06-30": "23.20%", "2016-03-31": "20.61%", "2015-12-31": "20.35%", "2015-09-30": "22.04%", "2015-06-30": "24.46%", "2015-03-31": "25.31%", "2014-12-31": "27.83%", "2014-09-30": "28.54%", "2014-06-30": "28.74%", "2014-03-31": "27.73%", "2013-12-31": "26.33%", "2013-09-30": "26.92%", "2013-06-30": "28.29%", "2013-03-31": "31.56%", "2012-12-31": "35.04%", "2012-09-30": "38.80%", "2012-06-30": "42.05%", "2012-03-31": "43.73%", "2011-12-31": "44.22%", "2011-09-30": "44.64%", "2011-06-30": "44.04%", "2011-03-31": "44.37%", "2010-12-31": "45.97%", "2010-09-30": "46.53%", "2010-06-30": "46.27%", "2010-03-31": "47.43%", "2009-12-31": "46.45%", "2009-09-30": "50.49%", "2009-06-30": "50.84%", "2009-03-31": "50.64%", "2008-12-31": "49.85%", "2008-09-30": "44.84%", "2008-06-30": "44.72%", "2008-03-31": "42.48%", "2007-12-31": "40.53%", "2007-09-30": "38.59%", "2007-06-30": "37.80%", "2007-03-31": "37.06%", "2006-12-31": "35.56%", "2006-09-30": "32.91%", "2006-06-30": "31.17%", "2006-03-31": "31.83%", "2005-12-31": "26.87%"}, "ebitda margin": {"2020-12-31": "33.97%", "2020-09-30": "26.68%", "2020-06-30": "27.48%", "2020-03-31": "26.10%", "2019-12-31": "26.24%", "2019-09-30": "27.64%", "2019-06-30": "25.53%", "2019-03-31": "23.72%", "2018-12-31": "22.87%", "2018-09-30": "25.38%", "2018-06-30": "26.23%", "2018-03-31": "33.13%", "2017-12-31": "32.32%", "2017-09-30": "30.93%", "2017-06-30": "32.00%", "2017-03-31": "31.51%", "2016-12-31": "33.02%", "2016-09-30": "31.29%", "2016-06-30": "31.77%", "2016-03-31": "29.39%", "2015-12-31": "28.83%", "2015-09-30": "29.97%", "2015-06-30": "32.12%", "2015-03-31": "32.64%", "2014-12-31": "34.68%", "2014-09-30": "35.10%", "2014-06-30": "35.26%", "2014-03-31": "34.26%", "2013-12-31": "33.19%", "2013-09-30": "33.96%", "2013-06-30": "35.26%", "2013-03-31": "38.50%", "2012-12-31": "41.77%", "2012-09-30": "45.34%", "2012-06-30": "48.33%", "2012-03-31": "50.16%", "2011-12-31": "50.95%", "2011-09-30": "51.09%", "2011-06-30": "50.32%", "2011-03-31": "49.84%", "2010-12-31": "50.95%", "2010-09-30": "51.30%", "2010-06-30": "51.05%", "2010-03-31": "52.44%", "2009-12-31": "51.32%", "2009-09-30": "55.35%", "2009-06-30": "55.43%", "2009-03-31": "55.06%", "2008-12-31": "54.18%", "2008-09-30": "48.91%", "2008-06-30": "48.51%", "2008-03-31": "45.80%", "2007-12-31": "43.37%", "2007-09-30": "41.29%", "2007-06-30": "40.44%", "2007-03-31": "39.86%", "2006-12-31": "38.52%", "2006-09-30": "35.97%", "2006-06-30": "34.42%", "2006-03-31": "35.21%", "2005-12-31": "30.45%"}, "pre tax profit margin": {"2020-12-31": "27.94%", "2020-09-30": "20.57%", "2020-06-30": "21.93%", "2020-03-31": "21.12%", "2019-12-31": "21.28%", "2019-09-30": "22.72%", "2019-06-30": "20.63%", "2019-03-31": "17.88%", "2018-12-31": "16.45%", "2018-09-30": "18.66%", "2018-06-30": "19.32%", "2018-03-31": "26.68%", "2017-12-31": "25.49%", "2017-09-30": "23.61%", "2017-06-30": "24.35%", "2017-03-31": "23.66%", "2016-12-31": "25.21%", "2016-09-30": "23.00%", "2016-06-30": "26.22%", "2016-03-31": "23.88%", "2015-12-31": "23.52%", "2015-09-30": "25.23%", "2015-06-30": "25.08%", "2015-03-31": "25.84%", "2014-12-31": "28.04%", "2014-09-30": "28.85%", "2014-06-30": "28.95%", "2014-03-31": "27.94%", "2013-12-31": "26.88%", "2013-09-30": "27.58%", "2013-06-30": "28.84%", "2013-03-31": "32.21%", "2012-12-31": "35.79%", "2012-09-30": "39.55%", "2012-06-30": "43.20%", "2012-03-31": "44.87%", "2011-12-31": "45.38%", "2011-09-30": "45.79%", "2011-06-30": "44.89%", "2011-03-31": "45.22%", "2010-12-31": "46.82%", "2010-09-30": "47.40%", "2010-06-30": "47.20%", "2010-03-31": "48.31%", "2009-12-31": "47.37%", "2009-09-30": "51.60%", "2009-06-30": "52.23%", "2009-03-31": "52.35%", "2008-12-31": "51.64%", "2008-09-30": "47.19%", "2008-06-30": "47.52%", "2008-03-31": "45.98%", "2007-12-31": "45.08%", "2007-09-30": "43.57%", "2007-06-30": "42.64%", "2007-03-31": "41.72%", "2006-12-31": "40.25%", "2006-09-30": "37.24%", "2006-06-30": "35.77%", "2006-03-31": "36.06%", "2005-12-31": "30.15%"}, "net profit margin": {"2020-12-31": "25.16%", "2020-09-30": "19.88%", "2020-06-30": "20.84%", "2020-03-31": "17.75%", "2019-12-31": "16.73%", "2019-09-30": "20.55%", "2019-06-30": "20.12%", "2019-03-31": "18.34%", "2018-12-31": "18.24%", "2018-09-30": "3.98%", "2018-06-30": "3.88%", "2018-03-31": "9.94%", "2017-12-31": "8.98%", "2017-09-30": "19.07%", "2017-06-30": "19.03%", "2017-03-31": "18.39%", "2016-12-31": "19.79%", "2016-09-30": "18.13%", "2016-06-30": "20.37%", "2016-03-31": "18.47%", "2015-12-31": "17.59%", "2015-09-30": "18.74%", "2015-06-30": "18.76%", "2015-03-31": "19.35%", "2014-12-31": "21.08%", "2014-09-30": "21.56%", "2014-06-30": "21.79%", "2014-03-31": "21.09%", "2013-12-31": "20.24%", "2013-09-30": "20.77%", "2013-06-30": "21.11%", "2013-03-31": "23.43%", "2012-12-31": "25.85%", "2012-09-30": "28.30%", "2012-06-30": "30.54%", "2012-03-31": "31.30%", "2011-12-31": "31.09%", "2011-09-30": "32.15%", "2011-06-30": "31.38%", "2011-03-31": "31.13%", "2010-12-31": "31.78%", "2010-09-30": "30.69%", "2010-06-30": "30.54%", "2010-03-31": "31.29%", "2009-12-31": "30.66%", "2009-09-30": "33.66%", "2009-06-30": "34.40%", "2009-03-31": "34.52%", "2008-12-31": "34.33%", "2008-09-30": "31.25%", "2008-06-30": "32.18%", "2008-03-31": "31.29%", "2007-12-31": "30.49%", "2007-09-30": "29.67%", "2007-06-30": "27.25%", "2007-03-31": "26.34%", "2006-12-31": "25.19%", "2006-09-30": "22.70%", "2006-06-30": "21.95%", "2006-03-31": "21.69%", "2005-12-31": "17.61%"}, "pe ratio": {"current": "29.27", "2021-02-05": "29.65", "2020-12-31": "31.54", "2020-09-30": "29.38", "2020-06-30": "27.07", "2020-03-31": "25.09", "2019-12-31": "34.30", "2019-09-30": "26.07", "2019-06-30": "25.55", "2019-03-31": "21.38", "2018-12-31": "21.23", "2018-09-30": "61.30", "2018-06-30": "70.40", "2018-03-31": "76.86", "2017-12-31": "94.97", "2017-09-30": "28.53", "2017-06-30": "23.98", "2017-03-31": "27.12", "2016-12-31": "21.35", "2016-09-30": "28.54", "2016-06-30": "22.60", "2016-03-31": "23.78", "2015-12-31": "19.48", "2015-09-30": "17.72", "2015-06-30": "21.38", "2015-03-31": "20.05", "2014-12-31": "20.63", "2014-09-30": "19.64", "2014-06-30": "20.31", "2014-03-31": "21.91", "2013-12-31": "20.39", "2013-09-30": "17.55", "2013-06-30": "16.56", "2013-03-31": "15.09", "2012-12-31": "12.47", "2012-09-30": "11.45", "2012-06-30": "13.21", "2012-03-31": "11.85", "2011-12-31": "9.50", "2011-09-30": "8.26", "2011-06-30": "13.47", "2011-03-31": "15.62", "2010-12-31": "21.00", "2010-09-30": "19.13", "2010-06-30": "22.89", "2010-03-31": "22.51", "2009-12-31": "19.59", "2009-09-30": "15.00", "2009-06-30": "14.37", "2009-03-31": "13.40", "2008-12-31": "13.58", "2008-09-30": "16.78", "2008-06-30": "19.56", "2008-03-31": "19.18", "2007-12-31": "29.09", "2007-09-30": "22.80", "2007-06-30": "26.80", "2007-03-31": "28.47", "2006-12-31": "28.12"}, "price sales": {"2021-02-05": "7.47", "2020-12-31": "7.94", "2020-09-30": "5.85", "2020-06-30": "5.68", "2020-03-31": "4.46", "2019-12-31": "5.74", "2019-09-30": "5.37", "2019-06-30": "5.64", "2019-03-31": "5.96", "2018-12-31": "6.09", "2018-09-30": "6.82", "2018-06-30": "5.95", "2018-03-31": "5.60", "2017-12-31": "5.56", "2017-09-30": "5.32", "2017-06-30": "4.54", "2017-03-31": "4.96", "2016-12-31": "4.21", "2016-09-30": "5.14", "2016-06-30": "4.54", "2016-03-31": "4.32", "2015-12-31": "3.36", "2015-09-30": "3.29", "2015-06-30": "4.01", "2015-03-31": "3.88", "2014-12-31": "4.34", "2014-09-30": "4.20", "2014-06-30": "4.38", "2014-03-31": "4.58", "2013-12-31": "4.08", "2013-09-30": "3.64", "2013-06-30": "3.53", "2013-03-31": "3.56", "2012-12-31": "3.12", "2012-09-30": "3.14", "2012-06-30": "3.91", "2012-03-31": "3.60", "2011-12-31": "2.96", "2011-09-30": "2.66", "2011-06-30": "4.24", "2011-03-31": "4.88", "2010-12-31": "6.71", "2010-09-30": "5.88", "2010-06-30": "6.97", "2010-03-31": "7.01", "2009-12-31": "5.98", "2009-09-30": "5.04", "2009-06-30": "4.92", "2009-03-31": "4.61", "2008-12-31": "4.63", "2008-09-30": "5.20", "2008-06-30": "6.28", "2008-03-31": "5.98", "2007-12-31": "8.85", "2007-09-30": "6.76", "2007-06-30": "7.25", "2007-03-31": "7.46", "2006-12-31": "7.07"}, "price book": {"current": "3.61", "2021-02-05": "3.61", "2020-12-31": "3.84", "2020-09-30": "2.72", "2020-06-30": "2.70", "2020-03-31": "2.28", "2019-12-31": "2.93", "2019-09-30": "2.75", "2019-06-30": "2.75", "2019-03-31": "2.66", "2018-12-31": "2.63", "2018-09-30": "2.96", "2018-06-30": "2.83", "2018-03-31": "2.97", "2017-12-31": "3.01", "2017-09-30": "2.64", "2017-06-30": "2.26", "2017-03-31": "2.50", "2016-12-31": "2.20", "2016-09-30": "2.65", "2016-06-30": "2.36", "2016-03-31": "2.22", "2015-12-31": "1.77", "2015-09-30": "1.71", "2015-06-30": "2.08", "2015-03-31": "2.03", "2014-12-31": "2.36", "2014-09-30": "2.30", "2014-06-30": "2.43", "2014-03-31": "2.57", "2013-12-31": "2.36", "2013-09-30": "2.18", "2013-06-30": "2.18", "2013-03-31": "2.26", "2012-12-31": "2.07", "2012-09-30": "1.60", "2012-06-30": "2.05", "2012-03-31": "1.89", "2011-12-31": "1.57", "2011-09-30": "1.47", "2011-06-30": "2.34", "2011-03-31": "2.77", "2010-12-31": "3.92", "2010-09-30": "3.51", "2010-06-30": "3.96", "2010-03-31": "3.72", "2009-12-31": "3.13", "2009-09-30": "2.63", "2009-06-30": "2.74", "2009-03-31": "2.66", "2008-12-31": "2.70", "2008-09-30": "3.11", "2008-06-30": "3.69", "2008-03-31": "3.52", "2007-12-31": "5.25", "2007-09-30": "3.97", "2007-06-30": "4.32", "2007-03-31": "4.47", "2006-12-31": "4.32", "2006-09-30": "2.96", "2006-06-30": "3.66", "2006-03-31": "3.46"}, "price fcf": {"2021-02-05": "", "2020-12-31": "$3.42", "2020-09-30": "$2.70", "2020-06-30": "$2.80", "2020-03-31": "$2.27", "2019-12-31": "$1.93", "2019-09-30": "$2.21", "2019-06-30": "$2.01", "2019-03-31": "$2.54", "2018-12-31": "$2.99", "2018-09-30": "$2.61", "2018-06-30": "$2.36", "2018-03-31": "$2.20", "2017-12-31": "$2.21", "2017-09-30": "$2.69", "2017-06-30": "$2.59", "2017-03-31": "$2.51", "2016-12-31": "$2.57", "2016-09-30": "$2.53", "2016-06-30": "$2.46", "2016-03-31": "$1.57", "2015-12-31": "$2.06", "2015-09-30": "$1.46", "2015-06-30": "$1.49", "2015-03-31": "$2.16", "2014-12-31": "$1.92", "2014-09-30": "$2.76", "2014-06-30": "$2.86", "2014-03-31": "$2.90", "2013-12-31": "$2.51", "2013-09-30": "$2.44", "2013-06-30": "$1.49", "2013-03-31": "$1.49", "2012-12-31": "$1.91", "2012-09-30": "$2.09", "2012-06-30": "$3.28", "2012-03-31": "$3.53", "2011-12-31": "$3.42", "2011-09-30": "$3.20", "2011-06-30": "$2.87", "2011-03-31": "$2.46", "2010-12-31": "$2.32", "2010-09-30": "$2.53", "2010-06-30": "$2.67", "2010-03-31": "$2.58", "2009-12-31": "$2.16", "2009-09-30": "$2.25", "2009-06-30": "$2.45", "2009-03-31": "$2.36", "2008-12-31": "$2.37", "2008-09-30": "$2.19", "2008-06-30": "$1.82", "2008-03-31": "$1.69", "2007-12-31": "$1.59", "2007-09-30": "$1.34", "2007-06-30": "$1.26", "2007-03-31": "$1.10", "2006-12-31": "$1.52"}, "net worth": {"value": "$9.28B"}, "current ratio": {"current": "5.45", "2020-12-31": "5.45", "2020-09-30": "5.79", "2020-06-30": "5.83", "2020-03-31": "4.75", "2019-12-31": "4.77", "2019-09-30": "4.50", "2019-06-30": "4.81", "2019-03-31": "5.26", "2018-12-31": "4.83", "2018-09-30": "5.25", "2018-06-30": "5.16", "2018-03-31": "5.42", "2017-12-31": "4.64", "2017-09-30": "4.12", "2017-06-30": "4.58", "2017-03-31": "4.09", "2016-12-31": "3.92", "2016-09-30": "3.57", "2016-06-30": "4.11", "2016-03-31": "3.96", "2015-12-31": "3.76", "2015-09-30": "3.92", "2015-06-30": "4.28", "2015-03-31": "4.26", "2014-12-31": "4.64", "2014-09-30": "5.31", "2014-06-30": "5.33", "2014-03-31": "5.48", "2013-12-31": "5.72", "2013-09-30": "4.74", "2013-06-30": "4.69", "2013-03-31": "4.44", "2012-12-31": "4.28", "2012-09-30": "6.19", "2012-06-30": "7.67", "2012-03-31": "8.64", "2011-12-31": "8.21", "2011-09-30": "7.27", "2011-06-30": "8.01", "2011-03-31": "6.93", "2010-12-31": "6.40", "2010-09-30": "6.40", "2010-06-30": "5.90", "2010-03-31": "5.96", "2009-12-31": "5.25", "2009-09-30": "5.75", "2009-06-30": "4.98", "2009-03-31": "4.90", "2008-12-31": "3.87", "2008-09-30": "3.45", "2008-06-30": "3.47", "2008-03-31": "3.45", "2007-12-31": "3.63", "2007-09-30": "5.12", "2007-06-30": "5.44", "2007-03-31": "6.02", "2006-12-31": "6.34", "2006-09-30": "6.17", "2006-06-30": "6.50", "2006-03-31": "6.51", "2005-12-31": "6.57", "2005-09-30": "6.24", "2005-06-30": "5.72", "2005-03-31": "5.45"}, "quick ratio": {"2020-12-31": "5.39", "2020-09-30": "5.70", "2020-06-30": "5.72", "2020-03-31": "4.66", "2019-12-31": "4.68", "2019-09-30": "4.40", "2019-06-30": "4.67", "2019-03-31": "5.13", "2018-12-31": "4.74", "2018-09-30": "5.16", "2018-06-30": "5.06", "2018-03-31": "5.30", "2017-12-31": "4.53", "2017-09-30": "4.01", "2017-06-30": "4.49", "2017-03-31": "4.01", "2016-12-31": "3.84", "2016-09-30": "3.49", "2016-06-30": "4.02", "2016-03-31": "3.87", "2015-12-31": "3.68", "2015-09-30": "3.85", "2015-06-30": "4.18", "2015-03-31": "4.15", "2014-12-31": "4.49", "2014-09-30": "5.27", "2014-06-30": "5.28", "2014-03-31": "5.43", "2013-12-31": "5.67", "2013-09-30": "4.68", "2013-06-30": "4.61", "2013-03-31": "4.32", "2012-12-31": "4.14", "2012-09-30": "6.08", "2012-06-30": "7.59", "2012-03-31": "8.53", "2011-12-31": "7.99", "2011-09-30": "7.11", "2011-06-30": "7.84", "2011-03-31": "6.71", "2010-12-31": "6.21", "2010-09-30": "6.23", "2010-06-30": "5.80", "2010-03-31": "5.89", "2009-12-31": "5.19", "2009-09-30": "5.67", "2009-06-30": "4.91", "2009-03-31": "4.81", "2008-12-31": "3.78", "2008-09-30": "3.36", "2008-06-30": "3.35", "2008-03-31": "3.32", "2007-12-31": "3.54", "2007-09-30": "5.02", "2007-06-30": "5.32", "2007-03-31": "5.90", "2006-12-31": "6.22", "2006-09-30": "6.05", "2006-06-30": "6.35", "2006-03-31": "6.35", "2005-12-31": "6.43", "2005-09-30": "6.08", "2005-06-30": "5.60", "2005-03-31": "5.34"}, "debt equity ratio": {"current": "0.00", "2020-12-31": "0.20", "2020-09-30": "0.20", "2020-06-30": "0.19", "2020-03-31": "0.24", "2019-12-31": "0.24", "2019-09-30": "0.22", "2019-06-30": "0.21", "2019-03-31": "0.21", "2018-12-31": "0.20", "2018-09-30": "0.21", "2018-06-30": "0.22", "2018-03-31": "0.21", "2017-12-31": "0.22", "2017-09-30": "0.18", "2017-06-30": "0.17", "2017-03-31": "0.17", "2016-12-31": "0.17", "2016-09-30": "0.17", "2016-06-30": "0.17", "2016-03-31": "0.16", "2015-12-31": "0.17", "2015-09-30": "0.18", "2015-06-30": "0.17", "2015-03-31": "0.18", "2014-12-31": "0.16", "2014-09-30": "0.15", "2014-06-30": "0.15", "2014-03-31": "0.15", "2013-12-31": "0.14", "2013-09-30": "0.16", "2013-06-30": "0.15", "2013-03-31": "0.16", "2012-12-31": "0.15", "2012-09-30": "0.13", "2012-06-30": "0.12", "2012-03-31": "0.11", "2011-12-31": "0.11", "2011-09-30": "0.12", "2011-06-30": "0.11", "2011-03-31": "0.11", "2010-12-31": "0.12", "2010-09-30": "0.15", "2010-06-30": "0.16", "2010-03-31": "0.15", "2009-12-31": "0.17", "2009-09-30": "0.16", "2009-06-30": "0.18", "2009-03-31": "0.19", "2008-12-31": "0.24", "2008-09-30": "0.27", "2008-06-30": "0.26", "2008-03-31": "0.26", "2007-12-31": "0.30", "2007-09-30": "0.24", "2007-06-30": "0.24", "2007-03-31": "0.23", "2006-12-31": "0.23", "2006-09-30": "0.24", "2006-06-30": "0.24", "2006-03-31": "0.25", "2005-12-31": "0.26", "2005-09-30": "0.27", "2005-06-30": "0.29", "2005-03-31": "0.31"}, "return on equity": {"2020-12-31": "12.92%", "2020-09-30": "9.64%", "2020-06-30": "10.49%", "2020-03-31": "9.46%", "2019-12-31": "8.84%", "2019-09-30": "10.93%", "2019-06-30": "10.14%", "2019-03-31": "8.68%", "2018-12-31": "8.52%", "2018-09-30": "1.92%", "2018-06-30": "1.92%", "2018-03-31": "5.38%", "2017-12-31": "4.78%", "2017-09-30": "9.92%", "2017-06-30": "10.02%", "2017-03-31": "9.64%", "2016-12-31": "10.70%", "2016-09-30": "9.81%", "2016-06-30": "11.26%", "2016-03-31": "9.89%", "2015-12-31": "9.47%", "2015-09-30": "10.10%", "2015-06-30": "10.17%", "2015-03-31": "10.62%", "2014-12-31": "11.90%", "2014-09-30": "12.51%", "2014-06-30": "12.96%", "2014-03-31": "12.81%", "2013-12-31": "12.39%", "2013-09-30": "13.25%", "2013-06-30": "13.05%", "2013-03-31": "13.83%", "2012-12-31": "14.61%", "2012-09-30": "15.03%", "2012-06-30": "16.76%", "2012-03-31": "17.58%", "2011-12-31": "17.61%", "2011-09-30": "18.86%", "2011-06-30": "18.54%", "2011-03-31": "19.16%", "2010-12-31": "19.95%", "2010-09-30": "19.27%", "2010-06-30": "18.25%", "2010-03-31": "18.03%", "2009-12-31": "17.69%", "2009-09-30": "19.51%", "2009-06-30": "21.26%", "2009-03-31": "22.09%", "2008-12-31": "22.25%", "2008-09-30": "20.65%", "2008-06-30": "21.53%", "2008-03-31": "21.34%", "2007-12-31": "20.75%", "2007-09-30": "19.84%", "2007-06-30": "18.51%", "2007-03-31": "18.09%", "2006-12-31": "17.52%", "2006-09-30": "16.40%", "2006-06-30": "15.90%", "2006-03-31": "16.10%", "2005-12-31": "13.08%"}, "return on assets": {"2020-12-31": "10.69%", "2020-09-30": "7.93%", "2020-06-30": "8.58%", "2020-03-31": "7.71%", "2019-12-31": "7.25%", "2019-09-30": "9.02%", "2019-06-30": "8.39%", "2019-03-31": "7.18%", "2018-12-31": "7.04%", "2018-09-30": "1.58%", "2018-06-30": "1.59%", "2018-03-31": "4.50%", "2017-12-31": "4.04%", "2017-09-30": "8.47%", "2017-06-30": "8.59%", "2017-03-31": "8.27%", "2016-12-31": "9.18%", "2016-09-30": "8.41%", "2016-06-30": "9.64%", "2016-03-31": "8.46%", "2015-12-31": "8.08%", "2015-09-30": "8.64%", "2015-06-30": "8.75%", "2015-03-31": "9.18%", "2014-12-31": "10.35%", "2014-09-30": "10.91%", "2014-06-30": "11.28%", "2014-03-31": "11.15%", "2013-12-31": "10.77%", "2013-09-30": "11.48%", "2013-06-30": "11.40%", "2013-03-31": "12.18%", "2012-12-31": "12.99%", "2012-09-30": "13.47%", "2012-06-30": "15.05%", "2012-03-31": "15.81%", "2011-12-31": "15.83%", "2011-09-30": "16.93%", "2011-06-30": "16.55%", "2011-03-31": "16.91%", "2010-12-31": "17.46%", "2010-09-30": "16.67%", "2010-06-30": "15.74%", "2010-03-31": "15.47%", "2009-12-31": "15.06%", "2009-09-30": "16.37%", "2009-06-30": "17.43%", "2009-03-31": "17.80%", "2008-12-31": "17.68%", "2008-09-30": "16.23%", "2008-06-30": "17.01%", "2008-03-31": "16.91%", "2007-12-31": "16.50%", "2007-09-30": "16.02%", "2007-06-30": "14.95%", "2007-03-31": "14.64%", "2006-12-31": "14.11%", "2006-09-30": "13.14%", "2006-06-30": "12.68%", "2006-03-31": "12.70%", "2005-12-31": "10.20%"}, "return on investments": {"2020-12-31": "inf%", "2020-09-30": "inf%", "2020-06-30": "inf%", "2020-03-31": "inf%", "2019-12-31": "inf%", "2019-09-30": "inf%", "2019-06-30": "inf%", "2019-03-31": "inf%", "2018-12-31": "inf%", "2018-09-30": "inf%", "2018-06-30": "inf%", "2018-03-31": "inf%", "2017-12-31": "inf%", "2017-09-30": "inf%", "2017-06-30": "inf%", "2017-03-31": "inf%", "2016-12-31": "inf%", "2016-09-30": "inf%", "2016-06-30": "inf%", "2016-03-31": "inf%", "2015-12-31": "inf%", "2015-09-30": "inf%", "2015-06-30": "inf%", "2015-03-31": "inf%", "2014-12-31": "inf%", "2014-09-30": "inf%", "2014-06-30": "inf%", "2014-03-31": "inf%", "2013-12-31": "inf%", "2013-09-30": "inf%", "2013-06-30": "inf%", "2013-03-31": "inf%", "2012-12-31": "inf%", "2012-09-30": "inf%", "2012-06-30": "inf%", "2012-03-31": "inf%", "2011-12-31": "inf%", "2011-09-30": "inf%", "2011-06-30": "inf%", "2011-03-31": "114.21%", "2010-12-31": "58.71%", "2010-09-30": "39.04%", "2010-06-30": "27.55%", "2010-03-31": "27.22%", "2009-12-31": "26.68%", "2009-09-30": "29.11%", "2009-06-30": "31.22%", "2009-03-31": "32.18%", "2008-12-31": "32.06%", "2008-09-30": "29.37%", "2008-06-30": "29.63%", "2008-03-31": "28.66%", "2007-12-31": "27.23%", "2007-09-30": "25.44%", "2007-06-30": "25.27%", "2007-03-31": "25.02%", "2006-12-31": "24.27%", "2006-09-30": "23.29%", "2006-06-30": "22.07%", "2006-03-31": "23.05%", "2005-12-31": "19.42%"}, "return on tangible equity": {"2020-12-31": "16.16%", "2020-09-30": "12.18%", "2020-06-30": "13.35%", "2020-03-31": "12.13%", "2019-12-31": "11.35%", "2019-09-30": "14.04%", "2019-06-30": "12.99%", "2019-03-31": "11.14%", "2018-12-31": "10.99%", "2018-09-30": "2.49%", "2018-06-30": "2.51%", "2018-03-31": "7.06%", "2017-12-31": "6.31%", "2017-09-30": "13.13%", "2017-06-30": "13.40%", "2017-03-31": "13.06%", "2016-12-31": "14.66%", "2016-09-30": "13.60%", "2016-06-30": "15.49%", "2016-03-31": "13.41%", "2015-12-31": "12.62%", "2015-09-30": "13.24%", "2015-06-30": "13.15%", "2015-03-31": "13.57%", "2014-12-31": "15.04%", "2014-09-30": "15.60%", "2014-06-30": "16.25%", "2014-03-31": "16.20%", "2013-12-31": "15.85%", "2013-09-30": "17.20%", "2013-06-30": "16.79%", "2013-03-31": "17.49%", "2012-12-31": "18.13%", "2012-09-30": "18.33%", "2012-06-30": "20.40%", "2012-03-31": "21.52%", "2011-12-31": "21.74%", "2011-09-30": "23.53%", "2011-06-30": "23.39%", "2011-03-31": "24.38%", "2010-12-31": "25.59%", "2010-09-30": "24.89%", "2010-06-30": "23.79%", "2010-03-31": "23.79%", "2009-12-31": "23.59%", "2009-09-30": "26.46%", "2009-06-30": "29.46%", "2009-03-31": "31.67%", "2008-12-31": "33.48%", "2008-09-30": "32.53%", "2008-06-30": "31.64%", "2008-03-31": "28.80%", "2007-12-31": "25.13%", "2007-09-30": "21.54%", "2007-06-30": "19.93%", "2007-03-31": "19.29%", "2006-12-31": "18.77%", "2006-09-30": "17.67%", "2006-06-30": "17.24%", "2006-03-31": "17.57%", "2005-12-31": "14.38%"}, "dividend yield history": {"last payout": "$0.88", "last yield": "0.96%"}}