{"ticker": "DLTR", "price": {"title": "Dollar Tree Historical Annual Stock Price Data", "value": 105.64, "historical": {"2021": {"Average Stock Price": "107.6323", "Year Open": "106.9400", "Year High": "114.7500", "Year Low": "100.8600", "Year Close": "105.6450", "Annual % Change": "-2.22%"}, "2020": {"Average Stock Price": "90.8399", "Year Open": "93.7800", "Year High": "113.0500", "Year Low": "65.5700", "Year Close": "108.0400", "Annual % Change": "14.88%"}, "2019": {"Average Stock Price": "103.2895", "Year Open": "91.2000", "Year High": "118.4400", "Year Low": "88.6500", "Year Close": "94.0500", "Annual % Change": "4.13%"}, "2018": {"Average Stock Price": "92.2278", "Year Open": "108.6900", "Year High": "116.3500", "Year Low": "79.5100", "Year Close": "90.3200", "Annual % Change": "-15.83%"}, "2017": {"Average Stock Price": "82.0388", "Year Open": "77.4500", "Year High": "109.4600", "Year Low": "66.3900", "Year Close": "107.3100", "Annual % Change": "39.04%"}, "2016": {"Average Stock Price": "83.5430", "Year Open": "78.8100", "Year High": "98.1200", "Year Low": "73.4300", "Year Close": "77.1800", "Annual % Change": "-0.05%"}, "2015": {"Average Stock Price": "74.9722", "Year Open": "70.3500", "Year High": "83.8100", "Year Low": "61.3800", "Year Close": "77.2200", "Annual % Change": "9.72%"}, "2014": {"Average Stock Price": "56.0342", "Year Open": "56.4000", "Year High": "70.7000", "Year Low": "49.6800", "Year Close": "70.3800", "Annual % Change": "24.74%"}, "2013": {"Average Stock Price": "50.7390", "Year Open": "39.9000", "Year High": "59.9100", "Year Low": "38.0400", "Year Close": "56.4200", "Annual % Change": "39.10%"}, "2012": {"Average Stock Price": "46.5230", "Year Open": "41.2150", "Year High": "56.7450", "Year Low": "37.7100", "Year Close": "40.5600", "Annual % Change": "-2.39%"}, "2011": {"Average Stock Price": "32.8109", "Year Open": "28.2750", "Year High": "42.1700", "Year Low": "24.2900", "Year Close": "41.5550", "Annual % Change": "48.20%"}, "2010": {"Average Stock Price": "21.8020", "Year Open": "16.0567", "Year High": "28.6800", "Year Low": "15.7067", "Year Close": "28.0400", "Annual % Change": "74.16%"}, "2009": {"Average Stock Price": "14.8735", "Year Open": "14.0167", "Year High": "17.1100", "Year Low": "11.2267", "Year Close": "16.1000", "Annual % Change": "15.85%"}, "2008": {"Average Stock Price": "11.2731", "Year Open": "8.4367", "Year High": "14.5833", "Year Low": "7.1000", "Year Close": "13.8967", "Annual % Change": "60.84%"}, "2007": {"Average Stock Price": "12.3524", "Year Open": "10.2300", "Year High": "15.1900", "Year Low": "8.6133", "Year Close": "8.6400", "Annual % Change": "-13.89%"}, "2006": {"Average Stock Price": "9.3147", "Year Open": "8.0667", "Year High": "10.6667", "Year Low": "8.0667", "Year Close": "10.0333", "Annual % Change": "25.73%"}, "2005": {"Average Stock Price": "8.2406", "Year Open": "9.5133", "Year High": "9.6000", "Year Low": "6.9167", "Year Close": "7.9800", "Annual % Change": "-16.79%"}, "2004": {"Average Stock Price": "9.4094", "Year Open": "9.8700", "Year High": "11.2367", "Year Low": "7.4867", "Year Close": "9.5900", "Annual % Change": "-4.32%"}, "2003": {"Average Stock Price": "9.8955", "Year Open": "8.5833", "Year High": "13.0967", "Year Low": "6.1333", "Year Close": "10.0233", "Annual % Change": "22.38%"}, "2002": {"Average Stock Price": "10.1251", "Year Open": "10.2000", "Year High": "13.4233", "Year Low": "6.5167", "Year Close": "8.1900", "Annual % Change": "-20.51%"}, "2001": {"Average Stock Price": "8.3202", "Year Open": "7.6667", "Year High": "11.5133", "Year Low": "5.2700", "Year Close": "10.3033", "Annual % Change": "26.16%"}, "2000": {"Average Stock Price": "12.1173", "Year Open": "10.6400", "Year High": "16.0000", "Year Low": "6.8133", "Year Close": "8.1667", "Annual % Change": "-24.13%"}, "1999": {"Average Stock Price": "8.8045", "Year Open": "8.9022", "Year High": "11.3333", "Year Low": "6.5000", "Year Close": "10.7644", "Annual % Change": "10.87%"}, "1998": {"Average Stock Price": "7.9428", "Year Open": "5.7689", "Year High": "10.7778", "Year Low": "5.3156", "Year Close": "9.7089", "Annual % Change": "58.37%"}, "1997": {"Average Stock Price": "5.0281", "Year Open": "3.6543", "Year High": "6.8148", "Year Low": "3.3086", "Year Close": "6.1304", "Annual % Change": "62.27%"}, "1996": {"Average Stock Price": "3.1532", "Year Open": "1.6461", "Year High": "4.2099", "Year Low": "1.6461", "Year Close": "3.7778", "Annual % Change": "131.82%"}}}, "market cap": {"value": "$24.85B"}, "income statement": {"Revenue": {"2020-01-31": "23610.80000", "2019-01-31": "22823.30000", "2018-01-31": "22245.50000", "2017-01-31": "20719.20000", "2016-01-31": "15498.40000", "2015-01-31": "8602.20000", "2014-01-31": "7840.30000", "2013-01-31": "7394.50000", "2012-01-31": "6630.50000", "2011-01-31": "5882.40000", "2010-01-31": "5231.20000", "2009-01-31": "4644.90000", "2008-01-31": "4242.60000", "2007-01-31": "3969.40000", "2006-01-31": "3393.90000", "2005-01-31": "3126.00000"}, "Cost Of Goods Sold": {"2020-01-31": "16570.10000", "2019-01-31": "15875.80000", "2018-01-31": "15223.60000", "2017-01-31": "14324.50000", "2016-01-31": "10841.70000", "2015-01-31": "5568.20000", "2014-01-31": "5050.50000", "2013-01-31": "4741.80000", "2012-01-31": "4252.20000", "2011-01-31": "3794.80000", "2010-01-31": "3374.40000", "2009-01-31": "3052.70000", "2008-01-31": "2781.50000", "2007-01-31": "2612.20000", "2006-01-31": "2221.50000", "2005-01-31": "2013.50000"}, "Gross Profit": {"2020-01-31": "7040.70100", "2019-01-31": "6947.50100", "2018-01-31": "7021.90000", "2017-01-31": "6394.69900", "2016-01-31": "4656.70000", "2015-01-31": "3034.00000", "2014-01-31": "2789.80000", "2013-01-31": "2652.70000", "2012-01-31": "2378.30000", "2011-01-31": "2087.60000", "2010-01-31": "1856.80000", "2009-01-31": "1592.20000", "2008-01-31": "1461.10000", "2007-01-31": "1357.20000", "2006-01-31": "1172.40000", "2005-01-31": "1112.50000"}, "Research And Development Expenses": {"2020-01-31": "", "2019-01-31": "", "2018-01-31": "", "2017-01-31": "", "2016-01-31": "", "2015-01-31": "", "2014-01-31": "", "2013-01-31": "", "2012-01-31": "", "2011-01-31": "", "2010-01-31": "", "2009-01-31": "", "2008-01-31": "", "2007-01-31": "", "2006-01-31": "", "2005-01-31": ""}, "SG&A Expenses": {"2020-01-31": "5465.50000", "2019-01-31": "5160.00000", "2018-01-31": "5004.30000", "2017-01-31": "4689.90000", "2016-01-31": "3607.00000", "2015-01-31": "1993.80000", "2014-01-31": "1819.50000", "2013-01-31": "1732.60000", "2012-01-31": "1596.20000", "2011-01-31": "1457.60000", "2010-01-31": "1344.00000", "2009-01-31": "1226.40000", "2008-01-31": "1130.80000", "2007-01-31": "1046.40000", "2006-01-31": "888.50000", "2005-01-31": "819.00000"}, "Other Operating Income Or Expenses": {"2020-01-31": "", "2019-01-31": "", "2018-01-31": "-18.50000", "2017-01-31": "", "2016-01-31": "", "2015-01-31": "", "2014-01-31": "", "2013-01-31": "", "2012-01-31": "", "2011-01-31": "", "2010-01-31": "", "2009-01-31": "", "2008-01-31": "", "2007-01-31": "", "2006-01-31": "", "2005-01-31": ""}, "Operating Expenses": {"2020-01-31": "22348.60000", "2019-01-31": "23762.80000", "2018-01-31": "20246.40000", "2017-01-31": "19014.40000", "2016-01-31": "14448.70000", "2015-01-31": "7562.00000", "2014-01-31": "6870.00000", "2013-01-31": "6474.40000", "2012-01-31": "5848.40000", "2011-01-31": "5252.40000", "2010-01-31": "4718.40000", "2009-01-31": "4279.10000", "2008-01-31": "3912.30000", "2007-01-31": "3658.60000", "2006-01-31": "3110.00000", "2005-01-31": "2832.50000"}, "Operating Income": {"2020-01-31": "1262.20100", "2019-01-31": "-939.50000", "2018-01-31": "1999.10200", "2017-01-31": "1704.79900", "2016-01-31": "1049.70000", "2015-01-31": "1040.20000", "2014-01-31": "970.29980", "2013-01-31": "920.10010", "2012-01-31": "782.09960", "2011-01-31": "630.00000", "2010-01-31": "512.80030", "2009-01-31": "365.79980", "2008-01-31": "330.30000", "2007-01-31": "310.79980", "2006-01-31": "283.89990", "2005-01-31": "293.50000"}, "Total Non-Operating Income/Expense": {"2020-01-31": "-163.50000", "2019-01-31": "-369.50000", "2018-01-31": "-295.10000", "2017-01-31": "-375.40000", "2016-01-31": "-601.50000", "2015-01-31": "-86.00000", "2014-01-31": "-16.00000", "2013-01-31": "58.80000", "2012-01-31": "-2.60000", "2011-01-31": "-0.10000", "2010-01-31": "-5.20000", "2009-01-31": "-6.70000", "2008-01-31": "-10.50000", "2007-01-31": "-7.90000", "2006-01-31": "-8.70000", "2005-01-31": "-5.30000"}, "Pre-Tax Income": {"2020-01-31": "1098.70000", "2019-01-31": "-1309.00000", "2018-01-31": "1704.00000", "2017-01-31": "1329.40000", "2016-01-31": "448.20000", "2015-01-31": "954.20000", "2014-01-31": "954.30000", "2013-01-31": "978.90000", "2012-01-31": "779.50000", "2011-01-31": "629.90000", "2010-01-31": "507.60000", "2009-01-31": "359.10000", "2008-01-31": "319.80000", "2007-01-31": "302.90000", "2006-01-31": "275.20000", "2005-01-31": "288.20000"}, "Income Taxes": {"2020-01-31": "271.70000", "2019-01-31": "281.80000", "2018-01-31": "-10.30000", "2017-01-31": "433.20000", "2016-01-31": "165.80000", "2015-01-31": "355.00000", "2014-01-31": "357.60000", "2013-01-31": "359.60000", "2012-01-31": "291.20000", "2011-01-31": "232.60000", "2010-01-31": "187.10000", "2009-01-31": "129.60000", "2008-01-31": "118.50000", "2007-01-31": "110.90000", "2006-01-31": "101.30000", "2005-01-31": "107.90000"}, "Income After Taxes": {"2020-01-31": "826.99990", "2019-01-31": "-1590.80000", "2018-01-31": "1714.30000", "2017-01-31": "896.20000", "2016-01-31": "282.40000", "2015-01-31": "599.20000", "2014-01-31": "596.70000", "2013-01-31": "619.30000", "2012-01-31": "488.30000", "2011-01-31": "397.30000", "2010-01-31": "320.50000", "2009-01-31": "229.50000", "2008-01-31": "201.30000", "2007-01-31": "192.00000", "2006-01-31": "173.90000", "2005-01-31": "180.30000"}, "Other Income": {"2020-01-31": "", "2019-01-31": "", "2018-01-31": "", "2017-01-31": "", "2016-01-31": "", "2015-01-31": "", "2014-01-31": "", "2013-01-31": "", "2012-01-31": "", "2011-01-31": "", "2010-01-31": "", "2009-01-31": "", "2008-01-31": "", "2007-01-31": "", "2006-01-31": "", "2005-01-31": ""}, "Income From Continuous Operations": {"2020-01-31": "826.99990", "2019-01-31": "-1590.80000", "2018-01-31": "1714.30000", "2017-01-31": "896.20000", "2016-01-31": "282.40000", "2015-01-31": "599.20000", "2014-01-31": "596.70000", "2013-01-31": "619.30000", "2012-01-31": "488.30000", "2011-01-31": "397.30000", "2010-01-31": "320.50000", "2009-01-31": "229.50000", "2008-01-31": "201.30000", "2007-01-31": "192.00000", "2006-01-31": "173.90000", "2005-01-31": "180.30000"}, "Income From Discontinued Operations": {"2020-01-31": "", "2019-01-31": "", "2018-01-31": "", "2017-01-31": "", "2016-01-31": "", "2015-01-31": "", "2014-01-31": "", "2013-01-31": "", "2012-01-31": "", "2011-01-31": "", "2010-01-31": "", "2009-01-31": "", "2008-01-31": "", "2007-01-31": "", "2006-01-31": "", "2005-01-31": ""}, "Net Income": {"2020-01-31": "827.00000", "2019-01-31": "-1590.80000", "2018-01-31": "1714.30000", "2017-01-31": "896.20000", "2016-01-31": "282.40000", "2015-01-31": "599.20000", "2014-01-31": "596.70000", "2013-01-31": "619.30000", "2012-01-31": "488.30000", "2011-01-31": "397.30000", "2010-01-31": "320.50000", "2009-01-31": "229.50000", "2008-01-31": "201.30000", "2007-01-31": "192.00000", "2006-01-31": "173.90000", "2005-01-31": "180.30000"}, "EBITDA": {"2020-01-31": "2227.50100", "2019-01-31": "2465.80000", "2018-01-31": "2625.70200", "2017-01-31": "2397.49900", "2016-01-31": "1602.00000", "2015-01-31": "1246.10000", "2014-01-31": "1160.80000", "2013-01-31": "1095.40000", "2012-01-31": "945.99960", "2011-01-31": "789.70000", "2010-01-31": "670.60030", "2009-01-31": "527.49980", "2008-01-31": "489.60000", "2007-01-31": "469.79980", "2006-01-31": "424.59990", "2005-01-31": "422.80000"}, "EBIT": {"2020-01-31": "1262.20100", "2019-01-31": "-939.50000", "2018-01-31": "1999.10200", "2017-01-31": "1704.79900", "2016-01-31": "1049.70000", "2015-01-31": "1040.20000", "2014-01-31": "970.29980", "2013-01-31": "920.10010", "2012-01-31": "782.09960", "2011-01-31": "630.00000", "2010-01-31": "512.80030", "2009-01-31": "365.79980", "2008-01-31": "330.30000", "2007-01-31": "310.79980", "2006-01-31": "283.89990", "2005-01-31": "293.50000"}, "Basic Shares Outstanding": {"2020-01-31": "237.20000", "2019-01-31": "237.90000", "2018-01-31": "236.80000", "2017-01-31": "235.70000", "2016-01-31": "222.50000", "2015-01-31": "206.00000", "2014-01-31": "218.10000", "2013-01-31": "229.30000", "2012-01-31": "240.60000", "2011-01-31": "254.10000", "2010-01-31": "268.20000", "2009-01-31": "270.80000", "2008-01-31": "287.70000", "2007-01-31": "309.60000", "2006-01-31": "324.90000", "2005-01-31": "339.90000"}, "Shares Outstanding": {"2020-01-31": "238.30000", "2019-01-31": "237.90000", "2018-01-31": "237.70000", "2017-01-31": "236.80000", "2016-01-31": "223.50000", "2015-01-31": "207.00000", "2014-01-31": "219.10000", "2013-01-31": "230.70000", "2012-01-31": "242.40000", "2011-01-31": "256.00000", "2010-01-31": "270.00000", "2009-01-31": "272.20000", "2008-01-31": "287.70000", "2007-01-31": "311.40000", "2006-01-31": "326.10000", "2005-01-31": "342.00000"}, "Basic EPS": {"2020-01-31": "3.49000", "2019-01-31": "-6.69000", "2018-01-31": "7.24000", "2017-01-31": "3.80000", "2016-01-31": "1.27000", "2015-01-31": "2.91000", "2014-01-31": "2.74000", "2013-01-31": "2.70000", "2012-01-31": "2.03000", "2011-01-31": "1.56000", "2010-01-31": "1.19500", "2009-01-31": "0.84500", "2008-01-31": "0.70000", "2007-01-31": "0.62000", "2006-01-31": "0.53670", "2005-01-31": "0.53000"}, "EPS - Earnings Per Share": {"2020-01-31": "3.47000", "2019-01-31": "-6.69000", "2018-01-31": "7.21000", "2017-01-31": "3.78000", "2016-01-31": "1.26000", "2015-01-31": "2.90000", "2014-01-31": "2.72000", "2013-01-31": "2.68000", "2012-01-31": "2.01000", "2011-01-31": "1.55000", "2010-01-31": "1.18500", "2009-01-31": "0.84500", "2008-01-31": "0.69670", "2007-01-31": "0.61670", "2006-01-31": "0.53330", "2005-01-31": "0.52670"}}, "income statement, quarterly": {"Revenue": {"2020-10-31": "6177.00000", "2020-07-31": "6277.60000", "2020-04-30": "6286.80000", "2020-01-31": "6315.30200", "2019-10-31": "5746.20000", "2019-07-31": "5740.60000", "2019-04-30": "5808.70000", "2019-01-31": "6205.20000", "2018-10-31": "5538.80000", "2018-07-31": "5525.60000", "2018-04-30": "5553.70000", "2018-01-31": "6360.60000", "2017-10-31": "5316.60000", "2017-07-31": "5281.20000", "2017-04-30": "5287.10000", "2017-01-31": "5635.50000", "2016-10-31": "5001.60000", "2016-07-31": "4996.30000", "2016-04-30": "5085.80000", "2016-01-31": "5365.30000", "2015-10-31": "4945.20000", "2015-07-31": "3011.20000", "2015-04-30": "2176.70000", "2015-01-31": "2475.60000", "2014-10-31": "2095.20000", "2014-07-31": "2031.10000", "2014-04-30": "2000.30000", "2014-01-31": "2234.90000", "2013-10-31": "1884.70000", "2013-07-31": "1854.90000", "2013-04-30": "1865.80000", "2013-01-31": "2245.80000", "2012-10-31": "1720.50000", "2012-07-31": "1704.60000", "2012-04-30": "1723.60000", "2012-01-31": "1945.60000", "2011-10-31": "1596.60000", "2011-07-31": "1542.40000", "2011-04-30": "1545.90000", "2011-01-31": "1725.30000", "2010-10-31": "1426.60000", "2010-07-31": "1377.90000", "2010-04-30": "1352.60000", "2010-01-31": "1558.60000", "2009-10-31": "1248.70000", "2009-07-31": "1222.80000", "2009-04-30": "1201.10000", "2009-01-31": "1386.50000", "2008-10-31": "1114.00000", "2008-07-31": "1093.10000", "2008-04-30": "1051.30000", "2008-01-31": "1298.60000", "2007-10-31": "997.80000", "2007-07-31": "971.20000", "2007-04-30": "975.00000", "2007-01-31": "1318.90000", "2006-10-31": "910.40000", "2006-07-31": "883.60000", "2006-04-30": "856.50000", "2006-01-31": "1079.00000", "2005-10-31": "796.80000", "2005-07-31": "769.00000", "2005-04-30": "749.10000", "2005-01-31": "987.46890"}, "Cost Of Goods Sold": {"2020-10-31": "4252.60000", "2020-07-31": "4361.40000", "2020-04-30": "4491.90000", "2020-01-31": "4354.79900", "2019-10-31": "4041.70000", "2019-07-31": "4092.10000", "2019-04-30": "4081.50000", "2019-01-31": "4293.10000", "2018-10-31": "3866.90000", "2018-07-31": "3861.70000", "2018-04-30": "3854.10000", "2018-01-31": "4259.60000", "2017-10-31": "3650.60000", "2017-07-31": "3653.40000", "2017-04-30": "3660.00000", "2017-01-31": "3828.30100", "2016-10-31": "3481.10000", "2016-07-31": "3483.90000", "2016-04-30": "3531.20000", "2016-01-31": "3712.70000", "2015-10-31": "3545.20000", "2015-07-31": "2156.00000", "2015-04-30": "1427.80000", "2015-01-31": "1557.60000", "2014-10-31": "1369.90000", "2014-07-31": "1337.00000", "2014-04-30": "1303.70000", "2014-01-31": "1409.70000", "2013-10-31": "1224.80000", "2013-07-31": "1206.20000", "2013-04-30": "1209.80000", "2013-01-31": "1395.00000", "2012-10-31": "1120.90000", "2012-07-31": "1105.00000", "2012-04-30": "1120.90000", "2012-01-31": "1211.10000", "2011-10-31": "1036.00000", "2011-07-31": "1000.00000", "2011-04-30": "1005.10000", "2011-01-31": "1077.40000", "2010-10-31": "920.60000", "2010-07-31": "894.40000", "2010-04-30": "902.40000", "2010-01-31": "980.19990", "2009-10-31": "807.50000", "2009-07-31": "801.00000", "2009-04-30": "785.70000", "2009-01-31": "893.30010", "2008-10-31": "734.60000", "2008-07-31": "730.00000", "2008-04-30": "694.80000", "2008-01-31": "833.30010", "2007-10-31": "653.90000", "2007-07-31": "644.60000", "2007-04-30": "649.70000", "2007-01-31": "848.60000", "2006-10-31": "602.90000", "2006-07-31": "590.30000", "2006-04-30": "570.40000", "2006-01-31": "698.60000", "2005-10-31": "520.50000", "2005-07-31": "507.60000", "2005-04-30": "494.80000", "2005-01-31": "636.77700"}, "Gross Profit": {"2020-10-31": "1924.40000", "2020-07-31": "1916.20000", "2020-04-30": "1794.90000", "2020-01-31": "1960.50300", "2019-10-31": "1704.50000", "2019-07-31": "1648.50000", "2019-04-30": "1727.20000", "2019-01-31": "1912.10000", "2018-10-31": "1671.90000", "2018-07-31": "1663.90000", "2018-04-30": "1699.60000", "2018-01-31": "2101.00000", "2017-10-31": "1666.00000", "2017-07-31": "1627.80000", "2017-04-30": "1627.10000", "2017-01-31": "1807.19900", "2016-10-31": "1520.50000", "2016-07-31": "1512.40000", "2016-04-30": "1554.60000", "2016-01-31": "1652.60000", "2015-10-31": "1400.00000", "2015-07-31": "855.20000", "2015-04-30": "748.89990", "2015-01-31": "917.99950", "2014-10-31": "725.29990", "2014-07-31": "694.10000", "2014-04-30": "696.60010", "2014-01-31": "825.19970", "2013-10-31": "659.89990", "2013-07-31": "648.70010", "2013-04-30": "656.00000", "2013-01-31": "850.79990", "2012-10-31": "599.60000", "2012-07-31": "599.60000", "2012-04-30": "602.70000", "2012-01-31": "734.49980", "2011-10-31": "560.60000", "2011-07-31": "542.40000", "2011-04-30": "540.80000", "2011-01-31": "647.89980", "2010-10-31": "506.00000", "2010-07-31": "483.50000", "2010-04-30": "450.20000", "2010-01-31": "578.40030", "2009-10-31": "441.20000", "2009-07-31": "421.80000", "2009-04-30": "415.40000", "2009-01-31": "493.19960", "2008-10-31": "379.40000", "2008-07-31": "363.10000", "2008-04-30": "356.50010", "2008-01-31": "465.30000", "2007-10-31": "343.90000", "2007-07-31": "326.60000", "2007-04-30": "325.30000", "2007-01-31": "470.29990", "2006-10-31": "307.50000", "2006-07-31": "293.30000", "2006-04-30": "286.10000", "2006-01-31": "380.39980", "2005-10-31": "276.30000", "2005-07-31": "261.40000", "2005-04-30": "254.30000", "2005-01-31": "350.69190"}, "Research And Development Expenses": {"2020-10-31": "", "2020-07-31": "", "2020-04-30": "", "2020-01-31": "", "2019-10-31": "", "2019-07-31": "", "2019-04-30": "", "2019-01-31": "", "2018-10-31": "", "2018-07-31": "", "2018-04-30": "", "2018-01-31": "", "2017-10-31": "", "2017-07-31": "", "2017-04-30": "", "2017-01-31": "", "2016-10-31": "", "2016-07-31": "", "2016-04-30": "", "2016-01-31": "", "2015-10-31": "", "2015-07-31": "", "2015-04-30": "", "2015-01-31": "", "2014-10-31": "", "2014-07-31": "", "2014-04-30": "", "2014-01-31": "", "2013-10-31": "", "2013-07-31": "", "2013-04-30": "", "2013-01-31": "", "2012-10-31": "", "2012-07-31": "", "2012-04-30": "", "2012-01-31": "", "2011-10-31": "", "2011-07-31": "", "2011-04-30": "", "2011-01-31": "", "2010-10-31": "", "2010-07-31": "", "2010-04-30": "", "2010-01-31": "", "2009-10-31": "", "2009-07-31": "", "2009-04-30": "", "2009-01-31": "", "2008-10-31": "", "2008-07-31": "", "2008-04-30": "", "2008-01-31": "", "2007-10-31": "", "2007-07-31": "", "2007-04-30": "", "2007-01-31": "", "2006-10-31": "", "2006-07-31": "", "2006-04-30": "", "2006-01-31": "", "2005-10-31": "", "2005-07-31": "", "2005-04-30": "", "2005-01-31": ""}, "SG&A Expenses": {"2020-10-31": "1458.90000", "2020-07-31": "1541.30000", "2020-04-30": "1429.00000", "2020-01-31": "1398.10000", "2019-10-31": "1346.10000", "2019-07-31": "1379.60000", "2019-04-30": "1341.70000", "2019-01-31": "1332.50000", "2018-10-31": "1284.10000", "2018-07-31": "1281.40000", "2018-04-30": "1262.00000", "2018-01-31": "1370.40000", "2017-10-31": "1240.80000", "2017-07-31": "1205.70000", "2017-04-30": "1187.40000", "2017-01-31": "1220.70000", "2016-10-31": "1178.10000", "2016-07-31": "1155.20000", "2016-04-30": "1135.90000", "2016-01-31": "1182.80000", "2015-10-31": "1176.30000", "2015-07-31": "731.80000", "2015-04-30": "516.10000", "2015-01-31": "534.40010", "2014-10-31": "505.60000", "2014-07-31": "489.10000", "2014-04-30": "464.70000", "2014-01-31": "477.10000", "2013-10-31": "455.60000", "2013-07-31": "447.40000", "2013-04-30": "439.40000", "2013-01-31": "487.29990", "2012-10-31": "415.40000", "2012-07-31": "415.20000", "2012-04-30": "414.70000", "2012-01-31": "432.50000", "2011-10-31": "395.70000", "2011-07-31": "388.90000", "2011-04-30": "379.10000", "2011-01-31": "389.20000", "2010-10-31": "365.10000", "2010-07-31": "355.70000", "2010-04-30": "347.60000", "2010-01-31": "360.00010", "2009-10-31": "333.60000", "2009-07-31": "332.60000", "2009-04-30": "317.80000", "2009-01-31": "328.00010", "2008-10-31": "310.10000", "2008-07-31": "301.50000", "2008-04-30": "286.80000", "2008-01-31": "310.90000", "2007-10-31": "283.70000", "2007-07-31": "273.20000", "2007-04-30": "263.00000", "2007-01-31": "314.80000", "2006-10-31": "253.90000", "2006-07-31": "245.10000", "2006-04-30": "232.60000", "2006-01-31": "243.30000", "2005-10-31": "224.10000", "2005-07-31": "214.90000", "2005-04-30": "206.20000", "2005-01-31": "218.52400"}, "Other Operating Income Or Expenses": {"2020-10-31": "", "2020-07-31": "", "2020-04-30": "", "2020-01-31": "", "2019-10-31": "", "2019-07-31": "", "2019-04-30": "", "2019-01-31": "", "2018-10-31": "", "2018-07-31": "", "2018-04-30": "", "2018-01-31": "35.00000", "2017-10-31": "", "2017-07-31": "-2.60000", "2017-04-30": "-50.90000", "2017-01-31": "", "2016-10-31": "", "2016-07-31": "0.00000", "2016-04-30": "", "2016-01-31": "", "2015-10-31": "", "2015-07-31": "", "2015-04-30": "", "2015-01-31": "", "2014-10-31": "", "2014-07-31": "", "2014-04-30": "", "2014-01-31": "", "2013-10-31": "", "2013-07-31": "", "2013-04-30": "", "2013-01-31": "", "2012-10-31": "", "2012-07-31": "", "2012-04-30": "", "2012-01-31": "", "2011-10-31": "", "2011-07-31": "", "2011-04-30": "", "2011-01-31": "", "2010-10-31": "", "2010-07-31": "", "2010-04-30": "", "2010-01-31": "", "2009-10-31": "", "2009-07-31": "", "2009-04-30": "", "2009-01-31": "", "2008-10-31": "", "2008-07-31": "", "2008-04-30": "", "2008-01-31": "", "2007-10-31": "", "2007-07-31": "", "2007-04-30": "", "2007-01-31": "", "2006-10-31": "", "2006-07-31": "", "2006-04-30": "", "2006-01-31": "", "2005-10-31": "", "2005-07-31": "", "2005-04-30": "", "2005-01-31": ""}, "Operating Expenses": {"2020-10-31": "5711.50000", "2020-07-31": "5902.70000", "2020-04-30": "5920.90000", "2020-01-31": "6065.90000", "2019-10-31": "5387.80000", "2019-07-31": "5471.70000", "2019-04-30": "5423.20000", "2019-01-31": "8352.60200", "2018-10-31": "5151.00000", "2018-07-31": "5143.10000", "2018-04-30": "5116.10000", "2018-01-31": "5594.99900", "2017-10-31": "4891.40000", "2017-07-31": "4861.70000", "2017-04-30": "4898.30000", "2017-01-31": "5049.00000", "2016-10-31": "4659.20000", "2016-07-31": "4639.10000", "2016-04-30": "4667.10000", "2016-01-31": "4895.50000", "2015-10-31": "4721.50000", "2015-07-31": "2887.80000", "2015-04-30": "1943.90000", "2015-01-31": "2092.00000", "2014-10-31": "1875.50000", "2014-07-31": "1826.10000", "2014-04-30": "1768.40000", "2014-01-31": "1886.80000", "2013-10-31": "1680.40000", "2013-07-31": "1653.60000", "2013-04-30": "1649.20000", "2013-01-31": "1882.30000", "2012-10-31": "1536.30000", "2012-07-31": "1520.20000", "2012-04-30": "1535.60000", "2012-01-31": "1643.60000", "2011-10-31": "1431.70000", "2011-07-31": "1388.90000", "2011-04-30": "1384.20000", "2011-01-31": "1466.60000", "2010-10-31": "1285.70000", "2010-07-31": "1250.10000", "2010-04-30": "1250.00000", "2010-01-31": "1340.20000", "2009-10-31": "1141.10000", "2009-07-31": "1133.60000", "2009-04-30": "1103.50000", "2009-01-31": "1221.30000", "2008-10-31": "1044.70000", "2008-07-31": "1031.50000", "2008-04-30": "981.60000", "2008-01-31": "1144.20000", "2007-10-31": "937.60000", "2007-07-31": "917.80000", "2007-04-30": "912.70000", "2007-01-31": "1163.40000", "2006-10-31": "856.80000", "2006-07-31": "835.40000", "2006-04-30": "803.00000", "2006-01-31": "941.89990", "2005-10-31": "744.60000", "2005-07-31": "722.50000", "2005-04-30": "701.00000", "2005-01-31": "855.30100"}, "Operating Income": {"2020-10-31": "465.50000", "2020-07-31": "374.89990", "2020-04-30": "365.89990", "2020-01-31": "249.40140", "2019-10-31": "358.40040", "2019-07-31": "268.89990", "2019-04-30": "385.50000", "2019-01-31": "-2147.40100", "2018-10-31": "387.79980", "2018-07-31": "382.50000", "2018-04-30": "437.60010", "2018-01-31": "765.60110", "2017-10-31": "425.19970", "2017-07-31": "419.50050", "2017-04-30": "388.80030", "2017-01-31": "586.49950", "2016-10-31": "342.39990", "2016-07-31": "357.20020", "2016-04-30": "418.69970", "2016-01-31": "469.79930", "2015-10-31": "223.70020", "2015-07-31": "123.39990", "2015-04-30": "232.79990", "2015-01-31": "383.59990", "2014-10-31": "219.70000", "2014-07-31": "205.00000", "2014-04-30": "231.90010", "2014-01-31": "348.09970", "2013-10-31": "204.29990", "2013-07-31": "201.30000", "2013-04-30": "216.60000", "2013-01-31": "363.50020", "2012-10-31": "184.20000", "2012-07-31": "184.40000", "2012-04-30": "187.99990", "2012-01-31": "301.99960", "2011-10-31": "164.90000", "2011-07-31": "153.50000", "2011-04-30": "161.70010", "2011-01-31": "258.70010", "2010-10-31": "140.90000", "2010-07-31": "127.79990", "2010-04-30": "102.60000", "2010-01-31": "218.40050", "2009-10-31": "107.60000", "2009-07-31": "89.20010", "2009-04-30": "97.60000", "2009-01-31": "165.19960", "2008-10-31": "69.30010", "2008-07-31": "61.60000", "2008-04-30": "69.70010", "2008-01-31": "154.40010", "2007-10-31": "60.20000", "2007-07-31": "53.40000", "2007-04-30": "62.30000", "2007-01-31": "155.49990", "2006-10-31": "53.60000", "2006-07-31": "48.20000", "2006-04-30": "53.50000", "2006-01-31": "137.10000", "2005-10-31": "52.20000", "2005-07-31": "46.50000", "2005-04-30": "48.10000", "2005-01-31": "132.16790"}, "Total Non-Operating Income/Expense": {"2020-10-31": "-38.20000", "2020-07-31": "-35.00000", "2020-04-30": "-40.70000", "2020-01-31": "-39.90000", "2019-10-31": "-41.50000", "2019-07-31": "-40.50000", "2019-04-30": "-41.60000", "2019-01-31": "-46.70000", "2018-10-31": "-47.80000", "2018-07-31": "-44.80000", "2018-04-30": "-230.20000", "2018-01-31": "-74.10000", "2017-10-31": "-70.10000", "2017-07-31": "-75.90000", "2017-04-30": "-75.00000", "2017-01-31": "-88.80000", "2016-10-31": "-112.20000", "2016-07-31": "-87.30000", "2016-04-30": "-87.10000", "2016-01-31": "-117.30000", "2015-10-31": "-99.00000", "2015-07-31": "-265.60000", "2015-04-30": "-119.60000", "2015-01-31": "-59.10000", "2014-10-31": "-10.40000", "2014-07-31": "-8.40000", "2014-04-30": "-8.10000", "2014-01-31": "-9.00000", "2013-10-31": "-5.50000", "2013-07-31": "-0.50000", "2013-04-30": "-1.00000", "2013-01-31": "-0.60000", "2012-10-31": "59.90000", "2012-07-31": "-1.10000", "2012-04-30": "0.60000", "2012-01-31": "-0.50000", "2011-10-31": "-0.70000", "2011-07-31": "-1.20000", "2011-04-30": "-0.20000", "2011-01-31": "-0.60000", "2010-10-31": "3.80000", "2010-07-31": "-2.80000", "2010-04-30": "-0.50000", "2010-01-31": "-1.50000", "2009-10-31": "-1.60000", "2009-07-31": "-1.30000", "2009-04-30": "-0.80000", "2009-01-31": "-0.90000", "2008-10-31": "-2.30000", "2008-07-31": "-1.90000", "2008-04-30": "-1.60000", "2008-01-31": "-3.60000", "2007-10-31": "-3.70000", "2007-07-31": "-1.60000", "2007-04-30": "-1.60000", "2007-01-31": "-2.10000", "2006-10-31": "-3.00000", "2006-07-31": "-1.90000", "2006-04-30": "-0.90000", "2006-01-31": "-2.40000", "2005-10-31": "-2.20000", "2005-07-31": "-2.80000", "2005-04-30": "-1.30000", "2005-01-31": "-1.13600"}, "Pre-Tax Income": {"2020-10-31": "427.30000", "2020-07-31": "339.90000", "2020-04-30": "325.20000", "2020-01-31": "209.49990", "2019-10-31": "316.90000", "2019-07-31": "228.40000", "2019-04-30": "343.90000", "2019-01-31": "-2194.10000", "2018-10-31": "340.00000", "2018-07-31": "337.70000", "2018-04-30": "207.40000", "2018-01-31": "691.50010", "2017-10-31": "355.10000", "2017-07-31": "343.60000", "2017-04-30": "313.80000", "2017-01-31": "497.70000", "2016-10-31": "230.20000", "2016-07-31": "269.90000", "2016-04-30": "331.60000", "2016-01-31": "352.50000", "2015-10-31": "124.70000", "2015-07-31": "-142.20000", "2015-04-30": "113.20000", "2015-01-31": "324.50010", "2014-10-31": "209.30000", "2014-07-31": "196.60000", "2014-04-30": "223.80000", "2014-01-31": "339.10000", "2013-10-31": "198.80000", "2013-07-31": "200.80000", "2013-04-30": "215.60000", "2013-01-31": "362.90010", "2012-10-31": "244.10000", "2012-07-31": "183.30000", "2012-04-30": "188.60000", "2012-01-31": "301.50000", "2011-10-31": "164.20000", "2011-07-31": "152.30000", "2011-04-30": "161.50000", "2011-01-31": "258.10000", "2010-10-31": "144.70000", "2010-07-31": "125.00000", "2010-04-30": "102.10000", "2010-01-31": "216.90000", "2009-10-31": "106.00000", "2009-07-31": "87.90000", "2009-04-30": "96.80000", "2009-01-31": "164.30000", "2008-10-31": "67.00000", "2008-07-31": "59.70000", "2008-04-30": "68.10000", "2008-01-31": "150.80000", "2007-10-31": "56.50000", "2007-07-31": "51.80000", "2007-04-30": "60.70000", "2007-01-31": "153.40000", "2006-10-31": "50.60000", "2006-07-31": "46.30000", "2006-04-30": "52.60000", "2006-01-31": "134.70000", "2005-10-31": "50.00000", "2005-07-31": "43.70000", "2005-04-30": "46.80000", "2005-01-31": "131.03200"}, "Income Taxes": {"2020-10-31": "97.30000", "2020-07-31": "78.40000", "2020-04-30": "77.60000", "2020-01-31": "86.50000", "2019-10-31": "61.10000", "2019-07-31": "48.10000", "2019-04-30": "76.00000", "2019-01-31": "112.90000", "2018-10-31": "58.20000", "2018-07-31": "63.80000", "2018-04-30": "46.90000", "2018-01-31": "-348.60000", "2017-10-31": "115.20000", "2017-07-31": "109.80000", "2017-04-30": "113.30000", "2017-01-31": "176.00000", "2016-10-31": "58.60000", "2016-07-31": "99.70000", "2016-04-30": "98.90000", "2016-01-31": "123.50000", "2015-10-31": "42.80000", "2015-07-31": "-44.20000", "2015-04-30": "43.70000", "2015-01-31": "118.10000", "2014-10-31": "76.30000", "2014-07-31": "75.10000", "2014-04-30": "85.50000", "2014-01-31": "126.00000", "2013-10-31": "73.40000", "2013-07-31": "76.10000", "2013-04-30": "82.10000", "2013-01-31": "134.30000", "2012-10-31": "88.70000", "2012-07-31": "64.10000", "2012-04-30": "72.50000", "2012-01-31": "113.60000", "2011-10-31": "59.70000", "2011-07-31": "57.40000", "2011-04-30": "60.50000", "2011-01-31": "95.60000", "2010-10-31": "51.50000", "2010-07-31": "47.00000", "2010-04-30": "38.50000", "2010-01-31": "81.90000", "2009-10-31": "37.80000", "2009-07-31": "31.00000", "2009-04-30": "36.40000", "2009-01-31": "59.10000", "2008-10-31": "23.90000", "2008-07-31": "22.10000", "2008-04-30": "24.50000", "2008-01-31": "56.10000", "2007-10-31": "20.60000", "2007-07-31": "19.20000", "2007-04-30": "22.60000", "2007-01-31": "55.80000", "2006-10-31": "18.10000", "2006-07-31": "17.30000", "2006-04-30": "19.70000", "2006-01-31": "48.20000", "2005-10-31": "18.90000", "2005-07-31": "16.40000", "2005-04-30": "17.80000", "2005-01-31": "47.32800"}, "Income After Taxes": {"2020-10-31": "330.00000", "2020-07-31": "261.50000", "2020-04-30": "247.60000", "2020-01-31": "123.00000", "2019-10-31": "255.80000", "2019-07-31": "180.30000", "2019-04-30": "267.90000", "2019-01-31": "-2307.00000", "2018-10-31": "281.80000", "2018-07-31": "273.90000", "2018-04-30": "160.50000", "2018-01-31": "1040.10000", "2017-10-31": "239.90000", "2017-07-31": "233.80000", "2017-04-30": "200.50000", "2017-01-31": "321.70000", "2016-10-31": "171.60000", "2016-07-31": "170.20000", "2016-04-30": "232.70000", "2016-01-31": "229.00000", "2015-10-31": "81.90000", "2015-07-31": "-98.00000", "2015-04-30": "69.50000", "2015-01-31": "206.40000", "2014-10-31": "133.00000", "2014-07-31": "121.50000", "2014-04-30": "138.30000", "2014-01-31": "213.09990", "2013-10-31": "125.40000", "2013-07-31": "124.70000", "2013-04-30": "133.50000", "2013-01-31": "228.60000", "2012-10-31": "155.40000", "2012-07-31": "119.20000", "2012-04-30": "116.10000", "2012-01-31": "187.90000", "2011-10-31": "104.50000", "2011-07-31": "94.90000", "2011-04-30": "101.00000", "2011-01-31": "162.50000", "2010-10-31": "93.20000", "2010-07-31": "78.00000", "2010-04-30": "63.60000", "2010-01-31": "135.00000", "2009-10-31": "68.20000", "2009-07-31": "56.90000", "2009-04-30": "60.40000", "2009-01-31": "105.20000", "2008-10-31": "43.10000", "2008-07-31": "37.60000", "2008-04-30": "43.60000", "2008-01-31": "94.70000", "2007-10-31": "35.90000", "2007-07-31": "32.60000", "2007-04-30": "38.10000", "2007-01-31": "97.60000", "2006-10-31": "32.50000", "2006-07-31": "29.00000", "2006-04-30": "32.90000", "2006-01-31": "86.50000", "2005-10-31": "31.10000", "2005-07-31": "27.30000", "2005-04-30": "29.00000", "2005-01-31": "83.70400"}, "Other Income": {"2020-10-31": "", "2020-07-31": "", "2020-04-30": "", "2020-01-31": "", "2019-10-31": "", "2019-07-31": "", "2019-04-30": "", "2019-01-31": "", "2018-10-31": "", "2018-07-31": "", "2018-04-30": "", "2018-01-31": "", "2017-10-31": "", "2017-07-31": "", "2017-04-30": "", "2017-01-31": "", "2016-10-31": "", "2016-07-31": "", "2016-04-30": "", "2016-01-31": "", "2015-10-31": "", "2015-07-31": "", "2015-04-30": "", "2015-01-31": "", "2014-10-31": "", "2014-07-31": "", "2014-04-30": "", "2014-01-31": "", "2013-10-31": "", "2013-07-31": "", "2013-04-30": "", "2013-01-31": "", "2012-10-31": "", "2012-07-31": "", "2012-04-30": "", "2012-01-31": "", "2011-10-31": "", "2011-07-31": "", "2011-04-30": "", "2011-01-31": "", "2010-10-31": "", "2010-07-31": "", "2010-04-30": "", "2010-01-31": "", "2009-10-31": "", "2009-07-31": "", "2009-04-30": "", "2009-01-31": "", "2008-10-31": "", "2008-07-31": "", "2008-04-30": "", "2008-01-31": "", "2007-10-31": "", "2007-07-31": "", "2007-04-30": "", "2007-01-31": "", "2006-10-31": "", "2006-07-31": "", "2006-04-30": "", "2006-01-31": "", "2005-10-31": "", "2005-07-31": "", "2005-04-30": "", "2005-01-31": ""}, "Income From Continuous Operations": {"2020-10-31": "330.00000", "2020-07-31": "261.50000", "2020-04-30": "247.60000", "2020-01-31": "123.00000", "2019-10-31": "255.80000", "2019-07-31": "180.30000", "2019-04-30": "267.90000", "2019-01-31": "-2307.00000", "2018-10-31": "281.80000", "2018-07-31": "273.90000", "2018-04-30": "160.50000", "2018-01-31": "1040.10000", "2017-10-31": "239.90000", "2017-07-31": "233.80000", "2017-04-30": "200.50000", "2017-01-31": "321.70000", "2016-10-31": "171.60000", "2016-07-31": "170.20000", "2016-04-30": "232.70000", "2016-01-31": "229.00000", "2015-10-31": "81.90000", "2015-07-31": "-98.00000", "2015-04-30": "69.50000", "2015-01-31": "206.40000", "2014-10-31": "133.00000", "2014-07-31": "121.50000", "2014-04-30": "138.30000", "2014-01-31": "213.09990", "2013-10-31": "125.40000", "2013-07-31": "124.70000", "2013-04-30": "133.50000", "2013-01-31": "228.60000", "2012-10-31": "155.40000", "2012-07-31": "119.20000", "2012-04-30": "116.10000", "2012-01-31": "187.90000", "2011-10-31": "104.50000", "2011-07-31": "94.90000", "2011-04-30": "101.00000", "2011-01-31": "162.50000", "2010-10-31": "93.20000", "2010-07-31": "78.00000", "2010-04-30": "63.60000", "2010-01-31": "135.00000", "2009-10-31": "68.20000", "2009-07-31": "56.90000", "2009-04-30": "60.40000", "2009-01-31": "105.20000", "2008-10-31": "43.10000", "2008-07-31": "37.60000", "2008-04-30": "43.60000", "2008-01-31": "94.70000", "2007-10-31": "35.90000", "2007-07-31": "32.60000", "2007-04-30": "38.10000", "2007-01-31": "97.60000", "2006-10-31": "32.50000", "2006-07-31": "29.00000", "2006-04-30": "32.90000", "2006-01-31": "86.50000", "2005-10-31": "31.10000", "2005-07-31": "27.30000", "2005-04-30": "29.00000", "2005-01-31": "83.70400"}, "Income From Discontinued Operations": {"2020-10-31": "", "2020-07-31": "", "2020-04-30": "", "2020-01-31": "", "2019-10-31": "", "2019-07-31": "", "2019-04-30": "", "2019-01-31": "", "2018-10-31": "", "2018-07-31": "", "2018-04-30": "", "2018-01-31": "", "2017-10-31": "", "2017-07-31": "", "2017-04-30": "", "2017-01-31": "", "2016-10-31": "", "2016-07-31": "", "2016-04-30": "", "2016-01-31": "", "2015-10-31": "", "2015-07-31": "", "2015-04-30": "", "2015-01-31": "", "2014-10-31": "", "2014-07-31": "", "2014-04-30": "", "2014-01-31": "", "2013-10-31": "", "2013-07-31": "", "2013-04-30": "", "2013-01-31": "", "2012-10-31": "", "2012-07-31": "", "2012-04-30": "", "2012-01-31": "", "2011-10-31": "", "2011-07-31": "", "2011-04-30": "", "2011-01-31": "", "2010-10-31": "", "2010-07-31": "", "2010-04-30": "", "2010-01-31": "", "2009-10-31": "", "2009-07-31": "", "2009-04-30": "", "2009-01-31": "", "2008-10-31": "", "2008-07-31": "", "2008-04-30": "", "2008-01-31": "", "2007-10-31": "", "2007-07-31": "", "2007-04-30": "", "2007-01-31": "", "2006-10-31": "", "2006-07-31": "", "2006-04-30": "", "2006-01-31": "", "2005-10-31": "", "2005-07-31": "", "2005-04-30": "", "2005-01-31": ""}, "Net Income": {"2020-10-31": "330.00000", "2020-07-31": "261.50000", "2020-04-30": "247.60000", "2020-01-31": "123.00000", "2019-10-31": "255.80000", "2019-07-31": "180.30000", "2019-04-30": "267.90000", "2019-01-31": "-2307.00000", "2018-10-31": "281.80000", "2018-07-31": "273.90000", "2018-04-30": "160.50000", "2018-01-31": "1040.10000", "2017-10-31": "239.90000", "2017-07-31": "233.80000", "2017-04-30": "200.50000", "2017-01-31": "321.70000", "2016-10-31": "171.60000", "2016-07-31": "170.20000", "2016-04-30": "232.70000", "2016-01-31": "229.00000", "2015-10-31": "81.90000", "2015-07-31": "-98.00000", "2015-04-30": "69.50000", "2015-01-31": "206.40000", "2014-10-31": "133.00000", "2014-07-31": "121.50000", "2014-04-30": "138.30000", "2014-01-31": "213.10000", "2013-10-31": "125.40000", "2013-07-31": "124.70000", "2013-04-30": "133.50000", "2013-01-31": "228.60000", "2012-10-31": "155.40000", "2012-07-31": "119.20000", "2012-04-30": "116.10000", "2012-01-31": "187.90000", "2011-10-31": "104.50000", "2011-07-31": "94.90000", "2011-04-30": "101.00000", "2011-01-31": "162.50000", "2010-10-31": "93.20000", "2010-07-31": "78.00000", "2010-04-30": "63.60000", "2010-01-31": "135.00000", "2009-10-31": "68.20000", "2009-07-31": "56.90000", "2009-04-30": "60.40000", "2009-01-31": "105.20000", "2008-10-31": "43.10000", "2008-07-31": "37.60000", "2008-04-30": "43.60000", "2008-01-31": "94.70000", "2007-10-31": "35.90000", "2007-07-31": "32.60000", "2007-04-30": "38.10000", "2007-01-31": "97.60000", "2006-10-31": "32.50000", "2006-07-31": "29.00000", "2006-04-30": "32.90000", "2006-01-31": "86.50000", "2005-10-31": "31.10000", "2005-07-31": "27.30000", "2005-04-30": "29.00000", "2005-01-31": "83.70400"}, "EBITDA": {"2020-10-31": "636.60000", "2020-07-31": "543.99990", "2020-04-30": "532.49990", "2020-01-31": "743.50150", "2019-10-31": "520.00040", "2019-07-31": "425.69990", "2019-04-30": "538.30000", "2019-01-31": "749.79830", "2018-10-31": "540.19980", "2018-07-31": "537.00000", "2018-04-30": "638.80010", "2018-01-31": "925.60110", "2017-10-31": "578.19970", "2017-07-31": "575.60050", "2017-04-30": "546.30030", "2017-01-31": "757.89950", "2016-10-31": "529.99990", "2016-07-31": "523.90020", "2016-04-30": "585.69970", "2016-01-31": "699.79930", "2015-10-31": "403.70020", "2015-07-31": "210.29990", "2015-04-30": "288.19990", "2015-01-31": "437.99980", "2014-10-31": "270.59990", "2014-07-31": "254.30000", "2014-04-30": "283.20010", "2014-01-31": "398.29970", "2013-10-31": "252.89990", "2013-07-31": "247.90010", "2013-04-30": "261.70000", "2013-01-31": "410.40030", "2012-10-31": "227.79990", "2012-07-31": "227.40000", "2012-04-30": "229.79990", "2012-01-31": "345.99960", "2011-10-31": "206.00000", "2011-07-31": "193.10000", "2011-04-30": "200.90010", "2011-01-31": "300.80010", "2010-10-31": "179.80000", "2010-07-31": "167.19990", "2010-04-30": "141.90000", "2010-01-31": "259.70050", "2009-10-31": "146.20000", "2009-07-31": "128.30010", "2009-04-30": "136.40000", "2009-01-31": "207.09960", "2008-10-31": "107.60010", "2008-07-31": "101.30000", "2008-04-30": "111.50010", "2008-01-31": "195.80010", "2007-10-31": "99.80000", "2007-07-31": "92.40000", "2007-04-30": "101.60000", "2007-01-31": "200.79990", "2006-10-31": "93.20000", "2006-07-31": "86.00000", "2006-04-30": "89.80000", "2006-01-31": "173.80000", "2005-10-31": "88.10000", "2005-07-31": "82.10000", "2005-04-30": "80.60000", "2005-01-31": "164.88790"}, "EBIT": {"2020-10-31": "465.50000", "2020-07-31": "374.89990", "2020-04-30": "365.89990", "2020-01-31": "249.40090", "2019-10-31": "358.40040", "2019-07-31": "268.89990", "2019-04-30": "385.50000", "2019-01-31": "-2147.40000", "2018-10-31": "387.79980", "2018-07-31": "382.50000", "2018-04-30": "437.60010", "2018-01-31": "765.60110", "2017-10-31": "425.19970", "2017-07-31": "419.50050", "2017-04-30": "388.80030", "2017-01-31": "586.49900", "2016-10-31": "342.39990", "2016-07-31": "357.20020", "2016-04-30": "418.69970", "2016-01-31": "469.80020", "2015-10-31": "223.70020", "2015-07-31": "123.39990", "2015-04-30": "232.79990", "2015-01-31": "383.60010", "2014-10-31": "219.70000", "2014-07-31": "205.00000", "2014-04-30": "231.90010", "2014-01-31": "348.09990", "2013-10-31": "204.29990", "2013-07-31": "201.30000", "2013-04-30": "216.60000", "2013-01-31": "363.50020", "2012-10-31": "184.20000", "2012-07-31": "184.40000", "2012-04-30": "187.99990", "2012-01-31": "301.99950", "2011-10-31": "164.90000", "2011-07-31": "153.50000", "2011-04-30": "161.70010", "2011-01-31": "258.70010", "2010-10-31": "140.90000", "2010-07-31": "127.79990", "2010-04-30": "102.60000", "2010-01-31": "218.40030", "2009-10-31": "107.60000", "2009-07-31": "89.20010", "2009-04-30": "97.60000", "2009-01-31": "165.19970", "2008-10-31": "69.30010", "2008-07-31": "61.60000", "2008-04-30": "69.70010", "2008-01-31": "154.40010", "2007-10-31": "60.20000", "2007-07-31": "53.40000", "2007-04-30": "62.30000", "2007-01-31": "155.49990", "2006-10-31": "53.60000", "2006-07-31": "48.20000", "2006-04-30": "53.50000", "2006-01-31": "137.09990", "2005-10-31": "52.20000", "2005-07-31": "46.50000", "2005-04-30": "48.10000", "2005-01-31": "132.16800"}, "Basic Shares Outstanding": {"2020-10-31": "236.80000", "2020-07-31": "237.30000", "2020-04-30": "236.90000", "2020-01-31": "237.20000", "2019-10-31": "236.70000", "2019-07-31": "237.60000", "2019-04-30": "238.00000", "2019-01-31": "237.90000", "2018-10-31": "237.90000", "2018-07-31": "237.90000", "2018-04-30": "237.50000", "2018-01-31": "236.80000", "2017-10-31": "236.90000", "2017-07-31": "236.70000", "2017-04-30": "236.30000", "2017-01-31": "235.70000", "2016-10-31": "235.80000", "2016-07-31": "235.60000", "2016-04-30": "235.30000", "2016-01-31": "222.50000", "2015-10-31": "234.70000", "2015-07-31": "214.30000", "2015-04-30": "206.20000", "2015-01-31": "206.00000", "2014-10-31": "205.60000", "2014-07-31": "205.80000", "2014-04-30": "206.80000", "2014-01-31": "218.10000", "2013-10-31": "216.60000", "2013-07-31": "223.40000", "2013-04-30": "224.20000", "2013-01-31": "229.30000", "2012-10-31": "228.80000", "2012-07-31": "231.30000", "2012-04-30": "231.50000", "2012-01-31": "240.60000", "2011-10-31": "239.60000", "2011-07-31": "244.60000", "2011-04-30": "245.20000", "2011-01-31": "254.10000", "2010-10-31": "253.80000", "2010-07-31": "254.60000", "2010-04-30": "258.60000", "2010-01-31": "268.20000", "2009-10-31": "267.80000", "2009-07-31": "269.20000", "2009-04-30": "271.50000", "2009-01-31": "270.80000", "2008-10-31": "271.50000", "2008-07-31": "270.60000", "2008-04-30": "269.70000", "2008-01-31": "287.70000", "2007-10-31": "285.60000", "2007-07-31": "294.60000", "2007-04-30": "297.60000", "2007-01-31": "309.60000", "2006-10-31": "306.60000", "2006-07-31": "311.10000", "2006-04-30": "318.90000", "2006-01-31": "324.90000", "2005-10-31": "321.90000", "2005-07-31": "325.20000", "2005-04-30": "333.90000", "2005-01-31": "339.90000"}, "Shares Outstanding": {"2020-10-31": "237.90000", "2020-07-31": "238.10000", "2020-04-30": "237.40000", "2020-01-31": "238.30000", "2019-10-31": "237.50000", "2019-07-31": "238.30000", "2019-04-30": "239.10000", "2019-01-31": "237.90000", "2018-10-31": "238.70000", "2018-07-31": "238.60000", "2018-04-30": "238.50000", "2018-01-31": "237.70000", "2017-10-31": "237.80000", "2017-07-31": "237.40000", "2017-04-30": "237.30000", "2017-01-31": "236.80000", "2016-10-31": "236.90000", "2016-07-31": "236.70000", "2016-04-30": "236.40000", "2016-01-31": "223.50000", "2015-10-31": "235.70000", "2015-07-31": "214.30000", "2015-04-30": "207.10000", "2015-01-31": "207.00000", "2014-10-31": "206.60000", "2014-07-31": "206.60000", "2014-04-30": "207.70000", "2014-01-31": "219.10000", "2013-10-31": "216.60000", "2013-07-31": "224.30000", "2013-04-30": "225.20000", "2013-01-31": "230.70000", "2012-10-31": "230.00000", "2012-07-31": "232.60000", "2012-04-30": "232.80000", "2012-01-31": "242.40000", "2011-10-31": "241.50000", "2011-07-31": "246.10000", "2011-04-30": "247.00000", "2011-01-31": "256.00000", "2010-10-31": "255.60000", "2010-07-31": "256.20000", "2010-04-30": "260.60000", "2010-01-31": "270.00000", "2009-10-31": "269.60000", "2009-07-31": "270.80000", "2009-04-30": "273.30000", "2009-01-31": "272.20000", "2008-10-31": "273.00000", "2008-07-31": "271.50000", "2008-04-30": "270.60000", "2008-01-31": "287.70000", "2007-10-31": "287.10000", "2007-07-31": "296.10000", "2007-04-30": "300.00000", "2007-01-31": "311.40000", "2006-10-31": "308.40000", "2006-07-31": "312.30000", "2006-04-30": "320.40000", "2006-01-31": "326.10000", "2005-10-31": "322.80000", "2005-07-31": "326.40000", "2005-04-30": "335.40000", "2005-01-31": "342.00000"}, "Basic EPS": {"2020-10-31": "1.39000", "2020-07-31": "1.10000", "2020-04-30": "1.05000", "2020-01-31": "0.52000", "2019-10-31": "1.08000", "2019-07-31": "0.76000", "2019-04-30": "1.13000", "2019-01-31": "-9.70000", "2018-10-31": "1.18000", "2018-07-31": "1.15000", "2018-04-30": "0.68000", "2018-01-31": "4.39000", "2017-10-31": "1.01000", "2017-07-31": "0.99000", "2017-04-30": "0.85000", "2017-01-31": "1.36000", "2016-10-31": "0.73000", "2016-07-31": "0.72000", "2016-04-30": "0.99000", "2016-01-31": "1.04000", "2015-10-31": "0.35000", "2015-07-31": "-0.46000", "2015-04-30": "0.34000", "2015-01-31": "1.00000", "2014-10-31": "0.65000", "2014-07-31": "0.59000", "2014-04-30": "0.67000", "2014-01-31": "1.00000", "2013-10-31": "0.58000", "2013-07-31": "0.56000", "2013-04-30": "0.60000", "2013-01-31": "1.00000", "2012-10-31": "0.68000", "2012-07-31": "0.52000", "2012-04-30": "0.50000", "2012-01-31": "0.79000", "2011-10-31": "0.44000", "2011-07-31": "0.39000", "2011-04-30": "0.41000", "2011-01-31": "0.64500", "2010-10-31": "0.36500", "2010-07-31": "0.30500", "2010-04-30": "0.24500", "2010-01-31": "0.50670", "2009-10-31": "0.25500", "2009-07-31": "0.21000", "2009-04-30": "0.22330", "2009-01-31": "0.38500", "2008-10-31": "0.16000", "2008-07-31": "0.14000", "2008-04-30": "0.16000", "2008-01-31": "0.33670", "2007-10-31": "0.12670", "2007-07-31": "0.11000", "2007-04-30": "0.12670", "2007-01-31": "0.31670", "2006-10-31": "0.10670", "2006-07-31": "0.09330", "2006-04-30": "0.10330", "2006-01-31": "0.27000", "2005-10-31": "0.09670", "2005-07-31": "0.08330", "2005-04-30": "0.08670", "2005-01-31": "0.24670"}, "EPS - Earnings Per Share": {"2020-10-31": "1.39000", "2020-07-31": "1.10000", "2020-04-30": "1.04000", "2020-01-31": "0.51000", "2019-10-31": "1.08000", "2019-07-31": "0.76000", "2019-04-30": "1.12000", "2019-01-31": "-9.69000", "2018-10-31": "1.18000", "2018-07-31": "1.15000", "2018-04-30": "0.67000", "2018-01-31": "4.37000", "2017-10-31": "1.01000", "2017-07-31": "0.98000", "2017-04-30": "0.85000", "2017-01-31": "1.36000", "2016-10-31": "0.72000", "2016-07-31": "0.72000", "2016-04-30": "0.98000", "2016-01-31": "1.03000", "2015-10-31": "0.35000", "2015-07-31": "-0.46000", "2015-04-30": "0.34000", "2015-01-31": "1.00000", "2014-10-31": "0.64000", "2014-07-31": "0.59000", "2014-04-30": "0.67000", "2014-01-31": "0.99000", "2013-10-31": "0.58000", "2013-07-31": "0.56000", "2013-04-30": "0.59000", "2013-01-31": "0.99000", "2012-10-31": "0.68000", "2012-07-31": "0.51000", "2012-04-30": "0.50000", "2012-01-31": "0.78000", "2011-10-31": "0.43000", "2011-07-31": "0.39000", "2011-04-30": "0.41000", "2011-01-31": "0.63500", "2010-10-31": "0.36500", "2010-07-31": "0.30500", "2010-04-30": "0.24500", "2010-01-31": "0.50000", "2009-10-31": "0.25500", "2009-07-31": "0.21000", "2009-04-30": "0.22000", "2009-01-31": "0.38830", "2008-10-31": "0.15670", "2008-07-31": "0.14000", "2008-04-30": "0.16000", "2008-01-31": "0.33330", "2007-10-31": "0.12670", "2007-07-31": "0.11000", "2007-04-30": "0.12670", "2007-01-31": "0.31330", "2006-10-31": "0.10670", "2006-07-31": "0.09330", "2006-04-30": "0.10330", "2006-01-31": "0.26670", "2005-10-31": "0.09670", "2005-07-31": "0.08330", "2005-04-30": "0.08670", "2005-01-31": "0.24330"}}, "balance sheet": {"Cash On Hand": {"2020-01-31": "539.20000", "2019-01-31": "422.10000", "2018-01-31": "1097.80000", "2017-01-31": "870.40000", "2016-01-31": "740.10000", "2015-01-31": "864.10000", "2014-01-31": "267.70000", "2013-01-31": "399.90000", "2012-01-31": "288.30000", "2011-01-31": "486.00000", "2010-01-31": "599.40000", "2009-01-31": "364.40000", "2008-01-31": "81.10000", "2007-01-31": "306.80000", "2006-01-31": "339.80000", "2005-01-31": "317.80700"}, "Receivables": {"2020-01-31": "", "2019-01-31": "", "2018-01-31": "", "2017-01-31": "", "2016-01-31": "", "2015-01-31": "", "2014-01-31": "", "2013-01-31": "", "2012-01-31": "", "2011-01-31": "", "2010-01-31": "", "2009-01-31": "", "2008-01-31": "", "2007-01-31": "", "2006-01-31": "", "2005-01-31": ""}, "Inventory": {"2020-01-31": "3522.00000", "2019-01-31": "3536.00000", "2018-01-31": "3169.30000", "2017-01-31": "2865.80000", "2016-01-31": "2885.50000", "2015-01-31": "1035.70000", "2014-01-31": "1035.30000", "2013-01-31": "971.70000", "2012-01-31": "867.40000", "2011-01-31": "803.10000", "2010-01-31": "679.80000", "2009-01-31": "675.80000", "2008-01-31": "641.20000", "2007-01-31": "605.00000", "2006-01-31": "576.60000", "2005-01-31": "615.48300"}, "Pre-Paid Expenses": {"2020-01-31": "", "2019-01-31": "", "2018-01-31": "", "2017-01-31": "", "2016-01-31": "", "2015-01-31": "", "2014-01-31": "56.60000", "2013-01-31": "79.40000", "2012-01-31": "27.50000", "2011-01-31": "27.90000", "2010-01-31": "20.20000", "2009-01-31": "25.30000", "2008-01-31": "49.20000", "2007-01-31": "45.40000", "2006-01-31": "16.50000", "2005-01-31": "28.52500"}, "Other Current Assets": {"2020-01-31": "208.20000", "2019-01-31": "335.20000", "2018-01-31": "309.20000", "2017-01-31": "201.80000", "2016-01-31": "310.30000", "2015-01-31": "66.50000", "2014-01-31": "", "2013-01-31": "", "2012-01-31": "", "2011-01-31": "", "2010-01-31": "", "2009-01-31": "", "2008-01-31": "", "2007-01-31": "", "2006-01-31": "", "2005-01-31": ""}, "Total Current Assets": {"2020-01-31": "4269.40000", "2019-01-31": "4293.30000", "2018-01-31": "4576.30000", "2017-01-31": "3938.00000", "2016-01-31": "3935.90000", "2015-01-31": "1994.60000", "2014-01-31": "1378.50000", "2013-01-31": "1473.50000", "2012-01-31": "1209.40000", "2011-01-31": "1333.30000", "2010-01-31": "1305.60000", "2009-01-31": "1073.20000", "2008-01-31": "788.80000", "2007-01-31": "967.90000", "2006-01-31": "943.70000", "2005-01-31": "969.88700"}, "Property, Plant, And Equipment": {"2020-01-31": "3881.80000", "2019-01-31": "3445.30000", "2018-01-31": "3200.70000", "2017-01-31": "3115.80000", "2016-01-31": "3125.50000", "2015-01-31": "1210.50000", "2014-01-31": "1094.00000", "2013-01-31": "960.70000", "2012-01-31": "825.30000", "2011-01-31": "741.10000", "2010-01-31": "714.30000", "2009-01-31": "710.30000", "2008-01-31": "743.60000", "2007-01-31": "715.30000", "2006-01-31": "681.80000", "2005-01-31": "685.38600"}, "Long-Term Investments": {"2020-01-31": "", "2019-01-31": "", "2018-01-31": "", "2017-01-31": "", "2016-01-31": "", "2015-01-31": "", "2014-01-31": "", "2013-01-31": "", "2012-01-31": "", "2011-01-31": "", "2010-01-31": "", "2009-01-31": "", "2008-01-31": "", "2007-01-31": "", "2006-01-31": "", "2005-01-31": ""}, "Goodwill And Intangible Assets": {"2020-01-31": "5083.30000", "2019-01-31": "5685.30000", "2018-01-31": "8500.50000", "2017-01-31": "8597.20000", "2016-01-31": "8696.90000", "2015-01-31": "166.10000", "2014-01-31": "169.30000", "2013-01-31": "173.30000", "2012-01-31": "173.10000", "2011-01-31": "173.10000", "2010-01-31": "133.30000", "2009-01-31": "133.30000", "2008-01-31": "133.30000", "2007-01-31": "146.60000", "2006-01-31": "129.30000", "2005-01-31": "129.03200"}, "Other Long-Term Assets": {"2020-01-31": "90.70020", "2019-01-31": "77.30000", "2018-01-31": "55.30000", "2017-01-31": "50.60000", "2016-01-31": "142.90000", "2015-01-31": "90.90000", "2014-01-31": "106.00000", "2013-01-31": "116.20000", "2012-01-31": "104.00000", "2011-01-31": "95.00000", "2010-01-31": "101.50000", "2009-01-31": "85.90000", "2008-01-31": "83.30000", "2007-01-31": "52.40000", "2006-01-31": "43.60000", "2005-01-31": "8.36700"}, "Total Long-Term Assets": {"2020-01-31": "15305.20000", "2019-01-31": "9207.89900", "2018-01-31": "11756.50000", "2017-01-31": "11763.60000", "2016-01-31": "11965.30000", "2015-01-31": "1498.10000", "2014-01-31": "1393.40000", "2013-01-31": "1278.50000", "2012-01-31": "1119.20000", "2011-01-31": "1047.20000", "2010-01-31": "984.10000", "2009-01-31": "962.50000", "2008-01-31": "998.90000", "2007-01-31": "914.30000", "2006-01-31": "854.70000", "2005-01-31": "822.78500"}, "Total Assets": {"2020-01-31": "19574.60000", "2019-01-31": "13501.20000", "2018-01-31": "16332.80000", "2017-01-31": "15701.60000", "2016-01-31": "15901.20000", "2015-01-31": "3492.70000", "2014-01-31": "2771.90000", "2013-01-31": "2752.00000", "2012-01-31": "2328.60000", "2011-01-31": "2380.50000", "2010-01-31": "2289.70000", "2009-01-31": "2035.70000", "2008-01-31": "1787.70000", "2007-01-31": "1882.20000", "2006-01-31": "1798.40000", "2005-01-31": "1792.67200"}, "Total Current Liabilities": {"2020-01-31": "3546.50000", "2019-01-31": "2095.70000", "2018-01-31": "2859.10000", "2017-01-31": "2105.90000", "2016-01-31": "2095.40000", "2015-01-31": "861.60000", "2014-01-31": "686.30000", "2013-01-31": "676.20000", "2012-01-31": "581.00000", "2011-01-31": "532.80000", "2010-01-31": "475.90000", "2009-01-31": "409.90000", "2008-01-31": "405.90000", "2007-01-31": "392.20000", "2006-01-31": "295.50000", "2005-01-31": "294.35500"}, "Long Term Debt": {"2020-01-31": "3522.20000", "2019-01-31": "4265.30000", "2018-01-31": "4762.10000", "2017-01-31": "6169.70000", "2016-01-31": "7238.40000", "2015-01-31": "682.70000", "2014-01-31": "757.00000", "2013-01-31": "257.00000", "2012-01-31": "250.00000", "2011-01-31": "250.00000", "2010-01-31": "250.00000", "2009-01-31": "250.00000", "2008-01-31": "250.00000", "2007-01-31": "250.00000", "2006-01-31": "250.00000", "2005-01-31": "250.53400"}, "Other Non-Current Liabilities": {"2020-01-31": "258.00000", "2019-01-31": "488.70000", "2018-01-31": "500.30000", "2017-01-31": "506.40000", "2016-01-31": "502.50000", "2015-01-31": "156.90000", "2014-01-31": "152.40000", "2013-01-31": "145.90000", "2012-01-31": "137.50000", "2011-01-31": "123.50000", "2010-01-31": "120.20000", "2009-01-31": "107.90000", "2008-01-31": "88.40000", "2007-01-31": "70.80000", "2006-01-31": "57.10000", "2005-01-31": "41.49600"}, "Total Long Term Liabilities": {"2020-01-31": "9773.30100", "2019-01-31": "5762.60000", "2018-01-31": "6291.40000", "2017-01-31": "8206.20000", "2016-01-31": "9398.90000", "2015-01-31": "846.10000", "2014-01-31": "914.90000", "2013-01-31": "408.50000", "2012-01-31": "403.00000", "2011-01-31": "388.70000", "2010-01-31": "384.60000", "2009-01-31": "372.60000", "2008-01-31": "393.40000", "2007-01-31": "322.30000", "2006-01-31": "330.60000", "2005-01-31": "334.10500"}, "Total Liabilities": {"2020-01-31": "13319.80000", "2019-01-31": "7858.30000", "2018-01-31": "9150.50000", "2017-01-31": "10312.10000", "2016-01-31": "11494.30000", "2015-01-31": "1707.70000", "2014-01-31": "1601.20000", "2013-01-31": "1084.70000", "2012-01-31": "984.00000", "2011-01-31": "921.50000", "2010-01-31": "860.50000", "2009-01-31": "782.50000", "2008-01-31": "799.30000", "2007-01-31": "714.50000", "2006-01-31": "626.10000", "2005-01-31": "628.46000"}, "Common Stock Net": {"2020-01-31": "2.40000", "2019-01-31": "2.40000", "2018-01-31": "2.40000", "2017-01-31": "2.40000", "2016-01-31": "2.40000", "2015-01-31": "2.10000", "2014-01-31": "2.10000", "2013-01-31": "2.20000", "2012-01-31": "1.10000", "2011-01-31": "1.20000", "2010-01-31": "0.90000", "2009-01-31": "0.90000", "2008-01-31": "0.90000", "2007-01-31": "1.00000", "2006-01-31": "1.10000", "2005-01-31": "1.13000"}, "Retained Earnings (Accumulated Deficit)": {"2020-01-31": "3837.80000", "2019-01-31": "3076.10000", "2018-01-31": "4666.90000", "2017-01-31": "2952.60000", "2016-01-31": "2056.40000", "2015-01-31": "1774.00000", "2014-01-31": "1174.80000", "2013-01-31": "1666.30000", "2012-01-31": "1344.10000", "2011-01-31": "1458.20000", "2010-01-31": "1430.70000", "2009-01-31": "1216.90000", "2008-01-31": "987.40000", "2007-01-31": "1166.60000", "2006-01-31": "1159.70000", "2005-01-31": "985.79300"}, "Comprehensive Income": {"2020-01-31": "-39.80000", "2019-01-31": "-38.30000", "2018-01-31": "-32.30000", "2017-01-31": "-37.60000", "2016-01-31": "-43.10000", "2015-01-31": "-34.10000", "2014-01-31": "-16.90000", "2013-01-31": "-1.50000", "2012-01-31": "-0.60000", "2011-01-31": "-0.40000", "2010-01-31": "-2.40000", "2009-01-31": "-2.60000", "2008-01-31": "0.10000", "2007-01-31": "0.10000", "2006-01-31": "0.10000", "2005-01-31": "-0.29400"}, "Other Share Holders Equity": {"2020-01-31": "", "2019-01-31": "", "2018-01-31": "", "2017-01-31": "", "2016-01-31": "", "2015-01-31": "", "2014-01-31": "", "2013-01-31": "", "2012-01-31": "", "2011-01-31": "", "2010-01-31": "", "2009-01-31": "", "2008-01-31": "", "2007-01-31": "", "2006-01-31": "", "2005-01-31": ""}, "Share Holder Equity": {"2020-01-31": "6254.80000", "2019-01-31": "5642.90000", "2018-01-31": "7182.30000", "2017-01-31": "5389.50000", "2016-01-31": "4406.90000", "2015-01-31": "1785.00000", "2014-01-31": "1170.70000", "2013-01-31": "1667.30000", "2012-01-31": "1344.60000", "2011-01-31": "1459.00000", "2010-01-31": "1429.20000", "2009-01-31": "1253.20000", "2008-01-31": "988.40000", "2007-01-31": "1167.70000", "2006-01-31": "1172.30000", "2005-01-31": "1164.21200"}, "Total Liabilities And Share Holders Equity": {"2020-01-31": "19574.60000", "2019-01-31": "13501.20000", "2018-01-31": "16332.80000", "2017-01-31": "15701.60000", "2016-01-31": "15901.20000", "2015-01-31": "3492.70000", "2014-01-31": "2771.90000", "2013-01-31": "2752.00000", "2012-01-31": "2328.60000", "2011-01-31": "2380.50000", "2010-01-31": "2289.70000", "2009-01-31": "2035.70000", "2008-01-31": "1787.70000", "2007-01-31": "1882.20000", "2006-01-31": "1798.40000", "2005-01-31": "1792.67200"}}, "balance sheet, quarterly": {"Cash On Hand": {"2020-10-31": "1118.30000", "2020-07-31": "1750.30000", "2020-04-30": "1755.10000", "2020-01-31": "539.20000", "2019-10-31": "433.70000", "2019-07-31": "623.40000", "2019-04-30": "725.80000", "2019-01-31": "422.10000", "2018-10-31": "708.30000", "2018-07-31": "647.30000", "2018-04-30": "475.20000", "2018-01-31": "1097.80000", "2017-10-31": "400.10000", "2017-07-31": "697.30000", "2017-04-30": "1158.90000", "2017-01-31": "870.40000", "2016-10-31": "737.80000", "2016-07-31": "1097.20000", "2016-04-30": "933.70000", "2016-01-31": "740.10000", "2015-10-31": "1110.90000", "2015-07-31": "1306.50000", "2015-04-30": "8114.50000", "2015-01-31": "864.10000", "2014-10-31": "407.60000", "2014-07-31": "467.70000", "2014-04-30": "387.10000", "2014-01-31": "267.70000", "2013-10-31": "147.10000", "2013-07-31": "413.70000", "2013-04-30": "383.30000", "2013-01-31": "399.90000", "2012-10-31": "222.40000", "2012-07-31": "379.80000", "2012-04-30": "382.30000", "2012-01-31": "288.30000", "2011-10-31": "280.20000", "2011-07-31": "545.40000", "2011-04-30": "510.30000", "2011-01-31": "486.00000", "2010-10-31": "392.00000", "2010-07-31": "480.30000", "2010-04-30": "390.10000", "2010-01-31": "599.40000", "2009-10-31": "342.10000", "2009-07-31": "358.20000", "2009-04-30": "355.20000", "2009-01-31": "364.40000", "2008-10-31": "78.60000", "2008-07-31": "114.60000", "2008-04-30": "84.20000", "2008-01-31": "81.10000", "2007-10-31": "30.00000", "2007-07-31": "187.50000", "2007-04-30": "188.50000", "2007-01-31": "306.80000", "2006-10-31": "118.90000", "2006-07-31": "180.40000", "2006-04-30": "287.40000", "2006-01-31": "339.80000", "2005-10-31": "129.80000", "2005-07-31": "165.50000", "2005-04-30": "170.20000", "2005-01-31": "317.80700"}, "Receivables": {"2020-10-31": "", "2020-07-31": "", "2020-04-30": "", "2020-01-31": "", "2019-10-31": "", "2019-07-31": "", "2019-04-30": "", "2019-01-31": "", "2018-10-31": "", "2018-07-31": "", "2018-04-30": "", "2018-01-31": "", "2017-10-31": "", "2017-07-31": "", "2017-04-30": "", "2017-01-31": "", "2016-10-31": "", "2016-07-31": "", "2016-04-30": "", "2016-01-31": "", "2015-10-31": "", "2015-07-31": "", "2015-04-30": "", "2015-01-31": "", "2014-10-31": "", "2014-07-31": "", "2014-04-30": "", "2014-01-31": "", "2013-10-31": "", "2013-07-31": "", "2013-04-30": "", "2013-01-31": "", "2012-10-31": "", "2012-07-31": "", "2012-04-30": "", "2012-01-31": "", "2011-10-31": "", "2011-07-31": "", "2011-04-30": "", "2011-01-31": "", "2010-10-31": "", "2010-07-31": "", "2010-04-30": "", "2010-01-31": "", "2009-10-31": "", "2009-07-31": "", "2009-04-30": "", "2009-01-31": "", "2008-10-31": "", "2008-07-31": "", "2008-04-30": "", "2008-01-31": "", "2007-10-31": "", "2007-07-31": "", "2007-04-30": "", "2007-01-31": "", "2006-10-31": "", "2006-07-31": "", "2006-04-30": "", "2006-01-31": "", "2005-10-31": "", "2005-07-31": "", "2005-04-30": "", "2005-01-31": ""}, "Inventory": {"2020-10-31": "3792.30000", "2020-07-31": "3275.70000", "2020-04-30": "3198.50000", "2020-01-31": "3522.00000", "2019-10-31": "3882.90000", "2019-07-31": "3470.90000", "2019-04-30": "3325.50000", "2019-01-31": "3536.00000", "2018-10-31": "3715.60000", "2018-07-31": "3288.20000", "2018-04-30": "3248.20000", "2018-01-31": "3169.30000", "2017-10-31": "3397.80000", "2017-07-31": "2928.50000", "2017-04-30": "2878.40000", "2017-01-31": "2865.80000", "2016-10-31": "3273.90000", "2016-07-31": "2975.10000", "2016-04-30": "2929.50000", "2016-01-31": "2885.50000", "2015-10-31": "3185.30000", "2015-07-31": "2825.10000", "2015-04-30": "1093.50000", "2015-01-31": "1035.70000", "2014-10-31": "1304.90000", "2014-07-31": "1084.00000", "2014-04-30": "1042.90000", "2014-01-31": "1035.30000", "2013-10-31": "1237.40000", "2013-07-31": "1018.30000", "2013-04-30": "1009.50000", "2013-01-31": "971.70000", "2012-10-31": "1133.20000", "2012-07-31": "891.70000", "2012-04-30": "875.00000", "2012-01-31": "867.40000", "2011-10-31": "1005.40000", "2011-07-31": "813.90000", "2011-04-30": "771.20000", "2011-01-31": "803.10000", "2010-10-31": "934.90000", "2010-07-31": "751.60000", "2010-04-30": "707.70000", "2010-01-31": "679.80000", "2009-10-31": "846.20000", "2009-07-31": "741.20000", "2009-04-30": "688.20000", "2009-01-31": "675.80000", "2008-10-31": "836.50000", "2008-07-31": "717.10000", "2008-04-30": "652.70000", "2008-01-31": "641.20000", "2007-10-31": "801.00000", "2007-07-31": "651.70000", "2007-04-30": "599.70000", "2007-01-31": "605.00000", "2006-10-31": "793.80000", "2006-07-31": "671.00000", "2006-04-30": "633.80000", "2006-01-31": "576.60000", "2005-10-31": "750.40000", "2005-07-31": "629.80000", "2005-04-30": "644.30000", "2005-01-31": "615.48300"}, "Pre-Paid Expenses": {"2020-10-31": "", "2020-07-31": "", "2020-04-30": "", "2020-01-31": "", "2019-10-31": "", "2019-07-31": "", "2019-04-30": "", "2019-01-31": "", "2018-10-31": "", "2018-07-31": "", "2018-04-30": "", "2018-01-31": "", "2017-10-31": "", "2017-07-31": "", "2017-04-30": "", "2017-01-31": "", "2016-10-31": "", "2016-07-31": "", "2016-04-30": "", "2016-01-31": "", "2015-10-31": "", "2015-07-31": "", "2015-04-30": "", "2015-01-31": "", "2014-10-31": "", "2014-07-31": "", "2014-04-30": "", "2014-01-31": "56.60000", "2013-10-31": "", "2013-07-31": "", "2013-04-30": "", "2013-01-31": "79.40000", "2012-10-31": "", "2012-07-31": "", "2012-04-30": "", "2012-01-31": "27.50000", "2011-10-31": "", "2011-07-31": "", "2011-04-30": "", "2011-01-31": "27.90000", "2010-10-31": "", "2010-07-31": "", "2010-04-30": "", "2010-01-31": "20.20000", "2009-10-31": "", "2009-07-31": "", "2009-04-30": "", "2009-01-31": "25.30000", "2008-10-31": "", "2008-07-31": "", "2008-04-30": "", "2008-01-31": "49.20000", "2007-10-31": "", "2007-07-31": "", "2007-04-30": "", "2007-01-31": "45.40000", "2006-10-31": "", "2006-07-31": "", "2006-04-30": "", "2006-01-31": "16.50000", "2005-10-31": "", "2005-07-31": "", "2005-04-30": "", "2005-01-31": "28.52500"}, "Other Current Assets": {"2020-10-31": "260.40000", "2020-07-31": "206.50000", "2020-04-30": "211.80000", "2020-01-31": "208.20000", "2019-10-31": "255.70000", "2019-07-31": "246.50000", "2019-04-30": "194.80000", "2019-01-31": "335.20000", "2018-10-31": "325.60000", "2018-07-31": "337.30000", "2018-04-30": "318.60000", "2018-01-31": "309.20000", "2017-10-31": "174.70000", "2017-07-31": "189.40000", "2017-04-30": "240.80000", "2017-01-31": "201.80000", "2016-10-31": "330.70000", "2016-07-31": "377.10000", "2016-04-30": "308.90000", "2016-01-31": "310.30000", "2015-10-31": "235.20000", "2015-07-31": "307.60000", "2015-04-30": "107.80000", "2015-01-31": "66.50000", "2014-10-31": "61.50000", "2014-07-31": "94.40000", "2014-04-30": "92.80000", "2014-01-31": "", "2013-10-31": "83.30000", "2013-07-31": "84.50000", "2013-04-30": "82.50000", "2013-01-31": "", "2012-10-31": "31.10000", "2012-07-31": "31.40000", "2012-04-30": "29.20000", "2012-01-31": "", "2011-10-31": "46.90000", "2011-07-31": "49.00000", "2011-04-30": "44.00000", "2011-01-31": "", "2010-10-31": "39.50000", "2010-07-31": "29.80000", "2010-04-30": "47.00000", "2010-01-31": "", "2009-10-31": "32.40000", "2009-07-31": "67.60000", "2009-04-30": "65.80000", "2009-01-31": "", "2008-10-31": "45.60000", "2008-07-31": "64.10000", "2008-04-30": "60.20000", "2008-01-31": "", "2007-10-31": "63.10000", "2007-07-31": "53.60000", "2007-04-30": "50.00000", "2007-01-31": "", "2006-10-31": "24.60000", "2006-07-31": "23.50000", "2006-04-30": "25.00000", "2006-01-31": "", "2005-10-31": "36.20000", "2005-07-31": "33.90000", "2005-04-30": "39.40000", "2005-01-31": ""}, "Total Current Assets": {"2020-10-31": "5171.00000", "2020-07-31": "5232.50000", "2020-04-30": "5165.40000", "2020-01-31": "4269.40000", "2019-10-31": "4572.30000", "2019-07-31": "4340.80000", "2019-04-30": "4246.10000", "2019-01-31": "4293.30000", "2018-10-31": "4749.50000", "2018-07-31": "4272.80000", "2018-04-30": "4042.00000", "2018-01-31": "4576.30000", "2017-10-31": "3972.60000", "2017-07-31": "3815.20000", "2017-04-30": "4278.10000", "2017-01-31": "3938.00000", "2016-10-31": "4342.40000", "2016-07-31": "4449.40000", "2016-04-30": "4172.10000", "2016-01-31": "3935.90000", "2015-10-31": "4628.00000", "2015-07-31": "4524.70000", "2015-04-30": "9335.60000", "2015-01-31": "1994.60000", "2014-10-31": "1796.10000", "2014-07-31": "1663.20000", "2014-04-30": "1537.00000", "2014-01-31": "1378.50000", "2013-10-31": "1487.80000", "2013-07-31": "1533.20000", "2013-04-30": "1489.80000", "2013-01-31": "1473.50000", "2012-10-31": "1408.50000", "2012-07-31": "1321.60000", "2012-04-30": "1304.40000", "2012-01-31": "1209.40000", "2011-10-31": "1332.50000", "2011-07-31": "1408.30000", "2011-04-30": "1325.50000", "2011-01-31": "1333.30000", "2010-10-31": "1366.40000", "2010-07-31": "1261.70000", "2010-04-30": "1144.80000", "2010-01-31": "1305.60000", "2009-10-31": "1220.70000", "2009-07-31": "1167.00000", "2009-04-30": "1109.20000", "2009-01-31": "1073.20000", "2008-10-31": "960.70000", "2008-07-31": "895.80000", "2008-04-30": "797.10000", "2008-01-31": "788.80000", "2007-10-31": "894.10000", "2007-07-31": "892.80000", "2007-04-30": "838.20000", "2007-01-31": "967.90000", "2006-10-31": "937.30000", "2006-07-31": "874.90000", "2006-04-30": "946.20000", "2006-01-31": "943.70000", "2005-10-31": "916.40000", "2005-07-31": "829.20000", "2005-04-30": "853.90000", "2005-01-31": "969.88700"}, "Property, Plant, And Equipment": {"2020-10-31": "4095.60000", "2020-07-31": "4032.60000", "2020-04-30": "3964.80000", "2020-01-31": "3881.80000", "2019-10-31": "3810.70000", "2019-07-31": "3666.20000", "2019-04-30": "3525.00000", "2019-01-31": "3445.30000", "2018-10-31": "3406.20000", "2018-07-31": "3316.10000", "2018-04-30": "3249.70000", "2018-01-31": "3200.70000", "2017-10-31": "3178.90000", "2017-07-31": "3115.40000", "2017-04-30": "3093.90000", "2017-01-31": "3115.80000", "2016-10-31": "3176.30000", "2016-07-31": "3174.20000", "2016-04-30": "3153.20000", "2016-01-31": "3125.50000", "2015-10-31": "3141.00000", "2015-07-31": "3151.90000", "2015-04-30": "1226.00000", "2015-01-31": "1210.50000", "2014-10-31": "1193.40000", "2014-07-31": "1153.40000", "2014-04-30": "1115.50000", "2014-01-31": "1094.00000", "2013-10-31": "1101.90000", "2013-07-31": "1066.50000", "2013-04-30": "1018.20000", "2013-01-31": "960.70000", "2012-10-31": "932.40000", "2012-07-31": "879.80000", "2012-04-30": "848.80000", "2012-01-31": "825.30000", "2011-10-31": "816.50000", "2011-07-31": "783.10000", "2011-04-30": "760.20000", "2011-01-31": "741.10000", "2010-10-31": "741.40000", "2010-07-31": "724.10000", "2010-04-30": "719.40000", "2010-01-31": "714.30000", "2009-10-31": "705.10000", "2009-07-31": "698.60000", "2009-04-30": "705.00000", "2009-01-31": "710.30000", "2008-10-31": "725.80000", "2008-07-31": "726.10000", "2008-04-30": "733.70000", "2008-01-31": "743.60000", "2007-10-31": "748.70000", "2007-07-31": "725.40000", "2007-04-30": "715.30000", "2007-01-31": "715.30000", "2006-10-31": "721.50000", "2006-07-31": "710.50000", "2006-04-30": "702.90000", "2006-01-31": "681.80000", "2005-10-31": "694.00000", "2005-07-31": "691.60000", "2005-04-30": "686.30000", "2005-01-31": "685.38600"}, "Long-Term Investments": {"2020-10-31": "", "2020-07-31": "", "2020-04-30": "", "2020-01-31": "", "2019-10-31": "", "2019-07-31": "", "2019-04-30": "", "2019-01-31": "", "2018-10-31": "", "2018-07-31": "", "2018-04-30": "", "2018-01-31": "", "2017-10-31": "", "2017-07-31": "", "2017-04-30": "", "2017-01-31": "", "2016-10-31": "", "2016-07-31": "", "2016-04-30": "", "2016-01-31": "", "2015-10-31": "", "2015-07-31": "", "2015-04-30": "", "2015-01-31": "", "2014-10-31": "", "2014-07-31": "", "2014-04-30": "", "2014-01-31": "", "2013-10-31": "", "2013-07-31": "", "2013-04-30": "", "2013-01-31": "", "2012-10-31": "", "2012-07-31": "", "2012-04-30": "", "2012-01-31": "", "2011-10-31": "", "2011-07-31": "", "2011-04-30": "", "2011-01-31": "", "2010-10-31": "", "2010-07-31": "", "2010-04-30": "", "2010-01-31": "", "2009-10-31": "", "2009-07-31": "", "2009-04-30": "", "2009-01-31": "", "2008-10-31": "", "2008-07-31": "", "2008-04-30": "", "2008-01-31": "", "2007-10-31": "", "2007-07-31": "", "2007-04-30": "", "2007-01-31": "", "2006-10-31": "", "2006-07-31": "", "2006-04-30": "", "2006-01-31": "", "2005-10-31": "", "2005-07-31": "", "2005-04-30": "", "2005-01-31": ""}, "Goodwill And Intangible Assets": {"2020-10-31": "5083.10000", "2020-07-31": "5083.00000", "2020-04-30": "5081.40000", "2020-01-31": "5083.30000", "2019-10-31": "5396.50000", "2019-07-31": "5396.30000", "2019-04-30": "5395.90000", "2019-01-31": "5685.30000", "2018-10-31": "8438.20000", "2018-07-31": "8458.40000", "2018-04-30": "8479.10000", "2018-01-31": "8500.50000", "2017-10-31": "8527.19900", "2017-07-31": "8550.50000", "2017-04-30": "8570.80000", "2017-01-31": "8597.20000", "2016-10-31": "8621.90000", "2016-07-31": "8648.00000", "2016-04-30": "8674.40000", "2016-01-31": "8696.90000", "2015-10-31": "8725.20000", "2015-07-31": "8709.90000", "2015-04-30": "167.40000", "2015-01-31": "166.10000", "2014-10-31": "170.50000", "2014-07-31": "173.60000", "2014-04-30": "169.60000", "2014-01-31": "169.30000", "2013-10-31": "171.60000", "2013-07-31": "171.70000", "2013-04-30": "172.90000", "2013-01-31": "173.30000", "2012-10-31": "173.30000", "2012-07-31": "173.10000", "2012-04-30": "174.00000", "2012-01-31": "173.10000", "2011-10-31": "173.50000", "2011-07-31": "175.00000", "2011-04-30": "175.00000", "2011-01-31": "173.10000", "2010-10-31": "133.30000", "2010-07-31": "133.30000", "2010-04-30": "133.30000", "2010-01-31": "133.30000", "2009-10-31": "133.30000", "2009-07-31": "133.30000", "2009-04-30": "133.30000", "2009-01-31": "133.30000", "2008-10-31": "133.30000", "2008-07-31": "133.30000", "2008-04-30": "133.30000", "2008-01-31": "133.30000", "2007-10-31": "149.10000", "2007-07-31": "148.90000", "2007-04-30": "145.50000", "2007-01-31": "146.60000", "2006-10-31": "147.70000", "2006-07-31": "145.60000", "2006-04-30": "144.80000", "2006-01-31": "129.30000", "2005-10-31": "130.80000", "2005-07-31": "130.90000", "2005-04-30": "131.30000", "2005-01-31": "129.03200"}, "Other Long-Term Assets": {"2020-10-31": "94.10000", "2020-07-31": "94.80000", "2020-04-30": "89.89990", "2020-01-31": "90.70000", "2019-10-31": "98.00000", "2019-07-31": "76.20000", "2019-04-30": "76.29980", "2019-01-31": "77.30000", "2018-10-31": "55.40000", "2018-07-31": "56.30000", "2018-04-30": "56.30000", "2018-01-31": "55.30000", "2017-10-31": "51.50000", "2017-07-31": "51.20000", "2017-04-30": "51.90000", "2017-01-31": "50.60000", "2016-10-31": "54.40000", "2016-07-31": "57.80000", "2016-04-30": "61.20000", "2016-01-31": "142.90000", "2015-10-31": "185.60000", "2015-07-31": "178.60000", "2015-04-30": "101.60000", "2015-01-31": "90.90000", "2014-10-31": "154.80000", "2014-07-31": "97.50000", "2014-04-30": "101.50000", "2014-01-31": "106.00000", "2013-10-31": "98.20000", "2013-07-31": "101.50000", "2013-04-30": "101.50000", "2013-01-31": "116.20000", "2012-10-31": "105.70000", "2012-07-31": "101.40000", "2012-04-30": "104.70000", "2012-01-31": "104.00000", "2011-10-31": "93.70000", "2011-07-31": "94.70000", "2011-04-30": "95.50000", "2011-01-31": "95.00000", "2010-10-31": "81.00000", "2010-07-31": "85.50000", "2010-04-30": "101.70000", "2010-01-31": "101.50000", "2009-10-31": "87.00000", "2009-07-31": "88.30000", "2009-04-30": "84.70000", "2009-01-31": "85.90000", "2008-10-31": "79.00000", "2008-07-31": "83.20000", "2008-04-30": "84.40000", "2008-01-31": "83.30000", "2007-10-31": "60.50000", "2007-07-31": "60.30000", "2007-04-30": "59.20000", "2007-01-31": "52.40000", "2006-10-31": "44.50000", "2006-07-31": "44.30000", "2006-04-30": "43.90000", "2006-01-31": "43.60000", "2005-10-31": "28.00000", "2005-07-31": "28.10000", "2005-04-30": "23.10000", "2005-01-31": "8.36700"}, "Total Long-Term Assets": {"2020-10-31": "15481.20000", "2020-07-31": "15438.50000", "2020-04-30": "15306.40000", "2020-01-31": "15305.20000", "2019-10-31": "15169.80000", "2019-07-31": "15153.00000", "2019-04-30": "15108.20000", "2019-01-31": "9207.89900", "2018-10-31": "11899.80000", "2018-07-31": "11830.80000", "2018-04-30": "11785.10000", "2018-01-31": "11756.50000", "2017-10-31": "11757.60000", "2017-07-31": "11717.10000", "2017-04-30": "11716.60000", "2017-01-31": "11763.60000", "2016-10-31": "11852.60000", "2016-07-31": "11880.00000", "2016-04-30": "11888.80000", "2016-01-31": "11965.30000", "2015-10-31": "12071.00000", "2015-07-31": "12040.40000", "2015-04-30": "1533.60000", "2015-01-31": "1498.10000", "2014-10-31": "1571.60000", "2014-07-31": "1466.70000", "2014-04-30": "1416.90000", "2014-01-31": "1393.40000", "2013-10-31": "1395.00000", "2013-07-31": "1375.10000", "2013-04-30": "1322.00000", "2013-01-31": "1278.50000", "2012-10-31": "1230.80000", "2012-07-31": "1178.10000", "2012-04-30": "1146.70000", "2012-01-31": "1119.20000", "2011-10-31": "1098.70000", "2011-07-31": "1070.60000", "2011-04-30": "1055.80000", "2011-01-31": "1047.20000", "2010-10-31": "995.70000", "2010-07-31": "995.60000", "2010-04-30": "997.90000", "2010-01-31": "984.10000", "2009-10-31": "959.80000", "2009-07-31": "968.10000", "2009-04-30": "964.50000", "2009-01-31": "962.50000", "2008-10-31": "961.00000", "2008-07-31": "968.90000", "2008-04-30": "974.00000", "2008-01-31": "998.90000", "2007-10-31": "973.80000", "2007-07-31": "944.20000", "2007-04-30": "924.70000", "2007-01-31": "914.30000", "2006-10-31": "913.70000", "2006-07-31": "900.40000", "2006-04-30": "891.60000", "2006-01-31": "854.70000", "2005-10-31": "852.80000", "2005-07-31": "850.60000", "2005-04-30": "840.70000", "2005-01-31": "822.78500"}, "Total Assets": {"2020-10-31": "20652.20000", "2020-07-31": "20671.00000", "2020-04-30": "20471.80000", "2020-01-31": "19574.60000", "2019-10-31": "19742.10000", "2019-07-31": "19493.80000", "2019-04-30": "19354.30000", "2019-01-31": "13501.20000", "2018-10-31": "16649.30000", "2018-07-31": "16103.60000", "2018-04-30": "15827.10000", "2018-01-31": "16332.80000", "2017-10-31": "15730.20000", "2017-07-31": "15532.30000", "2017-04-30": "15994.70000", "2017-01-31": "15701.60000", "2016-10-31": "16195.00000", "2016-07-31": "16329.40000", "2016-04-30": "16060.90000", "2016-01-31": "15901.20000", "2015-10-31": "16699.00000", "2015-07-31": "16565.10000", "2015-04-30": "10869.20000", "2015-01-31": "3492.70000", "2014-10-31": "3367.70000", "2014-07-31": "3129.90000", "2014-04-30": "2953.90000", "2014-01-31": "2771.90000", "2013-10-31": "2882.80000", "2013-07-31": "2908.30000", "2013-04-30": "2811.80000", "2013-01-31": "2752.00000", "2012-10-31": "2639.30000", "2012-07-31": "2499.70000", "2012-04-30": "2451.10000", "2012-01-31": "2328.60000", "2011-10-31": "2431.20000", "2011-07-31": "2478.90000", "2011-04-30": "2381.30000", "2011-01-31": "2380.50000", "2010-10-31": "2362.10000", "2010-07-31": "2257.30000", "2010-04-30": "2142.70000", "2010-01-31": "2289.70000", "2009-10-31": "2180.50000", "2009-07-31": "2135.10000", "2009-04-30": "2073.70000", "2009-01-31": "2035.70000", "2008-10-31": "1921.70000", "2008-07-31": "1864.70000", "2008-04-30": "1771.10000", "2008-01-31": "1787.70000", "2007-10-31": "1867.90000", "2007-07-31": "1837.00000", "2007-04-30": "1762.90000", "2007-01-31": "1882.20000", "2006-10-31": "1851.00000", "2006-07-31": "1775.30000", "2006-04-30": "1837.80000", "2006-01-31": "1798.40000", "2005-10-31": "1769.20000", "2005-07-31": "1679.80000", "2005-04-30": "1694.60000", "2005-01-31": "1792.67200"}, "Total Current Liabilities": {"2020-10-31": "4042.30000", "2020-07-31": "4278.80000", "2020-04-30": "4504.20000", "2020-01-31": "3546.50000", "2019-10-31": "4179.70000", "2019-07-31": "4094.00000", "2019-04-30": "3979.30000", "2019-01-31": "2095.70000", "2018-10-31": "2135.70000", "2018-07-31": "1907.40000", "2018-04-30": "1917.20000", "2018-01-31": "2859.10000", "2017-10-31": "2039.90000", "2017-07-31": "2084.70000", "2017-04-30": "2240.60000", "2017-01-31": "2105.90000", "2016-10-31": "2134.20000", "2016-07-31": "2180.00000", "2016-04-30": "2049.10000", "2016-01-31": "2095.40000", "2015-10-31": "2161.20000", "2015-07-31": "2073.30000", "2015-04-30": "1015.20000", "2015-01-31": "861.60000", "2014-10-31": "866.50000", "2014-07-31": "783.00000", "2014-04-30": "724.50000", "2014-01-31": "686.30000", "2013-10-31": "766.80000", "2013-07-31": "671.80000", "2013-04-30": "663.00000", "2013-01-31": "676.20000", "2012-10-31": "701.00000", "2012-07-31": "580.80000", "2012-04-30": "816.00000", "2012-01-31": "581.00000", "2011-10-31": "587.10000", "2011-07-31": "495.80000", "2011-04-30": "504.70000", "2011-01-31": "532.80000", "2010-10-31": "566.50000", "2010-07-31": "491.90000", "2010-04-30": "468.20000", "2010-01-31": "475.90000", "2009-10-31": "468.60000", "2009-07-31": "441.90000", "2009-04-30": "414.40000", "2009-01-31": "409.90000", "2008-10-31": "411.90000", "2008-07-31": "411.90000", "2008-04-30": "371.80000", "2008-01-31": "405.90000", "2007-10-31": "434.20000", "2007-07-31": "388.40000", "2007-04-30": "325.50000", "2007-01-31": "392.20000", "2006-10-31": "372.80000", "2006-07-31": "340.90000", "2006-04-30": "344.50000", "2006-01-31": "295.50000", "2005-10-31": "354.00000", "2005-07-31": "247.80000", "2005-04-30": "290.60000", "2005-01-31": "294.35500"}, "Long Term Debt": {"2020-10-31": "3225.30000", "2020-07-31": "3224.30000", "2020-04-30": "3223.30000", "2020-01-31": "3522.20000", "2019-10-31": "3520.20000", "2019-07-31": "3518.60000", "2019-04-30": "3516.90000", "2019-01-31": "4265.30000", "2018-10-31": "5043.80000", "2018-07-31": "5041.80000", "2018-04-30": "5040.10000", "2018-01-31": "4762.10000", "2017-10-31": "5557.00000", "2017-07-31": "5595.00000", "2017-04-30": "6131.70000", "2017-01-31": "6169.70000", "2016-10-31": "6938.00000", "2016-07-31": "7155.70000", "2016-04-30": "7209.80000", "2016-01-31": "7238.40000", "2015-10-31": "8248.00000", "2015-07-31": "8265.50000", "2015-04-30": "7819.70000", "2015-01-31": "682.70000", "2014-10-31": "757.00000", "2014-07-31": "740.20000", "2014-04-30": "752.90000", "2014-01-31": "757.00000", "2013-10-31": "1007.00000", "2013-07-31": "257.00000", "2013-04-30": "257.00000", "2013-01-31": "257.00000", "2012-10-31": "250.00000", "2012-07-31": "250.00000", "2012-04-30": "", "2012-01-31": "250.00000", "2011-10-31": "250.00000", "2011-07-31": "250.00000", "2011-04-30": "250.00000", "2011-01-31": "250.00000", "2010-10-31": "250.00000", "2010-07-31": "250.00000", "2010-04-30": "250.00000", "2010-01-31": "250.00000", "2009-10-31": "250.00000", "2009-07-31": "250.00000", "2009-04-30": "250.00000", "2009-01-31": "250.00000", "2008-10-31": "250.00000", "2008-07-31": "250.00000", "2008-04-30": "250.00000", "2008-01-31": "250.00000", "2007-10-31": "335.20000", "2007-07-31": "250.00000", "2007-04-30": "250.00000", "2007-01-31": "250.00000", "2006-10-31": "250.00000", "2006-07-31": "250.00000", "2006-04-30": "250.00000", "2006-01-31": "250.00000", "2005-10-31": "250.00000", "2005-07-31": "250.00000", "2005-04-30": "250.00000", "2005-01-31": "250.53400"}, "Other Non-Current Liabilities": {"2020-10-31": "387.30000", "2020-07-31": "335.20000", "2020-04-30": "270.60000", "2020-01-31": "258.00000", "2019-10-31": "253.70000", "2019-07-31": "257.80000", "2019-04-30": "262.70000", "2019-01-31": "488.70000", "2018-10-31": "494.50000", "2018-07-31": "500.80000", "2018-04-30": "495.40000", "2018-01-31": "500.30000", "2017-10-31": "499.30000", "2017-07-31": "501.00000", "2017-04-30": "508.00000", "2017-01-31": "506.40000", "2016-10-31": "507.30000", "2016-07-31": "507.20000", "2016-04-30": "495.10000", "2016-01-31": "502.50000", "2015-10-31": "479.00000", "2015-07-31": "489.80000", "2015-04-30": "157.40000", "2015-01-31": "156.90000", "2014-10-31": "159.10000", "2014-07-31": "158.60000", "2014-04-30": "153.20000", "2014-01-31": "152.40000", "2013-10-31": "144.70000", "2013-07-31": "148.00000", "2013-04-30": "146.90000", "2013-01-31": "145.90000", "2012-10-31": "144.30000", "2012-07-31": "141.70000", "2012-04-30": "138.80000", "2012-01-31": "137.50000", "2011-10-31": "132.00000", "2011-07-31": "129.90000", "2011-04-30": "124.50000", "2011-01-31": "123.50000", "2010-10-31": "118.60000", "2010-07-31": "118.70000", "2010-04-30": "116.50000", "2010-01-31": "120.20000", "2009-10-31": "121.60000", "2009-07-31": "116.70000", "2009-04-30": "112.80000", "2009-01-31": "107.90000", "2008-10-31": "100.10000", "2008-07-31": "96.20000", "2008-04-30": "91.30000", "2008-01-31": "88.40000", "2007-10-31": "83.70000", "2007-07-31": "76.20000", "2007-04-30": "70.60000", "2007-01-31": "70.80000", "2006-10-31": "69.60000", "2006-07-31": "70.60000", "2006-04-30": "75.90000", "2006-01-31": "57.10000", "2005-10-31": "84.40000", "2005-07-31": "84.80000", "2005-04-30": "85.30000", "2005-01-31": "41.49600"}, "Total Long Term Liabilities": {"2020-10-31": "9648.80000", "2020-07-31": "9578.60100", "2020-04-30": "9447.00000", "2020-01-31": "9773.30000", "2019-10-31": "9441.10100", "2019-07-31": "9534.10000", "2019-04-30": "9619.10100", "2019-01-31": "5762.60000", "2018-10-31": "6570.50000", "2018-07-31": "6548.70000", "2018-04-30": "6554.20000", "2018-01-31": "6291.40000", "2017-10-31": "7573.80000", "2017-07-31": "7587.40000", "2017-04-30": "8145.10000", "2017-01-31": "8206.20000", "2016-10-31": "9013.10000", "2016-07-31": "9292.50000", "2016-04-30": "9342.19900", "2016-01-31": "9398.90000", "2015-10-31": "10395.60000", "2015-07-31": "10444.80000", "2015-04-30": "7983.20000", "2015-01-31": "846.10000", "2014-10-31": "916.10000", "2014-07-31": "898.80000", "2014-04-30": "911.60000", "2014-01-31": "914.90000", "2013-10-31": "1157.00000", "2013-07-31": "410.60000", "2013-04-30": "409.10000", "2013-01-31": "408.50000", "2012-10-31": "399.40000", "2012-07-31": "395.90000", "2012-04-30": "154.50000", "2012-01-31": "403.00000", "2011-10-31": "397.20000", "2011-07-31": "395.40000", "2011-04-30": "389.90000", "2011-01-31": "388.70000", "2010-10-31": "383.40000", "2010-07-31": "383.90000", "2010-04-30": "381.50000", "2010-01-31": "384.60000", "2009-10-31": "387.00000", "2009-07-31": "382.80000", "2009-04-30": "377.80000", "2009-01-31": "372.60000", "2008-10-31": "369.70000", "2008-07-31": "366.50000", "2008-04-30": "361.90000", "2008-01-31": "393.40000", "2007-10-31": "448.90000", "2007-07-31": "345.30000", "2007-04-30": "339.50000", "2007-01-31": "322.30000", "2006-10-31": "319.60000", "2006-07-31": "320.60000", "2006-04-30": "325.90000", "2006-01-31": "330.60000", "2005-10-31": "334.40000", "2005-07-31": "334.80000", "2005-04-30": "335.30000", "2005-01-31": "334.10500"}, "Total Liabilities": {"2020-10-31": "13691.10000", "2020-07-31": "13857.40000", "2020-04-30": "13951.20000", "2020-01-31": "13319.80000", "2019-10-31": "13620.80000", "2019-07-31": "13628.10000", "2019-04-30": "13598.40000", "2019-01-31": "7858.30000", "2018-10-31": "8706.20000", "2018-07-31": "8456.10000", "2018-04-30": "8471.40000", "2018-01-31": "9150.50000", "2017-10-31": "9613.70000", "2017-07-31": "9672.10000", "2017-04-30": "10385.70000", "2017-01-31": "10312.10000", "2016-10-31": "11147.30000", "2016-07-31": "11472.50000", "2016-04-30": "11391.30000", "2016-01-31": "11494.30000", "2015-10-31": "12556.80000", "2015-07-31": "12518.10000", "2015-04-30": "8998.40000", "2015-01-31": "1707.70000", "2014-10-31": "1782.60000", "2014-07-31": "1681.80000", "2014-04-30": "1636.10000", "2014-01-31": "1601.20000", "2013-10-31": "1923.80000", "2013-07-31": "1082.40000", "2013-04-30": "1072.10000", "2013-01-31": "1084.70000", "2012-10-31": "1100.40000", "2012-07-31": "976.70000", "2012-04-30": "970.50000", "2012-01-31": "984.00000", "2011-10-31": "984.30000", "2011-07-31": "891.20000", "2011-04-30": "894.60000", "2011-01-31": "921.50000", "2010-10-31": "949.90000", "2010-07-31": "875.80000", "2010-04-30": "849.70000", "2010-01-31": "860.50000", "2009-10-31": "855.60000", "2009-07-31": "824.70000", "2009-04-30": "792.20000", "2009-01-31": "782.50000", "2008-10-31": "781.60000", "2008-07-31": "778.40000", "2008-04-30": "733.70000", "2008-01-31": "799.30000", "2007-10-31": "883.10000", "2007-07-31": "733.70000", "2007-04-30": "665.00000", "2007-01-31": "714.50000", "2006-10-31": "692.40000", "2006-07-31": "661.50000", "2006-04-30": "670.40000", "2006-01-31": "626.10000", "2005-10-31": "688.40000", "2005-07-31": "582.60000", "2005-04-30": "625.90000", "2005-01-31": "628.46000"}, "Common Stock Net": {"2020-10-31": "2.40000", "2020-07-31": "2.40000", "2020-04-30": "2.40000", "2020-01-31": "2.40000", "2019-10-31": "2.40000", "2019-07-31": "2.40000", "2019-04-30": "2.40000", "2019-01-31": "2.40000", "2018-10-31": "2.40000", "2018-07-31": "2.40000", "2018-04-30": "2.40000", "2018-01-31": "2.40000", "2017-10-31": "", "2017-07-31": "", "2017-04-30": "", "2017-01-31": "2.40000", "2016-10-31": "", "2016-07-31": "", "2016-04-30": "", "2016-01-31": "2.40000", "2015-10-31": "", "2015-07-31": "", "2015-04-30": "", "2015-01-31": "2.10000", "2014-10-31": "", "2014-07-31": "", "2014-04-30": "", "2014-01-31": "2.10000", "2013-10-31": "", "2013-07-31": "", "2013-04-30": "", "2013-01-31": "2.20000", "2012-10-31": "", "2012-07-31": "", "2012-04-30": "", "2012-01-31": "1.10000", "2011-10-31": "", "2011-07-31": "", "2011-04-30": "", "2011-01-31": "1.20000", "2010-10-31": "", "2010-07-31": "", "2010-04-30": "", "2010-01-31": "0.90000", "2009-10-31": "", "2009-07-31": "1310.40000", "2009-04-30": "", "2009-01-31": "0.90000", "2008-10-31": "", "2008-07-31": "", "2008-04-30": "", "2008-01-31": "0.90000", "2007-10-31": "", "2007-07-31": "", "2007-04-30": "", "2007-01-31": "1.00000", "2006-10-31": "", "2006-07-31": "", "2006-04-30": "", "2006-01-31": "1.10000", "2005-10-31": "", "2005-07-31": "", "2005-04-30": "", "2005-01-31": "1.13000"}, "Retained Earnings (Accumulated Deficit)": {"2020-10-31": "4676.90000", "2020-07-31": "4346.90000", "2020-04-30": "4085.40000", "2020-01-31": "3837.80000", "2019-10-31": "3714.80000", "2019-07-31": "3459.00000", "2019-04-30": "3278.70000", "2019-01-31": "3076.10000", "2018-10-31": "5383.10000", "2018-07-31": "5101.30000", "2018-04-30": "4827.40000", "2018-01-31": "4666.90000", "2017-10-31": "", "2017-07-31": "", "2017-04-30": "", "2017-01-31": "2952.60000", "2016-10-31": "", "2016-07-31": "", "2016-04-30": "", "2016-01-31": "2056.40000", "2015-10-31": "", "2015-07-31": "", "2015-04-30": "", "2015-01-31": "1774.00000", "2014-10-31": "", "2014-07-31": "", "2014-04-30": "", "2014-01-31": "1174.80000", "2013-10-31": "", "2013-07-31": "", "2013-04-30": "", "2013-01-31": "1666.30000", "2012-10-31": "", "2012-07-31": "", "2012-04-30": "", "2012-01-31": "1344.10000", "2011-10-31": "", "2011-07-31": "", "2011-04-30": "", "2011-01-31": "1458.20000", "2010-10-31": "", "2010-07-31": "", "2010-04-30": "", "2010-01-31": "1430.70000", "2009-10-31": "", "2009-07-31": "", "2009-04-30": "", "2009-01-31": "1216.90000", "2008-10-31": "", "2008-07-31": "", "2008-04-30": "", "2008-01-31": "987.40000", "2007-10-31": "", "2007-07-31": "", "2007-04-30": "", "2007-01-31": "1166.60000", "2006-10-31": "", "2006-07-31": "", "2006-04-30": "", "2006-01-31": "1159.70000", "2005-10-31": "", "2005-07-31": "", "2005-04-30": "", "2005-01-31": "985.79300"}, "Comprehensive Income": {"2020-10-31": "-40.60000", "2020-07-31": "-41.20000", "2020-04-30": "-47.80000", "2020-01-31": "-39.80000", "2019-10-31": "-39.20000", "2019-07-31": "-39.60000", "2019-04-30": "-41.10000", "2019-01-31": "-38.30000", "2018-10-31": "-38.20000", "2018-07-31": "-37.50000", "2018-04-30": "-36.20000", "2018-01-31": "-32.30000", "2017-10-31": "", "2017-07-31": "", "2017-04-30": "", "2017-01-31": "-37.60000", "2016-10-31": "", "2016-07-31": "", "2016-04-30": "", "2016-01-31": "-43.10000", "2015-10-31": "", "2015-07-31": "", "2015-04-30": "", "2015-01-31": "-34.10000", "2014-10-31": "", "2014-07-31": "", "2014-04-30": "", "2014-01-31": "-16.90000", "2013-10-31": "", "2013-07-31": "", "2013-04-30": "", "2013-01-31": "-1.50000", "2012-10-31": "", "2012-07-31": "", "2012-04-30": "", "2012-01-31": "-0.60000", "2011-10-31": "", "2011-07-31": "", "2011-04-30": "", "2011-01-31": "-0.40000", "2010-10-31": "", "2010-07-31": "", "2010-04-30": "", "2010-01-31": "-2.40000", "2009-10-31": "", "2009-07-31": "", "2009-04-30": "", "2009-01-31": "-2.60000", "2008-10-31": "", "2008-07-31": "", "2008-04-30": "", "2008-01-31": "0.10000", "2007-10-31": "", "2007-07-31": "", "2007-04-30": "", "2007-01-31": "0.10000", "2006-10-31": "", "2006-07-31": "", "2006-04-30": "", "2006-01-31": "0.10000", "2005-10-31": "", "2005-07-31": "", "2005-04-30": "", "2005-01-31": "-0.29400"}, "Other Share Holders Equity": {"2020-10-31": "", "2020-07-31": "", "2020-04-30": "", "2020-01-31": "", "2019-10-31": "", "2019-07-31": "", "2019-04-30": "", "2019-01-31": "", "2018-10-31": "", "2018-07-31": "", "2018-04-30": "", "2018-01-31": "", "2017-10-31": "", "2017-07-31": "", "2017-04-30": "", "2017-01-31": "", "2016-10-31": "", "2016-07-31": "", "2016-04-30": "", "2016-01-31": "", "2015-10-31": "", "2015-07-31": "", "2015-04-30": "", "2015-01-31": "", "2014-10-31": "", "2014-07-31": "", "2014-04-30": "", "2014-01-31": "", "2013-10-31": "", "2013-07-31": "", "2013-04-30": "", "2013-01-31": "", "2012-10-31": "", "2012-07-31": "", "2012-04-30": "", "2012-01-31": "", "2011-10-31": "", "2011-07-31": "", "2011-04-30": "", "2011-01-31": "", "2010-10-31": "", "2010-07-31": "", "2010-04-30": "", "2010-01-31": "", "2009-10-31": "", "2009-07-31": "", "2009-04-30": "", "2009-01-31": "", "2008-10-31": "", "2008-07-31": "", "2008-04-30": "", "2008-01-31": "", "2007-10-31": "", "2007-07-31": "", "2007-04-30": "", "2007-01-31": "", "2006-10-31": "", "2006-07-31": "", "2006-04-30": "", "2006-01-31": "", "2005-10-31": "", "2005-07-31": "", "2005-04-30": "", "2005-01-31": ""}, "Share Holder Equity": {"2020-10-31": "6961.10000", "2020-07-31": "6813.60000", "2020-04-30": "6520.60000", "2020-01-31": "6254.80000", "2019-10-31": "6121.30000", "2019-07-31": "5865.70000", "2019-04-30": "5755.90000", "2019-01-31": "5642.90000", "2018-10-31": "7943.10000", "2018-07-31": "7647.50000", "2018-04-30": "7355.70000", "2018-01-31": "7182.30000", "2017-10-31": "6116.50000", "2017-07-31": "5860.20000", "2017-04-30": "5609.00000", "2017-01-31": "5389.50000", "2016-10-31": "5047.70000", "2016-07-31": "4856.90000", "2016-04-30": "4669.60000", "2016-01-31": "4406.90000", "2015-10-31": "4142.20000", "2015-07-31": "4047.00000", "2015-04-30": "1870.80000", "2015-01-31": "1785.00000", "2014-10-31": "1585.10000", "2014-07-31": "1448.10000", "2014-04-30": "1317.80000", "2014-01-31": "1170.70000", "2013-10-31": "959.00000", "2013-07-31": "1825.90000", "2013-04-30": "1739.70000", "2013-01-31": "1667.30000", "2012-10-31": "1538.90000", "2012-07-31": "1523.00000", "2012-04-30": "1480.60000", "2012-01-31": "1344.60000", "2011-10-31": "1446.90000", "2011-07-31": "1587.70000", "2011-04-30": "1486.70000", "2011-01-31": "1459.00000", "2010-10-31": "1412.20000", "2010-07-31": "1381.50000", "2010-04-30": "1293.00000", "2010-01-31": "1429.20000", "2009-10-31": "1324.90000", "2009-07-31": "1310.40000", "2009-04-30": "1281.50000", "2009-01-31": "1253.20000", "2008-10-31": "1140.10000", "2008-07-31": "1086.30000", "2008-04-30": "1037.40000", "2008-01-31": "988.40000", "2007-10-31": "984.80000", "2007-07-31": "1103.30000", "2007-04-30": "1097.90000", "2007-01-31": "1167.70000", "2006-10-31": "1158.60000", "2006-07-31": "1113.80000", "2006-04-30": "1167.40000", "2006-01-31": "1172.30000", "2005-10-31": "1080.80000", "2005-07-31": "1097.20000", "2005-04-30": "1068.70000", "2005-01-31": "1164.21200"}, "Total Liabilities And Share Holders Equity": {"2020-10-31": "20652.20000", "2020-07-31": "20671.00000", "2020-04-30": "20471.80000", "2020-01-31": "19574.60000", "2019-10-31": "19742.10000", "2019-07-31": "19493.80000", "2019-04-30": "19354.30000", "2019-01-31": "13501.20000", "2018-10-31": "16649.30000", "2018-07-31": "16103.60000", "2018-04-30": "15827.10000", "2018-01-31": "16332.80000", "2017-10-31": "15730.20000", "2017-07-31": "15532.30000", "2017-04-30": "15994.70000", "2017-01-31": "15701.60000", "2016-10-31": "16195.00000", "2016-07-31": "16329.40000", "2016-04-30": "16060.90000", "2016-01-31": "15901.20000", "2015-10-31": "16699.00000", "2015-07-31": "16565.10000", "2015-04-30": "10869.20000", "2015-01-31": "3492.70000", "2014-10-31": "3367.70000", "2014-07-31": "3129.90000", "2014-04-30": "2953.90000", "2014-01-31": "2771.90000", "2013-10-31": "2882.80000", "2013-07-31": "2908.30000", "2013-04-30": "2811.80000", "2013-01-31": "2752.00000", "2012-10-31": "2639.30000", "2012-07-31": "2499.70000", "2012-04-30": "2451.10000", "2012-01-31": "2328.60000", "2011-10-31": "2431.20000", "2011-07-31": "2478.90000", "2011-04-30": "2381.30000", "2011-01-31": "2380.50000", "2010-10-31": "2362.10000", "2010-07-31": "2257.30000", "2010-04-30": "2142.70000", "2010-01-31": "2289.70000", "2009-10-31": "2180.50000", "2009-07-31": "2135.10000", "2009-04-30": "2073.70000", "2009-01-31": "2035.70000", "2008-10-31": "1921.70000", "2008-07-31": "1864.70000", "2008-04-30": "1771.10000", "2008-01-31": "1787.70000", "2007-10-31": "1867.90000", "2007-07-31": "1837.00000", "2007-04-30": "1762.90000", "2007-01-31": "1882.20000", "2006-10-31": "1851.00000", "2006-07-31": "1775.30000", "2006-04-30": "1837.80000", "2006-01-31": "1798.40000", "2005-10-31": "1769.20000", "2005-07-31": "1679.80000", "2005-04-30": "1694.60000", "2005-01-31": "1792.67200"}}, "cash flow statement": {"Net Income/Loss": {"2020-01-31": "827.00000", "2019-01-31": "-1590.80000", "2018-01-31": "1714.30000", "2017-01-31": "896.20000", "2016-01-31": "282.40000", "2015-01-31": "599.20000", "2014-01-31": "596.70000", "2013-01-31": "619.30000", "2012-01-31": "488.30000", "2011-01-31": "397.30000", "2010-01-31": "320.50000", "2009-01-31": "229.50000", "2008-01-31": "201.30000", "2007-01-31": "192.00000", "2006-01-31": "173.90000", "2005-01-31": "180.30000"}, "Total Depreciation And Amortization - Cash Flow": {"2020-01-31": "965.30000", "2019-01-31": "3405.30000", "2018-01-31": "626.60000", "2017-01-31": "692.70000", "2016-01-31": "552.30000", "2015-01-31": "205.90000", "2014-01-31": "190.50000", "2013-01-31": "175.30000", "2012-01-31": "163.90000", "2011-01-31": "159.70000", "2010-01-31": "157.80000", "2009-01-31": "161.70000", "2008-01-31": "159.30000", "2007-01-31": "159.00000", "2006-01-31": "140.70000", "2005-01-31": "129.30000"}, "Other Non-Cash Items": {"2020-01-31": "95.00000", "2019-01-31": "173.50000", "2018-01-31": "-378.40000", "2017-01-31": "-53.10000", "2016-01-31": "86.50000", "2015-01-31": "24.50000", "2014-01-31": "48.30000", "2013-01-31": "-28.30000", "2012-01-31": "46.90000", "2011-01-31": "45.20000", "2010-01-31": "27.90000", "2009-01-31": "41.60000", "2008-01-31": "-27.50000", "2007-01-31": "-10.10000", "2006-01-31": "-12.30000", "2005-01-31": "21.60000"}, "Total Non-Cash Items": {"2020-01-31": "1060.30000", "2019-01-31": "3578.80000", "2018-01-31": "248.20000", "2017-01-31": "639.60000", "2016-01-31": "638.80000", "2015-01-31": "230.40000", "2014-01-31": "238.80000", "2013-01-31": "147.00000", "2012-01-31": "210.80000", "2011-01-31": "204.90000", "2010-01-31": "185.70000", "2009-01-31": "203.30000", "2008-01-31": "131.80000", "2007-01-31": "148.90000", "2006-01-31": "128.40000", "2005-01-31": "150.90000"}, "Change In Accounts Receivable": {"2020-01-31": "", "2019-01-31": "", "2018-01-31": "", "2017-01-31": "", "2016-01-31": "", "2015-01-31": "", "2014-01-31": "", "2013-01-31": "", "2012-01-31": "", "2011-01-31": "", "2010-01-31": "", "2009-01-31": "", "2008-01-31": "", "2007-01-31": "", "2006-01-31": "", "2005-01-31": ""}, "Change In Inventories": {"2020-01-31": "13.60000", "2019-01-31": "-369.20000", "2018-01-31": "-300.90000", "2017-01-31": "21.90000", "2016-01-31": "-87.80000", "2015-01-31": "-6.00000", "2014-01-31": "-67.70000", "2013-01-31": "-104.00000", "2012-01-31": "-64.50000", "2011-01-31": "-126.70000", "2010-01-31": "-4.00000", "2009-01-31": "-34.60000", "2008-01-31": "-36.20000", "2007-01-31": "-6.20000", "2006-01-31": "38.90000", "2005-01-31": "-89.80000"}, "Change In Accounts Payable": {"2020-01-31": "-79.80000", "2019-01-31": "242.60000", "2018-01-31": "54.50000", "2017-01-31": "-133.80000", "2016-01-31": "183.90000", "2015-01-31": "41.90000", "2014-01-31": "46.90000", "2013-01-31": "59.30000", "2012-01-31": "26.90000", "2011-01-31": "28.10000", "2010-01-31": "27.00000", "2009-01-31": "-7.50000", "2008-01-31": "2.30000", "2007-01-31": "53.70000", "2006-01-31": "11.40000", "2005-01-31": "9.20000"}, "Change In Assets/Liabilities": {"2020-01-31": "46.00000", "2019-01-31": "-123.90000", "2018-01-31": "-147.40000", "2017-01-31": "172.30000", "2016-01-31": "-217.90000", "2015-01-31": "81.90000", "2014-01-31": "11.70000", "2013-01-31": "-59.60000", "2012-01-31": "26.10000", "2011-01-31": "-0.10000", "2010-01-31": "49.80000", "2009-01-31": "49.20000", "2008-01-31": "21.20000", "2007-01-31": "22.80000", "2006-01-31": "4.50000", "2005-01-31": "29.30000"}, "Total Change In Assets/Liabilities": {"2020-01-31": "-17.50000", "2019-01-31": "-222.00000", "2018-01-31": "-452.30000", "2017-01-31": "137.50000", "2016-01-31": "-118.70000", "2015-01-31": "113.20000", "2014-01-31": "-41.40000", "2013-01-31": "-88.00000", "2012-01-31": "-12.60000", "2011-01-31": "-83.50000", "2010-01-31": "74.80000", "2009-01-31": "-29.70000", "2008-01-31": "34.20000", "2007-01-31": "71.90000", "2006-01-31": "62.80000", "2005-01-31": "-54.70000"}, "Cash Flow From Operating Activities": {"2020-01-31": "1869.80000", "2019-01-31": "1766.00000", "2018-01-31": "1510.20000", "2017-01-31": "1673.30000", "2016-01-31": "802.50000", "2015-01-31": "942.80000", "2014-01-31": "794.10000", "2013-01-31": "678.30000", "2012-01-31": "686.50000", "2011-01-31": "518.70000", "2010-01-31": "581.00000", "2009-01-31": "403.10000", "2008-01-31": "367.30000", "2007-01-31": "412.80000", "2006-01-31": "365.10000", "2005-01-31": "276.50000"}, "Net Change In Property, Plant, And Equipment": {"2020-01-31": "-1036.70000", "2019-01-31": "-816.70000", "2018-01-31": "-631.90000", "2017-01-31": "-565.60000", "2016-01-31": "-480.00000", "2015-01-31": "-324.00000", "2014-01-31": "-330.90000", "2013-01-31": "-313.20000", "2012-01-31": "-250.10000", "2011-01-31": "-178.70000", "2010-01-31": "-164.80000", "2009-01-31": "-131.30000", "2008-01-31": "-189.00000", "2007-01-31": "-175.30000", "2006-01-31": "-139.20000", "2005-01-31": "-181.80000"}, "Net Change In Intangible Assets": {"2020-01-31": "", "2019-01-31": "", "2018-01-31": "", "2017-01-31": "", "2016-01-31": "", "2015-01-31": "", "2014-01-31": "-0.30000", "2013-01-31": "0.00000", "2012-01-31": "0.00000", "2011-01-31": "-0.20000", "2010-01-31": "", "2009-01-31": "-0.40000", "2008-01-31": "-6.60000", "2007-01-31": "-4.20000", "2006-01-31": "-3.70000", "2005-01-31": "-6.80000"}, "Net Acquisitions/Divestitures": {"2020-01-31": "", "2019-01-31": "", "2018-01-31": "", "2017-01-31": "", "2016-01-31": "-6527.70000", "2015-01-31": "", "2014-01-31": "", "2013-01-31": "", "2012-01-31": "", "2011-01-31": "-49.40000", "2010-01-31": "", "2009-01-31": "", "2008-01-31": "", "2007-01-31": "", "2006-01-31": "", "2005-01-31": ""}, "Net Change In Short-term Investments": {"2020-01-31": "", "2019-01-31": "", "2018-01-31": "", "2017-01-31": "", "2016-01-31": "", "2015-01-31": "", "2014-01-31": "", "2013-01-31": "", "2012-01-31": "174.80000", "2011-01-31": "-147.00000", "2010-01-31": "-27.80000", "2009-01-31": "40.50000", "2008-01-31": "181.30000", "2007-01-31": "52.20000", "2006-01-31": "-62.70000", "2005-01-31": "-126.80000"}, "Net Change In Long-Term Investments": {"2020-01-31": "", "2019-01-31": "", "2018-01-31": "4.00000", "2017-01-31": "82.00000", "2016-01-31": "29.30000", "2015-01-31": "9.00000", "2014-01-31": "6.20000", "2013-01-31": "51.30000", "2012-01-31": "-11.00000", "2011-01-31": "1.20000", "2010-01-31": "-19.90000", "2009-01-31": "-10.80000", "2008-01-31": "-8.40000", "2007-01-31": "-9.30000", "2006-01-31": "-29.90000", "2005-01-31": ""}, "Net Change In Investments - Total": {"2020-01-31": "", "2019-01-31": "", "2018-01-31": "4.00000", "2017-01-31": "82.00000", "2016-01-31": "29.30000", "2015-01-31": "9.00000", "2014-01-31": "6.20000", "2013-01-31": "51.30000", "2012-01-31": "163.80000", "2011-01-31": "-145.80000", "2010-01-31": "-47.70000", "2009-01-31": "29.70000", "2008-01-31": "172.90000", "2007-01-31": "42.90000", "2006-01-31": "-92.60000", "2005-01-31": "-126.80000"}, "Investing Activities - Other": {"2020-01-31": "16.50000", "2019-01-31": "", "2018-01-31": "", "2017-01-31": "", "2016-01-31": "", "2015-01-31": "", "2014-01-31": "", "2013-01-31": "", "2012-01-31": "0.20000", "2011-01-31": "", "2010-01-31": "", "2009-01-31": "", "2008-01-31": "", "2007-01-31": "-54.10000", "2006-01-31": "", "2005-01-31": ""}, "Cash Flow From Investing Activities": {"2020-01-31": "-1020.20000", "2019-01-31": "-816.70000", "2018-01-31": "-627.90000", "2017-01-31": "-483.60000", "2016-01-31": "-6978.40000", "2015-01-31": "-315.00000", "2014-01-31": "-325.00000", "2013-01-31": "-261.90000", "2012-01-31": "-86.10000", "2011-01-31": "-374.10000", "2010-01-31": "-212.50000", "2009-01-31": "-102.00000", "2008-01-31": "-22.70000", "2007-01-31": "-190.70000", "2006-01-31": "-235.50000", "2005-01-31": "-315.40000"}, "Net Long-Term Debt": {"2020-01-31": "-500.00000", "2019-01-31": "-1438.90000", "2018-01-31": "-659.10000", "2017-01-31": "-1073.70000", "2016-01-31": "6203.50000", "2015-01-31": "-12.80000", "2014-01-31": "498.50000", "2013-01-31": "5.50000", "2012-01-31": "-2.00000", "2011-01-31": "-15.10000", "2010-01-31": "-0.40000", "2009-01-31": "-1.20000", "2008-01-31": "-0.60000", "2007-01-31": "-0.60000", "2006-01-31": "-0.60000", "2005-01-31": "94.70000"}, "Net Current Debt": {"2020-01-31": "", "2019-01-31": "", "2018-01-31": "", "2017-01-31": "", "2016-01-31": "", "2015-01-31": "", "2014-01-31": "", "2013-01-31": "", "2012-01-31": "", "2011-01-31": "", "2010-01-31": "", "2009-01-31": "", "2008-01-31": "", "2007-01-31": "", "2006-01-31": "", "2005-01-31": ""}, "Debt Issuance/Retirement Net - Total": {"2020-01-31": "-500.00000", "2019-01-31": "-1438.90000", "2018-01-31": "-659.10000", "2017-01-31": "-1073.70000", "2016-01-31": "6203.50000", "2015-01-31": "-12.80000", "2014-01-31": "498.50000", "2013-01-31": "5.50000", "2012-01-31": "-2.00000", "2011-01-31": "-15.10000", "2010-01-31": "-0.40000", "2009-01-31": "-1.20000", "2008-01-31": "-0.60000", "2007-01-31": "-0.60000", "2006-01-31": "-0.60000", "2005-01-31": "94.70000"}, "Net Common Equity Issued/Repurchased": {"2020-01-31": "-184.80000", "2019-01-31": "17.50000", "2018-01-31": "35.00000", "2017-01-31": "41.50000", "2016-01-31": "13.90000", "2015-01-31": "5.50000", "2014-01-31": "-1112.10000", "2013-01-31": "-340.20000", "2012-01-31": "-635.00000", "2011-01-31": "-397.00000", "2010-01-31": "-164.80000", "2009-01-31": "21.60000", "2008-01-31": "-401.40000", "2007-01-31": "-207.90000", "2006-01-31": "-169.70000", "2005-01-31": "-33.50000"}, "Net Total Equity Issued/Repurchased": {"2020-01-31": "-184.80000", "2019-01-31": "17.50000", "2018-01-31": "35.00000", "2017-01-31": "41.50000", "2016-01-31": "13.90000", "2015-01-31": "5.50000", "2014-01-31": "-1106.10000", "2013-01-31": "-330.20000", "2012-01-31": "-635.00000", "2011-01-31": "-397.00000", "2010-01-31": "-164.80000", "2009-01-31": "21.60000", "2008-01-31": "-401.40000", "2007-01-31": "-207.90000", "2006-01-31": "-169.70000", "2005-01-31": "-33.50000"}, "Total Common And Preferred Stock Dividends Paid": {"2020-01-31": "", "2019-01-31": "", "2018-01-31": "", "2017-01-31": "", "2016-01-31": "", "2015-01-31": "", "2014-01-31": "", "2013-01-31": "", "2012-01-31": "", "2011-01-31": "", "2010-01-31": "", "2009-01-31": "", "2008-01-31": "", "2007-01-31": "", "2006-01-31": "", "2005-01-31": ""}, "Financial Activities - Other": {"2020-01-31": "-25.00000", "2019-01-31": "-178.50000", "2018-01-31": "-27.40000", "2017-01-31": "-28.30000", "2016-01-31": "-168.60000", "2015-01-31": "-23.30000", "2014-01-31": "9.80000", "2013-01-31": "21.30000", "2012-01-31": "13.80000", "2011-01-31": "7.80000", "2010-01-31": "3.90000", "2009-01-31": "2.30000", "2008-01-31": "13.00000", "2007-01-31": "5.60000", "2006-01-31": "", "2005-01-31": ""}, "Cash Flow From Financial Activities": {"2020-01-31": "-709.80000", "2019-01-31": "-1599.90000", "2018-01-31": "-651.50000", "2017-01-31": "-1060.50000", "2016-01-31": "6048.80000", "2015-01-31": "-30.60000", "2014-01-31": "-597.80000", "2013-01-31": "-303.40000", "2012-01-31": "-623.20000", "2011-01-31": "-404.30000", "2010-01-31": "-161.30000", "2009-01-31": "22.70000", "2008-01-31": "-389.00000", "2007-01-31": "-202.90000", "2006-01-31": "-170.30000", "2005-01-31": "61.20000"}, "Net Cash Flow": {"2020-01-31": "139.30000", "2019-01-31": "-651.10000", "2018-01-31": "231.40000", "2017-01-31": "130.30000", "2016-01-31": "-128.00000", "2015-01-31": "596.40000", "2014-01-31": "-132.20000", "2013-01-31": "111.60000", "2012-01-31": "-22.90000", "2011-01-31": "-260.40000", "2010-01-31": "207.20000", "2009-01-31": "323.80000", "2008-01-31": "-44.40000", "2007-01-31": "19.20000", "2006-01-31": "-40.70000", "2005-01-31": "22.30000"}, "Stock-Based Compensation": {"2020-01-31": "61.40000", "2019-01-31": "63.10000", "2018-01-31": "65.70000", "2017-01-31": "61.60000", "2016-01-31": "53.20000", "2015-01-31": "38.30000", "2014-01-31": "37.00000", "2013-01-31": "35.50000", "2012-01-31": "31.60000", "2011-01-31": "28.30000", "2010-01-31": "21.70000", "2009-01-31": "16.70000", "2008-01-31": "11.30000", "2007-01-31": "6.70000", "2006-01-31": "2.40000", "2005-01-31": ""}, "Common Stock Dividends Paid": {"2020-01-31": "", "2019-01-31": "", "2018-01-31": "", "2017-01-31": "", "2016-01-31": "", "2015-01-31": "", "2014-01-31": "", "2013-01-31": "", "2012-01-31": "", "2011-01-31": "", "2010-01-31": "", "2009-01-31": "", "2008-01-31": "", "2007-01-31": "", "2006-01-31": "", "2005-01-31": ""}}, "cash flow statement, quarterly": {"Net Income/Loss": {"2020-10-31": 330, "2020-07-31": 261.5, "2020-04-30": "247.60000", "2020-01-31": 123, "2019-10-31": 255.8, "2019-07-31": 180.3, "2019-04-30": "267.90000", "2019-01-31": -2307, "2018-10-31": 281.8, "2018-07-31": 273.9, "2018-04-30": "160.50000", "2018-01-31": 1040.1, "2017-10-31": 239.9, "2017-07-31": 233.8, "2017-04-30": "200.50000", "2017-01-31": 321.8, "2016-10-31": 171.6, "2016-07-31": 170.1, "2016-04-30": "232.70000", "2016-01-31": 229, "2015-10-31": 81.9, "2015-07-31": -98, "2015-04-30": "69.50000", "2015-01-31": 206.5, "2014-10-31": 133, "2014-07-31": 121.4, "2014-04-30": "138.30000", "2014-01-31": 213.1, "2013-10-31": 125.4, "2013-07-31": 124.7, "2013-04-30": "133.50000", "2013-01-31": 228.6, "2012-10-31": 155.4, "2012-07-31": 119.2, "2012-04-30": "116.10000", "2012-01-31": 187.9, "2011-10-31": 104.5, "2011-07-31": 94.9, "2011-04-30": "101.00000", "2011-01-31": 162.5, "2010-10-31": 93.2, "2010-07-31": 78, "2010-04-30": "63.60000", "2010-01-31": 135, "2009-10-31": 68.2, "2009-07-31": 56.9, "2009-04-30": "60.40000", "2009-01-31": 105.2, "2008-10-31": 43.1, "2008-07-31": 37.6, "2008-04-30": "43.60000", "2008-01-31": 94.7, "2007-10-31": 35.9, "2007-07-31": 32.6, "2007-04-30": "38.10000", "2007-01-31": 97.6, "2006-10-31": 32.5, "2006-07-31": 29, "2006-04-30": "32.90000", "2006-01-31": 86.5, "2005-10-31": 31.1, "2005-07-31": 27.3, "2005-04-30": "29.00000", "2005-01-31": 180.3}, "Total Depreciation And Amortization - Cash Flow": {"2020-10-31": 171.1, "2020-07-31": 169.1, "2020-04-30": "166.60000", "2020-01-31": 494.1, "2019-10-31": 161.6, "2019-07-31": 156.8, "2019-04-30": "152.80000", "2019-01-31": 2897.2, "2018-10-31": 152.4, "2018-07-31": 154.5, "2018-04-30": "201.20000", "2018-01-31": 160, "2017-10-31": 153, "2017-07-31": 156.1, "2017-04-30": "157.50000", "2017-01-31": 171.4, "2016-10-31": 187.6, "2016-07-31": 166.7, "2016-04-30": "167.00000", "2016-01-31": 230, "2015-10-31": 180, "2015-07-31": 86.9, "2015-04-30": "55.40000", "2015-01-31": 54.4, "2014-10-31": 50.9, "2014-07-31": 49.3, "2014-04-30": "51.30000", "2014-01-31": 50.2, "2013-10-31": 48.6, "2013-07-31": 46.6, "2013-04-30": "45.10000", "2013-01-31": 46.9, "2012-10-31": 43.6, "2012-07-31": 43, "2012-04-30": "41.80000", "2012-01-31": 44, "2011-10-31": 41.1, "2011-07-31": 39.6, "2011-04-30": "39.20000", "2011-01-31": 42.1, "2010-10-31": 38.9, "2010-07-31": 39.4, "2010-04-30": "39.30000", "2010-01-31": 41.3, "2009-10-31": 38.6, "2009-07-31": 39.1, "2009-04-30": "38.80000", "2009-01-31": 41.9, "2008-10-31": 38.3, "2008-07-31": 39.7, "2008-04-30": "41.80000", "2008-01-31": 41.4, "2007-10-31": 39.6, "2007-07-31": 39, "2007-04-30": "39.30000", "2007-01-31": 45.3, "2006-10-31": 39.6, "2006-07-31": 37.8, "2006-04-30": "36.30000", "2006-01-31": 36.7, "2005-10-31": 35.9, "2005-07-31": 35.6, "2005-04-30": "32.50000", "2005-01-31": 129.3}, "Other Non-Cash Items": {"2020-10-31": 54.3, "2020-07-31": -4.3, "2020-04-30": "87.30000", "2020-01-31": -32, "2019-10-31": 56.6, "2019-07-31": 34, "2019-04-30": "36.40000", "2019-01-31": -18.3, "2018-10-31": 37.4, "2018-07-31": 15.1, "2018-04-30": "139.30000", "2018-01-31": -509.3, "2017-10-31": 35, "2017-07-31": 35.1, "2017-04-30": "60.80000", "2017-01-31": -20.6, "2016-10-31": -44.5, "2016-07-31": 4.7, "2016-04-30": "7.30000", "2016-01-31": 106.7, "2015-10-31": -60.1, "2015-07-31": 16.5, "2015-04-30": "23.40000", "2015-01-31": 22.9, "2014-10-31": -7.9, "2014-07-31": -6.3, "2014-04-30": "15.80000", "2014-01-31": 8.8, "2013-10-31": 16.3, "2013-07-31": -0.5, "2013-04-30": "23.70000", "2013-01-31": -0.7, "2012-10-31": -51.6, "2012-07-31": 3.1, "2012-04-30": "20.90000", "2012-01-31": -2.4, "2011-10-31": 8.8, "2011-07-31": 16.7, "2011-04-30": "23.80000", "2011-01-31": 4.7, "2010-10-31": 14.2, "2010-07-31": 0, "2010-04-30": "26.30000", "2010-01-31": 8.7, "2009-10-31": 17.2, "2009-07-31": 0, "2009-04-30": "2.00000", "2009-01-31": -6, "2008-10-31": 7.3, "2008-07-31": 6.6, "2008-04-30": "33.70000", "2008-01-31": -21.8, "2007-10-31": -9.8, "2007-07-31": -1.7, "2007-04-30": "5.80000", "2007-01-31": 2.3, "2006-10-31": -4.5, "2006-07-31": -2.4, "2006-04-30": "-5.50000", "2006-01-31": 2.8, "2005-10-31": -6.7, "2005-07-31": -3.5, "2005-04-30": "-4.90000", "2005-01-31": 21.6}, "Total Non-Cash Items": {"2020-10-31": 225.4001, "2020-07-31": 164.8, "2020-04-30": "253.90000", "2020-01-31": 462.1, "2019-10-31": 218.2, "2019-07-31": 190.8, "2019-04-30": "189.20000", "2019-01-31": 2878.9, "2018-10-31": 189.8, "2018-07-31": 169.6, "2018-04-30": "340.50000", "2018-01-31": -349.3, "2017-10-31": 188, "2017-07-31": 191.2, "2017-04-30": "218.30000", "2017-01-31": 150.8, "2016-10-31": 143.1, "2016-07-31": 171.4, "2016-04-30": "174.30000", "2016-01-31": 336.7, "2015-10-31": 119.9, "2015-07-31": 103.4, "2015-04-30": "78.80000", "2015-01-31": 77.3, "2014-10-31": 43, "2014-07-31": 43, "2014-04-30": "67.10000", "2014-01-31": 59, "2013-10-31": 64.9, "2013-07-31": 46.1, "2013-04-30": "68.80000", "2013-01-31": 46.2, "2012-10-31": -8, "2012-07-31": 46.1, "2012-04-30": "62.70000", "2012-01-31": 41.6, "2011-10-31": 49.9, "2011-07-31": 56.3, "2011-04-30": "63.00000", "2011-01-31": 46.8, "2010-10-31": 53.1, "2010-07-31": 39.4, "2010-04-30": "65.60000", "2010-01-31": 50, "2009-10-31": 55.8, "2009-07-31": 39.1, "2009-04-30": "40.80000", "2009-01-31": 35.9, "2008-10-31": 45.6, "2008-07-31": 46.3, "2008-04-30": "75.50000", "2008-01-31": 19.6, "2007-10-31": 29.8, "2007-07-31": 37.3, "2007-04-30": "45.10000", "2007-01-31": 47.6, "2006-10-31": 35.1, "2006-07-31": 35.4, "2006-04-30": "30.80000", "2006-01-31": 39.5, "2005-10-31": 29.2, "2005-07-31": 32.1, "2005-04-30": "27.60000", "2005-01-31": 150.9}, "Change In Accounts Receivable": {"2020-10-31": 0, "2020-07-31": 0, "2020-04-30": "", "2020-01-31": 0, "2019-10-31": 0, "2019-07-31": 0, "2019-04-30": "", "2019-01-31": 0, "2018-10-31": 0, "2018-07-31": 0, "2018-04-30": "", "2018-01-31": 0, "2017-10-31": 0, "2017-07-31": 0, "2017-04-30": "", "2017-01-31": 0, "2016-10-31": 0, "2016-07-31": 0, "2016-04-30": "", "2016-01-31": 0, "2015-10-31": 0, "2015-07-31": 0, "2015-04-30": "", "2015-01-31": 0, "2014-10-31": 0, "2014-07-31": 0, "2014-04-30": "", "2014-01-31": 0, "2013-10-31": 0, "2013-07-31": 0, "2013-04-30": "", "2013-01-31": 0, "2012-10-31": 0, "2012-07-31": 0, "2012-04-30": "", "2012-01-31": 0, "2011-10-31": 0, "2011-07-31": 0, "2011-04-30": "", "2011-01-31": 0, "2010-10-31": 0, "2010-07-31": 0, "2010-04-30": "", "2010-01-31": 0, "2009-10-31": 0, "2009-07-31": 0, "2009-04-30": "", "2009-01-31": 0, "2008-10-31": 0, "2008-07-31": 0, "2008-04-30": "", "2008-01-31": 0, "2007-10-31": 0, "2007-07-31": 0, "2007-04-30": "", "2007-01-31": 0, "2006-10-31": 0, "2006-07-31": 0, "2006-04-30": "", "2006-01-31": 0, "2005-10-31": 0, "2005-07-31": 0, "2005-04-30": "", "2005-01-31": 0}, "Change In Inventories": {"2020-10-31": 0, "2020-07-31": 0, "2020-04-30": "", "2020-01-31": 13.6, "2019-10-31": 0, "2019-07-31": 0, "2019-04-30": "", "2019-01-31": -369.2, "2018-10-31": 0, "2018-07-31": 0, "2018-04-30": "", "2018-01-31": -300.9, "2017-10-31": 0, "2017-07-31": 0, "2017-04-30": "", "2017-01-31": 21.9, "2016-10-31": 0, "2016-07-31": 0, "2016-04-30": "", "2016-01-31": -87.8, "2015-10-31": 0, "2015-07-31": 0, "2015-04-30": "", "2015-01-31": -6, "2014-10-31": 0, "2014-07-31": 0, "2014-04-30": "", "2014-01-31": -67.7, "2013-10-31": 0, "2013-07-31": 0, "2013-04-30": "", "2013-01-31": -104, "2012-10-31": 0, "2012-07-31": 0, "2012-04-30": "", "2012-01-31": -64.5, "2011-10-31": 0, "2011-07-31": 0, "2011-04-30": "", "2011-01-31": -126.7, "2010-10-31": 0, "2010-07-31": 0, "2010-04-30": "", "2010-01-31": -4, "2009-10-31": 0, "2009-07-31": 0, "2009-04-30": "", "2009-01-31": -34.6, "2008-10-31": 0, "2008-07-31": 0, "2008-04-30": "", "2008-01-31": -36.2, "2007-10-31": 0, "2007-07-31": 0, "2007-04-30": "", "2007-01-31": -6.2, "2006-10-31": 0, "2006-07-31": 0, "2006-04-30": "", "2006-01-31": 38.9, "2005-10-31": 0, "2005-07-31": 0, "2005-04-30": "", "2005-01-31": -89.8}, "Change In Accounts Payable": {"2020-10-31": 0, "2020-07-31": 0, "2020-04-30": "", "2020-01-31": -79.8, "2019-10-31": 0, "2019-07-31": 0, "2019-04-30": "", "2019-01-31": 242.6, "2018-10-31": 0, "2018-07-31": 0, "2018-04-30": "", "2018-01-31": 54.5, "2017-10-31": 0, "2017-07-31": 0, "2017-04-30": "", "2017-01-31": -133.8, "2016-10-31": 0, "2016-07-31": 0, "2016-04-30": "", "2016-01-31": 183.9, "2015-10-31": 0, "2015-07-31": 0, "2015-04-30": "", "2015-01-31": 41.9, "2014-10-31": 0, "2014-07-31": 0, "2014-04-30": "", "2014-01-31": 46.9, "2013-10-31": 0, "2013-07-31": 0, "2013-04-30": "", "2013-01-31": 59.3, "2012-10-31": 0, "2012-07-31": 0, "2012-04-30": "", "2012-01-31": 26.9, "2011-10-31": 0, "2011-07-31": 0, "2011-04-30": "", "2011-01-31": 28.1, "2010-10-31": 0, "2010-07-31": 0, "2010-04-30": "", "2010-01-31": 27, "2009-10-31": 0, "2009-07-31": 0, "2009-04-30": "", "2009-01-31": -7.5, "2008-10-31": 0, "2008-07-31": 0, "2008-04-30": "", "2008-01-31": 2.3, "2007-10-31": 0, "2007-07-31": 0, "2007-04-30": "", "2007-01-31": 53.7, "2006-10-31": 0, "2006-07-31": 0, "2006-04-30": "", "2006-01-31": 11.4, "2005-10-31": 0, "2005-07-31": 0, "2005-04-30": "", "2005-01-31": 9.2}, "Change In Assets/Liabilities": {"2020-10-31": -258.7, "2020-07-31": 51.7, "2020-04-30": "457.50000", "2020-01-31": 333.7, "2019-10-31": -303.5, "2019-07-31": -141.2, "2019-04-30": "157.00000", "2019-01-31": 241.3, "2018-10-31": -189.5, "2018-07-31": -62.3, "2018-04-30": "-113.40000", "2018-01-31": 531.7, "2017-10-31": -510.5, "2017-07-31": -180.5, "2017-04-30": "11.90000", "2017-01-31": 580.2, "2016-10-31": -339.7, "2016-07-31": 27.8, "2016-04-30": "-96.00000", "2016-01-31": 166.6, "2015-10-31": -206.4, "2015-07-31": -180.2, "2015-04-30": "2.10000", "2015-01-31": 239.2, "2014-10-31": -152.8, "2014-07-31": 2.7, "2014-04-30": "-7.20000", "2014-01-31": 208.4, "2013-10-31": -123.9, "2013-07-31": 0.2, "2013-04-30": "-73.00000", "2013-01-31": 118.5, "2012-10-31": -113.8, "2012-07-31": -20, "2012-04-30": "-44.30000", "2012-01-31": 177, "2011-10-31": -94.9, "2011-07-31": -48.3, "2011-04-30": "-7.70000", "2011-01-31": 218, "2010-10-31": -125.3, "2010-07-31": 0.6, "2010-04-30": "-93.40000", "2010-01-31": 148.4, "2009-10-31": -35.4, "2009-07-31": -16.6, "2009-04-30": "-46.60000", "2009-01-31": 254.4, "2008-10-31": -93.3, "2008-07-31": -27.3, "2008-04-30": "-84.60000", "2008-01-31": 157.8, "2007-10-31": -79.4, "2007-07-31": -4.8, "2007-04-30": "-52.40000", "2007-01-31": 127.8, "2006-10-31": -82.3, "2006-07-31": -36.5, "2006-04-30": "13.80000", "2006-01-31": 56.8, "2005-10-31": -5.3, "2005-07-31": -21.6, "2005-04-30": "-25.40000", "2005-01-31": 29.3}, "Total Change In Assets/Liabilities": {"2020-10-31": -258.7, "2020-07-31": 51.7, "2020-04-30": "457.50000", "2020-01-31": 270.2, "2019-10-31": -303.5, "2019-07-31": -141.2, "2019-04-30": "157.00000", "2019-01-31": 143.2, "2018-10-31": -189.5, "2018-07-31": -62.3, "2018-04-30": "-113.40000", "2018-01-31": 226.8, "2017-10-31": -510.5, "2017-07-31": -180.5, "2017-04-30": "11.90000", "2017-01-31": 545.4, "2016-10-31": -339.7, "2016-07-31": 27.8, "2016-04-30": "-96.00000", "2016-01-31": 265.8, "2015-10-31": -206.4, "2015-07-31": -180.2, "2015-04-30": "2.10000", "2015-01-31": 270.5, "2014-10-31": -152.8, "2014-07-31": 2.7, "2014-04-30": "-7.20000", "2014-01-31": 155.3, "2013-10-31": -123.9, "2013-07-31": 0.2, "2013-04-30": "-73.00000", "2013-01-31": 90.1, "2012-10-31": -113.8, "2012-07-31": -20, "2012-04-30": "-44.30000", "2012-01-31": 138.3, "2011-10-31": -94.9, "2011-07-31": -48.3, "2011-04-30": "-7.70000", "2011-01-31": 134.6, "2010-10-31": -125.3, "2010-07-31": 0.6, "2010-04-30": "-93.40000", "2010-01-31": 173.4, "2009-10-31": -35.4, "2009-07-31": -16.6, "2009-04-30": "-46.60000", "2009-01-31": 175.5, "2008-10-31": -93.3, "2008-07-31": -27.3, "2008-04-30": "-84.60000", "2008-01-31": 170.8, "2007-10-31": -79.4, "2007-07-31": -4.8, "2007-04-30": "-52.40000", "2007-01-31": 176.9, "2006-10-31": -82.3, "2006-07-31": -36.5, "2006-04-30": "13.80000", "2006-01-31": 115.1, "2005-10-31": -5.3, "2005-07-31": -21.6, "2005-04-30": "-25.40000", "2005-01-31": -54.7}, "Cash Flow From Operating Activities": {"2020-10-31": 296.7, "2020-07-31": 478, "2020-04-30": "959.00000", "2020-01-31": 855.3, "2019-10-31": 170.5, "2019-07-31": 229.9, "2019-04-30": "614.10000", "2019-01-31": 715.1, "2018-10-31": 282.1, "2018-07-31": 381.2, "2018-04-30": "387.60000", "2018-01-31": 917.6, "2017-10-31": -82.6, "2017-07-31": 244.5, "2017-04-30": "430.70000", "2017-01-31": 1018, "2016-10-31": -25, "2016-07-31": 369.3, "2016-04-30": "311.00000", "2016-01-31": 831.5, "2015-10-31": -4.6, "2015-07-31": -174.8, "2015-04-30": "150.40000", "2015-01-31": 554.3, "2014-10-31": 23.2, "2014-07-31": 167.1, "2014-04-30": "198.20000", "2014-01-31": 427.4, "2013-10-31": 66.4, "2013-07-31": 171, "2013-04-30": "129.30000", "2013-01-31": 364.9, "2012-10-31": 33.6, "2012-07-31": 145.3, "2012-04-30": "134.50000", "2012-01-31": 367.8, "2011-10-31": 59.5, "2011-07-31": 102.9, "2011-04-30": "156.30000", "2011-01-31": 343.9, "2010-10-31": 21, "2010-07-31": 118, "2010-04-30": "35.80000", "2010-01-31": 358.4, "2009-10-31": 88.6, "2009-07-31": 79.4, "2009-04-30": "54.60000", "2009-01-31": 316.6, "2008-10-31": -4.6, "2008-07-31": 56.6, "2008-04-30": "34.50000", "2008-01-31": 285.1, "2007-10-31": -13.7, "2007-07-31": 65.1, "2007-04-30": "30.80000", "2007-01-31": 322.1, "2006-10-31": -14.7, "2006-07-31": 27.9, "2006-04-30": "77.50000", "2006-01-31": 241.1, "2005-10-31": 55, "2005-07-31": 37.8, "2005-04-30": "31.20000", "2005-01-31": 276.5}, "Net Change In Property, Plant, And Equipment": {"2020-10-31": -236.4, "2020-07-31": -235.2, "2020-04-30": "-235.90000", "2020-01-31": -251.5, "2019-10-31": -280, "2019-07-31": -296.3, "2019-04-30": "-208.90000", "2019-01-31": -197.3, "2018-10-31": -224.7, "2018-07-31": -213.6, "2018-04-30": "-181.10000", "2018-01-31": -182.4, "2017-10-31": -179.9, "2017-07-31": -161.5, "2017-04-30": "-108.10000", "2017-01-31": -115.3, "2016-10-31": -95.9, "2016-07-31": -179.6, "2016-04-30": "-174.80000", "2016-01-31": -143.1, "2015-10-31": -169.6, "2015-07-31": -100.4, "2015-04-30": "-66.90000", "2015-01-31": -71.3, "2014-10-31": -92.8, "2014-07-31": -88.3, "2014-04-30": "-71.60000", "2014-01-31": -46.8, "2013-10-31": -84.5, "2013-07-31": -96.4, "2013-04-30": "-103.20000", "2013-01-31": -76.5, "2012-10-31": -96.6, "2012-07-31": -74.7, "2012-04-30": "-65.40000", "2012-01-31": -53.3, "2011-10-31": -75.5, "2011-07-31": -63, "2011-04-30": "-58.30000", "2011-01-31": -32, "2010-10-31": -56.6, "2010-07-31": -45, "2010-04-30": "-45.10000", "2010-01-31": -51, "2009-10-31": -45.8, "2009-07-31": -33.9, "2009-04-30": "-34.10000", "2009-01-31": -27.1, "2008-10-31": -38.8, "2008-07-31": -32.7, "2008-04-30": "-32.70000", "2008-01-31": -36.2, "2007-10-31": -63.9, "2007-07-31": -49.2, "2007-04-30": "-39.70000", "2007-01-31": -35.4, "2006-10-31": -51.3, "2006-07-31": -46.1, "2006-04-30": "-42.50000", "2006-01-31": -25, "2005-10-31": -39.7, "2005-07-31": -40.6, "2005-04-30": "-33.90000", "2005-01-31": -181.8}, "Net Change In Intangible Assets": {"2020-10-31": 0, "2020-07-31": 0, "2020-04-30": "", "2020-01-31": 0, "2019-10-31": 0, "2019-07-31": 0, "2019-04-30": "", "2019-01-31": 0, "2018-10-31": 0, "2018-07-31": 0, "2018-04-30": "", "2018-01-31": 0, "2017-10-31": 0, "2017-07-31": 0, "2017-04-30": "", "2017-01-31": 0, "2016-10-31": 0, "2016-07-31": 0, "2016-04-30": "", "2016-01-31": 0, "2015-10-31": 0, "2015-07-31": 0, "2015-04-30": "", "2015-01-31": 0, "2014-10-31": 0, "2014-07-31": 0, "2014-04-30": "", "2014-01-31": -0.3, "2013-10-31": 0, "2013-07-31": 0, "2013-04-30": "", "2013-01-31": 0, "2012-10-31": 0, "2012-07-31": 0, "2012-04-30": "", "2012-01-31": 0, "2011-10-31": 0, "2011-07-31": 0, "2011-04-30": "", "2011-01-31": -0.2, "2010-10-31": 0, "2010-07-31": 0, "2010-04-30": "", "2010-01-31": 0, "2009-10-31": 0, "2009-07-31": 0, "2009-04-30": "", "2009-01-31": -0.4, "2008-10-31": 0, "2008-07-31": 0, "2008-04-30": "", "2008-01-31": -6.6, "2007-10-31": 0, "2007-07-31": 0, "2007-04-30": "", "2007-01-31": 0.5, "2006-10-31": -3.6, "2006-07-31": -1, "2006-04-30": "-0.10000", "2006-01-31": 0.3, "2005-10-31": -4, "2005-07-31": 0, "2005-04-30": "", "2005-01-31": -6.8}, "Net Acquisitions/Divestitures": {"2020-10-31": 0, "2020-07-31": 0, "2020-04-30": "", "2020-01-31": 0, "2019-10-31": 0, "2019-07-31": 0, "2019-04-30": "", "2019-01-31": 0, "2018-10-31": 0, "2018-07-31": 0, "2018-04-30": "", "2018-01-31": 0, "2017-10-31": 0, "2017-07-31": 0, "2017-04-30": "", "2017-01-31": 0, "2016-10-31": 0, "2016-07-31": 0, "2016-04-30": "", "2016-01-31": 0, "2015-10-31": -2.1, "2015-07-31": -6525.6, "2015-04-30": "", "2015-01-31": 0, "2014-10-31": 0, "2014-07-31": 0, "2014-04-30": "", "2014-01-31": 0, "2013-10-31": 0, "2013-07-31": 0, "2013-04-30": "", "2013-01-31": 0, "2012-10-31": 0, "2012-07-31": 0, "2012-04-30": "", "2012-01-31": 0, "2011-10-31": 0, "2011-07-31": 0, "2011-04-30": "", "2011-01-31": -49.4, "2010-10-31": 0, "2010-07-31": 0, "2010-04-30": "", "2010-01-31": 0, "2009-10-31": 0, "2009-07-31": 0, "2009-04-30": "", "2009-01-31": 0, "2008-10-31": 0, "2008-07-31": 0, "2008-04-30": "", "2008-01-31": 0, "2007-10-31": 0, "2007-07-31": 0, "2007-04-30": "", "2007-01-31": 0, "2006-10-31": 0, "2006-07-31": 0, "2006-04-30": "", "2006-01-31": 0, "2005-10-31": 0, "2005-07-31": 0, "2005-04-30": "", "2005-01-31": 0}, "Net Change In Short-term Investments": {"2020-10-31": 0, "2020-07-31": 0, "2020-04-30": "", "2020-01-31": 0, "2019-10-31": 0, "2019-07-31": 0, "2019-04-30": "", "2019-01-31": 0, "2018-10-31": 0, "2018-07-31": 0, "2018-04-30": "", "2018-01-31": 0, "2017-10-31": 0, "2017-07-31": 0, "2017-04-30": "", "2017-01-31": 0, "2016-10-31": 0, "2016-07-31": 0, "2016-04-30": "", "2016-01-31": 0, "2015-10-31": 0, "2015-07-31": 0, "2015-04-30": "", "2015-01-31": 0, "2014-10-31": 0, "2014-07-31": 0, "2014-04-30": "", "2014-01-31": 0, "2013-10-31": 0, "2013-07-31": 0, "2013-04-30": "", "2013-01-31": 0, "2012-10-31": 0, "2012-07-31": 0, "2012-04-30": "", "2012-01-31": 0, "2011-10-31": 123.8, "2011-07-31": 15.2, "2011-04-30": "35.80000", "2011-01-31": -92.3, "2010-10-31": -31.5, "2010-07-31": 0.4, "2010-04-30": "-23.60000", "2010-01-31": -27.8, "2009-10-31": 0, "2009-07-31": 0, "2009-04-30": "", "2009-01-31": 0, "2008-10-31": 0, "2008-07-31": 0, "2008-04-30": "40.50000", "2008-01-31": -40.5, "2007-10-31": 144, "2007-07-31": -15.2, "2007-04-30": "93.00000", "2007-01-31": -161, "2006-10-31": 70.7, "2006-07-31": 91.7, "2006-04-30": "50.80000", "2006-01-31": -239.4, "2005-10-31": 116.4, "2005-07-31": -46.3, "2005-04-30": "106.60000", "2005-01-31": -126.8}, "Net Change In Long-Term Investments": {"2020-10-31": 0, "2020-07-31": 0, "2020-04-30": "", "2020-01-31": 0, "2019-10-31": 0, "2019-07-31": 0, "2019-04-30": "", "2019-01-31": 0, "2018-10-31": 0, "2018-07-31": 0, "2018-04-30": "", "2018-01-31": 0, "2017-10-31": 4, "2017-07-31": 0, "2017-04-30": "", "2017-01-31": 0, "2016-10-31": 0, "2016-07-31": 0, "2016-04-30": "82.00000", "2016-01-31": 41.3, "2015-10-31": -12, "2015-07-31": 0, "2015-04-30": "", "2015-01-31": 0, "2014-10-31": 9, "2014-07-31": 0, "2014-04-30": "", "2014-01-31": -8.8, "2013-10-31": 0, "2013-07-31": 0, "2013-04-30": "15.00000", "2013-01-31": -11, "2012-10-31": 62.3, "2012-07-31": 0, "2012-04-30": "", "2012-01-31": -11, "2011-10-31": 0, "2011-07-31": 0, "2011-04-30": "", "2011-01-31": -14.4, "2010-10-31": -0.1, "2010-07-31": 15.7, "2010-04-30": "", "2010-01-31": -15.8, "2009-10-31": 0, "2009-07-31": -4, "2009-04-30": "-0.10000", "2009-01-31": -10.1, "2008-10-31": -0.3, "2008-07-31": -0.1, "2008-04-30": "-0.30000", "2008-01-31": -7.3, "2007-10-31": -0.3, "2007-07-31": -0.6, "2007-04-30": "-0.20000", "2007-01-31": -9.3, "2006-10-31": 0, "2006-07-31": 0, "2006-04-30": "", "2006-01-31": -14.7, "2005-10-31": 0, "2005-07-31": 0, "2005-04-30": "-15.20000", "2005-01-31": 0}, "Net Change In Investments - Total": {"2020-10-31": 0, "2020-07-31": 0, "2020-04-30": "", "2020-01-31": 0, "2019-10-31": 0, "2019-07-31": 0, "2019-04-30": "", "2019-01-31": 0, "2018-10-31": 0, "2018-07-31": 0, "2018-04-30": "", "2018-01-31": 0, "2017-10-31": 4, "2017-07-31": 0, "2017-04-30": "", "2017-01-31": 0, "2016-10-31": 0, "2016-07-31": 0, "2016-04-30": "82.00000", "2016-01-31": 41.3, "2015-10-31": -12, "2015-07-31": 0, "2015-04-30": "", "2015-01-31": 0, "2014-10-31": 9, "2014-07-31": 0, "2014-04-30": "", "2014-01-31": -8.8, "2013-10-31": 0, "2013-07-31": 0, "2013-04-30": "15.00000", "2013-01-31": -11, "2012-10-31": 62.3, "2012-07-31": 0, "2012-04-30": "", "2012-01-31": -11, "2011-10-31": 123.8, "2011-07-31": 15.2, "2011-04-30": "35.80000", "2011-01-31": -106.7, "2010-10-31": -31.6, "2010-07-31": 16.1, "2010-04-30": "-23.60000", "2010-01-31": -43.6, "2009-10-31": 0, "2009-07-31": -4, "2009-04-30": "-0.10000", "2009-01-31": -10.1, "2008-10-31": -0.3, "2008-07-31": -0.1, "2008-04-30": "40.20000", "2008-01-31": -47.8, "2007-10-31": 143.7, "2007-07-31": -15.8, "2007-04-30": "92.80000", "2007-01-31": -170.3, "2006-10-31": 70.7, "2006-07-31": 91.7, "2006-04-30": "50.80000", "2006-01-31": -254.1, "2005-10-31": 116.4, "2005-07-31": -46.3, "2005-04-30": "91.40000", "2005-01-31": -126.8}, "Investing Activities - Other": {"2020-10-31": 0, "2020-07-31": 0, "2020-04-30": "", "2020-01-31": 0, "2019-10-31": 0, "2019-07-31": 0, "2019-04-30": "16.50000", "2019-01-31": 0, "2018-10-31": 0, "2018-07-31": 0, "2018-04-30": "", "2018-01-31": 0, "2017-10-31": 0, "2017-07-31": 0, "2017-04-30": "", "2017-01-31": 0, "2016-10-31": 0, "2016-07-31": 0, "2016-04-30": "", "2016-01-31": 0, "2015-10-31": 12, "2015-07-31": 7232.1, "2015-04-30": "-7244.10000", "2015-01-31": 0.1, "2014-10-31": -0.1, "2014-07-31": 0, "2014-04-30": "", "2014-01-31": 0.3, "2013-10-31": 0, "2013-07-31": -0.3, "2013-04-30": "", "2013-01-31": 0.3, "2012-10-31": 0, "2012-07-31": -0.3, "2012-04-30": "", "2012-01-31": 0.2, "2011-10-31": 0, "2011-07-31": -0.4, "2011-04-30": "0.40000", "2011-01-31": 0.2, "2010-10-31": 0, "2010-07-31": -0.2, "2010-04-30": "", "2010-01-31": 0, "2009-10-31": 0, "2009-07-31": 0, "2009-04-30": "", "2009-01-31": 0.4, "2008-10-31": -0.1, "2008-07-31": -0.2, "2008-04-30": "-0.10000", "2008-01-31": 6.5, "2007-10-31": -1.7, "2007-07-31": -4.6, "2007-04-30": "-0.20000", "2007-01-31": 0, "2006-10-31": 0, "2006-07-31": -3.3, "2006-04-30": "-50.80000", "2006-01-31": 0, "2005-10-31": 3.3, "2005-07-31": -0.4, "2005-04-30": "-2.90000", "2005-01-31": 0}, "Cash Flow From Investing Activities": {"2020-10-31": -236.4, "2020-07-31": -235.2, "2020-04-30": "-235.90000", "2020-01-31": -251.5, "2019-10-31": -280, "2019-07-31": -296.3, "2019-04-30": "-192.40000", "2019-01-31": -197.3, "2018-10-31": -224.7, "2018-07-31": -213.6, "2018-04-30": "-181.10000", "2018-01-31": -182.4, "2017-10-31": -175.9, "2017-07-31": -161.5, "2017-04-30": "-108.10000", "2017-01-31": -115.3, "2016-10-31": -95.9, "2016-07-31": -179.6, "2016-04-30": "-92.80000", "2016-01-31": -101.8, "2015-10-31": -171.7, "2015-07-31": 606.1, "2015-04-30": "-7311.00000", "2015-01-31": -71.2, "2014-10-31": -83.9, "2014-07-31": -88.3, "2014-04-30": "-71.60000", "2014-01-31": -55.6, "2013-10-31": -84.5, "2013-07-31": -96.7, "2013-04-30": "-88.20000", "2013-01-31": -87.2, "2012-10-31": -34.3, "2012-07-31": -75, "2012-04-30": "-65.40000", "2012-01-31": -64.1, "2011-10-31": 48.3, "2011-07-31": -48.2, "2011-04-30": "-22.10000", "2011-01-31": -188.1, "2010-10-31": -88.2, "2010-07-31": -29.1, "2010-04-30": "-68.70000", "2010-01-31": -94.6, "2009-10-31": -45.8, "2009-07-31": -37.9, "2009-04-30": "-34.20000", "2009-01-31": -37.2, "2008-10-31": -39.2, "2008-07-31": -33, "2008-04-30": "7.40000", "2008-01-31": -84.1, "2007-10-31": 78.1, "2007-07-31": -69.6, "2007-04-30": "52.90000", "2007-01-31": -205.2, "2006-10-31": 15.8, "2006-07-31": 41.3, "2006-04-30": "-42.60000", "2006-01-31": -278.8, "2005-10-31": 76, "2005-07-31": -87.3, "2005-04-30": "54.60000", "2005-01-31": -315.4}, "Net Long-Term Debt": {"2020-10-31": 0, "2020-07-31": 0, "2020-04-30": "-250.00000", "2020-01-31": -500, "2019-10-31": 0, "2019-07-31": 0, "2019-04-30": "", "2019-01-31": -781.9996, "2018-10-31": 0, "2018-07-31": 0, "2018-04-30": "-656.90040", "2018-01-31": -48.3, "2017-10-31": -41.5, "2017-07-31": -541.5, "2017-04-30": "-27.80000", "2017-01-31": -777.7, "2016-10-31": -242, "2016-07-31": -33.2, "2016-04-30": "-20.80000", "2016-01-31": -1040.5, "2015-10-31": -20.8, "2015-07-31": 84.6, "2015-04-30": "7180.20000", "2015-01-31": 0, "2014-10-31": 0, "2014-07-31": 0, "2014-04-30": "-12.80000", "2014-01-31": -250, "2013-10-31": 750, "2013-07-31": -1.5, "2013-04-30": "", "2013-01-31": 6.7, "2012-10-31": 0, "2012-07-31": -1.2, "2012-04-30": "", "2012-01-31": -2, "2011-10-31": 0, "2011-07-31": 0, "2011-04-30": "", "2011-01-31": -15.1, "2010-10-31": 0, "2010-07-31": 0, "2010-04-30": "", "2010-01-31": -0.4, "2009-10-31": 0, "2009-07-31": 0, "2009-04-30": "", "2009-01-31": -1.2, "2008-10-31": 0, "2008-07-31": 0, "2008-04-30": "", "2008-01-31": -0.1, "2007-10-31": -0.1, "2007-07-31": -0.3, "2007-04-30": "-0.10000", "2007-01-31": -0.1, "2006-10-31": 0, "2006-07-31": -0.4, "2006-04-30": "-0.10000", "2006-01-31": 4.7, "2005-10-31": -1.8, "2005-07-31": -1.8, "2005-04-30": "-1.70000", "2005-01-31": 94.7}, "Net Current Debt": {"2020-10-31": -500, "2020-07-31": -250, "2020-04-30": "750.00000", "2020-01-31": 0, "2019-10-31": 0, "2019-07-31": 0, "2019-04-30": "", "2019-01-31": 0, "2018-10-31": 0, "2018-07-31": 0, "2018-04-30": "", "2018-01-31": 0, "2017-10-31": 0, "2017-07-31": 0, "2017-04-30": "", "2017-01-31": 0, "2016-10-31": 0, "2016-07-31": 0, "2016-04-30": "", "2016-01-31": 0, "2015-10-31": 0, "2015-07-31": 0, "2015-04-30": "", "2015-01-31": 0, "2014-10-31": 0, "2014-07-31": 0, "2014-04-30": "", "2014-01-31": 0, "2013-10-31": 0, "2013-07-31": 0, "2013-04-30": "", "2013-01-31": 0, "2012-10-31": 0, "2012-07-31": 0, "2012-04-30": "", "2012-01-31": 0, "2011-10-31": 0, "2011-07-31": 0, "2011-04-30": "", "2011-01-31": 0, "2010-10-31": 0, "2010-07-31": 0, "2010-04-30": "", "2010-01-31": 0, "2009-10-31": 0, "2009-07-31": 0, "2009-04-30": "", "2009-01-31": 0, "2008-10-31": 0, "2008-07-31": 0, "2008-04-30": "", "2008-01-31": -85.2, "2007-10-31": 85.2, "2007-07-31": 0, "2007-04-30": "", "2007-01-31": 0, "2006-10-31": 0, "2006-07-31": 0, "2006-04-30": "", "2006-01-31": 0, "2005-10-31": 0, "2005-07-31": 0, "2005-04-30": "", "2005-01-31": 0}, "Debt Issuance/Retirement Net - Total": {"2020-10-31": -500, "2020-07-31": -250, "2020-04-30": "500.00000", "2020-01-31": -500, "2019-10-31": 0, "2019-07-31": 0, "2019-04-30": "", "2019-01-31": -781.9996, "2018-10-31": 0, "2018-07-31": 0, "2018-04-30": "-656.90040", "2018-01-31": -48.3, "2017-10-31": -41.5, "2017-07-31": -541.5, "2017-04-30": "-27.80000", "2017-01-31": -777.7, "2016-10-31": -242, "2016-07-31": -33.2, "2016-04-30": "-20.80000", "2016-01-31": -1040.5, "2015-10-31": -20.8, "2015-07-31": 84.6, "2015-04-30": "7180.20000", "2015-01-31": 0, "2014-10-31": 0, "2014-07-31": 0, "2014-04-30": "-12.80000", "2014-01-31": -250, "2013-10-31": 750, "2013-07-31": -1.5, "2013-04-30": "", "2013-01-31": 6.7, "2012-10-31": 0, "2012-07-31": -1.2, "2012-04-30": "", "2012-01-31": -2, "2011-10-31": 0, "2011-07-31": 0, "2011-04-30": "", "2011-01-31": -15.1, "2010-10-31": 0, "2010-07-31": 0, "2010-04-30": "", "2010-01-31": -0.4, "2009-10-31": 0, "2009-07-31": 0, "2009-04-30": "", "2009-01-31": -1.2, "2008-10-31": 0, "2008-07-31": 0, "2008-04-30": "", "2008-01-31": -85.3, "2007-10-31": 85.1, "2007-07-31": -0.3, "2007-04-30": "-0.10000", "2007-01-31": -0.1, "2006-10-31": 0, "2006-07-31": -0.4, "2006-04-30": "-0.10000", "2006-01-31": 4.7, "2005-10-31": -1.8, "2005-07-31": -1.8, "2005-04-30": "-1.70000", "2005-01-31": 94.7}, "Net Common Equity Issued/Repurchased": {"2020-10-31": -191.7, "2020-07-31": 2.1, "2020-04-30": "9.70000", "2020-01-31": 2.9, "2019-10-31": -57.6, "2019-07-31": -35.9, "2019-04-30": "-94.20000", "2019-01-31": 3.3, "2018-10-31": 4, "2018-07-31": 5.6, "2018-04-30": "4.60000", "2018-01-31": 10.6, "2017-10-31": 9.5, "2017-07-31": 3.1, "2017-04-30": "11.80000", "2017-01-31": 8.2, "2016-10-31": 10.6, "2016-07-31": 8.3, "2016-04-30": "14.40000", "2016-01-31": 7.7, "2015-10-31": 2.3, "2015-07-31": 1.3, "2015-04-30": "2.60000", "2015-01-31": 1.1, "2014-10-31": 1.1, "2014-07-31": 1.4, "2014-04-30": "1.90000", "2014-01-31": -5, "2013-10-31": -998.5, "2013-07-31": -42.2, "2013-04-30": "-66.40000", "2013-01-31": -113.7, "2012-10-31": -157.3, "2012-07-31": -70.6, "2012-04-30": "1.40000", "2012-01-31": -298.4, "2011-10-31": -248.2, "2011-07-31": -3.7, "2011-04-30": "-84.70000", "2011-01-31": -139.4, "2010-10-31": -52.8, "2010-07-31": 2.7, "2010-04-30": "-207.50000", "2010-01-31": -34.3, "2009-10-31": -59.7, "2009-07-31": -40.5, "2009-04-30": "-30.30000", "2009-01-31": 5.6, "2008-10-31": 7.2, "2008-07-31": 7, "2008-04-30": "1.80000", "2008-01-31": -104.6, "2007-10-31": -164.1, "2007-07-31": -17.3, "2007-04-30": "-115.40000", "2007-01-31": -91.9, "2006-10-31": 5.7, "2006-07-31": -84.2, "2006-04-30": "-37.50000", "2006-01-31": 3.6, "2005-10-31": -48.5, "2005-07-31": 0.3, "2005-04-30": "-125.10000", "2005-01-31": -33.5}, "Net Total Equity Issued/Repurchased": {"2020-10-31": -191.7, "2020-07-31": 2.1, "2020-04-30": "9.70000", "2020-01-31": 2.9, "2019-10-31": -57.6, "2019-07-31": -35.9, "2019-04-30": "-94.20000", "2019-01-31": 3.3, "2018-10-31": 4, "2018-07-31": 5.6, "2018-04-30": "4.60000", "2018-01-31": 10.6, "2017-10-31": 9.5, "2017-07-31": 3.1, "2017-04-30": "11.80000", "2017-01-31": 8.2, "2016-10-31": 10.6, "2016-07-31": 8.3, "2016-04-30": "14.40000", "2016-01-31": 7.7, "2015-10-31": 2.3, "2015-07-31": 1.3, "2015-04-30": "2.60000", "2015-01-31": 1.1, "2014-10-31": 1.1, "2014-07-31": 1.4, "2014-04-30": "1.90000", "2014-01-31": 1, "2013-10-31": -998.5, "2013-07-31": -42.2, "2013-04-30": "-66.40000", "2013-01-31": -103.7, "2012-10-31": -157.3, "2012-07-31": -70.6, "2012-04-30": "1.40000", "2012-01-31": -298.4, "2011-10-31": -248.2, "2011-07-31": -3.7, "2011-04-30": "-84.70000", "2011-01-31": -139.4, "2010-10-31": -52.8, "2010-07-31": 2.7, "2010-04-30": "-207.50000", "2010-01-31": -34.3, "2009-10-31": -59.7, "2009-07-31": -40.5, "2009-04-30": "-30.30000", "2009-01-31": 5.6, "2008-10-31": 7.2, "2008-07-31": 7, "2008-04-30": "1.80000", "2008-01-31": -104.6, "2007-10-31": -164.1, "2007-07-31": -17.3, "2007-04-30": "-115.40000", "2007-01-31": -91.9, "2006-10-31": 5.7, "2006-07-31": -84.2, "2006-04-30": "-37.50000", "2006-01-31": 3.6, "2005-10-31": -48.5, "2005-07-31": 0.3, "2005-04-30": "-125.10000", "2005-01-31": -33.5}, "Total Common And Preferred Stock Dividends Paid": {"2020-10-31": 0, "2020-07-31": 0, "2020-04-30": "", "2020-01-31": 0, "2019-10-31": 0, "2019-07-31": 0, "2019-04-30": "", "2019-01-31": 0, "2018-10-31": 0, "2018-07-31": 0, "2018-04-30": "", "2018-01-31": 0, "2017-10-31": 0, "2017-07-31": 0, "2017-04-30": "", "2017-01-31": 0, "2016-10-31": 0, "2016-07-31": 0, "2016-04-30": "", "2016-01-31": 0, "2015-10-31": 0, "2015-07-31": 0, "2015-04-30": "", "2015-01-31": 0, "2014-10-31": 0, "2014-07-31": 0, "2014-04-30": "", "2014-01-31": 0, "2013-10-31": 0, "2013-07-31": 0, "2013-04-30": "", "2013-01-31": 0, "2012-10-31": 0, "2012-07-31": 0, "2012-04-30": "", "2012-01-31": 0, "2011-10-31": 0, "2011-07-31": 0, "2011-04-30": "", "2011-01-31": 0, "2010-10-31": 0, "2010-07-31": 0, "2010-04-30": "", "2010-01-31": 0, "2009-10-31": 0, "2009-07-31": 0, "2009-04-30": "", "2009-01-31": 0, "2008-10-31": 0, "2008-07-31": 0, "2008-04-30": "", "2008-01-31": 0, "2007-10-31": 0, "2007-07-31": 0, "2007-04-30": "", "2007-01-31": 0, "2006-10-31": 0, "2006-07-31": 0, "2006-04-30": "", "2006-01-31": 0, "2005-10-31": 0, "2005-07-31": 0, "2005-04-30": "", "2005-01-31": 0}, "Financial Activities - Other": {"2020-10-31": -0.4, "2020-07-31": -0.3, "2020-04-30": "-16.10000", "2020-01-31": -0.7, "2019-10-31": -0.4, "2019-07-31": -0.6, "2019-04-30": "-23.30000", "2019-01-31": -0.6, "2018-10-31": -0.9, "2018-07-31": -0.5, "2018-04-30": "-176.50000", "2018-01-31": -0.2, "2017-10-31": -2.5, "2017-07-31": -7.1, "2017-04-30": "-17.60000", "2017-01-31": -1, "2016-10-31": -6.7, "2016-07-31": -2.2, "2016-04-30": "-18.40000", "2016-01-31": -67.3, "2015-10-31": -1.1, "2015-07-31": -84, "2015-04-30": "-16.20000", "2015-01-31": -26.9, "2014-10-31": 0, "2014-07-31": 0.2, "2014-04-30": "3.40000", "2014-01-31": 0.2, "2013-10-31": 0, "2013-07-31": 0.6, "2013-04-30": "9.00000", "2013-01-31": -3, "2012-10-31": 0.2, "2012-07-31": 0.5, "2012-04-30": "23.60000", "2012-01-31": 4.8, "2011-10-31": 0, "2011-07-31": -0.7, "2011-04-30": "9.70000", "2011-01-31": 1.1, "2010-10-31": 0.2, "2010-07-31": -0.9, "2010-04-30": "7.40000", "2010-01-31": 0.4, "2009-10-31": 0.8, "2009-07-31": 2, "2009-04-30": "0.70000", "2009-01-31": 2, "2008-10-31": 0.6, "2008-07-31": -0.2, "2008-04-30": "-0.10000", "2008-01-31": -0.5, "2007-10-31": 1.1, "2007-07-31": 5.8, "2007-04-30": "6.60000", "2007-01-31": 2, "2006-10-31": 2.3, "2006-07-31": 0.2, "2006-04-30": "1.10000", "2006-01-31": 0, "2005-10-31": 0, "2005-07-31": 0, "2005-04-30": "", "2005-01-31": 0}, "Cash Flow From Financial Activities": {"2020-10-31": -692.1, "2020-07-31": -248.2, "2020-04-30": "493.60000", "2020-01-31": -497.8, "2019-10-31": -58, "2019-07-31": -36.5, "2019-04-30": "-117.50000", "2019-01-31": -779.3, "2018-10-31": 3.1, "2018-07-31": 5.1, "2018-04-30": "-828.80000", "2018-01-31": -37.9, "2017-10-31": -34.5, "2017-07-31": -545.5, "2017-04-30": "-33.60000", "2017-01-31": -770.5, "2016-10-31": -238.1, "2016-07-31": -27.1, "2016-04-30": "-24.80000", "2016-01-31": -1100.1, "2015-10-31": -19.6, "2015-07-31": 1.9, "2015-04-30": "7166.60000", "2015-01-31": -25.8, "2014-10-31": 1.1, "2014-07-31": 1.6, "2014-04-30": "-7.50000", "2014-01-31": -248.8, "2013-10-31": -248.5, "2013-07-31": -43.1, "2013-04-30": "-57.40000", "2013-01-31": -100, "2012-10-31": -157.1, "2012-07-31": -71.3, "2012-04-30": "25.00000", "2012-01-31": -295.6, "2011-10-31": -248.2, "2011-07-31": -4.4, "2011-04-30": "-75.00000", "2011-01-31": -153.4, "2010-10-31": -52.6, "2010-07-31": 1.8, "2010-04-30": "-200.10000", "2010-01-31": -34.3, "2009-10-31": -58.9, "2009-07-31": -38.5, "2009-04-30": "-29.60000", "2009-01-31": 6.4, "2008-10-31": 7.8, "2008-07-31": 6.8, "2008-04-30": "1.70000", "2008-01-31": -190.4, "2007-10-31": -77.9, "2007-07-31": -11.8, "2007-04-30": "-108.90000", "2007-01-31": -90, "2006-10-31": 8, "2006-07-31": -84.4, "2006-04-30": "-36.50000", "2006-01-31": 8.3, "2005-10-31": -50.3, "2005-07-31": -1.5, "2005-04-30": "-126.80000", "2005-01-31": 61.2}, "Net Cash Flow": {"2020-10-31": -632, "2020-07-31": -4.8, "2020-04-30": "1216.00000", "2020-01-31": 105.7, "2019-10-31": -168, "2019-07-31": -102.2, "2019-04-30": "303.80000", "2019-01-31": -261.6, "2018-10-31": 61, "2018-07-31": 172.1, "2018-04-30": "-622.60000", "2018-01-31": 697.7, "2017-10-31": -293.2, "2017-07-31": -461.6, "2017-04-30": "288.50000", "2017-01-31": 132.6, "2016-10-31": -359.4, "2016-07-31": 163.5, "2016-04-30": "193.60000", "2016-01-31": -370.8, "2015-10-31": -195.6, "2015-07-31": 432.1, "2015-04-30": "6.30000", "2015-01-31": 456.5, "2014-10-31": -60.1, "2014-07-31": 80.6, "2014-04-30": "119.40000", "2014-01-31": 120.6, "2013-10-31": -266.6, "2013-07-31": 30.4, "2013-04-30": "-16.60000", "2013-01-31": 177.5, "2012-10-31": -157.4, "2012-07-31": -2.5, "2012-04-30": "94.00000", "2012-01-31": 8.1, "2011-10-31": -141.4, "2011-07-31": 50.3, "2011-04-30": "60.10000", "2011-01-31": 1.7, "2010-10-31": -119.8, "2010-07-31": 90.7, "2010-04-30": "-233.00000", "2010-01-31": 229.5, "2009-10-31": -16.1, "2009-07-31": 3, "2009-04-30": "-9.20000", "2009-01-31": 285.8, "2008-10-31": -36, "2008-07-31": 30.4, "2008-04-30": "43.60000", "2008-01-31": 10.6, "2007-10-31": -13.5, "2007-07-31": -16.3, "2007-04-30": "-25.20000", "2007-01-31": 26.9, "2006-10-31": 9.1, "2006-07-31": -15.2, "2006-04-30": "-1.60000", "2006-01-31": -29.4, "2005-10-31": 80.7, "2005-07-31": -51, "2005-04-30": "-41.00000", "2005-01-31": 22.3}, "Stock-Based Compensation": {"2020-10-31": 14.8, "2020-07-31": 23.1, "2020-04-30": "32.60000", "2020-01-31": 8.9, "2019-10-31": 8.4, "2019-07-31": 13.6, "2019-04-30": "30.50000", "2019-01-31": 63.1, "2018-10-31": 0, "2018-07-31": 0, "2018-04-30": "", "2018-01-31": 65.7, "2017-10-31": 0, "2017-07-31": 0, "2017-04-30": "", "2017-01-31": 61.6, "2016-10-31": 0, "2016-07-31": 0, "2016-04-30": "", "2016-01-31": 53.2, "2015-10-31": 0, "2015-07-31": 0, "2015-04-30": "", "2015-01-31": 38.3, "2014-10-31": 0, "2014-07-31": 0, "2014-04-30": "", "2014-01-31": 37, "2013-10-31": 0, "2013-07-31": 0, "2013-04-30": "", "2013-01-31": 35.5, "2012-10-31": 0, "2012-07-31": 0, "2012-04-30": "", "2012-01-31": 31.6, "2011-10-31": 0, "2011-07-31": 0, "2011-04-30": "", "2011-01-31": 28.3, "2010-10-31": 0, "2010-07-31": 0, "2010-04-30": "", "2010-01-31": 21.7, "2009-10-31": 0, "2009-07-31": 0, "2009-04-30": "", "2009-01-31": 16.7, "2008-10-31": 0, "2008-07-31": 0, "2008-04-30": "", "2008-01-31": 11.3, "2007-10-31": 0, "2007-07-31": 0, "2007-04-30": "", "2007-01-31": 6.7, "2006-10-31": 0, "2006-07-31": 0, "2006-04-30": "", "2006-01-31": 2.4, "2005-10-31": 0, "2005-07-31": 0, "2005-04-30": "", "2005-01-31": 0}, "Common Stock Dividends Paid": {"2020-10-31": 0, "2020-07-31": 0, "2020-04-30": "", "2020-01-31": 0, "2019-10-31": 0, "2019-07-31": 0, "2019-04-30": "", "2019-01-31": 0, "2018-10-31": 0, "2018-07-31": 0, "2018-04-30": "", "2018-01-31": 0, "2017-10-31": 0, "2017-07-31": 0, "2017-04-30": "", "2017-01-31": 0, "2016-10-31": 0, "2016-07-31": 0, "2016-04-30": "", "2016-01-31": 0, "2015-10-31": 0, "2015-07-31": 0, "2015-04-30": "", "2015-01-31": 0, "2014-10-31": 0, "2014-07-31": 0, "2014-04-30": "", "2014-01-31": 0, "2013-10-31": 0, "2013-07-31": 0, "2013-04-30": "", "2013-01-31": 0, "2012-10-31": 0, "2012-07-31": 0, "2012-04-30": "", "2012-01-31": 0, "2011-10-31": 0, "2011-07-31": 0, "2011-04-30": "", "2011-01-31": 0, "2010-10-31": 0, "2010-07-31": 0, "2010-04-30": "", "2010-01-31": 0, "2009-10-31": 0, "2009-07-31": 0, "2009-04-30": "", "2009-01-31": 0, "2008-10-31": 0, "2008-07-31": 0, "2008-04-30": "", "2008-01-31": 0, "2007-10-31": 0, "2007-07-31": 0, "2007-04-30": "", "2007-01-31": 0, "2006-10-31": 0, "2006-07-31": 0, "2006-04-30": "", "2006-01-31": 0, "2005-10-31": 0, "2005-07-31": 0, "2005-04-30": "", "2005-01-31": 0}}, "financial ratios": {"Current Ratio": {"2020-01-31": "1.20380", "2019-01-31": "2.04860", "2018-01-31": "1.60060", "2017-01-31": "1.87000", "2016-01-31": "1.87840", "2015-01-31": "2.31500", "2014-01-31": "2.00860", "2013-01-31": "2.17910", "2012-01-31": "2.08160", "2011-01-31": "2.50240", "2010-01-31": "2.74340", "2009-01-31": "2.61820", "2008-01-31": "1.94330", "2007-01-31": "2.46790", "2006-01-31": "3.19360", "2005-01-31": "3.29500"}, "Long-term Debt / Capital": {"2020-01-31": "0.36030", "2019-01-31": "0.43050", "2018-01-31": "0.39870", "2017-01-31": "0.53370", "2016-01-31": "0.62160", "2015-01-31": "0.27670", "2014-01-31": "0.39270", "2013-01-31": "0.13360", "2012-01-31": "0.15680", "2011-01-31": "0.14630", "2010-01-31": "0.14890", "2009-01-31": "0.16630", "2008-01-31": "0.20190", "2007-01-31": "0.17630", "2006-01-31": "0.17580", "2005-01-31": "0.17710"}, "Debt/Equity Ratio": {"2020-01-31": "0.60310", "2019-01-31": "0.75590", "2018-01-31": "0.79060", "2017-01-31": "1.17300", "2016-01-31": "1.66700", "2015-01-31": "0.38250", "2014-01-31": "0.65760", "2013-01-31": "0.16270", "2012-01-31": "0.19750", "2011-01-31": "0.18270", "2010-01-31": "0.18720", "2009-01-31": "0.21350", "2008-01-31": "0.27170", "2007-01-31": "0.23020", "2006-01-31": "0.22950", "2005-01-31": "0.24200"}, "Gross Margin": {"2020-01-31": "29.81980", "2019-01-31": "30.44040", "2018-01-31": "31.56550", "2017-01-31": "30.86370", "2016-01-31": "30.04630", "2015-01-31": "35.27010", "2014-01-31": "35.58280", "2013-01-31": "35.87400", "2012-01-31": "35.86910", "2011-01-31": "35.48890", "2010-01-31": "35.49470", "2009-01-31": "34.27850", "2008-01-31": "34.43880", "2007-01-31": "34.19160", "2006-01-31": "34.54430", "2005-01-31": "35.58860"}, "Operating Margin": {"2020-01-31": "5.34590", "2019-01-31": "-4.11640", "2018-01-31": "8.98650", "2017-01-31": "8.22810", "2016-01-31": "6.77300", "2015-01-31": "12.09230", "2014-01-31": "12.37580", "2013-01-31": "12.44300", "2012-01-31": "11.79550", "2011-01-31": "10.70990", "2010-01-31": "9.80270", "2009-01-31": "7.87530", "2008-01-31": "7.78530", "2007-01-31": "7.82990", "2006-01-31": "8.36500", "2005-01-31": "9.38900"}, "EBIT Margin": {"2020-01-31": "5.34590", "2019-01-31": "-4.11640", "2018-01-31": "8.98650", "2017-01-31": "8.22810", "2016-01-31": "6.77300", "2015-01-31": "12.09230", "2014-01-31": "12.37580", "2013-01-31": "12.44300", "2012-01-31": "11.79550", "2011-01-31": "10.70990", "2010-01-31": "9.80270", "2009-01-31": "7.87530", "2008-01-31": "7.78530", "2007-01-31": "7.82990", "2006-01-31": "8.36500", "2005-01-31": "9.38900"}, "EBITDA Margin": {"2020-01-31": "9.43420", "2019-01-31": "10.80390", "2018-01-31": "11.80330", "2017-01-31": "11.57140", "2016-01-31": "10.33660", "2015-01-31": "14.48580", "2014-01-31": "14.80560", "2013-01-31": "14.81370", "2012-01-31": "14.26740", "2011-01-31": "13.42480", "2010-01-31": "12.81920", "2009-01-31": "11.35650", "2008-01-31": "11.54010", "2007-01-31": "11.83550", "2006-01-31": "12.51070", "2005-01-31": "13.52530"}, "Pre-Tax Profit Margin": {"2020-01-31": "4.65340", "2019-01-31": "-5.73540", "2018-01-31": "7.66000", "2017-01-31": "6.41630", "2016-01-31": "2.89190", "2015-01-31": "11.09250", "2014-01-31": "12.17170", "2013-01-31": "13.23820", "2012-01-31": "11.75630", "2011-01-31": "10.70820", "2010-01-31": "9.70330", "2009-01-31": "7.73110", "2008-01-31": "7.53780", "2007-01-31": "7.63090", "2006-01-31": "8.10870", "2005-01-31": "9.21950"}, "Net Profit Margin": {"2020-01-31": "3.50260", "2019-01-31": "-6.97010", "2018-01-31": "7.70630", "2017-01-31": "4.32550", "2016-01-31": "1.82210", "2015-01-31": "6.96570", "2014-01-31": "7.61070", "2013-01-31": "8.37510", "2012-01-31": "7.36450", "2011-01-31": "6.75400", "2010-01-31": "6.12670", "2009-01-31": "4.94090", "2008-01-31": "4.74470", "2007-01-31": "4.83700", "2006-01-31": "5.12390", "2005-01-31": "5.76780"}, "Asset Turnover": {"2020-01-31": "1.20620", "2019-01-31": "1.69050", "2018-01-31": "1.36200", "2017-01-31": "1.31960", "2016-01-31": "0.97470", "2015-01-31": "2.46290", "2014-01-31": "2.82850", "2013-01-31": "2.68700", "2012-01-31": "2.84740", "2011-01-31": "2.47110", "2010-01-31": "2.28470", "2009-01-31": "2.28170", "2008-01-31": "2.37320", "2007-01-31": "2.10890", "2006-01-31": "1.88720", "2005-01-31": "1.74380"}, "Inventory Turnover Ratio": {"2020-01-31": "4.70470", "2019-01-31": "4.48980", "2018-01-31": "4.80350", "2017-01-31": "4.99840", "2016-01-31": "3.75730", "2015-01-31": "5.37630", "2014-01-31": "4.87830", "2013-01-31": "4.87990", "2012-01-31": "4.90220", "2011-01-31": "4.72520", "2010-01-31": "4.96380", "2009-01-31": "4.51720", "2008-01-31": "4.33800", "2007-01-31": "4.31770", "2006-01-31": "3.85280", "2005-01-31": "3.27140"}, "Receiveable Turnover": {"2020-01-31": "", "2019-01-31": "", "2018-01-31": "", "2017-01-31": "", "2016-01-31": "", "2015-01-31": "", "2014-01-31": "", "2013-01-31": "", "2012-01-31": "", "2011-01-31": "", "2010-01-31": "", "2009-01-31": "", "2008-01-31": "", "2007-01-31": "", "2006-01-31": "", "2005-01-31": ""}, "Days Sales In Receivables": {"2020-01-31": "", "2019-01-31": "", "2018-01-31": "", "2017-01-31": "", "2016-01-31": "", "2015-01-31": "", "2014-01-31": "", "2013-01-31": "", "2012-01-31": "", "2011-01-31": "", "2010-01-31": "", "2009-01-31": "", "2008-01-31": "", "2007-01-31": "", "2006-01-31": "", "2005-01-31": ""}, "ROE - Return On Equity": {"2020-01-31": "13.22180", "2019-01-31": "-28.19120", "2018-01-31": "23.86840", "2017-01-31": "16.62860", "2016-01-31": "6.40810", "2015-01-31": "33.56860", "2014-01-31": "50.96950", "2013-01-31": "37.14390", "2012-01-31": "36.31560", "2011-01-31": "27.23100", "2010-01-31": "22.42510", "2009-01-31": "18.31310", "2008-01-31": "20.36630", "2007-01-31": "16.44260", "2006-01-31": "14.83410", "2005-01-31": "15.48690"}, "Return On Tangible Equity": {"2020-01-31": "70.59330", "2019-01-31": "3751.93900", "2018-01-31": "-130.04850", "2017-01-31": "-27.93900", "2016-01-31": "-6.58280", "2015-01-31": "37.01280", "2014-01-31": "59.58660", "2013-01-31": "41.45250", "2012-01-31": "41.68160", "2011-01-31": "30.89670", "2010-01-31": "24.73190", "2009-01-31": "20.49290", "2008-01-31": "23.54110", "2007-01-31": "18.80330", "2006-01-31": "16.67310", "2005-01-31": "17.41730"}, "ROA - Return On Assets": {"2020-01-31": "4.22490", "2019-01-31": "-11.78270", "2018-01-31": "10.49610", "2017-01-31": "5.70770", "2016-01-31": "1.77600", "2015-01-31": "17.15580", "2014-01-31": "21.52680", "2013-01-31": "22.50360", "2012-01-31": "20.96970", "2011-01-31": "16.68980", "2010-01-31": "13.99750", "2009-01-31": "11.27380", "2008-01-31": "11.26030", "2007-01-31": "10.20080", "2006-01-31": "9.66970", "2005-01-31": "10.05760"}, "ROI - Return On Investment": {"2020-01-31": "8.45860", "2019-01-31": "-16.05540", "2018-01-31": "14.35230", "2017-01-31": "7.75310", "2016-01-31": "2.42500", "2015-01-31": "24.28170", "2014-01-31": "30.95400", "2013-01-31": "32.18310", "2012-01-31": "30.62210", "2011-01-31": "23.24750", "2010-01-31": "19.08650", "2009-01-31": "15.26740", "2008-01-31": "16.25480", "2007-01-31": "13.54310", "2006-01-31": "12.22670", "2005-01-31": "12.74430"}, "Book Value Per Share": {"2020-01-31": "26.42200", "2019-01-31": "23.70150", "2018-01-31": "30.26340", "2017-01-31": "22.82370", "2016-01-31": "18.75530", "2015-01-31": "8.67840", "2014-01-31": "5.62480", "2013-01-31": "7.42390", "2012-01-31": "5.81660", "2011-01-31": "5.91200", "2010-01-31": "5.44320", "2009-01-31": "4.60210", "2008-01-31": "3.66950", "2007-01-31": "3.90550", "2006-01-31": "3.66740", "2005-01-31": "3.43360"}, "Operating Cash Flow Per Share": {"2020-01-31": 0.4231, "2019-01-31": 1.0699, "2018-01-31": -0.7129, "2017-01-31": 3.4757, "2016-01-31": -0.964, "2015-01-31": 0.9302, "2014-01-31": 0.6842, "2013-01-31": 0.1081, "2012-01-31": 0.8059, "2011-01-31": -0.1257, "2010-01-31": 0.671, "2009-01-31": 0.2042, "2008-01-31": -0.0489, "2007-01-31": 0.206, "2006-01-31": 0.3111, "2005-01-31": 0.8085}, "Free Cash Flow Per Share": {"2020-01-31": -0.4943, "2019-01-31": 0.2953, "2018-01-31": -0.9828, "2017-01-31": 3.2348, "2016-01-31": -1.5464, "2015-01-31": 0.8753, "2014-01-31": 0.5315, "2013-01-31": -0.2177, "2012-01-31": 0.4722, "2011-01-31": -0.2134, "2010-01-31": 0.543, "2009-01-31": 0.3788, "2008-01-31": -0.143, "2007-01-31": 0.07, "2006-01-31": 0.4158, "2005-01-31": 0.2769}}, "financial ratios, quarterly": {"Current Ratio": {"2020-10-31": "1.27920", "2020-07-31": "1.22290", "2020-04-30": "1.14680", "2020-01-31": "1.20380", "2019-10-31": "1.09390", "2019-07-31": "1.06030", "2019-04-30": "1.06700", "2019-01-31": "2.04860", "2018-10-31": "2.22390", "2018-07-31": "2.24010", "2018-04-30": "2.10830", "2018-01-31": "1.60060", "2017-10-31": "1.94740", "2017-07-31": "1.83010", "2017-04-30": "1.90940", "2017-01-31": "1.87000", "2016-10-31": "2.03470", "2016-07-31": "2.04100", "2016-04-30": "2.03610", "2016-01-31": "1.87840", "2015-10-31": "2.14140", "2015-07-31": "2.18240", "2015-04-30": "9.19580", "2015-01-31": "2.31500", "2014-10-31": "2.07280", "2014-07-31": "2.12410", "2014-04-30": "2.12150", "2014-01-31": "2.00860", "2013-10-31": "1.94030", "2013-07-31": "2.28220", "2013-04-30": "2.24710", "2013-01-31": "2.17910", "2012-10-31": "2.00930", "2012-07-31": "2.27550", "2012-04-30": "1.59850", "2012-01-31": "2.08160", "2011-10-31": "2.26960", "2011-07-31": "2.84050", "2011-04-30": "2.62630", "2011-01-31": "2.50240", "2010-10-31": "2.41200", "2010-07-31": "2.56500", "2010-04-30": "2.44510", "2010-01-31": "2.74340", "2009-10-31": "2.60500", "2009-07-31": "2.64090", "2009-04-30": "2.67660", "2009-01-31": "2.61820", "2008-10-31": "2.33240", "2008-07-31": "2.17480", "2008-04-30": "2.14390", "2008-01-31": "1.94330", "2007-10-31": "2.05920", "2007-07-31": "2.29870", "2007-04-30": "2.57510", "2007-01-31": "2.46790", "2006-10-31": "2.51420", "2006-07-31": "2.56640", "2006-04-30": "2.74660", "2006-01-31": "3.19360", "2005-10-31": "2.58870", "2005-07-31": "3.34620", "2005-04-30": "2.93840", "2005-01-31": "3.29500"}, "Long-term Debt / Capital": {"2020-10-31": "0.31660", "2020-07-31": "0.32120", "2020-04-30": "0.33080", "2020-01-31": "0.36030", "2019-10-31": "0.36510", "2019-07-31": "0.37490", "2019-04-30": "0.37930", "2019-01-31": "0.43050", "2018-10-31": "0.38840", "2018-07-31": "0.39730", "2018-04-30": "0.40660", "2018-01-31": "0.39870", "2017-10-31": "0.47600", "2017-07-31": "0.48840", "2017-04-30": "0.52230", "2017-01-31": "0.53370", "2016-10-31": "0.57890", "2016-07-31": "0.59570", "2016-04-30": "0.60690", "2016-01-31": "0.62160", "2015-10-31": "0.66570", "2015-07-31": "0.67130", "2015-04-30": "0.80690", "2015-01-31": "0.27670", "2014-10-31": "0.32320", "2014-07-31": "0.33830", "2014-04-30": "0.36360", "2014-01-31": "0.39270", "2013-10-31": "0.51220", "2013-07-31": "0.12340", "2013-04-30": "0.12870", "2013-01-31": "0.13360", "2012-10-31": "0.13980", "2012-07-31": "0.14100", "2012-04-30": "", "2012-01-31": "0.15680", "2011-10-31": "0.14730", "2011-07-31": "0.13600", "2011-04-30": "0.14400", "2011-01-31": "0.14630", "2010-10-31": "0.15040", "2010-07-31": "0.15320", "2010-04-30": "0.16200", "2010-01-31": "0.14890", "2009-10-31": "0.15870", "2009-07-31": "0.16020", "2009-04-30": "0.16320", "2009-01-31": "0.16630", "2008-10-31": "0.17980", "2008-07-31": "0.18710", "2008-04-30": "0.19420", "2008-01-31": "0.20190", "2007-10-31": "0.25390", "2007-07-31": "0.18470", "2007-04-30": "0.18550", "2007-01-31": "0.17630", "2006-10-31": "0.17750", "2006-07-31": "0.18330", "2006-04-30": "0.17640", "2006-01-31": "0.17580", "2005-10-31": "0.18790", "2005-07-31": "0.18560", "2005-04-30": "0.18960", "2005-01-31": "0.17710"}, "Debt/Equity Ratio": {"2020-10-31": "0.50640", "2020-07-31": "0.59060", "2020-04-30": "0.65540", "2020-01-31": "0.60310", "2019-10-31": "0.69760", "2019-07-31": "0.72770", "2019-04-30": "0.74130", "2019-01-31": "0.75590", "2018-10-31": "0.63500", "2018-07-31": "0.65930", "2018-04-30": "0.68520", "2018-01-31": "0.79060", "2017-10-31": "0.93560", "2017-07-31": "0.98310", "2017-04-30": "1.12280", "2017-01-31": "1.17300", "2016-10-31": "1.40340", "2016-07-31": "1.50330", "2016-04-30": "1.56980", "2016-01-31": "1.66700", "2015-10-31": "2.01430", "2015-07-31": "2.06290", "2015-04-30": "4.17990", "2015-01-31": "0.38250", "2014-10-31": "0.47760", "2014-07-31": "0.51120", "2014-04-30": "0.57130", "2014-01-31": "0.65760", "2013-10-31": "1.06340", "2013-07-31": "0.14780", "2013-04-30": "0.15590", "2013-01-31": "0.16270", "2012-10-31": "0.17170", "2012-07-31": "0.17350", "2012-04-30": "0.17930", "2012-01-31": "0.19750", "2011-10-31": "0.18350", "2011-07-31": "0.16720", "2011-04-30": "0.17930", "2011-01-31": "0.18270", "2010-10-31": "0.18870", "2010-07-31": "0.19290", "2010-04-30": "0.20690", "2010-01-31": "0.18720", "2009-10-31": "0.20190", "2009-07-31": "0.20410", "2009-04-30": "0.20880", "2009-01-31": "0.21350", "2008-10-31": "0.23470", "2008-07-31": "0.24670", "2008-04-30": "0.25880", "2008-01-31": "0.27170", "2007-10-31": "0.35920", "2007-07-31": "0.24340", "2007-04-30": "0.24480", "2007-01-31": "0.23020", "2006-10-31": "0.23200", "2006-07-31": "0.24130", "2006-04-30": "0.23040", "2006-01-31": "0.22950", "2005-10-31": "0.24890", "2005-07-31": "0.24520", "2005-04-30": "0.25170", "2005-01-31": "0.24200"}, "Gross Margin": {"2020-10-31": "31.15430", "2020-07-31": "30.52440", "2020-04-30": "28.55030", "2020-01-31": "31.04370", "2019-10-31": "29.66310", "2019-07-31": "28.71650", "2019-04-30": "29.73470", "2019-01-31": "30.81450", "2018-10-31": "30.18520", "2018-07-31": "30.11260", "2018-04-30": "30.60300", "2018-01-31": "33.03150", "2017-10-31": "31.33580", "2017-07-31": "30.82250", "2017-04-30": "30.77490", "2017-01-31": "32.06820", "2016-10-31": "30.40030", "2016-07-31": "30.27040", "2016-04-30": "30.56750", "2016-01-31": "30.80160", "2015-10-31": "28.31030", "2015-07-31": "28.40060", "2015-04-30": "34.40530", "2015-01-31": "37.08190", "2014-10-31": "34.61720", "2014-07-31": "34.17360", "2014-04-30": "34.82480", "2014-01-31": "36.92340", "2013-10-31": "35.01350", "2013-07-31": "34.97220", "2013-04-30": "35.15920", "2013-01-31": "37.88410", "2012-10-31": "34.85030", "2012-07-31": "35.17540", "2012-04-30": "34.96750", "2012-01-31": "37.75190", "2011-10-31": "35.11210", "2011-07-31": "35.16600", "2011-04-30": "34.98290", "2011-01-31": "37.55290", "2010-10-31": "35.46900", "2010-07-31": "35.08960", "2010-04-30": "33.28410", "2010-01-31": "37.11020", "2009-10-31": "35.33280", "2009-07-31": "34.49460", "2009-04-30": "34.58500", "2009-01-31": "35.57160", "2008-10-31": "34.05750", "2008-07-31": "33.21750", "2008-04-30": "33.91040", "2008-01-31": "35.83090", "2007-10-31": "34.46580", "2007-07-31": "33.62850", "2007-04-30": "33.36410", "2007-01-31": "35.65850", "2006-10-31": "33.77640", "2006-07-31": "33.19380", "2006-04-30": "33.40340", "2006-01-31": "35.26410", "2005-10-31": "34.67620", "2005-07-31": "33.99220", "2005-04-30": "33.93410", "2005-01-31": "35.51420"}, "Operating Margin": {"2020-10-31": "7.53600", "2020-07-31": "5.97200", "2020-04-30": "5.82010", "2020-01-31": "3.94920", "2019-10-31": "6.23720", "2019-07-31": "4.68420", "2019-04-30": "6.63660", "2019-01-31": "-34.60650", "2018-10-31": "7.00150", "2018-07-31": "6.92230", "2018-04-30": "7.87940", "2018-01-31": "12.03660", "2017-10-31": "7.99760", "2017-07-31": "7.94330", "2017-04-30": "7.35380", "2017-01-31": "10.40720", "2016-10-31": "6.84580", "2016-07-31": "7.14930", "2016-04-30": "8.23270", "2016-01-31": "8.75630", "2015-10-31": "4.52360", "2015-07-31": "4.09800", "2015-04-30": "10.69510", "2015-01-31": "15.49520", "2014-10-31": "10.48590", "2014-07-31": "10.09310", "2014-04-30": "11.59330", "2014-01-31": "15.57560", "2013-10-31": "10.83990", "2013-07-31": "10.85230", "2013-04-30": "11.60900", "2013-01-31": "16.18580", "2012-10-31": "10.70620", "2012-07-31": "10.81780", "2012-04-30": "10.90740", "2012-01-31": "15.52220", "2011-10-31": "10.32820", "2011-07-31": "9.95200", "2011-04-30": "10.45990", "2011-01-31": "14.99450", "2010-10-31": "9.87660", "2010-07-31": "9.27500", "2010-04-30": "7.58540", "2010-01-31": "14.01260", "2009-10-31": "8.61700", "2009-07-31": "7.29470", "2009-04-30": "8.12590", "2009-01-31": "11.91490", "2008-10-31": "6.22080", "2008-07-31": "5.63530", "2008-04-30": "6.62990", "2008-01-31": "11.88970", "2007-10-31": "6.03330", "2007-07-31": "5.49840", "2007-04-30": "6.38970", "2007-01-31": "11.79010", "2006-10-31": "5.88750", "2006-07-31": "5.45500", "2006-04-30": "6.24640", "2006-01-31": "12.70620", "2005-10-31": "6.55120", "2005-07-31": "6.04680", "2005-04-30": "6.42100", "2005-01-31": "13.38450"}, "EBIT Margin": {"2020-10-31": "7.53600", "2020-07-31": "5.97200", "2020-04-30": "5.82010", "2020-01-31": "3.94920", "2019-10-31": "6.23720", "2019-07-31": "4.68420", "2019-04-30": "6.63660", "2019-01-31": "-34.60650", "2018-10-31": "7.00150", "2018-07-31": "6.92230", "2018-04-30": "7.87940", "2018-01-31": "12.03660", "2017-10-31": "7.99760", "2017-07-31": "7.94330", "2017-04-30": "7.35380", "2017-01-31": "10.40720", "2016-10-31": "6.84580", "2016-07-31": "7.14930", "2016-04-30": "8.23270", "2016-01-31": "8.75630", "2015-10-31": "4.52360", "2015-07-31": "4.09800", "2015-04-30": "10.69510", "2015-01-31": "15.49520", "2014-10-31": "10.48590", "2014-07-31": "10.09310", "2014-04-30": "11.59330", "2014-01-31": "15.57560", "2013-10-31": "10.83990", "2013-07-31": "10.85230", "2013-04-30": "11.60900", "2013-01-31": "16.18580", "2012-10-31": "10.70620", "2012-07-31": "10.81780", "2012-04-30": "10.90740", "2012-01-31": "15.52220", "2011-10-31": "10.32820", "2011-07-31": "9.95200", "2011-04-30": "10.45990", "2011-01-31": "14.99450", "2010-10-31": "9.87660", "2010-07-31": "9.27500", "2010-04-30": "7.58540", "2010-01-31": "14.01260", "2009-10-31": "8.61700", "2009-07-31": "7.29470", "2009-04-30": "8.12590", "2009-01-31": "11.91490", "2008-10-31": "6.22080", "2008-07-31": "5.63530", "2008-04-30": "6.62990", "2008-01-31": "11.88970", "2007-10-31": "6.03330", "2007-07-31": "5.49840", "2007-04-30": "6.38970", "2007-01-31": "11.79010", "2006-10-31": "5.88750", "2006-07-31": "5.45500", "2006-04-30": "6.24640", "2006-01-31": "12.70620", "2005-10-31": "6.55120", "2005-07-31": "6.04680", "2005-04-30": "6.42100", "2005-01-31": "13.38450"}, "EBITDA Margin": {"2020-10-31": "", "2020-07-31": "", "2020-04-30": "", "2020-01-31": "", "2019-10-31": "", "2019-07-31": "", "2019-04-30": "", "2019-01-31": "", "2018-10-31": "", "2018-07-31": "", "2018-04-30": "", "2018-01-31": "", "2017-10-31": "", "2017-07-31": "", "2017-04-30": "", "2017-01-31": "", "2016-10-31": "", "2016-07-31": "", "2016-04-30": "", "2016-01-31": "", "2015-10-31": "", "2015-07-31": "", "2015-04-30": "", "2015-01-31": "", "2014-10-31": "", "2014-07-31": "", "2014-04-30": "", "2014-01-31": "", "2013-10-31": "", "2013-07-31": "", "2013-04-30": "", "2013-01-31": "", "2012-10-31": "", "2012-07-31": "", "2012-04-30": "", "2012-01-31": "", "2011-10-31": "", "2011-07-31": "", "2011-04-30": "", "2011-01-31": "", "2010-10-31": "", "2010-07-31": "", "2010-04-30": "", "2010-01-31": "", "2009-10-31": "", "2009-07-31": "", "2009-04-30": "", "2009-01-31": "", "2008-10-31": "", "2008-07-31": "", "2008-04-30": "", "2008-01-31": "", "2007-10-31": "", "2007-07-31": "", "2007-04-30": "", "2007-01-31": "", "2006-10-31": "", "2006-07-31": "", "2006-04-30": "", "2006-01-31": "", "2005-10-31": "", "2005-07-31": "", "2005-04-30": "", "2005-01-31": ""}, "Pre-Tax Profit Margin": {"2020-10-31": "6.91760", "2020-07-31": "5.41450", "2020-04-30": "5.17270", "2020-01-31": "3.31730", "2019-10-31": "5.51490", "2019-07-31": "3.97870", "2019-04-30": "5.92040", "2019-01-31": "-35.35910", "2018-10-31": "6.13850", "2018-07-31": "6.11160", "2018-04-30": "3.73440", "2018-01-31": "10.87160", "2017-10-31": "6.67910", "2017-07-31": "6.50610", "2017-04-30": "5.93520", "2017-01-31": "8.83150", "2016-10-31": "4.60250", "2016-07-31": "5.40200", "2016-04-30": "6.52010", "2016-01-31": "6.57000", "2015-10-31": "2.52160", "2015-07-31": "-4.72240", "2015-04-30": "5.20050", "2015-01-31": "13.10790", "2014-10-31": "9.98950", "2014-07-31": "9.67950", "2014-04-30": "11.18830", "2014-01-31": "15.17290", "2013-10-31": "10.54810", "2013-07-31": "10.82540", "2013-04-30": "11.55540", "2013-01-31": "16.15910", "2012-10-31": "14.18770", "2012-07-31": "10.75330", "2012-04-30": "10.94220", "2012-01-31": "15.49650", "2011-10-31": "10.28440", "2011-07-31": "9.87420", "2011-04-30": "10.44700", "2011-01-31": "14.95970", "2010-10-31": "10.14300", "2010-07-31": "9.07180", "2010-04-30": "7.54840", "2010-01-31": "13.91630", "2009-10-31": "8.48880", "2009-07-31": "7.18840", "2009-04-30": "8.05930", "2009-01-31": "11.85000", "2008-10-31": "6.01440", "2008-07-31": "5.46150", "2008-04-30": "6.47770", "2008-01-31": "11.61250", "2007-10-31": "5.66250", "2007-07-31": "5.33360", "2007-04-30": "6.22560", "2007-01-31": "11.63090", "2006-10-31": "5.55800", "2006-07-31": "5.23990", "2006-04-30": "6.14130", "2006-01-31": "12.48380", "2005-10-31": "6.27510", "2005-07-31": "5.68270", "2005-04-30": "6.24750", "2005-01-31": "13.26950"}, "Net Profit Margin": {"2020-10-31": "5.34240", "2020-07-31": "4.16560", "2020-04-30": "3.93840", "2020-01-31": "1.94770", "2019-10-31": "4.45160", "2019-07-31": "3.14080", "2019-04-30": "4.61200", "2019-01-31": "-37.17850", "2018-10-31": "5.08770", "2018-07-31": "4.95690", "2018-04-30": "2.89000", "2018-01-31": "16.35220", "2017-10-31": "4.51230", "2017-07-31": "4.42700", "2017-04-30": "3.79220", "2017-01-31": "5.70850", "2016-10-31": "3.43090", "2016-07-31": "3.40650", "2016-04-30": "4.57550", "2016-01-31": "4.26820", "2015-10-31": "1.65620", "2015-07-31": "-3.25450", "2015-04-30": "3.19290", "2015-01-31": "8.33740", "2014-10-31": "6.34780", "2014-07-31": "5.98200", "2014-04-30": "6.91400", "2014-01-31": "9.53510", "2013-10-31": "6.65360", "2013-07-31": "6.72270", "2013-04-30": "7.15510", "2013-01-31": "10.17900", "2012-10-31": "9.03230", "2012-07-31": "6.99280", "2012-04-30": "6.73590", "2012-01-31": "9.65770", "2011-10-31": "6.54520", "2011-07-31": "6.15270", "2011-04-30": "6.53340", "2011-01-31": "9.41870", "2010-10-31": "6.53300", "2010-07-31": "5.66080", "2010-04-30": "4.70210", "2010-01-31": "8.66160", "2009-10-31": "5.46170", "2009-07-31": "4.65330", "2009-04-30": "5.02870", "2009-01-31": "7.58750", "2008-10-31": "3.86890", "2008-07-31": "3.43980", "2008-04-30": "4.14720", "2008-01-31": "7.29250", "2007-10-31": "3.59790", "2007-07-31": "3.35670", "2007-04-30": "3.90770", "2007-01-31": "7.40010", "2006-10-31": "3.56990", "2006-07-31": "3.28200", "2006-04-30": "3.84120", "2006-01-31": "8.01670", "2005-10-31": "3.90310", "2005-07-31": "3.55010", "2005-04-30": "3.87130", "2005-01-31": "8.47660"}, "Asset Turnover": {"2020-10-31": "0.29910", "2020-07-31": "0.30370", "2020-04-30": "0.30710", "2020-01-31": "0.32260", "2019-10-31": "0.29110", "2019-07-31": "0.29450", "2019-04-30": "0.30010", "2019-01-31": "0.45960", "2018-10-31": "0.33270", "2018-07-31": "0.34310", "2018-04-30": "0.35090", "2018-01-31": "0.38940", "2017-10-31": "0.33800", "2017-07-31": "0.34000", "2017-04-30": "0.33060", "2017-01-31": "0.35890", "2016-10-31": "0.30880", "2016-07-31": "0.30600", "2016-04-30": "0.31670", "2016-01-31": "0.33740", "2015-10-31": "0.29610", "2015-07-31": "0.18180", "2015-04-30": "0.20030", "2015-01-31": "0.70880", "2014-10-31": "0.62210", "2014-07-31": "0.64890", "2014-04-30": "0.67720", "2014-01-31": "0.80630", "2013-10-31": "0.65380", "2013-07-31": "0.63780", "2013-04-30": "0.66360", "2013-01-31": "0.81610", "2012-10-31": "0.65190", "2012-07-31": "0.68190", "2012-04-30": "0.70320", "2012-01-31": "0.83550", "2011-10-31": "0.65670", "2011-07-31": "0.62220", "2011-04-30": "0.64920", "2011-01-31": "0.72480", "2010-10-31": "0.60400", "2010-07-31": "0.61040", "2010-04-30": "0.63130", "2010-01-31": "0.68070", "2009-10-31": "0.57270", "2009-07-31": "0.57270", "2009-04-30": "0.57920", "2009-01-31": "0.68110", "2008-10-31": "0.57970", "2008-07-31": "0.58620", "2008-04-30": "0.59360", "2008-01-31": "0.72640", "2007-10-31": "0.53420", "2007-07-31": "0.52870", "2007-04-30": "0.55310", "2007-01-31": "0.70070", "2006-10-31": "0.49180", "2006-07-31": "0.49770", "2006-04-30": "0.46600", "2006-01-31": "0.60000", "2005-10-31": "0.45040", "2005-07-31": "0.45780", "2005-04-30": "0.44210", "2005-01-31": "0.55080"}, "Inventory Turnover Ratio": {"2020-10-31": "1.12140", "2020-07-31": "1.33140", "2020-04-30": "1.40440", "2020-01-31": "1.23650", "2019-10-31": "1.04090", "2019-07-31": "1.17900", "2019-04-30": "1.22730", "2019-01-31": "1.21410", "2018-10-31": "1.04070", "2018-07-31": "1.17440", "2018-04-30": "1.18650", "2018-01-31": "1.34400", "2017-10-31": "1.07440", "2017-07-31": "1.24750", "2017-04-30": "1.27150", "2017-01-31": "1.33590", "2016-10-31": "1.06330", "2016-07-31": "1.17100", "2016-04-30": "1.20540", "2016-01-31": "1.28670", "2015-10-31": "1.11300", "2015-07-31": "0.76320", "2015-04-30": "1.30570", "2015-01-31": "1.50390", "2014-10-31": "1.04980", "2014-07-31": "1.23340", "2014-04-30": "1.25010", "2014-01-31": "1.36160", "2013-10-31": "0.98980", "2013-07-31": "1.18450", "2013-04-30": "1.19840", "2013-01-31": "1.43560", "2012-10-31": "0.98910", "2012-07-31": "1.23920", "2012-04-30": "1.28100", "2012-01-31": "1.39620", "2011-10-31": "1.03040", "2011-07-31": "1.22870", "2011-04-30": "1.30330", "2011-01-31": "1.34160", "2010-10-31": "0.98470", "2010-07-31": "1.19000", "2010-04-30": "1.27510", "2010-01-31": "1.44190", "2009-10-31": "0.95430", "2009-07-31": "1.08070", "2009-04-30": "1.14170", "2009-01-31": "1.32180", "2008-10-31": "0.87820", "2008-07-31": "1.01800", "2008-04-30": "1.06450", "2008-01-31": "1.29960", "2007-10-31": "0.81640", "2007-07-31": "0.98910", "2007-04-30": "1.08340", "2007-01-31": "1.40260", "2006-10-31": "0.75950", "2006-07-31": "0.87970", "2006-04-30": "0.90000", "2006-01-31": "1.21160", "2005-10-31": "0.69360", "2005-07-31": "0.80600", "2005-04-30": "0.76800", "2005-01-31": "1.03460"}, "Receiveable Turnover": {"2020-10-31": "", "2020-07-31": "", "2020-04-30": "", "2020-01-31": "", "2019-10-31": "", "2019-07-31": "", "2019-04-30": "", "2019-01-31": "", "2018-10-31": "", "2018-07-31": "", "2018-04-30": "", "2018-01-31": "", "2017-10-31": "", "2017-07-31": "", "2017-04-30": "", "2017-01-31": "", "2016-10-31": "", "2016-07-31": "", "2016-04-30": "", "2016-01-31": "", "2015-10-31": "", "2015-07-31": "", "2015-04-30": "", "2015-01-31": "", "2014-10-31": "", "2014-07-31": "", "2014-04-30": "", "2014-01-31": "", "2013-10-31": "", "2013-07-31": "", "2013-04-30": "", "2013-01-31": "", "2012-10-31": "", "2012-07-31": "", "2012-04-30": "", "2012-01-31": "", "2011-10-31": "", "2011-07-31": "", "2011-04-30": "", "2011-01-31": "", "2010-10-31": "", "2010-07-31": "", "2010-04-30": "", "2010-01-31": "", "2009-10-31": "", "2009-07-31": "", "2009-04-30": "", "2009-01-31": "", "2008-10-31": "", "2008-07-31": "", "2008-04-30": "", "2008-01-31": "", "2007-10-31": "", "2007-07-31": "", "2007-04-30": "", "2007-01-31": "", "2006-10-31": "", "2006-07-31": "", "2006-04-30": "", "2006-01-31": "", "2005-10-31": "", "2005-07-31": "", "2005-04-30": "", "2005-01-31": ""}, "Days Sales In Receivables": {"2020-10-31": "", "2020-07-31": "", "2020-04-30": "", "2020-01-31": "", "2019-10-31": "", "2019-07-31": "", "2019-04-30": "", "2019-01-31": "", "2018-10-31": "", "2018-07-31": "", "2018-04-30": "", "2018-01-31": "", "2017-10-31": "", "2017-07-31": "", "2017-04-30": "", "2017-01-31": "", "2016-10-31": "", "2016-07-31": "", "2016-04-30": "", "2016-01-31": "", "2015-10-31": "", "2015-07-31": "", "2015-04-30": "", "2015-01-31": "", "2014-10-31": "", "2014-07-31": "", "2014-04-30": "", "2014-01-31": "", "2013-10-31": "", "2013-07-31": "", "2013-04-30": "", "2013-01-31": "", "2012-10-31": "", "2012-07-31": "", "2012-04-30": "", "2012-01-31": "", "2011-10-31": "", "2011-07-31": "", "2011-04-30": "", "2011-01-31": "", "2010-10-31": "", "2010-07-31": "", "2010-04-30": "", "2010-01-31": "", "2009-10-31": "", "2009-07-31": "", "2009-04-30": "", "2009-01-31": "", "2008-10-31": "", "2008-07-31": "", "2008-04-30": "", "2008-01-31": "", "2007-10-31": "", "2007-07-31": "", "2007-04-30": "", "2007-01-31": "", "2006-10-31": "", "2006-07-31": "", "2006-04-30": "", "2006-01-31": "", "2005-10-31": "", "2005-07-31": "", "2005-04-30": "", "2005-01-31": ""}, "ROE - Return On Equity": {"2020-10-31": "4.74060", "2020-07-31": "3.83790", "2020-04-30": "3.79720", "2020-01-31": "1.96650", "2019-10-31": "4.17890", "2019-07-31": "3.07380", "2019-04-30": "4.65440", "2019-01-31": "-40.88320", "2018-10-31": "3.54770", "2018-07-31": "3.58160", "2018-04-30": "2.18200", "2018-01-31": "14.48140", "2017-10-31": "", "2017-07-31": "", "2017-04-30": "", "2017-01-31": "5.96900", "2016-10-31": "", "2016-07-31": "", "2016-04-30": "", "2016-01-31": "5.19640", "2015-10-31": "", "2015-07-31": "", "2015-04-30": "", "2015-01-31": "11.56300", "2014-10-31": "", "2014-07-31": "", "2014-04-30": "", "2014-01-31": "18.20280", "2013-10-31": "", "2013-07-31": "", "2013-04-30": "", "2013-01-31": "13.71080", "2012-10-31": "", "2012-07-31": "", "2012-04-30": "", "2012-01-31": "13.97440", "2011-10-31": "", "2011-07-31": "", "2011-04-30": "", "2011-01-31": "11.13780", "2010-10-31": "", "2010-07-31": "", "2010-04-30": "", "2010-01-31": "9.44580", "2009-10-31": "", "2009-07-31": "4.34220", "2009-04-30": "", "2009-01-31": "8.39450", "2008-10-31": "", "2008-07-31": "", "2008-04-30": "", "2008-01-31": "9.58110", "2007-10-31": "", "2007-07-31": "", "2007-04-30": "", "2007-01-31": "8.35830", "2006-10-31": "", "2006-07-31": "", "2006-04-30": "", "2006-01-31": "7.37870", "2005-10-31": "", "2005-07-31": "", "2005-04-30": "", "2005-01-31": "7.18980"}, "Return On Tangible Equity": {"2020-10-31": "17.57190", "2020-07-31": "15.11040", "2020-04-30": "17.20400", "2020-01-31": "10.49940", "2019-10-31": "35.29250", "2019-07-31": "38.41060", "2019-04-30": "74.41660", "2019-01-31": "5441.11300", "2018-10-31": "-56.91780", "2018-07-31": "-33.77730", "2018-04-30": "-14.28700", "2018-01-31": "-78.90300", "2017-10-31": "-9.95150", "2017-07-31": "-8.69050", "2017-04-30": "-6.76950", "2017-01-31": "-10.02900", "2016-10-31": "-4.80110", "2016-07-31": "-4.48950", "2016-04-30": "-5.81050", "2016-01-31": "-5.33800", "2015-10-31": "-1.78700", "2015-07-31": "2.10170", "2015-04-30": "4.08010", "2015-01-31": "12.74940", "2014-10-31": "9.40200", "2014-07-31": "9.53320", "2014-04-30": "12.04490", "2014-01-31": "21.28020", "2013-10-31": "15.92580", "2013-07-31": "7.53840", "2013-04-30": "8.52060", "2013-01-31": "15.30120", "2012-10-31": "11.37960", "2012-07-31": "8.83030", "2012-04-30": "8.88570", "2012-01-31": "16.03930", "2011-10-31": "8.20640", "2011-07-31": "6.71760", "2011-04-30": "7.69990", "2011-01-31": "12.63710", "2010-10-31": "7.28750", "2010-07-31": "6.24900", "2010-04-30": "5.48420", "2010-01-31": "10.41750", "2009-10-31": "5.72340", "2009-07-31": "4.83390", "2009-04-30": "5.26040", "2009-01-31": "9.39370", "2008-10-31": "4.28090", "2008-07-31": "3.94540", "2008-04-30": "4.82250", "2008-01-31": "11.07470", "2007-10-31": "4.29580", "2007-07-31": "3.41580", "2007-04-30": "4.00040", "2007-01-31": "9.55830", "2006-10-31": "3.21500", "2006-07-31": "2.99520", "2006-04-30": "3.21730", "2006-01-31": "8.29340", "2005-10-31": "3.27370", "2005-07-31": "2.82520", "2005-04-30": "3.09370", "2005-01-31": "8.08590"}, "ROA - Return On Assets": {"2020-10-31": "1.59790", "2020-07-31": "1.26510", "2020-04-30": "1.20950", "2020-01-31": "0.62840", "2019-10-31": "1.29570", "2019-07-31": "0.92490", "2019-04-30": "1.38420", "2019-01-31": "-17.08740", "2018-10-31": "1.69260", "2018-07-31": "1.70090", "2018-04-30": "1.01410", "2018-01-31": "6.36820", "2017-10-31": "1.52510", "2017-07-31": "1.50530", "2017-04-30": "1.25350", "2017-01-31": "2.04880", "2016-10-31": "1.05960", "2016-07-31": "1.04230", "2016-04-30": "1.44890", "2016-01-31": "1.44010", "2015-10-31": "0.49040", "2015-07-31": "-0.59160", "2015-04-30": "0.63940", "2015-01-31": "5.90950", "2014-10-31": "3.94930", "2014-07-31": "3.88190", "2014-04-30": "4.68190", "2014-01-31": "7.68790", "2013-10-31": "4.34990", "2013-07-31": "4.28770", "2013-04-30": "4.74780", "2013-01-31": "8.30670", "2012-10-31": "5.88790", "2012-07-31": "4.76860", "2012-04-30": "4.73660", "2012-01-31": "8.06920", "2011-10-31": "4.29830", "2011-07-31": "3.82830", "2011-04-30": "4.24140", "2011-01-31": "6.82630", "2010-10-31": "3.94560", "2010-07-31": "3.45550", "2010-04-30": "2.96820", "2010-01-31": "5.89600", "2009-10-31": "3.12770", "2009-07-31": "2.66500", "2009-04-30": "2.91270", "2009-01-31": "5.16780", "2008-10-31": "2.24280", "2008-07-31": "2.01640", "2008-04-30": "2.46170", "2008-01-31": "5.29730", "2007-10-31": "1.92190", "2007-07-31": "1.77460", "2007-04-30": "2.16120", "2007-01-31": "5.18540", "2006-10-31": "1.75580", "2006-07-31": "1.63350", "2006-04-30": "1.79020", "2006-01-31": "4.80980", "2005-10-31": "1.75790", "2005-07-31": "1.62520", "2005-04-30": "1.71130", "2005-01-31": "4.66920"}, "ROI - Return On Investment": {"2020-10-31": "3.23960", "2020-07-31": "2.60510", "2020-04-30": "2.54110", "2020-01-31": "1.25810", "2019-10-31": "2.65310", "2019-07-31": "1.92130", "2019-04-30": "2.88910", "2019-01-31": "-23.28380", "2018-10-31": "2.16990", "2018-07-31": "2.15850", "2018-04-30": "1.29480", "2018-01-31": "8.70780", "2017-10-31": "2.05510", "2017-07-31": "2.04100", "2017-04-30": "1.70770", "2017-01-31": "2.78310", "2016-10-31": "1.43170", "2016-07-31": "1.41680", "2016-04-30": "1.95890", "2016-01-31": "1.96650", "2015-10-31": "0.66100", "2015-07-31": "-0.79590", "2015-04-30": "0.71720", "2015-01-31": "8.36410", "2014-10-31": "5.67870", "2014-07-31": "5.55230", "2014-04-30": "6.67890", "2014-01-31": "11.05460", "2013-10-31": "6.37840", "2013-07-31": "5.98680", "2013-04-30": "6.68600", "2013-01-31": "11.87960", "2012-10-31": "8.68690", "2012-07-31": "6.72310", "2012-04-30": "7.84140", "2012-01-31": "11.78350", "2011-10-31": "6.15830", "2011-07-31": "5.16410", "2011-04-30": "5.81560", "2011-01-31": "9.50850", "2010-10-31": "5.60700", "2010-07-31": "4.78090", "2010-04-30": "4.12180", "2010-01-31": "8.03950", "2009-10-31": "4.33040", "2009-07-31": "3.64650", "2009-04-30": "3.94380", "2009-01-31": "6.99840", "2008-10-31": "3.10050", "2008-07-31": "2.81370", "2008-04-30": "3.38670", "2008-01-31": "7.64700", "2007-10-31": "2.71970", "2007-07-31": "2.40890", "2007-04-30": "2.82660", "2007-01-31": "6.88440", "2006-10-31": "2.30730", "2006-07-31": "2.12640", "2006-04-30": "2.32120", "2006-01-31": "6.08170", "2005-10-31": "2.33690", "2005-07-31": "2.02640", "2005-04-30": "2.19910", "2005-01-31": "5.91650"}, "Book Value Per Share": {"2020-10-31": "29.59650", "2020-07-31": "28.71300", "2020-04-30": "27.48990", "2020-01-31": "26.42500", "2019-10-31": "25.86100", "2019-07-31": "24.77070", "2019-04-30": "24.22520", "2019-01-31": "23.70150", "2018-10-31": "33.37440", "2018-07-31": "32.14590", "2018-04-30": "30.93230", "2018-01-31": "30.26340", "2017-10-31": "25.79710", "2017-07-31": "24.74750", "2017-04-30": "23.69670", "2017-01-31": "22.82370", "2016-10-31": "21.38860", "2016-07-31": "20.60630", "2016-04-30": "19.82000", "2016-01-31": "18.75530", "2015-10-31": "17.64140", "2015-07-31": "17.24330", "2015-04-30": "9.07270", "2015-01-31": "8.67840", "2014-10-31": "7.70590", "2014-07-31": "7.04330", "2014-04-30": "6.37230", "2014-01-31": "5.62480", "2013-10-31": "4.60840", "2013-07-31": "8.18790", "2013-04-30": "7.77350", "2013-01-31": "7.42390", "2012-10-31": "6.77330", "2012-07-31": "6.61020", "2012-04-30": "6.38190", "2012-01-31": "5.81660", "2011-10-31": "6.07940", "2011-07-31": "6.49100", "2011-04-30": "6.07810", "2011-01-31": "5.91200", "2010-10-31": "5.62180", "2010-07-31": "5.42190", "2010-04-30": "5.08250", "2010-01-31": "5.44320", "2009-10-31": "5.00340", "2009-07-31": "4.88590", "2009-04-30": "4.73580", "2009-01-31": "4.60210", "2008-10-31": "4.19460", "2008-07-31": "4.01000", "2008-04-30": "3.84220", "2008-01-31": "3.66950", "2007-10-31": "3.52600", "2007-07-31": "3.79140", "2007-04-30": "3.74970", "2007-01-31": "3.90550", "2006-10-31": "3.77150", "2006-07-31": "3.63990", "2006-04-30": "3.69900", "2006-01-31": "3.66740", "2005-10-31": "3.38600", "2005-07-31": "3.37080", "2005-04-30": "3.28630", "2005-01-31": "3.43360"}, "Operating Cash Flow Per Share": {"2020-10-31": 1.2522, "2020-07-31": 1.9957, "2020-04-30": "4.03960", "2020-01-31": 3.5748, "2019-10-31": 0.7298, "2019-07-31": 0.9734, "2019-04-30": "2.56840", "2019-01-31": 3.0207, "2018-10-31": 1.1805, "2018-07-31": 1.5969, "2018-04-30": "1.62520", "2018-01-31": 3.8614, "2017-10-31": -0.3521, "2017-07-31": 1.0291, "2017-04-30": "1.81500", "2017-01-31": 4.3002, "2016-10-31": -0.108, "2016-07-31": 1.5585, "2016-04-30": "1.31560", "2016-01-31": 3.7136, "2015-10-31": -0.0091, "2015-07-31": -0.8401, "2015-04-30": "0.72620", "2015-01-31": 2.6742, "2014-10-31": 0.1122, "2014-07-31": 0.8139, "2014-04-30": "0.95430", "2014-01-31": 1.9314, "2013-10-31": 0.3542, "2013-07-31": 0.7646, "2013-04-30": "0.57420", "2013-01-31": 1.5776, "2012-10-31": 0.1597, "2012-07-31": 0.6252, "2012-04-30": "0.57770", "2012-01-31": 1.5124, "2011-10-31": 0.2665, "2011-07-31": 0.4204, "2011-04-30": "0.63280", "2011-01-31": 1.3423, "2010-10-31": 0.0836, "2010-07-31": 0.4629, "2010-04-30": "0.13740", "2010-01-31": 1.3262, "2009-10-31": 0.3309, "2009-07-31": 0.295, "2009-04-30": "0.19980", "2009-01-31": 1.1641, "2008-10-31": -0.0187, "2008-07-31": 0.208, "2008-04-30": "0.12750", "2008-01-31": 0.9904, "2007-10-31": -0.0376, "2007-07-31": 0.2212, "2007-04-30": "0.10270", "2007-01-31": 1.0315, "2006-10-31": -0.0434, "2006-07-31": 0.0956, "2006-04-30": "0.24190", "2006-01-31": 0.7355, "2005-10-31": 0.1727, "2005-07-31": 0.1184, "2005-04-30": "0.09300", "2005-01-31": 0.8085}, "Free Cash Flow Per Share": {"2020-10-31": 0.2569, "2020-07-31": 1.0108, "2020-04-30": "3.04590", "2020-01-31": 2.5305, "2019-10-31": -0.4562, "2019-07-31": -0.273, "2019-04-30": "1.69470", "2019-01-31": 2.1826, "2018-10-31": 0.2398, "2018-07-31": 0.7021, "2018-04-30": "0.86580", "2018-01-31": 3.0932, "2017-10-31": -1.1067, "2017-07-31": 0.349, "2017-04-30": "1.35950", "2017-01-31": 3.8125, "2016-10-31": -0.5115, "2016-07-31": 0.8007, "2016-04-30": "0.57610", "2016-01-31": 2.9954, "2015-10-31": -0.6579, "2015-07-31": -1.2977, "2015-04-30": "0.40320", "2015-01-31": 2.3321, "2014-10-31": -0.3369, "2014-07-31": 0.3847, "2014-04-30": "0.60950", "2014-01-31": 1.7328, "2013-10-31": -0.0677, "2013-07-31": 0.3331, "2013-04-30": "0.11590", "2013-01-31": 1.2491, "2012-10-31": -0.2671, "2012-07-31": 0.3038, "2012-04-30": "0.29680", "2012-01-31": 1.2955, "2011-10-31": -0.0555, "2011-07-31": 0.1635, "2011-04-30": "0.39680", "2011-01-31": 1.2182, "2010-10-31": -0.1387, "2010-07-31": 0.2843, "2010-04-30": "-0.03570", "2010-01-31": 1.1379, "2009-10-31": 0.1599, "2009-07-31": 0.1687, "2009-04-30": "0.07500", "2009-01-31": 1.0633, "2008-10-31": -0.1595, "2008-07-31": 0.088, "2008-04-30": "0.00670", "2008-01-31": 0.8656, "2007-10-31": -0.2695, "2007-07-31": 0.0533, "2007-04-30": "-0.02970", "2007-01-31": 0.9222, "2006-10-31": -0.2133, "2006-07-31": -0.0554, "2006-04-30": "0.10920", "2006-01-31": 0.6623, "2005-10-31": 0.0473, "2005-07-31": -0.0088, "2005-04-30": "-0.00810", "2005-01-31": 0.2769}}, "revenue": {"Dollar Tree Annual Revenue (Millions of US $)": {"2020": "$23,611", "2019": "$22,823", "2018": "$22,246", "2017": "$20,719", "2016": "$15,498", "2015": "$8,602", "2014": "$7,840", "2013": "$7,395", "2012": "$6,631", "2011": "$5,882", "2010": "$5,231", "2009": "$4,645", "2008": "$4,243", "2007": "$3,969", "2006": "$3,394", "2005": "$3,126"}, "Dollar Tree Quarterly Revenue (Millions of US $)": {"2020-10-31": "$6,177", "2020-07-31": "$6,278", "2020-04-30": "$6,287", "2020-01-31": "$6,315", "2019-10-31": "$5,746", "2019-07-31": "$5,741", "2019-04-30": "$5,809", "2019-01-31": "$6,205", "2018-10-31": "$5,539", "2018-07-31": "$5,526", "2018-04-30": "$5,554", "2018-01-31": "$6,361", "2017-10-31": "$5,317", "2017-07-31": "$5,281", "2017-04-30": "$5,287", "2017-01-31": "$5,636", "2016-10-31": "$5,002", "2016-07-31": "$4,996", "2016-04-30": "$5,086", "2016-01-31": "$5,365", "2015-10-31": "$4,945", "2015-07-31": "$3,011", "2015-04-30": "$2,177", "2015-01-31": "$2,476", "2014-10-31": "$2,095", "2014-07-31": "$2,031", "2014-04-30": "$2,000", "2014-01-31": "$2,235", "2013-10-31": "$1,885", "2013-07-31": "$1,855", "2013-04-30": "$1,866", "2013-01-31": "$2,246", "2012-10-31": "$1,721", "2012-07-31": "$1,705", "2012-04-30": "$1,724", "2012-01-31": "$1,946", "2011-10-31": "$1,597", "2011-07-31": "$1,542", "2011-04-30": "$1,546", "2011-01-31": "$1,725", "2010-10-31": "$1,427", "2010-07-31": "$1,378", "2010-04-30": "$1,353", "2010-01-31": "$1,559", "2009-10-31": "$1,249", "2009-07-31": "$1,223", "2009-04-30": "$1,201", "2009-01-31": "$1,387", "2008-10-31": "$1,114", "2008-07-31": "$1,093", "2008-04-30": "$1,051", "2008-01-31": "$1,299", "2007-10-31": "$998", "2007-07-31": "$971", "2007-04-30": "$975", "2007-01-31": "$1,319", "2006-10-31": "$910", "2006-07-31": "$884", "2006-04-30": "$857", "2006-01-31": "$1,079", "2005-10-31": "$797", "2005-07-31": "$769", "2005-04-30": "$749", "2005-01-31": "$987"}}, "gross-profit": {"Dollar Tree Annual Gross Profit (Millions of US $)": {"2020": "$7,041", "2019": "$6,948", "2018": "$7,022", "2017": "$6,395", "2016": "$4,657", "2015": "$3,034", "2014": "$2,790", "2013": "$2,653", "2012": "$2,378", "2011": "$2,088", "2010": "$1,857", "2009": "$1,592", "2008": "$1,461", "2007": "$1,357", "2006": "$1,172", "2005": "$1,113"}, "Dollar Tree Quarterly Gross Profit (Millions of US $)": {"2020-10-31": "$1,924", "2020-07-31": "$1,916", "2020-04-30": "$1,795", "2020-01-31": "$1,961", "2019-10-31": "$1,705", "2019-07-31": "$1,649", "2019-04-30": "$1,727", "2019-01-31": "$1,912", "2018-10-31": "$1,672", "2018-07-31": "$1,664", "2018-04-30": "$1,700", "2018-01-31": "$2,101", "2017-10-31": "$1,666", "2017-07-31": "$1,628", "2017-04-30": "$1,627", "2017-01-31": "$1,807", "2016-10-31": "$1,521", "2016-07-31": "$1,512", "2016-04-30": "$1,555", "2016-01-31": "$1,653", "2015-10-31": "$1,400", "2015-07-31": "$855", "2015-04-30": "$749", "2015-01-31": "$918", "2014-10-31": "$725", "2014-07-31": "$694", "2014-04-30": "$697", "2014-01-31": "$825", "2013-10-31": "$660", "2013-07-31": "$649", "2013-04-30": "$656", "2013-01-31": "$851", "2012-10-31": "$600", "2012-07-31": "$600", "2012-04-30": "$603", "2012-01-31": "$735", "2011-10-31": "$561", "2011-07-31": "$542", "2011-04-30": "$541", "2011-01-31": "$648", "2010-10-31": "$506", "2010-07-31": "$484", "2010-04-30": "$450", "2010-01-31": "$578", "2009-10-31": "$441", "2009-07-31": "$422", "2009-04-30": "$415", "2009-01-31": "$493", "2008-10-31": "$379", "2008-07-31": "$363", "2008-04-30": "$357", "2008-01-31": "$465", "2007-10-31": "$344", "2007-07-31": "$327", "2007-04-30": "$325", "2007-01-31": "$470", "2006-10-31": "$308", "2006-07-31": "$293", "2006-04-30": "$286", "2006-01-31": "$380", "2005-10-31": "$276", "2005-07-31": "$261", "2005-04-30": "$254", "2005-01-31": "$351"}}, "operating-income": {"Dollar Tree Annual Operating Income (Millions of US $)": {"2020": "$1,262", "2019": "$-940", "2018": "$1,999", "2017": "$1,705", "2016": "$1,050", "2015": "$1,040", "2014": "$970", "2013": "$920", "2012": "$782", "2011": "$630", "2010": "$513", "2009": "$366", "2008": "$330", "2007": "$311", "2006": "$284", "2005": "$294"}, "Dollar Tree Quarterly Operating Income (Millions of US $)": {"2020-10-31": "$466", "2020-07-31": "$375", "2020-04-30": "$366", "2020-01-31": "$249", "2019-10-31": "$358", "2019-07-31": "$269", "2019-04-30": "$386", "2019-01-31": "$-2,147", "2018-10-31": "$388", "2018-07-31": "$383", "2018-04-30": "$438", "2018-01-31": "$766", "2017-10-31": "$425", "2017-07-31": "$420", "2017-04-30": "$389", "2017-01-31": "$587", "2016-10-31": "$342", "2016-07-31": "$357", "2016-04-30": "$419", "2016-01-31": "$470", "2015-10-31": "$224", "2015-07-31": "$123", "2015-04-30": "$233", "2015-01-31": "$384", "2014-10-31": "$220", "2014-07-31": "$205", "2014-04-30": "$232", "2014-01-31": "$348", "2013-10-31": "$204", "2013-07-31": "$201", "2013-04-30": "$217", "2013-01-31": "$364", "2012-10-31": "$184", "2012-07-31": "$184", "2012-04-30": "$188", "2012-01-31": "$302", "2011-10-31": "$165", "2011-07-31": "$154", "2011-04-30": "$162", "2011-01-31": "$259", "2010-10-31": "$141", "2010-07-31": "$128", "2010-04-30": "$103", "2010-01-31": "$218", "2009-10-31": "$108", "2009-07-31": "$89", "2009-04-30": "$98", "2009-01-31": "$165", "2008-10-31": "$69", "2008-07-31": "$62", "2008-04-30": "$70", "2008-01-31": "$154", "2007-10-31": "$60", "2007-07-31": "$53", "2007-04-30": "$62", "2007-01-31": "$156", "2006-10-31": "$54", "2006-07-31": "$48", "2006-04-30": "$54", "2006-01-31": "$137", "2005-10-31": "$52", "2005-07-31": "$47", "2005-04-30": "$48", "2005-01-31": "$132"}}, "ebitda": {"Dollar Tree Annual EBITDA (Millions of US $)": {"2020": "$2,228", "2019": "$2,466", "2018": "$2,626", "2017": "$2,397", "2016": "$1,602", "2015": "$1,246", "2014": "$1,161", "2013": "$1,095", "2012": "$946", "2011": "$790", "2010": "$671", "2009": "$528", "2008": "$490", "2007": "$470", "2006": "$425", "2005": "$423"}, "Dollar Tree Quarterly EBITDA (Millions of US $)": {"2020-10-31": "$637", "2020-07-31": "$544", "2020-04-30": "$533", "2020-01-31": "$744", "2019-10-31": "$520", "2019-07-31": "$426", "2019-04-30": "$538", "2019-01-31": "$750", "2018-10-31": "$540", "2018-07-31": "$537", "2018-04-30": "$639", "2018-01-31": "$926", "2017-10-31": "$578", "2017-07-31": "$576", "2017-04-30": "$546", "2017-01-31": "$758", "2016-10-31": "$530", "2016-07-31": "$524", "2016-04-30": "$586", "2016-01-31": "$700", "2015-10-31": "$404", "2015-07-31": "$210", "2015-04-30": "$288", "2015-01-31": "$438", "2014-10-31": "$271", "2014-07-31": "$254", "2014-04-30": "$283", "2014-01-31": "$398", "2013-10-31": "$253", "2013-07-31": "$248", "2013-04-30": "$262", "2013-01-31": "$410", "2012-10-31": "$228", "2012-07-31": "$227", "2012-04-30": "$230", "2012-01-31": "$346", "2011-10-31": "$206", "2011-07-31": "$193", "2011-04-30": "$201", "2011-01-31": "$301", "2010-10-31": "$180", "2010-07-31": "$167", "2010-04-30": "$142", "2010-01-31": "$260", "2009-10-31": "$146", "2009-07-31": "$128", "2009-04-30": "$136", "2009-01-31": "$207", "2008-10-31": "$108", "2008-07-31": "$101", "2008-04-30": "$112", "2008-01-31": "$196", "2007-10-31": "$100", "2007-07-31": "$92", "2007-04-30": "$102", "2007-01-31": "$201", "2006-10-31": "$93", "2006-07-31": "$86", "2006-04-30": "$90", "2006-01-31": "$174", "2005-10-31": "$88", "2005-07-31": "$82", "2005-04-30": "$81", "2005-01-31": "$165"}}, "net-income": {"Dollar Tree Annual Net Income (Millions of US $)": {"2020": "$827", "2019": "$-1,591", "2018": "$1,714", "2017": "$896", "2016": "$282", "2015": "$599", "2014": "$597", "2013": "$619", "2012": "$488", "2011": "$397", "2010": "$321", "2009": "$230", "2008": "$201", "2007": "$192", "2006": "$174", "2005": "$180"}, "Dollar Tree Quarterly Net Income (Millions of US $)": {"2020-10-31": "$330", "2020-07-31": "$262", "2020-04-30": "$248", "2020-01-31": "$123", "2019-10-31": "$256", "2019-07-31": "$180", "2019-04-30": "$268", "2019-01-31": "$-2,307", "2018-10-31": "$282", "2018-07-31": "$274", "2018-04-30": "$161", "2018-01-31": "$1,040", "2017-10-31": "$240", "2017-07-31": "$234", "2017-04-30": "$201", "2017-01-31": "$322", "2016-10-31": "$172", "2016-07-31": "$170", "2016-04-30": "$233", "2016-01-31": "$229", "2015-10-31": "$82", "2015-07-31": "$-98", "2015-04-30": "$70", "2015-01-31": "$206", "2014-10-31": "$133", "2014-07-31": "$122", "2014-04-30": "$138", "2014-01-31": "$213", "2013-10-31": "$125", "2013-07-31": "$125", "2013-04-30": "$134", "2013-01-31": "$229", "2012-10-31": "$155", "2012-07-31": "$119", "2012-04-30": "$116", "2012-01-31": "$188", "2011-10-31": "$105", "2011-07-31": "$95", "2011-04-30": "$101", "2011-01-31": "$163", "2010-10-31": "$93", "2010-07-31": "$78", "2010-04-30": "$64", "2010-01-31": "$135", "2009-10-31": "$68", "2009-07-31": "$57", "2009-04-30": "$60", "2009-01-31": "$105", "2008-10-31": "$43", "2008-07-31": "$38", "2008-04-30": "$44", "2008-01-31": "$95", "2007-10-31": "$36", "2007-07-31": "$33", "2007-04-30": "$38", "2007-01-31": "$98", "2006-10-31": "$33", "2006-07-31": "$29", "2006-04-30": "$33", "2006-01-31": "$87", "2005-10-31": "$31", "2005-07-31": "$27", "2005-04-30": "$29", "2005-01-31": "$84"}}, "eps-earnings-per-share-diluted": {"Dollar Tree Annual EPS": {"2020": "$3.47", "2019": "$-6.69", "2018": "$7.21", "2017": "$3.78", "2016": "$1.26", "2015": "$2.90", "2014": "$2.72", "2013": "$2.68", "2012": "$2.01", "2011": "$1.55", "2010": "$1.19", "2009": "$0.85", "2008": "$0.70", "2007": "$0.62", "2006": "$0.53", "2005": "$0.53"}, "Dollar Tree Quarterly EPS": {"2020-10-31": "$1.39", "2020-07-31": "$1.10", "2020-04-30": "$1.04", "2020-01-31": "$0.51", "2019-10-31": "$1.08", "2019-07-31": "$0.76", "2019-04-30": "$1.12", "2019-01-31": "$-9.69", "2018-10-31": "$1.18", "2018-07-31": "$1.15", "2018-04-30": "$0.67", "2018-01-31": "$4.37", "2017-10-31": "$1.01", "2017-07-31": "$0.98", "2017-04-30": "$0.85", "2017-01-31": "$1.36", "2016-10-31": "$0.72", "2016-07-31": "$0.72", "2016-04-30": "$0.98", "2016-01-31": "$1.03", "2015-10-31": "$0.35", "2015-07-31": "$-0.46", "2015-04-30": "$0.34", "2015-01-31": "$1.00", "2014-10-31": "$0.64", "2014-07-31": "$0.59", "2014-04-30": "$0.67", "2014-01-31": "$0.99", "2013-10-31": "$0.58", "2013-07-31": "$0.56", "2013-04-30": "$0.59", "2013-01-31": "$0.99", "2012-10-31": "$0.68", "2012-07-31": "$0.51", "2012-04-30": "$0.50", "2012-01-31": "$0.78", "2011-10-31": "$0.43", "2011-07-31": "$0.39", "2011-04-30": "$0.41", "2011-01-31": "$0.64", "2010-10-31": "$0.37", "2010-07-31": "$0.31", "2010-04-30": "$0.25", "2010-01-31": "$0.50", "2009-10-31": "$0.26", "2009-07-31": "$0.21", "2009-04-30": "$0.22", "2009-01-31": "$0.39", "2008-10-31": "$0.16", "2008-07-31": "$0.14", "2008-04-30": "$0.16", "2008-01-31": "$0.33", "2007-10-31": "$0.13", "2007-07-31": "$0.11", "2007-04-30": "$0.13", "2007-01-31": "$0.31", "2006-10-31": "$0.11", "2006-07-31": "$0.09", "2006-04-30": "$0.10", "2006-01-31": "$0.27", "2005-10-31": "$0.10", "2005-07-31": "$0.08", "2005-04-30": "$0.09", "2005-01-31": "$0.24"}}, "shares-outstanding": {"Dollar Tree Annual Shares Outstanding (Millions of Shares)": {"2020": "238", "2019": "238", "2018": "238", "2017": "237", "2016": "224", "2015": "207", "2014": "219", "2013": "231", "2012": "242", "2011": "256", "2010": "270", "2009": "272", "2008": "288", "2007": "311", "2006": "326", "2005": "342"}, "Dollar Tree Quarterly Shares Outstanding (Millions of Shares)": {"2020-10-31": "238", "2020-07-31": "238", "2020-04-30": "237", "2020-01-31": "238", "2019-10-31": "238", "2019-07-31": "238", "2019-04-30": "239", "2019-01-31": "238", "2018-10-31": "239", "2018-07-31": "239", "2018-04-30": "239", "2018-01-31": "238", "2017-10-31": "238", "2017-07-31": "237", "2017-04-30": "237", "2017-01-31": "237", "2016-10-31": "237", "2016-07-31": "237", "2016-04-30": "236", "2016-01-31": "224", "2015-10-31": "236", "2015-07-31": "214", "2015-04-30": "207", "2015-01-31": "207", "2014-10-31": "207", "2014-07-31": "207", "2014-04-30": "208", "2014-01-31": "219", "2013-10-31": "217", "2013-07-31": "224", "2013-04-30": "225", "2013-01-31": "231", "2012-10-31": "230", "2012-07-31": "233", "2012-04-30": "233", "2012-01-31": "242", "2011-10-31": "242", "2011-07-31": "246", "2011-04-30": "247", "2011-01-31": "256", "2010-10-31": "256", "2010-07-31": "256", "2010-04-30": "261", "2010-01-31": "270", "2009-10-31": "270", "2009-07-31": "271", "2009-04-30": "273", "2009-01-31": "272", "2008-10-31": "273", "2008-07-31": "272", "2008-04-30": "271", "2008-01-31": "288", "2007-10-31": "287", "2007-07-31": "296", "2007-04-30": "300", "2007-01-31": "311", "2006-10-31": "308", "2006-07-31": "312", "2006-04-30": "320", "2006-01-31": "326", "2005-10-31": "323", "2005-07-31": "326", "2005-04-30": "335", "2005-01-31": "342"}}, "total-assets": {"Dollar Tree Annual Total Assets (Millions of US $)": {"2020": "$19,575", "2019": "$13,501", "2018": "$16,333", "2017": "$15,702", "2016": "$15,901", "2015": "$3,493", "2014": "$2,772", "2013": "$2,752", "2012": "$2,329", "2011": "$2,381", "2010": "$2,290", "2009": "$2,036", "2008": "$1,788", "2007": "$1,882", "2006": "$1,798", "2005": "$1,793"}, "Dollar Tree Quarterly Total Assets (Millions of US $)": {"2020-10-31": "$20,652", "2020-07-31": "$20,671", "2020-04-30": "$20,472", "2020-01-31": "$19,575", "2019-10-31": "$19,742", "2019-07-31": "$19,494", "2019-04-30": "$19,354", "2019-01-31": "$13,501", "2018-10-31": "$16,649", "2018-07-31": "$16,104", "2018-04-30": "$15,827", "2018-01-31": "$16,333", "2017-10-31": "$15,730", "2017-07-31": "$15,532", "2017-04-30": "$15,995", "2017-01-31": "$15,702", "2016-10-31": "$16,195", "2016-07-31": "$16,329", "2016-04-30": "$16,061", "2016-01-31": "$15,901", "2015-10-31": "$16,699", "2015-07-31": "$16,565", "2015-04-30": "$10,869", "2015-01-31": "$3,493", "2014-10-31": "$3,368", "2014-07-31": "$3,130", "2014-04-30": "$2,954", "2014-01-31": "$2,772", "2013-10-31": "$2,883", "2013-07-31": "$2,908", "2013-04-30": "$2,812", "2013-01-31": "$2,752", "2012-10-31": "$2,639", "2012-07-31": "$2,500", "2012-04-30": "$2,451", "2012-01-31": "$2,329", "2011-10-31": "$2,431", "2011-07-31": "$2,479", "2011-04-30": "$2,381", "2011-01-31": "$2,381", "2010-10-31": "$2,362", "2010-07-31": "$2,257", "2010-04-30": "$2,143", "2010-01-31": "$2,290", "2009-10-31": "$2,181", "2009-07-31": "$2,135", "2009-04-30": "$2,074", "2009-01-31": "$2,036", "2008-10-31": "$1,922", "2008-07-31": "$1,865", "2008-04-30": "$1,771", "2008-01-31": "$1,788", "2007-10-31": "$1,868", "2007-07-31": "$1,837", "2007-04-30": "$1,763", "2007-01-31": "$1,882", "2006-10-31": "$1,851", "2006-07-31": "$1,775", "2006-04-30": "$1,838", "2006-01-31": "$1,798", "2005-10-31": "$1,769", "2005-07-31": "$1,680", "2005-04-30": "$1,695", "2005-01-31": "$1,793"}}, "cash-on-hand": {"Dollar Tree Annual Cash on Hand (Millions of US $)": {"2020": "$539", "2019": "$422", "2018": "$1,098", "2017": "$870", "2016": "$740", "2015": "$864", "2014": "$268", "2013": "$400", "2012": "$288", "2011": "$486", "2010": "$599", "2009": "$364", "2008": "$81", "2007": "$307", "2006": "$340", "2005": "$318"}, "Dollar Tree Quarterly Cash on Hand (Millions of US $)": {"2020-10-31": "$1,118", "2020-07-31": "$1,750", "2020-04-30": "$1,755", "2020-01-31": "$539", "2019-10-31": "$434", "2019-07-31": "$623", "2019-04-30": "$726", "2019-01-31": "$422", "2018-10-31": "$708", "2018-07-31": "$647", "2018-04-30": "$475", "2018-01-31": "$1,098", "2017-10-31": "$400", "2017-07-31": "$697", "2017-04-30": "$1,159", "2017-01-31": "$870", "2016-10-31": "$738", "2016-07-31": "$1,097", "2016-04-30": "$934", "2016-01-31": "$740", "2015-10-31": "$1,111", "2015-07-31": "$1,307", "2015-04-30": "$8,115", "2015-01-31": "$864", "2014-10-31": "$408", "2014-07-31": "$468", "2014-04-30": "$387", "2014-01-31": "$268", "2013-10-31": "$147", "2013-07-31": "$414", "2013-04-30": "$383", "2013-01-31": "$400", "2012-10-31": "$222", "2012-07-31": "$380", "2012-04-30": "$382", "2012-01-31": "$288", "2011-10-31": "$280", "2011-07-31": "$545", "2011-04-30": "$510", "2011-01-31": "$486", "2010-10-31": "$392", "2010-07-31": "$480", "2010-04-30": "$390", "2010-01-31": "$599", "2009-10-31": "$342", "2009-07-31": "$358", "2009-04-30": "$355", "2009-01-31": "$364", "2008-10-31": "$79", "2008-07-31": "$115", "2008-04-30": "$84", "2008-01-31": "$81", "2007-10-31": "$30", "2007-07-31": "$188", "2007-04-30": "$189", "2007-01-31": "$307", "2006-10-31": "$119", "2006-07-31": "$180", "2006-04-30": "$287", "2006-01-31": "$340", "2005-10-31": "$130", "2005-07-31": "$166", "2005-04-30": "$170", "2005-01-31": "$318"}}, "long-term-debt": {"Dollar Tree Annual Long Term Debt (Millions of US $)": {"2020": "$3,522", "2019": "$4,265", "2018": "$4,762", "2017": "$6,170", "2016": "$7,238", "2015": "$683", "2014": "$757", "2013": "$257", "2012": "$250", "2011": "$250", "2010": "$250", "2009": "$250", "2008": "$250", "2007": "$250", "2006": "$250", "2005": "$251"}, "Dollar Tree Quarterly Long Term Debt (Millions of US $)": {"2020-10-31": "$3,225", "2020-07-31": "$3,224", "2020-04-30": "$3,223", "2020-01-31": "$3,522", "2019-10-31": "$3,520", "2019-07-31": "$3,519", "2019-04-30": "$3,517", "2019-01-31": "$4,265", "2018-10-31": "$5,044", "2018-07-31": "$5,042", "2018-04-30": "$5,040", "2018-01-31": "$4,762", "2017-10-31": "$5,557", "2017-07-31": "$5,595", "2017-04-30": "$6,132", "2017-01-31": "$6,170", "2016-10-31": "$6,938", "2016-07-31": "$7,156", "2016-04-30": "$7,210", "2016-01-31": "$7,238", "2015-10-31": "$8,248", "2015-07-31": "$8,266", "2015-04-30": "$7,820", "2015-01-31": "$683", "2014-10-31": "$757", "2014-07-31": "$740", "2014-04-30": "$753", "2014-01-31": "$757", "2013-10-31": "$1,007", "2013-07-31": "$257", "2013-04-30": "$257", "2013-01-31": "$257", "2012-10-31": "$250", "2012-07-31": "$250", "2012-04-30": "", "2012-01-31": "$250", "2011-10-31": "$250", "2011-07-31": "$250", "2011-04-30": "$250", "2011-01-31": "$250", "2010-10-31": "$250", "2010-07-31": "$250", "2010-04-30": "$250", "2010-01-31": "$250", "2009-10-31": "$250", "2009-07-31": "$250", "2009-04-30": "$250", "2009-01-31": "$250", "2008-10-31": "$250", "2008-07-31": "$250", "2008-04-30": "$250", "2008-01-31": "$250", "2007-10-31": "$335", "2007-07-31": "$250", "2007-04-30": "$250", "2007-01-31": "$250", "2006-10-31": "$250", "2006-07-31": "$250", "2006-04-30": "$250", "2006-01-31": "$250", "2005-10-31": "$250", "2005-07-31": "$250", "2005-04-30": "$250", "2005-01-31": "$251"}}, "total-liabilities": {"Dollar Tree Annual Total Liabilities (Millions of US $)": {"2020": "$13,320", "2019": "$7,858", "2018": "$9,151", "2017": "$10,312", "2016": "$11,494", "2015": "$1,708", "2014": "$1,601", "2013": "$1,085", "2012": "$984", "2011": "$922", "2010": "$861", "2009": "$783", "2008": "$799", "2007": "$715", "2006": "$626", "2005": "$628"}, "Dollar Tree Quarterly Total Liabilities (Millions of US $)": {"2020-10-31": "$13,691", "2020-07-31": "$13,857", "2020-04-30": "$13,951", "2020-01-31": "$13,320", "2019-10-31": "$13,621", "2019-07-31": "$13,628", "2019-04-30": "$13,598", "2019-01-31": "$7,858", "2018-10-31": "$8,706", "2018-07-31": "$8,456", "2018-04-30": "$8,471", "2018-01-31": "$9,151", "2017-10-31": "$9,614", "2017-07-31": "$9,672", "2017-04-30": "$10,386", "2017-01-31": "$10,312", "2016-10-31": "$11,147", "2016-07-31": "$11,473", "2016-04-30": "$11,391", "2016-01-31": "$11,494", "2015-10-31": "$12,557", "2015-07-31": "$12,518", "2015-04-30": "$8,998", "2015-01-31": "$1,708", "2014-10-31": "$1,783", "2014-07-31": "$1,682", "2014-04-30": "$1,636", "2014-01-31": "$1,601", "2013-10-31": "$1,924", "2013-07-31": "$1,082", "2013-04-30": "$1,072", "2013-01-31": "$1,085", "2012-10-31": "$1,100", "2012-07-31": "$977", "2012-04-30": "$971", "2012-01-31": "$984", "2011-10-31": "$984", "2011-07-31": "$891", "2011-04-30": "$895", "2011-01-31": "$922", "2010-10-31": "$950", "2010-07-31": "$876", "2010-04-30": "$850", "2010-01-31": "$861", "2009-10-31": "$856", "2009-07-31": "$825", "2009-04-30": "$792", "2009-01-31": "$783", "2008-10-31": "$782", "2008-07-31": "$778", "2008-04-30": "$734", "2008-01-31": "$799", "2007-10-31": "$883", "2007-07-31": "$734", "2007-04-30": "$665", "2007-01-31": "$715", "2006-10-31": "$692", "2006-07-31": "$662", "2006-04-30": "$670", "2006-01-31": "$626", "2005-10-31": "$688", "2005-07-31": "$583", "2005-04-30": "$626", "2005-01-31": "$628"}}, "total-share-holder-equity": {"Dollar Tree Annual Share Holder Equity (Millions of US $)": {"2020": "$6,255", "2019": "$5,643", "2018": "$7,182", "2017": "$5,390", "2016": "$4,407", "2015": "$1,785", "2014": "$1,171", "2013": "$1,667", "2012": "$1,345", "2011": "$1,459", "2010": "$1,429", "2009": "$1,253", "2008": "$988", "2007": "$1,168", "2006": "$1,172", "2005": "$1,164"}, "Dollar Tree Quarterly Share Holder Equity (Millions of US $)": {"2020-10-31": "$6,961", "2020-07-31": "$6,814", "2020-04-30": "$6,521", "2020-01-31": "$6,255", "2019-10-31": "$6,121", "2019-07-31": "$5,866", "2019-04-30": "$5,756", "2019-01-31": "$5,643", "2018-10-31": "$7,943", "2018-07-31": "$7,648", "2018-04-30": "$7,356", "2018-01-31": "$7,182", "2017-10-31": "$6,117", "2017-07-31": "$5,860", "2017-04-30": "$5,609", "2017-01-31": "$5,390", "2016-10-31": "$5,048", "2016-07-31": "$4,857", "2016-04-30": "$4,670", "2016-01-31": "$4,407", "2015-10-31": "$4,142", "2015-07-31": "$4,047", "2015-04-30": "$1,871", "2015-01-31": "$1,785", "2014-10-31": "$1,585", "2014-07-31": "$1,448", "2014-04-30": "$1,318", "2014-01-31": "$1,171", "2013-10-31": "$959", "2013-07-31": "$1,826", "2013-04-30": "$1,740", "2013-01-31": "$1,667", "2012-10-31": "$1,539", "2012-07-31": "$1,523", "2012-04-30": "$1,481", "2012-01-31": "$1,345", "2011-10-31": "$1,447", "2011-07-31": "$1,588", "2011-04-30": "$1,487", "2011-01-31": "$1,459", "2010-10-31": "$1,412", "2010-07-31": "$1,382", "2010-04-30": "$1,293", "2010-01-31": "$1,429", "2009-10-31": "$1,325", "2009-07-31": "$1,310", "2009-04-30": "$1,282", "2009-01-31": "$1,253", "2008-10-31": "$1,140", "2008-07-31": "$1,086", "2008-04-30": "$1,037", "2008-01-31": "$988", "2007-10-31": "$985", "2007-07-31": "$1,103", "2007-04-30": "$1,098", "2007-01-31": "$1,168", "2006-10-31": "$1,159", "2006-07-31": "$1,114", "2006-04-30": "$1,167", "2006-01-31": "$1,172", "2005-10-31": "$1,081", "2005-07-31": "$1,097", "2005-04-30": "$1,069", "2005-01-31": "$1,164"}}, "profit-margins": {"current": "3.84%"}, "gross margin": {"2020-10-31": "30.31%", "2020-07-31": "29.96%", "2020-04-30": "29.52%", "2020-01-31": "29.83%", "2019-10-31": "29.76%", "2019-07-31": "29.88%", "2019-04-30": "30.22%", "2019-01-31": "30.44%", "2018-10-31": "31.06%", "2018-07-31": "31.33%", "2018-04-30": "31.52%", "2018-01-31": "31.57%", "2017-10-31": "31.26%", "2017-07-31": "31.04%", "2017-04-30": "30.91%", "2017-01-31": "30.86%", "2016-10-31": "30.52%", "2016-07-31": "30.01%", "2016-04-30": "29.68%", "2016-01-31": "30.05%", "2015-10-31": "31.10%", "2015-07-31": "33.27%", "2015-04-30": "35.15%", "2015-01-31": "35.27%", "2014-10-31": "35.18%", "2014-07-31": "35.28%", "2014-04-30": "35.50%", "2014-01-31": "35.58%", "2013-10-31": "35.86%", "2013-07-31": "35.85%", "2013-04-30": "35.91%", "2013-01-31": "35.88%", "2012-10-31": "35.75%", "2012-07-31": "35.83%", "2012-04-30": "35.83%", "2012-01-31": "35.86%", "2011-10-31": "35.76%", "2011-07-31": "35.85%", "2011-04-30": "35.86%", "2011-01-31": "35.49%", "2010-10-31": "35.30%", "2010-07-31": "35.26%", "2010-04-30": "35.12%", "2010-01-31": "35.47%", "2009-10-31": "35.00%", "2009-07-31": "34.70%", "2009-04-30": "34.41%", "2009-01-31": "34.27%", "2008-10-31": "34.32%", "2008-07-31": "34.43%", "2008-04-30": "34.57%", "2008-01-31": "34.43%", "2007-10-31": "34.39%", "2007-07-31": "34.25%", "2007-04-30": "34.15%", "2007-01-31": "34.18%", "2006-10-31": "33.97%", "2006-07-31": "34.14%", "2006-04-30": "34.35%", "2006-01-31": "34.50%", "2005-10-31": "34.59%"}, "operating margin": {"2020-10-31": "5.81%", "2020-07-31": "5.47%", "2020-04-30": "5.16%", "2020-01-31": "5.34%", "2019-10-31": "-4.83%", "2019-07-31": "-4.74%", "2019-04-30": "-4.29%", "2019-01-31": "-4.11%", "2018-10-31": "8.59%", "2018-07-31": "8.84%", "2018-04-30": "9.10%", "2018-01-31": "8.99%", "2017-10-31": "8.46%", "2017-07-31": "8.19%", "2017-04-30": "8.00%", "2017-01-31": "8.22%", "2016-10-31": "7.77%", "2016-07-31": "7.21%", "2016-04-30": "6.71%", "2016-01-31": "6.78%", "2015-10-31": "7.65%", "2015-07-31": "9.84%", "2015-04-30": "11.87%", "2015-01-31": "12.10%", "2014-10-31": "12.02%", "2014-07-31": "12.13%", "2014-04-30": "12.35%", "2014-01-31": "12.37%", "2013-10-31": "12.56%", "2013-07-31": "12.57%", "2013-04-30": "12.59%", "2013-01-31": "12.44%", "2012-10-31": "12.09%", "2012-07-31": "12.03%", "2012-04-30": "11.88%", "2012-01-31": "11.81%", "2011-10-31": "11.54%", "2011-07-31": "11.47%", "2011-04-30": "11.36%", "2011-01-31": "10.73%", "2010-10-31": "10.32%", "2010-07-31": "10.06%", "2010-04-30": "9.62%", "2010-01-31": "9.81%", "2009-10-31": "9.09%", "2009-07-31": "8.55%", "2009-04-30": "8.22%", "2009-01-31": "7.88%", "2008-10-31": "7.79%", "2008-07-31": "7.79%", "2008-04-30": "7.80%", "2008-01-31": "7.75%", "2007-10-31": "7.74%", "2007-07-31": "7.76%", "2007-04-30": "7.80%", "2007-01-31": "7.83%", "2006-10-31": "7.86%", "2006-07-31": "8.05%", "2006-04-30": "8.28%", "2006-01-31": "8.37%", "2005-10-31": "8.45%"}, "ebitda margin": {"2020-10-31": "9.81%", "2020-07-31": "9.50%", "2020-04-30": "9.22%", "2020-01-31": "9.44%", "2019-10-31": "9.51%", "2019-07-31": "9.68%", "2019-04-30": "10.25%", "2019-01-31": "10.80%", "2018-10-31": "11.50%", "2018-07-31": "11.78%", "2018-04-30": "12.08%", "2018-01-31": "11.80%", "2017-10-31": "11.42%", "2017-07-31": "11.36%", "2017-04-30": "11.27%", "2017-01-31": "11.57%", "2016-10-31": "11.44%", "2016-07-31": "10.86%", "2016-04-30": "10.32%", "2016-01-31": "10.34%", "2015-10-31": "10.63%", "2015-07-31": "12.37%", "2015-04-30": "14.25%", "2015-01-31": "14.49%", "2014-10-31": "14.42%", "2014-07-31": "14.57%", "2014-04-30": "14.82%", "2014-01-31": "14.81%", "2013-10-31": "14.94%", "2013-07-31": "14.93%", "2013-04-30": "14.95%", "2013-01-31": "14.81%", "2012-10-31": "14.53%", "2012-07-31": "14.47%", "2012-04-30": "14.32%", "2012-01-31": "14.27%", "2011-10-31": "14.06%", "2011-07-31": "14.02%", "2011-04-30": "13.97%", "2011-01-31": "13.43%", "2010-10-31": "13.10%", "2010-07-31": "12.91%", "2010-04-30": "12.56%", "2010-01-31": "12.81%", "2009-10-31": "12.19%", "2009-07-31": "11.76%", "2009-04-30": "11.51%", "2009-01-31": "11.37%", "2008-10-31": "11.35%", "2008-07-31": "11.46%", "2008-04-30": "11.58%", "2008-01-31": "11.55%", "2007-10-31": "11.61%", "2007-07-31": "11.69%", "2007-04-30": "11.79%", "2007-01-31": "11.84%", "2006-10-31": "11.88%", "2006-07-31": "12.11%", "2006-04-30": "12.39%", "2006-01-31": "12.52%", "2005-10-31": "12.60%"}, "pre tax profit margin": {"2020-10-31": "5.19%", "2020-07-31": "4.84%", "2020-04-30": "4.48%", "2020-01-31": "4.65%", "2019-10-31": "-5.55%", "2019-07-31": "-5.50%", "2019-04-30": "-5.08%", "2019-01-31": "-5.74%", "2018-10-31": "6.86%", "2018-07-31": "7.00%", "2018-04-30": "7.10%", "2018-01-31": "7.66%", "2017-10-31": "7.02%", "2017-07-31": "6.54%", "2017-04-30": "6.27%", "2017-01-31": "6.42%", "2016-10-31": "5.79%", "2016-07-31": "5.30%", "2016-04-30": "3.63%", "2016-01-31": "2.90%", "2015-10-31": "3.34%", "2015-07-31": "5.17%", "2015-04-30": "9.61%", "2015-01-31": "11.10%", "2014-10-31": "11.59%", "2014-07-31": "11.77%", "2014-04-30": "12.08%", "2014-01-31": "12.18%", "2013-10-31": "12.47%", "2013-07-31": "13.32%", "2013-04-30": "13.35%", "2013-01-31": "13.24%", "2012-10-31": "12.94%", "2012-07-31": "12.02%", "2012-04-30": "11.85%", "2012-01-31": "11.76%", "2011-10-31": "11.48%", "2011-07-31": "11.49%", "2011-04-30": "11.36%", "2011-01-31": "10.71%", "2010-10-31": "10.30%", "2010-07-31": "9.93%", "2010-04-30": "9.53%", "2010-01-31": "9.71%", "2009-10-31": "8.99%", "2009-07-31": "8.45%", "2009-04-30": "8.09%", "2009-01-31": "7.73%", "2008-10-31": "7.59%", "2008-07-31": "7.57%", "2008-04-30": "7.59%", "2008-01-31": "7.57%", "2007-10-31": "7.58%", "2007-07-31": "7.59%", "2007-04-30": "7.61%", "2007-01-31": "7.63%", "2006-10-31": "7.64%", "2006-07-31": "7.85%", "2006-04-30": "8.05%", "2006-01-31": "8.13%", "2005-10-31": "8.24%"}, "net profit margin": {"2020-10-31": "3.84%", "2020-07-31": "3.61%", "2020-04-30": "3.35%", "2020-01-31": "3.50%", "2019-10-31": "-6.82%", "2019-07-31": "-6.77%", "2019-04-30": "-6.43%", "2019-01-31": "-6.97%", "2018-10-31": "7.65%", "2018-07-31": "7.54%", "2018-04-30": "7.44%", "2018-01-31": "7.71%", "2017-10-31": "4.63%", "2017-07-31": "4.38%", "2017-04-30": "4.13%", "2017-01-31": "4.33%", "2016-10-31": "3.93%", "2016-07-31": "3.50%", "2016-04-30": "2.42%", "2016-01-31": "1.83%", "2015-10-31": "2.06%", "2015-07-31": "3.19%", "2015-04-30": "6.05%", "2015-01-31": "6.96%", "2014-10-31": "7.25%", "2014-07-31": "7.34%", "2014-04-30": "7.54%", "2014-01-31": "7.61%", "2013-10-31": "7.81%", "2013-07-31": "8.36%", "2013-04-30": "8.45%", "2013-01-31": "8.37%", "2012-10-31": "8.15%", "2012-07-31": "7.57%", "2012-04-30": "7.40%", "2012-01-31": "7.37%", "2011-10-31": "7.24%", "2011-07-31": "7.24%", "2011-04-30": "7.16%", "2011-01-31": "6.77%", "2010-10-31": "6.47%", "2010-07-31": "6.23%", "2010-04-30": "6.02%", "2010-01-31": "6.12%", "2009-10-31": "5.73%", "2009-07-31": "5.38%", "2009-04-30": "5.13%", "2009-01-31": "4.95%", "2008-10-31": "4.83%", "2008-07-31": "4.80%", "2008-04-30": "4.82%", "2008-01-31": "4.76%", "2007-10-31": "4.81%", "2007-07-31": "4.84%", "2007-04-30": "4.84%", "2007-01-31": "4.86%", "2006-10-31": "4.88%", "2006-07-31": "4.98%", "2006-04-30": "5.08%", "2006-01-31": "5.13%", "2005-10-31": "5.18%"}, "pe ratio": {"current": "19.86", "2021-02-05": "26.09", "2020-10-31": "22.30", "2020-07-31": "24.96", "2020-04-30": "23.43", "2020-01-31": "25.02", "2019-10-31": "0.00", "2019-07-31": "0.00", "2019-04-30": "0.00", "2019-01-31": "0.00", "2018-10-31": "11.44", "2018-07-31": "12.68", "2018-04-30": "13.64", "2018-01-31": "15.95", "2017-10-31": "21.73", "2017-07-31": "18.43", "2017-04-30": "22.68", "2017-01-31": "20.42", "2016-10-31": "22.29", "2016-07-31": "31.88", "2016-04-30": "43.32", "2016-01-31": "67.77", "2015-10-31": "53.24", "2015-07-31": "51.34", "2015-04-30": "29.73", "2015-01-31": "24.52", "2014-10-31": "20.74", "2014-07-31": "19.05", "2014-04-30": "18.40", "2014-01-31": "18.37", "2013-10-31": "21.31", "2013-07-31": "18.89", "2013-04-30": "17.05", "2013-01-31": "14.81", "2012-10-31": "16.01", "2012-07-31": "22.42", "2012-04-30": "23.98", "2012-01-31": "20.89", "2011-10-31": "21.32", "2011-07-31": "18.35", "2011-04-30": "16.67", "2011-01-31": "16.23", "2010-10-31": "18.07", "2010-07-31": "16.94", "2010-04-30": "16.68", "2010-01-31": "13.87", "2009-10-31": "14.10", "2009-07-31": "15.85", "2009-04-30": "15.68", "2009-01-31": "16.95", "2008-10-31": "15.77", "2008-07-31": "16.16", "2008-04-30": "14.17", "2008-01-31": "13.15", "2007-10-31": "18.68", "2007-07-31": "19.22", "2007-04-30": "20.27", "2007-01-31": "16.82", "2006-10-31": "18.08"}, "price sales": {"2021-02-05": "1.00", "2020-10-31": "0.86", "2020-07-31": "0.90", "2020-04-30": "0.79", "2020-01-31": "0.88", "2019-10-31": "1.12", "2019-07-31": "1.04", "2019-04-30": "1.15", "2019-01-31": "1.01", "2018-10-31": "0.87", "2018-07-31": "0.96", "2018-04-30": "1.01", "2018-01-31": "1.23", "2017-10-31": "1.01", "2017-07-31": "0.81", "2017-04-30": "0.94", "2017-01-31": "0.88", "2016-10-31": "0.86", "2016-07-31": "1.10", "2016-04-30": "0.99", "2016-01-31": "1.17", "2015-10-31": "1.14", "2015-07-31": "1.67", "2015-04-30": "1.80", "2015-01-31": "1.71", "2014-10-31": "1.52", "2014-07-31": "1.42", "2014-04-30": "1.41", "2014-01-31": "1.42", "2013-10-31": "1.67", "2013-07-31": "1.59", "2013-04-30": "1.45", "2013-01-31": "1.25", "2012-10-31": "1.32", "2012-07-31": "1.71", "2012-04-30": "1.80", "2012-01-31": "1.56", "2011-10-31": "1.55", "2011-07-31": "1.33", "2011-04-30": "1.20", "2011-01-31": "1.10", "2010-10-31": "1.17", "2010-07-31": "1.06", "2010-04-30": "1.01", "2010-01-31": "0.85", "2009-10-31": "0.81", "2009-07-31": "0.85", "2009-04-30": "0.80", "2009-01-31": "0.83", "2008-10-31": "0.77", "2008-07-31": "0.79", "2008-04-30": "0.70", "2008-01-31": "0.64", "2007-10-31": "0.90", "2007-07-31": "0.93", "2007-04-30": "0.99", "2007-01-31": "0.83", "2006-10-31": "0.88"}, "price book": {"current": "3.57", "2021-02-05": "3.57", "2020-10-31": "3.05", "2020-07-31": "3.25", "2020-04-30": "2.90", "2020-01-31": "3.29", "2019-10-31": "4.27", "2019-07-31": "4.11", "2019-04-30": "4.59", "2019-01-31": "4.09", "2018-10-31": "2.53", "2018-07-31": "2.84", "2018-04-30": "3.10", "2018-01-31": "3.80", "2017-10-31": "3.54", "2017-07-31": "2.91", "2017-04-30": "3.49", "2017-01-31": "3.38", "2016-10-31": "3.53", "2016-07-31": "4.67", "2016-04-30": "4.02", "2016-01-31": "4.34", "2015-10-31": "3.71", "2015-07-31": "4.53", "2015-04-30": "8.42", "2015-01-31": "8.19", "2014-10-31": "7.86", "2014-07-31": "7.73", "2014-04-30": "8.17", "2014-01-31": "8.98", "2013-10-31": "12.67", "2013-07-31": "6.55", "2013-04-30": "6.12", "2013-01-31": "5.39", "2012-10-31": "5.89", "2012-07-31": "7.62", "2012-04-30": "7.96", "2012-01-31": "7.29", "2011-10-31": "6.58", "2011-07-31": "5.10", "2011-04-30": "4.73", "2011-01-31": "4.28", "2010-10-31": "4.56", "2010-07-31": "4.09", "2010-04-30": "3.98", "2010-01-31": "3.03", "2009-10-31": "3.01", "2009-07-31": "3.15", "2009-04-30": "2.98", "2009-01-31": "3.09", "2008-10-31": "3.02", "2008-07-31": "3.12", "2008-04-30": "2.74", "2008-01-31": "2.54", "2007-10-31": "3.62", "2007-07-31": "3.36", "2007-04-30": "3.50", "2007-01-31": "2.68", "2006-10-31": "2.75", "2006-07-31": "2.44", "2006-04-30": "2.35", "2006-01-31": "2.25"}, "price fcf": {"2021-02-05": "", "2020-10-31": "$6.84", "2020-07-31": "$6.13", "2020-04-30": "$4.85", "2020-01-31": "$3.50", "2019-10-31": "$3.15", "2019-07-31": "$3.84", "2019-04-30": "$4.82", "2019-01-31": "$3.99", "2018-10-31": "$4.90", "2018-07-31": "$3.55", "2018-04-30": "$3.20", "2018-01-31": "$3.70", "2017-10-31": "$4.41", "2017-07-31": "$5.01", "2017-04-30": "$5.46", "2017-01-31": "$4.68", "2016-10-31": "$3.86", "2016-07-31": "$3.71", "2016-04-30": "$1.62", "2016-01-31": "$1.44", "2015-10-31": "$0.78", "2015-07-31": "$1.10", "2015-04-30": "$2.78", "2015-01-31": "$2.99", "2014-10-31": "$2.39", "2014-07-31": "$2.66", "2014-04-30": "$2.61", "2014-01-31": "$2.11", "2013-10-31": "$1.63", "2013-07-31": "$1.43", "2013-04-30": "$1.40", "2013-01-31": "$1.58", "2012-10-31": "$1.63", "2012-07-31": "$1.84", "2012-04-30": "$1.70", "2012-01-31": "$1.80", "2011-10-31": "$1.72", "2011-07-31": "$1.64", "2011-04-30": "$1.76", "2011-01-31": "$1.33", "2010-10-31": "$1.25", "2010-07-31": "$1.55", "2010-04-30": "$1.43", "2010-01-31": "$1.54", "2009-10-31": "$1.47", "2009-07-31": "$1.15", "2009-04-30": "$1.07", "2009-01-31": "$1.00", "2008-10-31": "$0.80", "2008-07-31": "$0.69", "2008-04-30": "$0.66", "2008-01-31": "$0.62", "2007-10-31": "$0.68", "2007-07-31": "$0.73", "2007-04-30": "$0.62", "2007-01-31": "$0.76", "2006-10-31": "$0.53"}, "net worth": {"value": "$24.85B"}, "current ratio": {"current": "1.28", "2020-10-31": "1.28", "2020-07-31": "1.22", "2020-04-30": "1.15", "2020-01-31": "1.20", "2019-10-31": "1.09", "2019-07-31": "1.06", "2019-04-30": "1.07", "2019-01-31": "2.05", "2018-10-31": "2.22", "2018-07-31": "2.24", "2018-04-30": "2.11", "2018-01-31": "1.60", "2017-10-31": "1.95", "2017-07-31": "1.83", "2017-04-30": "1.91", "2017-01-31": "1.87", "2016-10-31": "2.04", "2016-07-31": "2.04", "2016-04-30": "2.04", "2016-01-31": "1.88", "2015-10-31": "2.14", "2015-07-31": "2.18", "2015-04-30": "9.20", "2015-01-31": "2.32", "2014-10-31": "2.07", "2014-07-31": "2.12", "2014-04-30": "2.12", "2014-01-31": "2.01", "2013-10-31": "1.94", "2013-07-31": "2.28", "2013-04-30": "2.25", "2013-01-31": "2.18", "2012-10-31": "2.01", "2012-07-31": "2.28", "2012-04-30": "1.60", "2012-01-31": "2.08", "2011-10-31": "2.27", "2011-07-31": "2.84", "2011-04-30": "2.63", "2011-01-31": "2.50", "2010-10-31": "2.41", "2010-07-31": "2.57", "2010-04-30": "2.45", "2010-01-31": "2.74", "2009-10-31": "2.61", "2009-07-31": "2.64", "2009-04-30": "2.68", "2009-01-31": "2.62", "2008-10-31": "2.33", "2008-07-31": "2.18", "2008-04-30": "2.14", "2008-01-31": "1.94", "2007-10-31": "2.06", "2007-07-31": "2.30", "2007-04-30": "2.58", "2007-01-31": "2.47", "2006-10-31": "2.51", "2006-07-31": "2.57", "2006-04-30": "2.75", "2006-01-31": "3.19", "2005-10-31": "2.59", "2005-07-31": "3.35", "2005-04-30": "2.94", "2005-01-31": "3.30"}, "quick ratio": {"2020-10-31": "0.34", "2020-07-31": "0.46", "2020-04-30": "0.44", "2020-01-31": "0.21", "2019-10-31": "0.17", "2019-07-31": "0.21", "2019-04-30": "0.23", "2019-01-31": "0.36", "2018-10-31": "0.48", "2018-07-31": "0.52", "2018-04-30": "0.41", "2018-01-31": "0.49", "2017-10-31": "0.28", "2017-07-31": "0.43", "2017-04-30": "0.63", "2017-01-31": "0.51", "2016-10-31": "0.50", "2016-07-31": "0.68", "2016-04-30": "0.61", "2016-01-31": "0.50", "2015-10-31": "0.67", "2015-07-31": "0.82", "2015-04-30": "8.12", "2015-01-31": "1.11", "2014-10-31": "0.57", "2014-07-31": "0.74", "2014-04-30": "0.68", "2014-01-31": "0.50", "2013-10-31": "0.33", "2013-07-31": "0.77", "2013-04-30": "0.72", "2013-01-31": "0.74", "2012-10-31": "0.39", "2012-07-31": "0.74", "2012-04-30": "0.53", "2012-01-31": "0.59", "2011-10-31": "0.56", "2011-07-31": "1.20", "2011-04-30": "1.10", "2011-01-31": "1.00", "2010-10-31": "0.76", "2010-07-31": "1.04", "2010-04-30": "0.93", "2010-01-31": "1.32", "2009-10-31": "0.80", "2009-07-31": "0.96", "2009-04-30": "1.02", "2009-01-31": "0.97", "2008-10-31": "0.30", "2008-07-31": "0.43", "2008-04-30": "0.39", "2008-01-31": "0.36", "2007-10-31": "0.21", "2007-07-31": "0.62", "2007-04-30": "0.73", "2007-01-31": "0.93", "2006-10-31": "0.39", "2006-07-31": "0.60", "2006-04-30": "0.91", "2006-01-31": "1.24", "2005-10-31": "0.47", "2005-07-31": "0.81", "2005-04-30": "0.72", "2005-01-31": "1.20"}, "debt equity ratio": {"current": "0.46", "2020-10-31": "1.97", "2020-07-31": "2.03", "2020-04-30": "2.14", "2020-01-31": "2.13", "2019-10-31": "2.23", "2019-07-31": "2.32", "2019-04-30": "2.36", "2019-01-31": "1.39", "2018-10-31": "1.10", "2018-07-31": "1.11", "2018-04-30": "1.15", "2018-01-31": "1.27", "2017-10-31": "1.57", "2017-07-31": "1.65", "2017-04-30": "1.85", "2017-01-31": "1.91", "2016-10-31": "2.21", "2016-07-31": "2.36", "2016-04-30": "2.44", "2016-01-31": "2.61", "2015-10-31": "3.03", "2015-07-31": "3.09", "2015-04-30": "4.81", "2015-01-31": "0.96", "2014-10-31": "1.13", "2014-07-31": "1.16", "2014-04-30": "1.24", "2014-01-31": "1.37", "2013-10-31": "2.01", "2013-07-31": "0.59", "2013-04-30": "0.62", "2013-01-31": "0.65", "2012-10-31": "0.72", "2012-07-31": "0.64", "2012-04-30": "0.66", "2012-01-31": "0.73", "2011-10-31": "0.68", "2011-07-31": "0.56", "2011-04-30": "0.60", "2011-01-31": "0.63", "2010-10-31": "0.67", "2010-07-31": "0.63", "2010-04-30": "0.66", "2010-01-31": "0.60", "2009-10-31": "0.65", "2009-07-31": "0.63", "2009-04-30": "0.62", "2009-01-31": "0.62", "2008-10-31": "0.69", "2008-07-31": "0.72", "2008-04-30": "0.71", "2008-01-31": "0.81", "2007-10-31": "0.90", "2007-07-31": "0.67", "2007-04-30": "0.61", "2007-01-31": "0.61", "2006-10-31": "0.60", "2006-07-31": "0.59", "2006-04-30": "0.57", "2006-01-31": "0.53", "2005-10-31": "0.64", "2005-07-31": "0.53", "2005-04-30": "0.59", "2005-01-31": "0.54"}, "return on equity": {"2020-10-31": "14.51%", "2020-07-31": "13.83%", "2020-04-30": "13.04%", "2020-01-31": "13.78%", "2019-10-31": "-27.42%", "2019-07-31": "-25.02%", "2019-04-30": "-21.98%", "2019-01-31": "-22.25%", "2018-10-31": "23.33%", "2018-07-31": "24.24%", "2018-04-30": "25.27%", "2018-01-31": "27.70%", "2017-10-31": "17.36%", "2017-07-31": "16.96%", "2017-04-30": "16.55%", "2017-01-31": "17.97%", "2016-10-31": "16.94%", "2016-07-31": "15.80%", "2016-04-30": "10.33%", "2016-01-31": "7.82%", "2015-10-31": "8.78%", "2015-07-31": "13.39%", "2015-04-30": "31.75%", "2015-01-31": "39.05%", "2014-10-31": "43.90%", "2014-07-31": "48.86%", "2014-04-30": "45.58%", "2014-01-31": "41.92%", "2013-10-31": "39.60%", "2013-07-31": "37.98%", "2013-04-30": "39.39%", "2013-01-31": "39.87%", "2012-10-31": "39.27%", "2012-07-31": "36.44%", "2012-04-30": "34.40%", "2012-01-31": "33.34%", "2011-10-31": "31.03%", "2011-07-31": "30.41%", "2011-04-30": "30.31%", "2011-01-31": "28.71%", "2010-10-31": "26.83%", "2010-07-31": "25.42%", "2010-04-30": "24.19%", "2010-01-31": "23.94%", "2009-10-31": "22.44%", "2009-07-31": "21.26%", "2009-04-30": "20.67%", "2009-01-31": "20.37%", "2008-10-31": "20.70%", "2008-07-31": "20.80%", "2008-04-30": "20.23%", "2008-01-31": "19.36%", "2007-10-31": "18.83%", "2007-07-31": "17.84%", "2007-04-30": "17.45%", "2007-01-31": "16.75%", "2006-10-31": "15.78%", "2006-07-31": "15.88%", "2006-04-30": "15.76%", "2006-01-31": "15.75%", "2005-10-31": "15.51%"}, "return on assets": {"2020-10-31": "4.73%", "2020-07-31": "4.42%", "2020-04-30": "4.07%", "2020-01-31": "4.23%", "2019-10-31": "-8.89%", "2019-07-31": "-9.14%", "2019-04-30": "-9.04%", "2019-01-31": "-10.24%", "2018-10-31": "10.83%", "2018-07-31": "10.72%", "2018-04-30": "10.56%", "2018-01-31": "10.79%", "2017-10-31": "6.33%", "2017-07-31": "5.86%", "2017-04-30": "5.39%", "2017-01-31": "5.58%", "2016-10-31": "4.99%", "2016-07-31": "4.39%", "2016-04-30": "2.74%", "2016-01-31": "1.89%", "2015-10-31": "2.18%", "2015-07-31": "3.63%", "2015-04-30": "10.18%", "2015-01-31": "18.51%", "2014-10-31": "19.83%", "2014-07-31": "20.38%", "2014-04-30": "20.87%", "2014-01-31": "20.99%", "2013-10-31": "21.59%", "2013-07-31": "23.15%", "2013-04-30": "23.81%", "2013-01-31": "23.94%", "2012-10-31": "23.31%", "2012-07-31": "21.75%", "2012-04-30": "20.80%", "2012-01-31": "20.33%", "2011-10-31": "19.19%", "2011-07-31": "18.83%", "2011-04-30": "18.55%", "2011-01-31": "17.41%", "2010-10-31": "16.35%", "2010-07-31": "15.56%", "2010-04-30": "14.81%", "2010-01-31": "14.75%", "2009-10-31": "13.77%", "2009-07-31": "12.98%", "2009-04-30": "12.46%", "2009-01-31": "12.11%", "2008-10-31": "11.98%", "2008-07-31": "11.68%", "2008-04-30": "11.45%", "2008-01-31": "11.14%", "2007-10-31": "11.16%", "2007-07-31": "11.02%", "2007-04-30": "10.89%", "2007-01-31": "10.51%", "2006-10-31": "10.02%", "2006-07-31": "10.03%", "2006-04-30": "10.05%", "2006-01-31": "10.03%", "2005-10-31": "9.86%"}, "return on investments": {"2020-10-31": "14.65%", "2020-07-31": "13.75%", "2020-04-30": "12.89%", "2020-01-31": "13.26%", "2019-10-31": "-11.87%", "2019-07-31": "-10.63%", "2019-04-30": "-8.83%", "2019-01-31": "-7.82%", "2018-10-31": "15.79%", "2018-07-31": "16.52%", "2018-04-30": "17.27%", "2018-01-31": "17.09%", "2017-10-31": "15.68%", "2017-07-31": "14.86%", "2017-04-30": "14.16%", "2017-01-31": "14.37%", "2016-10-31": "13.37%", "2016-07-31": "12.27%", "2016-04-30": "10.25%", "2016-01-31": "9.12%", "2015-10-31": "10.46%", "2015-07-31": "14.32%", "2015-04-30": "24.97%", "2015-01-31": "45.91%", "2014-10-31": "47.13%", "2014-07-31": "48.52%", "2014-04-30": "48.96%", "2014-01-31": "48.66%", "2013-10-31": "49.49%", "2013-07-31": "49.58%", "2013-04-30": "50.73%", "2013-01-31": "67.08%", "2012-10-31": "66.55%", "2012-07-31": "66.26%", "2012-04-30": "63.08%", "2012-01-31": "45.61%", "2011-10-31": "42.40%", "2011-07-31": "41.23%", "2011-04-30": "40.95%", "2011-01-31": "38.56%", "2010-10-31": "36.22%", "2010-07-31": "34.66%", "2010-04-30": "32.59%", "2010-01-31": "32.34%", "2009-10-31": "29.82%", "2009-07-31": "28.14%", "2009-04-30": "27.36%", "2009-01-31": "26.54%", "2008-10-31": "27.04%", "2008-07-31": "26.71%", "2008-04-30": "25.93%", "2008-01-31": "25.02%", "2007-10-31": "24.27%", "2007-07-31": "23.44%", "2007-04-30": "23.04%", "2007-01-31": "22.18%", "2006-10-31": "20.88%", "2006-07-31": "21.03%", "2006-04-30": "21.03%", "2006-01-31": "20.96%", "2005-10-31": "20.62%"}, "return on tangible equity": {"2020-10-31": "61.93%", "2020-07-31": "70.18%", "2020-04-30": "84.84%", "2020-01-31": "121.35%", "2019-10-31": "-424.07%", "2019-07-31": "-2160.27%", "2019-04-30": "600.40%", "2019-01-31": "257.39%", "2018-10-31": "-187.56%", "2018-07-31": "-121.14%", "2018-04-30": "-88.84%", "2018-01-31": "-73.13%", "2017-10-31": "-35.38%", "2017-07-31": "-29.89%", "2017-04-30": "-25.56%", "2017-01-31": "-24.61%", "2016-10-31": "-20.54%", "2016-07-31": "-17.13%", "2016-04-30": "-10.17%", "2016-01-31": "-9.57%", "2015-10-31": "-17.56%", "2015-07-31": "1681.08%", "2015-04-30": "35.33%", "2015-01-31": "43.91%", "2014-10-31": "50.09%", "2014-07-31": "56.80%", "2014-04-30": "52.37%", "2014-01-31": "47.67%", "2013-10-31": "44.57%", "2013-07-31": "42.30%", "2013-04-30": "44.11%", "2013-01-31": "44.88%", "2012-10-31": "44.50%", "2012-07-31": "41.40%", "2012-04-30": "39.03%", "2012-01-31": "37.83%", "2011-10-31": "35.12%", "2011-07-31": "34.18%", "2011-04-30": "33.95%", "2011-01-31": "32.01%", "2010-10-31": "29.70%", "2010-07-31": "28.19%", "2010-04-30": "26.86%", "2010-01-31": "26.59%", "2009-10-31": "25.02%", "2009-07-31": "23.81%", "2009-04-30": "23.27%", "2009-01-31": "23.09%", "2008-10-31": "23.66%", "2008-07-31": "24.01%", "2008-04-30": "23.44%", "2008-01-31": "22.46%", "2007-10-31": "21.79%", "2007-07-31": "20.52%", "2007-04-30": "20.04%", "2007-01-31": "19.19%", "2006-10-31": "18.00%", "2006-07-31": "18.07%", "2006-04-30": "17.88%", "2006-01-31": "17.86%", "2005-10-31": "17.59%"}, "dividend yield history": {"last payout": "$0.00", "last yield": "0.00%"}}