{"ticker": "UFS", "price": {"title": "Domtar Historical Annual Stock Price Data", "value": 31.89, "historical": {"2020": {"Average Stock Price": "26.8115", "Year Open": "38.0000", "Year High": "39.8800", "Year Low": "18.5800", "Year Close": "31.6500", "Annual % Change": "-17.23%"}, "2019": {"Average Stock Price": "41.7671", "Year Open": "34.9200", "Year High": "53.5700", "Year Low": "31.8900", "Year Close": "38.2400", "Annual % Change": "8.85%"}, "2018": {"Average Stock Price": "46.8914", "Year Open": "50.5100", "Year High": "54.3900", "Year Low": "34.7900", "Year Close": "35.1300", "Annual % Change": "-29.06%"}, "2017": {"Average Stock Price": "40.8671", "Year Open": "39.7000", "Year High": "49.8100", "Year Low": "35.8400", "Year Close": "49.5200", "Annual % Change": "26.88%"}, "2016": {"Average Stock Price": "36.9243", "Year Open": "36.4900", "Year High": "42.6800", "Year Low": "30.4300", "Year Close": "39.0300", "Annual % Change": "5.63%"}, "2015": {"Average Stock Price": "41.2334", "Year Open": "40.1200", "Year High": "46.8600", "Year Low": "35.4900", "Year Close": "36.9500", "Annual % Change": "-8.13%"}, "2014": {"Average Stock Price": "43.8812", "Year Open": "46.8950", "Year High": "57.5650", "Year Low": "33.0600", "Year Close": "40.2200", "Annual % Change": "-14.73%"}, "2013": {"Average Stock Price": "38.6186", "Year Open": "43.3950", "Year High": "47.9900", "Year Low": "32.6850", "Year Close": "47.1700", "Annual % Change": "12.95%"}, "2012": {"Average Stock Price": "41.3475", "Year Open": "41.9900", "Year High": "50.2950", "Year Low": "34.8650", "Year Close": "41.7600", "Annual % Change": "4.45%"}, "2011": {"Average Stock Price": "42.4041", "Year Open": "39.0400", "Year High": "52.5000", "Year Low": "32.5050", "Year Close": "39.9800", "Annual % Change": "5.32%"}, "2010": {"Average Stock Price": "32.0469", "Year Open": "28.3400", "Year High": "41.9650", "Year Low": "23.4750", "Year Close": "37.9600", "Annual % Change": "37.01%"}, "2009": {"Average Stock Price": "13.5052", "Year Open": "10.9844", "Year High": "29.2500", "Year Low": "3.6014", "Year Close": "27.7050", "Annual % Change": "176.39%"}, "2008": {"Average Stock Price": "31.0234", "Year Open": "46.5786", "Year High": "48.4394", "Year Low": "6.8427", "Year Close": "10.0240", "Annual % Change": "-78.28%"}, "2007": {"Average Stock Price": "54.2819", "Year Open": "53.2413", "Year High": "68.4274", "Year Low": "40.8764", "Year Close": "46.1585", "Annual % Change": "0.00%"}}}, "market cap": {"value": "$1.76B"}, "income statement": {"Revenue": {"2019-12-31": "5220.00000", "2018-12-31": "5455.00000", "2017-12-31": "5148.00000", "2016-12-31": "5090.00000", "2015-12-31": "5264.00000", "2014-12-31": "5563.00000", "2013-12-31": "5391.00000", "2012-12-31": "5482.00000", "2011-12-31": "5612.00000", "2010-12-31": "5850.00000", "2009-12-31": "5465.00000", "2008-12-31": "6394.00000", "2007-12-31": "5947.00000", "2006-12-31": "3306.00000", "2005-12-31": "3267.00000"}, "Cost Of Goods Sold": {"2019-12-31": "4225.00000", "2018-12-31": "4303.00000", "2017-12-31": "4145.00000", "2016-12-31": "4051.00000", "2015-12-31": "4147.00000", "2014-12-31": "4396.00000", "2013-12-31": "4361.00000", "2012-12-31": "4321.00000", "2011-12-31": "4171.00000", "2010-12-31": "4417.00000", "2009-12-31": "4472.00000", "2008-12-31": "5225.00000", "2007-12-31": "4757.00000", "2006-12-31": "2676.00000", "2005-12-31": "2784.00000"}, "Gross Profit": {"2019-12-31": "995.00000", "2018-12-31": "1152.00000", "2017-12-31": "1003.00000", "2016-12-31": "1039.00000", "2015-12-31": "1117.00000", "2014-12-31": "1167.00000", "2013-12-31": "1030.00000", "2012-12-31": "1161.00000", "2011-12-31": "1441.00000", "2010-12-31": "1433.00000", "2009-12-31": "993.00000", "2008-12-31": "1169.00000", "2007-12-31": "1190.00000", "2006-12-31": "630.00000", "2005-12-31": "483.00000"}, "Research And Development Expenses": {"2019-12-31": "", "2018-12-31": "", "2017-12-31": "", "2016-12-31": "", "2015-12-31": "", "2014-12-31": "", "2013-12-31": "", "2012-12-31": "", "2011-12-31": "", "2010-12-31": "", "2009-12-31": "", "2008-12-31": "", "2007-12-31": "", "2006-12-31": "", "2005-12-31": ""}, "SG&A Expenses": {"2019-12-31": "434.00000", "2018-12-31": "443.00000", "2017-12-31": "444.00000", "2016-12-31": "418.00000", "2015-12-31": "394.00000", "2014-12-31": "416.00000", "2013-12-31": "381.00000", "2012-12-31": "358.00000", "2011-12-31": "340.00000", "2010-12-31": "338.00000", "2009-12-31": "345.00000", "2008-12-31": "400.00000", "2007-12-31": "408.00000", "2006-12-31": "174.00000", "2005-12-31": "174.00000"}, "Other Operating Income Or Expenses": {"2019-12-31": "-5.00000", "2018-12-31": "", "2017-12-31": "14.00000", "2016-12-31": "-4.00000", "2015-12-31": "5.00000", "2014-12-31": "25.00000", "2013-12-31": "-94.00000", "2012-12-31": "-21.00000", "2011-12-31": "-81.00000", "2010-12-31": "-70.00000", "2009-12-31": "435.00000", "2008-12-31": "-375.00000", "2007-12-31": "-23.00000", "2006-12-31": "63.00000", "2005-12-31": "-491.00000"}, "Operating Expenses": {"2019-12-31": "5057.00000", "2018-12-31": "5069.00000", "2017-12-31": "5476.00000", "2016-12-31": "4882.00000", "2015-12-31": "4976.00000", "2014-12-31": "5199.00000", "2013-12-31": "5230.00000", "2012-12-31": "5115.00000", "2011-12-31": "5020.00000", "2010-12-31": "5247.00000", "2009-12-31": "4850.00000", "2008-12-31": "6831.00000", "2007-12-31": "5677.00000", "2006-12-31": "3862.00000", "2005-12-31": "3845.00000"}, "Operating Income": {"2019-12-31": "163.00000", "2018-12-31": "386.00000", "2017-12-31": "-328.00000", "2016-12-31": "208.00000", "2015-12-31": "288.00000", "2014-12-31": "364.00000", "2013-12-31": "161.00000", "2012-12-31": "367.00000", "2011-12-31": "592.00000", "2010-12-31": "603.00000", "2009-12-31": "615.00000", "2008-12-31": "-437.00000", "2007-12-31": "270.00000", "2006-12-31": "-556.00000", "2005-12-31": "-578.00000"}, "Total Non-Operating Income/Expense": {"2019-12-31": "-75.00000", "2018-12-31": "-44.00000", "2017-12-31": "-55.00000", "2016-12-31": "-51.00000", "2015-12-31": "-132.00000", "2014-12-31": "-103.00000", "2013-12-31": "-89.00000", "2012-12-31": "-131.00000", "2011-12-31": "-87.00000", "2010-12-31": "-155.00000", "2009-12-31": "-125.00000", "2008-12-31": "-133.00000", "2007-12-31": "-171.00000", "2006-12-31": "", "2005-12-31": ""}, "Pre-Tax Income": {"2019-12-31": "88.00000", "2018-12-31": "342.00000", "2017-12-31": "-383.00000", "2016-12-31": "157.00000", "2015-12-31": "156.00000", "2014-12-31": "261.00000", "2013-12-31": "72.00000", "2012-12-31": "236.00000", "2011-12-31": "505.00000", "2010-12-31": "448.00000", "2009-12-31": "490.00000", "2008-12-31": "-570.00000", "2007-12-31": "99.00000", "2006-12-31": "-556.00000", "2005-12-31": "-578.00000"}, "Income Taxes": {"2019-12-31": "2.00000", "2018-12-31": "57.00000", "2017-12-31": "-125.00000", "2016-12-31": "29.00000", "2015-12-31": "14.00000", "2014-12-31": "-170.00000", "2013-12-31": "-20.00000", "2012-12-31": "58.00000", "2011-12-31": "133.00000", "2010-12-31": "-157.00000", "2009-12-31": "180.00000", "2008-12-31": "3.00000", "2007-12-31": "29.00000", "2006-12-31": "53.00000", "2005-12-31": "-100.00000"}, "Income After Taxes": {"2019-12-31": "86.00000", "2018-12-31": "285.00000", "2017-12-31": "-258.00000", "2016-12-31": "128.00000", "2015-12-31": "142.00000", "2014-12-31": "431.00000", "2013-12-31": "92.00000", "2012-12-31": "178.00000", "2011-12-31": "372.00000", "2010-12-31": "605.00000", "2009-12-31": "310.00000", "2008-12-31": "-573.00000", "2007-12-31": "70.00000", "2006-12-31": "-609.00000", "2005-12-31": "-478.00000"}, "Other Income": {"2019-12-31": "", "2018-12-31": "", "2017-12-31": "", "2016-12-31": "", "2015-12-31": "", "2014-12-31": "", "2013-12-31": "", "2012-12-31": "", "2011-12-31": "", "2010-12-31": "", "2009-12-31": "", "2008-12-31": "", "2007-12-31": "", "2006-12-31": "", "2005-12-31": ""}, "Income From Continuous Operations": {"2019-12-31": "84.00000", "2018-12-31": "283.00000", "2017-12-31": "-258.00000", "2016-12-31": "128.00000", "2015-12-31": "142.00000", "2014-12-31": "431.00000", "2013-12-31": "91.00000", "2012-12-31": "172.00000", "2011-12-31": "365.00000", "2010-12-31": "605.00000", "2009-12-31": "310.00000", "2008-12-31": "-573.00000", "2007-12-31": "70.00000", "2006-12-31": "-609.00000", "2005-12-31": "-478.00000"}, "Income From Discontinued Operations": {"2019-12-31": "", "2018-12-31": "", "2017-12-31": "", "2016-12-31": "", "2015-12-31": "", "2014-12-31": "", "2013-12-31": "", "2012-12-31": "", "2011-12-31": "", "2010-12-31": "", "2009-12-31": "", "2008-12-31": "", "2007-12-31": "", "2006-12-31": "", "2005-12-31": ""}, "Net Income": {"2019-12-31": "84.00000", "2018-12-31": "283.00000", "2017-12-31": "-258.00000", "2016-12-31": "128.00000", "2015-12-31": "142.00000", "2014-12-31": "431.00000", "2013-12-31": "91.00000", "2012-12-31": "172.00000", "2011-12-31": "365.00000", "2010-12-31": "605.00000", "2009-12-31": "310.00000", "2008-12-31": "-573.00000", "2007-12-31": "70.00000", "2006-12-31": "-609.00000", "2005-12-31": "-478.00000"}, "EBITDA": {"2019-12-31": "456.00000", "2018-12-31": "694.00000", "2017-12-31": "-7.00000", "2016-12-31": "585.00000", "2015-12-31": "724.00000", "2014-12-31": "748.00000", "2013-12-31": "537.00000", "2012-12-31": "752.00000", "2011-12-31": "968.00000", "2010-12-31": "998.00000", "2009-12-31": "1020.00000", "2008-12-31": "351.00000", "2007-12-31": "745.00000", "2006-12-31": "504.00000", "2005-12-31": "-220.00000"}, "EBIT": {"2019-12-31": "163.00000", "2018-12-31": "386.00000", "2017-12-31": "-328.00000", "2016-12-31": "208.00000", "2015-12-31": "288.00000", "2014-12-31": "364.00000", "2013-12-31": "161.00000", "2012-12-31": "367.00000", "2011-12-31": "592.00000", "2010-12-31": "603.00000", "2009-12-31": "615.00000", "2008-12-31": "-437.00000", "2007-12-31": "270.00000", "2006-12-31": "-556.00000", "2005-12-31": "-578.00000"}, "Basic Shares Outstanding": {"2019-12-31": "61.20000", "2018-12-31": "62.90000", "2017-12-31": "62.70000", "2016-12-31": "62.60000", "2015-12-31": "63.30000", "2014-12-31": "64.80000", "2013-12-31": "66.60000", "2012-12-31": "72.00000", "2011-12-31": "79.80000", "2010-12-31": "85.60000", "2009-12-31": "86.00000", "2008-12-31": "86.00000", "2007-12-31": "79.00000", "2006-12-31": "47.33110", "2005-12-31": "47.33110"}, "Shares Outstanding": {"2019-12-31": "61.40000", "2018-12-31": "63.10000", "2017-12-31": "62.70000", "2016-12-31": "62.70000", "2015-12-31": "63.40000", "2014-12-31": "64.90000", "2013-12-31": "66.70000", "2012-12-31": "72.10000", "2011-12-31": "80.40000", "2010-12-31": "86.40000", "2009-12-31": "86.40000", "2008-12-31": "86.00000", "2007-12-31": "79.40000", "2006-12-31": "47.33110", "2005-12-31": "47.33110"}, "Basic EPS": {"2019-12-31": "1.37000", "2018-12-31": "4.50000", "2017-12-31": "-4.11000", "2016-12-31": "2.04000", "2015-12-31": "2.24000", "2014-12-31": "6.65000", "2013-12-31": "1.37000", "2012-12-31": "2.39000", "2011-12-31": "4.57500", "2010-12-31": "7.07000", "2009-12-31": "3.60500", "2008-12-31": "-6.66500", "2007-12-31": "0.88500", "2006-12-31": "-12.84510", "2005-12-31": "-10.08400"}, "EPS - Earnings Per Share": {"2019-12-31": "1.37000", "2018-12-31": "4.48000", "2017-12-31": "-4.11000", "2016-12-31": "2.04000", "2015-12-31": "2.24000", "2014-12-31": "6.64000", "2013-12-31": "1.36000", "2012-12-31": "2.39000", "2011-12-31": "4.54000", "2010-12-31": "7.00000", "2009-12-31": "3.59000", "2008-12-31": "-6.66500", "2007-12-31": "0.88000", "2006-12-31": "-12.84510", "2005-12-31": "-10.08400"}}, "income statement, quarterly": {"Revenue": {"2020-09-30": "1124.00000", "2020-06-30": "1012.00000", "2020-03-31": "1278.00000", "2019-12-31": "1244.00000", "2019-09-30": "1283.00000", "2019-06-30": "1317.00000", "2019-03-31": "1376.00000", "2018-12-31": "1390.00000", "2018-09-30": "1367.00000", "2018-06-30": "1353.00000", "2018-03-31": "1345.00000", "2017-12-31": "1335.00000", "2017-09-30": "1290.00000", "2017-06-30": "1221.00000", "2017-03-31": "1302.00000", "2016-12-31": "1266.00000", "2016-09-30": "1270.00000", "2016-06-30": "1267.00000", "2016-03-31": "1287.00000", "2015-12-31": "1314.00000", "2015-09-30": "1292.00000", "2015-06-30": "1310.00000", "2015-03-31": "1348.00000", "2014-12-31": "1379.00000", "2014-09-30": "1405.00000", "2014-06-30": "1385.00000", "2014-03-31": "1394.00000", "2013-12-31": "1359.00000", "2013-09-30": "1375.00000", "2013-06-30": "1312.00000", "2013-03-31": "1345.00000", "2012-12-31": "1327.00000", "2012-09-30": "1389.00000", "2012-06-30": "1368.00000", "2012-03-31": "1398.00000", "2011-12-31": "1369.00000", "2011-09-30": "1417.00000", "2011-06-30": "1403.00000", "2011-03-31": "1423.00000", "2010-12-31": "1373.00000", "2010-09-30": "1473.00000", "2010-06-30": "1547.00000", "2010-03-31": "1457.00000", "2009-12-31": "1404.00000", "2009-09-30": "1440.00000", "2009-06-30": "1319.00000", "2009-03-31": "1302.00000", "2008-12-31": "1465.00000", "2008-09-30": "1625.00000", "2008-06-30": "1639.00000", "2008-03-31": "1665.00000", "2007-12-31": "1653.00000", "2007-09-30": "1660.00000", "2007-06-30": "1583.00000", "2007-03-31": "1051.00000", "2006-12-31": "939.00000", "2006-09-30": "795.00000", "2006-06-30": "809.00000", "2006-03-31": "829.00000", "2005-12-31": "1159.00000", "2005-09-30": "1086.00000", "2005-06-30": "1050.00000", "2005-03-31": "1259.00000"}, "Cost Of Goods Sold": {"2020-09-30": "911.00000", "2020-06-30": "837.00000", "2020-03-31": "1083.00000", "2019-12-31": "1053.00000", "2019-09-30": "1041.00000", "2019-06-30": "1079.00000", "2019-03-31": "1052.00000", "2018-12-31": "1064.00000", "2018-09-30": "1059.00000", "2018-06-30": "1096.00000", "2018-03-31": "1084.00000", "2017-12-31": "1079.00000", "2017-09-30": "1016.00000", "2017-06-30": "971.00000", "2017-03-31": "1079.00000", "2016-12-31": "1019.00000", "2016-09-30": "969.00000", "2016-06-30": "1013.00000", "2016-03-31": "1050.00000", "2015-12-31": "1007.00000", "2015-09-30": "1026.00000", "2015-06-30": "1052.00000", "2015-03-31": "1062.00000", "2014-12-31": "1080.00000", "2014-09-30": "1105.00000", "2014-06-30": "1108.00000", "2014-03-31": "1103.00000", "2013-12-31": "1081.00000", "2013-09-30": "1116.00000", "2013-06-30": "1082.00000", "2013-03-31": "1082.00000", "2012-12-31": "1058.00000", "2012-09-30": "1100.00000", "2012-06-30": "1075.00000", "2012-03-31": "1088.00000", "2011-12-31": "1039.00000", "2011-09-30": "1055.00000", "2011-06-30": "1056.00000", "2011-03-31": "1021.00000", "2010-12-31": "1020.00000", "2010-09-30": "1048.00000", "2010-06-30": "1207.00000", "2010-03-31": "1142.00000", "2009-12-31": "1109.00000", "2009-09-30": "1124.00000", "2009-06-30": "1116.00000", "2009-03-31": "1123.00000", "2008-12-31": "1254.00000", "2008-09-30": "1293.00000", "2008-06-30": "1336.00000", "2008-03-31": "1342.00000", "2007-12-31": "1319.00000", "2007-09-30": "1292.00000", "2007-06-30": "1288.00000", "2007-03-31": "858.00000", "2006-12-31": "653.00000", "2006-09-30": "605.00000", "2006-06-30": "711.00000", "2006-03-31": "707.00000", "2005-12-31": "1899.00000", "2005-09-30": "", "2005-06-30": "", "2005-03-31": "885.00000"}, "Gross Profit": {"2020-09-30": "213.00000", "2020-06-30": "175.00000", "2020-03-31": "195.00000", "2019-12-31": "191.00000", "2019-09-30": "242.00000", "2019-06-30": "238.00000", "2019-03-31": "324.00000", "2018-12-31": "326.00000", "2018-09-30": "308.00000", "2018-06-30": "257.00000", "2018-03-31": "261.00000", "2017-12-31": "256.00000", "2017-09-30": "274.00000", "2017-06-30": "250.00000", "2017-03-31": "223.00000", "2016-12-31": "247.00000", "2016-09-30": "301.00000", "2016-06-30": "254.00000", "2016-03-31": "237.00000", "2015-12-31": "307.00000", "2015-09-30": "266.00000", "2015-06-30": "258.00000", "2015-03-31": "286.00000", "2014-12-31": "299.00000", "2014-09-30": "300.00000", "2014-06-30": "277.00000", "2014-03-31": "291.00000", "2013-12-31": "278.00000", "2013-09-30": "259.00000", "2013-06-30": "230.00000", "2013-03-31": "263.00000", "2012-12-31": "269.00000", "2012-09-30": "289.00000", "2012-06-30": "293.00000", "2012-03-31": "310.00000", "2011-12-31": "330.00000", "2011-09-30": "362.00000", "2011-06-30": "347.00000", "2011-03-31": "402.00000", "2010-12-31": "353.00000", "2010-09-30": "425.00000", "2010-06-30": "340.00000", "2010-03-31": "315.00000", "2009-12-31": "295.00000", "2009-09-30": "316.00000", "2009-06-30": "203.00000", "2009-03-31": "179.00000", "2008-12-31": "211.00000", "2008-09-30": "332.00000", "2008-06-30": "303.00000", "2008-03-31": "323.00000", "2007-12-31": "334.00000", "2007-09-30": "368.00000", "2007-06-30": "295.00000", "2007-03-31": "193.00000", "2006-12-31": "286.00000", "2006-09-30": "190.00000", "2006-06-30": "98.00000", "2006-03-31": "122.00000", "2005-12-31": "-740.00000", "2005-09-30": "1086.00000", "2005-06-30": "1050.00000", "2005-03-31": "374.00000"}, "Research And Development Expenses": {"2020-09-30": "", "2020-06-30": "", "2020-03-31": "", "2019-12-31": "", "2019-09-30": "", "2019-06-30": "", "2019-03-31": "", "2018-12-31": "", "2018-09-30": "", "2018-06-30": "", "2018-03-31": "", "2017-12-31": "", "2017-09-30": "", "2017-06-30": "", "2017-03-31": "", "2016-12-31": "", "2016-09-30": "", "2016-06-30": "", "2016-03-31": "", "2015-12-31": "", "2015-09-30": "", "2015-06-30": "", "2015-03-31": "", "2014-12-31": "", "2014-09-30": "", "2014-06-30": "", "2014-03-31": "", "2013-12-31": "", "2013-09-30": "", "2013-06-30": "", "2013-03-31": "", "2012-12-31": "", "2012-09-30": "", "2012-06-30": "", "2012-03-31": "", "2011-12-31": "", "2011-09-30": "", "2011-06-30": "", "2011-03-31": "", "2010-12-31": "", "2010-09-30": "", "2010-06-30": "", "2010-03-31": "", "2009-12-31": "", "2009-09-30": "", "2009-06-30": "", "2009-03-31": "", "2008-12-31": "", "2008-09-30": "", "2008-06-30": "", "2008-03-31": "", "2007-12-31": "", "2007-09-30": "", "2007-06-30": "", "2007-03-31": "", "2006-12-31": "", "2006-09-30": "", "2006-06-30": "", "2006-03-31": "", "2005-12-31": "", "2005-09-30": "", "2005-06-30": "", "2005-03-31": ""}, "SG&A Expenses": {"2020-09-30": "99.00000", "2020-06-30": "93.00000", "2020-03-31": "102.00000", "2019-12-31": "112.00000", "2019-09-30": "94.00000", "2019-06-30": "105.00000", "2019-03-31": "123.00000", "2018-12-31": "100.00000", "2018-09-30": "115.00000", "2018-06-30": "118.00000", "2018-03-31": "110.00000", "2017-12-31": "115.00000", "2017-09-30": "116.00000", "2017-06-30": "107.00000", "2017-03-31": "106.00000", "2016-12-31": "104.00000", "2016-09-30": "107.00000", "2016-06-30": "104.00000", "2016-03-31": "103.00000", "2015-12-31": "100.00000", "2015-09-30": "95.00000", "2015-06-30": "99.00000", "2015-03-31": "100.00000", "2014-12-31": "103.00000", "2014-09-30": "99.00000", "2014-06-30": "100.00000", "2014-03-31": "114.00000", "2013-12-31": "100.00000", "2013-09-30": "95.00000", "2013-06-30": "95.00000", "2013-03-31": "91.00000", "2012-12-31": "90.00000", "2012-09-30": "80.00000", "2012-06-30": "89.00000", "2012-03-31": "99.00000", "2011-12-31": "87.00000", "2011-09-30": "75.00000", "2011-06-30": "88.00000", "2011-03-31": "90.00000", "2010-12-31": "94.00000", "2010-09-30": "91.00000", "2010-06-30": "69.00000", "2010-03-31": "84.00000", "2009-12-31": "91.00000", "2009-09-30": "85.00000", "2009-06-30": "86.00000", "2009-03-31": "83.00000", "2008-12-31": "90.00000", "2008-09-30": "99.00000", "2008-06-30": "103.00000", "2008-03-31": "108.00000", "2007-12-31": "160.00000", "2007-09-30": "115.00000", "2007-06-30": "92.00000", "2007-03-31": "41.00000", "2006-12-31": "43.00000", "2006-09-30": "44.00000", "2006-06-30": "43.00000", "2006-03-31": "44.00000", "2005-12-31": "125.00000", "2005-09-30": "", "2005-06-30": "", "2005-03-31": "49.00000"}, "Other Operating Income Or Expenses": {"2020-09-30": "-111.00000", "2020-06-30": "4.00000", "2020-03-31": "-2.00000", "2019-12-31": "57.00000", "2019-09-30": "-36.00000", "2019-06-30": "-17.00000", "2019-03-31": "-9.00000", "2018-12-31": "", "2018-09-30": "-4.00000", "2018-06-30": "2.00000", "2018-03-31": "5.00000", "2017-12-31": "8.00000", "2017-09-30": "7.00000", "2017-06-30": "-2.00000", "2017-03-31": "1.00000", "2016-12-31": "21.00000", "2016-09-30": "", "2016-06-30": "", "2016-03-31": "-25.00000", "2015-12-31": "54.00000", "2015-09-30": "-20.00000", "2015-06-30": "-5.00000", "2015-03-31": "-24.00000", "2014-12-31": "8.00000", "2014-09-30": "17.00000", "2014-06-30": "-2.00000", "2014-03-31": "2.00000", "2013-12-31": "10.00000", "2013-09-30": "-22.00000", "2013-06-30": "-54.00000", "2013-03-31": "-28.00000", "2012-12-31": "-13.00000", "2012-09-30": "-2.00000", "2012-06-30": "-2.00000", "2012-03-31": "-4.00000", "2011-12-31": "-11.00000", "2011-09-30": "-6.00000", "2011-06-30": "-67.00000", "2011-03-31": "3.00000", "2010-12-31": "-8.00000", "2010-09-30": "0.00000", "2010-06-30": "-69.00000", "2010-03-31": "7.00000", "2009-12-31": "129.00000", "2009-09-30": "169.00000", "2009-06-30": "132.00000", "2009-03-31": "5.00000", "2008-12-31": "-377.00000", "2008-09-30": "-3.00000", "2008-06-30": "9.00000", "2008-03-31": "-4.00000", "2007-12-31": "", "2007-09-30": "0.00000", "2007-06-30": "0.00000", "2007-03-31": "0.00000", "2006-12-31": "", "2006-09-30": "", "2006-06-30": "", "2006-03-31": "", "2005-12-31": "", "2005-09-30": "", "2005-06-30": "", "2005-03-31": ""}, "Operating Expenses": {"2020-09-30": "1260.00000", "2020-06-30": "998.00000", "2020-03-31": "1259.00000", "2019-12-31": "1259.00000", "2019-09-30": "1254.00000", "2019-06-30": "1283.00000", "2019-03-31": "1261.00000", "2018-12-31": "1257.00000", "2018-09-30": "1253.00000", "2018-06-30": "1291.00000", "2018-03-31": "1268.00000", "2017-12-31": "1848.00000", "2017-09-30": "1205.00000", "2017-06-30": "1159.00000", "2017-03-31": "1264.00000", "2016-12-31": "1207.00000", "2016-09-30": "1178.00000", "2016-06-30": "1228.00000", "2016-03-31": "1269.00000", "2015-12-31": "1220.00000", "2015-09-30": "1231.00000", "2015-06-30": "1248.00000", "2015-03-31": "1277.00000", "2014-12-31": "1293.00000", "2014-09-30": "1285.00000", "2014-06-30": "1306.00000", "2014-03-31": "1315.00000", "2013-12-31": "1266.00000", "2013-09-30": "1326.00000", "2013-06-30": "1342.00000", "2013-03-31": "1296.00000", "2012-12-31": "1284.00000", "2012-09-30": "1280.00000", "2012-06-30": "1262.00000", "2012-03-31": "1289.00000", "2011-12-31": "1270.00000", "2011-09-30": "1230.00000", "2011-06-30": "1308.00000", "2011-03-31": "1212.00000", "2010-12-31": "1218.00000", "2010-09-30": "1237.00000", "2010-06-30": "1451.00000", "2010-03-31": "1341.00000", "2009-12-31": "1201.00000", "2009-09-30": "1145.00000", "2009-06-30": "1180.00000", "2009-03-31": "1324.00000", "2008-12-31": "2184.00000", "2008-09-30": "1517.00000", "2008-06-30": "1559.00000", "2008-03-31": "1571.00000", "2007-12-31": "1646.00000", "2007-09-30": "1537.00000", "2007-06-30": "1514.00000", "2007-03-31": "980.00000", "2006-12-31": "730.00000", "2006-09-30": "726.00000", "2006-06-30": "830.00000", "2006-03-31": "1576.00000", "2005-12-31": "2837.00000", "2005-09-30": "", "2005-06-30": "", "2005-03-31": "1008.00000"}, "Operating Income": {"2020-09-30": "-136.00000", "2020-06-30": "14.00000", "2020-03-31": "19.00000", "2019-12-31": "-15.00000", "2019-09-30": "29.00000", "2019-06-30": "34.00000", "2019-03-31": "115.00000", "2018-12-31": "133.00000", "2018-09-30": "114.00000", "2018-06-30": "62.00000", "2018-03-31": "77.00000", "2017-12-31": "-513.00000", "2017-09-30": "85.00000", "2017-06-30": "62.00000", "2017-03-31": "38.00000", "2016-12-31": "59.00000", "2016-09-30": "92.00000", "2016-06-30": "39.00000", "2016-03-31": "18.00000", "2015-12-31": "94.00000", "2015-09-30": "61.00000", "2015-06-30": "62.00000", "2015-03-31": "71.00000", "2014-12-31": "86.00000", "2014-09-30": "120.00000", "2014-06-30": "79.00000", "2014-03-31": "79.00000", "2013-12-31": "93.00000", "2013-09-30": "49.00000", "2013-06-30": "-30.00000", "2013-03-31": "49.00000", "2012-12-31": "43.00000", "2012-09-30": "109.00000", "2012-06-30": "106.00000", "2012-03-31": "109.00000", "2011-12-31": "99.00000", "2011-09-30": "187.00000", "2011-06-30": "95.00000", "2011-03-31": "211.00000", "2010-12-31": "155.00000", "2010-09-30": "236.00000", "2010-06-30": "96.00000", "2010-03-31": "116.00000", "2009-12-31": "203.00000", "2009-09-30": "295.00000", "2009-06-30": "139.00000", "2009-03-31": "-22.00000", "2008-12-31": "-719.00000", "2008-09-30": "108.00000", "2008-06-30": "80.00000", "2008-03-31": "94.00000", "2007-12-31": "7.00000", "2007-09-30": "123.00000", "2007-06-30": "69.00000", "2007-03-31": "71.00000", "2006-12-31": "939.00000", "2006-09-30": "69.00000", "2006-06-30": "-21.00000", "2006-03-31": "-747.00000", "2005-12-31": "-1678.00000", "2005-09-30": "1086.00000", "2005-06-30": "1050.00000", "2005-03-31": "251.00000"}, "Total Non-Operating Income/Expense": {"2020-09-30": "-10.00000", "2020-06-30": "-10.00000", "2020-03-31": "-10.00000", "2019-12-31": "-44.00000", "2019-09-30": "-10.00000", "2019-06-30": "-11.00000", "2019-03-31": "-10.00000", "2018-12-31": "-10.00000", "2018-09-30": "-11.00000", "2018-06-30": "-11.00000", "2018-03-31": "-12.00000", "2017-12-31": "-15.00000", "2017-09-30": "-12.00000", "2017-06-30": "-15.00000", "2017-03-31": "-13.00000", "2016-12-31": "-2.00000", "2016-09-30": "-17.00000", "2016-06-30": "-15.00000", "2016-03-31": "-17.00000", "2015-12-31": "-17.00000", "2015-09-30": "-64.00000", "2015-06-30": "-25.00000", "2015-03-31": "-26.00000", "2014-12-31": "-27.00000", "2014-09-30": "-25.00000", "2014-06-30": "-26.00000", "2014-03-31": "-25.00000", "2013-12-31": "-22.00000", "2013-09-30": "-21.00000", "2013-06-30": "-21.00000", "2013-03-31": "-25.00000", "2012-12-31": "-22.00000", "2012-09-30": "-20.00000", "2012-06-30": "-18.00000", "2012-03-31": "-71.00000", "2011-12-31": "-20.00000", "2011-09-30": "-25.00000", "2011-06-30": "-21.00000", "2011-03-31": "-21.00000", "2010-12-31": "-29.00000", "2010-09-30": "-24.00000", "2010-06-30": "-70.00000", "2010-03-31": "-32.00000", "2009-12-31": "-37.00000", "2009-09-30": "-34.00000", "2009-06-30": "-23.00000", "2009-03-31": "-31.00000", "2008-12-31": "-22.00000", "2008-09-30": "-35.00000", "2008-06-30": "-37.00000", "2008-03-31": "-39.00000", "2007-12-31": "-65.00000", "2007-09-30": "-48.00000", "2007-06-30": "-47.00000", "2007-03-31": "-11.00000", "2006-12-31": "", "2006-09-30": "", "2006-06-30": "", "2006-03-31": "", "2005-12-31": "", "2005-09-30": "", "2005-06-30": "", "2005-03-31": "-32.00000"}, "Pre-Tax Income": {"2020-09-30": "-146.00000", "2020-06-30": "4.00000", "2020-03-31": "9.00000", "2019-12-31": "-59.00000", "2019-09-30": "19.00000", "2019-06-30": "23.00000", "2019-03-31": "105.00000", "2018-12-31": "123.00000", "2018-09-30": "103.00000", "2018-06-30": "51.00000", "2018-03-31": "65.00000", "2017-12-31": "-528.00000", "2017-09-30": "73.00000", "2017-06-30": "47.00000", "2017-03-31": "25.00000", "2016-12-31": "57.00000", "2016-09-30": "75.00000", "2016-06-30": "24.00000", "2016-03-31": "1.00000", "2015-12-31": "77.00000", "2015-09-30": "-3.00000", "2015-06-30": "37.00000", "2015-03-31": "45.00000", "2014-12-31": "59.00000", "2014-09-30": "95.00000", "2014-06-30": "53.00000", "2014-03-31": "54.00000", "2013-12-31": "71.00000", "2013-09-30": "28.00000", "2013-06-30": "-51.00000", "2013-03-31": "24.00000", "2012-12-31": "21.00000", "2012-09-30": "89.00000", "2012-06-30": "88.00000", "2012-03-31": "38.00000", "2011-12-31": "79.00000", "2011-09-30": "162.00000", "2011-06-30": "74.00000", "2011-03-31": "190.00000", "2010-12-31": "126.00000", "2010-09-30": "212.00000", "2010-06-30": "26.00000", "2010-03-31": "84.00000", "2009-12-31": "166.00000", "2009-09-30": "261.00000", "2009-06-30": "116.00000", "2009-03-31": "-53.00000", "2008-12-31": "-741.00000", "2008-09-30": "73.00000", "2008-06-30": "43.00000", "2008-03-31": "55.00000", "2007-12-31": "-58.00000", "2007-09-30": "75.00000", "2007-06-30": "22.00000", "2007-03-31": "60.00000", "2006-12-31": "939.00000", "2006-09-30": "69.00000", "2006-06-30": "-21.00000", "2006-03-31": "-747.00000", "2005-12-31": "1159.00000", "2005-09-30": "1086.00000", "2005-06-30": "1050.00000", "2005-03-31": "1.00000"}, "Income Taxes": {"2020-09-30": "-55.00000", "2020-06-30": "-15.00000", "2020-03-31": "3.00000", "2019-12-31": "-26.00000", "2019-09-30": "-1.00000", "2019-06-30": "5.00000", "2019-03-31": "24.00000", "2018-12-31": "35.00000", "2018-09-30": "3.00000", "2018-06-30": "8.00000", "2018-03-31": "11.00000", "2017-12-31": "-142.00000", "2017-09-30": "3.00000", "2017-06-30": "9.00000", "2017-03-31": "5.00000", "2016-12-31": "10.00000", "2016-09-30": "16.00000", "2016-06-30": "6.00000", "2016-03-31": "-3.00000", "2015-12-31": "20.00000", "2015-09-30": "-14.00000", "2015-06-30": "-1.00000", "2015-03-31": "9.00000", "2014-12-31": "-12.00000", "2014-09-30": "-186.00000", "2014-06-30": "13.00000", "2014-03-31": "15.00000", "2013-12-31": "6.00000", "2013-09-30": "1.00000", "2013-06-30": "-5.00000", "2013-03-31": "-22.00000", "2012-12-31": "1.00000", "2012-09-30": "22.00000", "2012-06-30": "27.00000", "2012-03-31": "8.00000", "2011-12-31": "11.00000", "2011-09-30": "45.00000", "2011-06-30": "20.00000", "2011-03-31": "57.00000", "2010-12-31": "-199.00000", "2010-09-30": "21.00000", "2010-06-30": "-5.00000", "2010-03-31": "26.00000", "2009-12-31": "42.00000", "2009-09-30": "78.00000", "2009-06-30": "68.00000", "2009-03-31": "-8.00000", "2008-12-31": "-65.00000", "2008-09-30": "30.00000", "2008-06-30": "19.00000", "2008-03-31": "19.00000", "2007-12-31": "-32.00000", "2007-09-30": "39.00000", "2007-06-30": "11.00000", "2007-03-31": "11.00000", "2006-12-31": "41.00000", "2006-09-30": "21.00000", "2006-06-30": "-9.00000", "2006-03-31": "", "2005-12-31": "-93.00000", "2005-09-30": "", "2005-06-30": "", "2005-03-31": "-7.00000"}, "Income After Taxes": {"2020-09-30": "-91.00000", "2020-06-30": "19.00000", "2020-03-31": "6.00000", "2019-12-31": "-33.00000", "2019-09-30": "20.00000", "2019-06-30": "18.00000", "2019-03-31": "81.00000", "2018-12-31": "88.00000", "2018-09-30": "100.00000", "2018-06-30": "43.00000", "2018-03-31": "54.00000", "2017-12-31": "-386.00000", "2017-09-30": "70.00000", "2017-06-30": "38.00000", "2017-03-31": "20.00000", "2016-12-31": "47.00000", "2016-09-30": "59.00000", "2016-06-30": "18.00000", "2016-03-31": "4.00000", "2015-12-31": "57.00000", "2015-09-30": "11.00000", "2015-06-30": "38.00000", "2015-03-31": "36.00000", "2014-12-31": "71.00000", "2014-09-30": "281.00000", "2014-06-30": "40.00000", "2014-03-31": "39.00000", "2013-12-31": "65.00000", "2013-09-30": "27.00000", "2013-06-30": "-46.00000", "2013-03-31": "46.00000", "2012-12-31": "20.00000", "2012-09-30": "67.00000", "2012-06-30": "61.00000", "2012-03-31": "30.00000", "2011-12-31": "68.00000", "2011-09-30": "117.00000", "2011-06-30": "54.00000", "2011-03-31": "133.00000", "2010-12-31": "325.00000", "2010-09-30": "191.00000", "2010-06-30": "31.00000", "2010-03-31": "58.00000", "2009-12-31": "124.00000", "2009-09-30": "183.00000", "2009-06-30": "48.00000", "2009-03-31": "-45.00000", "2008-12-31": "-676.00000", "2008-09-30": "43.00000", "2008-06-30": "24.00000", "2008-03-31": "36.00000", "2007-12-31": "-26.00000", "2007-09-30": "36.00000", "2007-06-30": "11.00000", "2007-03-31": "49.00000", "2006-12-31": "939.00000", "2006-09-30": "48.00000", "2006-06-30": "-12.00000", "2006-03-31": "-747.00000", "2005-12-31": "1159.00000", "2005-09-30": "1086.00000", "2005-06-30": "1050.00000", "2005-03-31": "8.00000"}, "Other Income": {"2020-09-30": "", "2020-06-30": "", "2020-03-31": "", "2019-12-31": "", "2019-09-30": "", "2019-06-30": "", "2019-03-31": "", "2018-12-31": "", "2018-09-30": "", "2018-06-30": "", "2018-03-31": "", "2017-12-31": "", "2017-09-30": "", "2017-06-30": "", "2017-03-31": "", "2016-12-31": "", "2016-09-30": "", "2016-06-30": "", "2016-03-31": "", "2015-12-31": "", "2015-09-30": "", "2015-06-30": "", "2015-03-31": "", "2014-12-31": "", "2014-09-30": "", "2014-06-30": "", "2014-03-31": "", "2013-12-31": "", "2013-09-30": "", "2013-06-30": "", "2013-03-31": "", "2012-12-31": "", "2012-09-30": "", "2012-06-30": "", "2012-03-31": "", "2011-12-31": "", "2011-09-30": "", "2011-06-30": "", "2011-03-31": "", "2010-12-31": "", "2010-09-30": "", "2010-06-30": "", "2010-03-31": "", "2009-12-31": "", "2009-09-30": "", "2009-06-30": "", "2009-03-31": "", "2008-12-31": "", "2008-09-30": "", "2008-06-30": "", "2008-03-31": "", "2007-12-31": "", "2007-09-30": "", "2007-06-30": "", "2007-03-31": "", "2006-12-31": "", "2006-09-30": "", "2006-06-30": "", "2006-03-31": "", "2005-12-31": "", "2005-09-30": "", "2005-06-30": "", "2005-03-31": ""}, "Income From Continuous Operations": {"2020-09-30": "-92.00000", "2020-06-30": "19.00000", "2020-03-31": "5.00000", "2019-12-31": "-34.00000", "2019-09-30": "20.00000", "2019-06-30": "18.00000", "2019-03-31": "80.00000", "2018-12-31": "87.00000", "2018-09-30": "99.00000", "2018-06-30": "43.00000", "2018-03-31": "54.00000", "2017-12-31": "-386.00000", "2017-09-30": "70.00000", "2017-06-30": "38.00000", "2017-03-31": "20.00000", "2016-12-31": "47.00000", "2016-09-30": "59.00000", "2016-06-30": "18.00000", "2016-03-31": "4.00000", "2015-12-31": "57.00000", "2015-09-30": "11.00000", "2015-06-30": "38.00000", "2015-03-31": "36.00000", "2014-12-31": "71.00000", "2014-09-30": "281.00000", "2014-06-30": "40.00000", "2014-03-31": "39.00000", "2013-12-31": "65.00000", "2013-09-30": "27.00000", "2013-06-30": "-46.00000", "2013-03-31": "45.00000", "2012-12-31": "19.00000", "2012-09-30": "66.00000", "2012-06-30": "59.00000", "2012-03-31": "28.00000", "2011-12-31": "61.00000", "2011-09-30": "117.00000", "2011-06-30": "54.00000", "2011-03-31": "133.00000", "2010-12-31": "325.00000", "2010-09-30": "191.00000", "2010-06-30": "31.00000", "2010-03-31": "58.00000", "2009-12-31": "124.00000", "2009-09-30": "183.00000", "2009-06-30": "48.00000", "2009-03-31": "-45.00000", "2008-12-31": "-676.00000", "2008-09-30": "43.00000", "2008-06-30": "24.00000", "2008-03-31": "36.00000", "2007-12-31": "-26.00000", "2007-09-30": "36.00000", "2007-06-30": "11.00000", "2007-03-31": "49.00000", "2006-12-31": "91.00000", "2006-09-30": "48.00000", "2006-06-30": "-12.00000", "2006-03-31": "-747.00000", "2005-12-31": "-348.00000", "2005-09-30": "-45.00000", "2005-06-30": "2.00000", "2005-03-31": "10.00000"}, "Income From Discontinued Operations": {"2020-09-30": "", "2020-06-30": "", "2020-03-31": "", "2019-12-31": "", "2019-09-30": "", "2019-06-30": "", "2019-03-31": "", "2018-12-31": "", "2018-09-30": "", "2018-06-30": "", "2018-03-31": "", "2017-12-31": "", "2017-09-30": "", "2017-06-30": "", "2017-03-31": "", "2016-12-31": "", "2016-09-30": "", "2016-06-30": "", "2016-03-31": "", "2015-12-31": "", "2015-09-30": "", "2015-06-30": "", "2015-03-31": "", "2014-12-31": "", "2014-09-30": "", "2014-06-30": "", "2014-03-31": "", "2013-12-31": "", "2013-09-30": "", "2013-06-30": "", "2013-03-31": "", "2012-12-31": "", "2012-09-30": "", "2012-06-30": "", "2012-03-31": "", "2011-12-31": "", "2011-09-30": "", "2011-06-30": "", "2011-03-31": "", "2010-12-31": "", "2010-09-30": "", "2010-06-30": "", "2010-03-31": "", "2009-12-31": "", "2009-09-30": "", "2009-06-30": "", "2009-03-31": "", "2008-12-31": "", "2008-09-30": "", "2008-06-30": "", "2008-03-31": "", "2007-12-31": "", "2007-09-30": "", "2007-06-30": "", "2007-03-31": "", "2006-12-31": "232.00000", "2006-09-30": "", "2006-06-30": "", "2006-03-31": "", "2005-12-31": "0.00000", "2005-09-30": "0.00000", "2005-06-30": "0.00000", "2005-03-31": "0.00000"}, "Net Income": {"2020-09-30": "-92.00000", "2020-06-30": "19.00000", "2020-03-31": "5.00000", "2019-12-31": "-34.00000", "2019-09-30": "20.00000", "2019-06-30": "18.00000", "2019-03-31": "80.00000", "2018-12-31": "87.00000", "2018-09-30": "99.00000", "2018-06-30": "43.00000", "2018-03-31": "54.00000", "2017-12-31": "-386.00000", "2017-09-30": "70.00000", "2017-06-30": "38.00000", "2017-03-31": "20.00000", "2016-12-31": "47.00000", "2016-09-30": "59.00000", "2016-06-30": "18.00000", "2016-03-31": "4.00000", "2015-12-31": "57.00000", "2015-09-30": "11.00000", "2015-06-30": "38.00000", "2015-03-31": "36.00000", "2014-12-31": "71.00000", "2014-09-30": "281.00000", "2014-06-30": "40.00000", "2014-03-31": "39.00000", "2013-12-31": "65.00000", "2013-09-30": "27.00000", "2013-06-30": "-46.00000", "2013-03-31": "45.00000", "2012-12-31": "19.00000", "2012-09-30": "66.00000", "2012-06-30": "59.00000", "2012-03-31": "28.00000", "2011-12-31": "61.00000", "2011-09-30": "117.00000", "2011-06-30": "54.00000", "2011-03-31": "133.00000", "2010-12-31": "325.00000", "2010-09-30": "191.00000", "2010-06-30": "31.00000", "2010-03-31": "58.00000", "2009-12-31": "124.00000", "2009-09-30": "183.00000", "2009-06-30": "48.00000", "2009-03-31": "-45.00000", "2008-12-31": "-676.00000", "2008-09-30": "43.00000", "2008-06-30": "24.00000", "2008-03-31": "36.00000", "2007-12-31": "-26.00000", "2007-09-30": "36.00000", "2007-06-30": "11.00000", "2007-03-31": "49.00000", "2006-12-31": "323.00000", "2006-09-30": "48.00000", "2006-06-30": "-12.00000", "2006-03-31": "-747.00000", "2005-12-31": "-348.00000", "2005-09-30": "-45.00000", "2005-06-30": "2.00000", "2005-03-31": "10.00000"}, "EBITDA": {"2020-09-30": "-65.00000", "2020-06-30": "85.00000", "2020-03-31": "91.00000", "2019-12-31": "59.00000", "2019-09-30": "101.00000", "2019-06-30": "108.00000", "2019-03-31": "188.00000", "2018-12-31": "208.00000", "2018-09-30": "189.00000", "2018-06-30": "141.00000", "2018-03-31": "156.00000", "2017-12-31": "-431.00000", "2017-09-30": "165.00000", "2017-06-30": "141.00000", "2017-03-31": "118.00000", "2016-12-31": "144.00000", "2016-09-30": "184.00000", "2016-06-30": "150.00000", "2016-03-31": "107.00000", "2015-12-31": "260.00000", "2015-09-30": "150.00000", "2015-06-30": "153.00000", "2015-03-31": "161.00000", "2014-12-31": "179.00000", "2014-09-30": "216.00000", "2014-06-30": "175.00000", "2014-03-31": "178.00000", "2013-12-31": "188.00000", "2013-09-30": "142.00000", "2013-06-30": "63.00000", "2013-03-31": "144.00000", "2012-12-31": "139.00000", "2012-09-30": "205.00000", "2012-06-30": "202.00000", "2012-03-31": "206.00000", "2011-12-31": "194.00000", "2011-09-30": "280.00000", "2011-06-30": "190.00000", "2011-03-31": "304.00000", "2010-12-31": "250.00000", "2010-09-30": "333.00000", "2010-06-30": "197.00000", "2010-03-31": "218.00000", "2009-12-31": "304.00000", "2009-09-30": "396.00000", "2009-06-30": "243.00000", "2009-03-31": "77.00000", "2008-12-31": "-284.00000", "2008-09-30": "227.00000", "2008-06-30": "198.00000", "2008-03-31": "210.00000", "2007-12-31": "144.00000", "2007-09-30": "251.00000", "2007-06-30": "201.00000", "2007-03-31": "149.00000", "2006-12-31": "-518.52000", "2006-09-30": "146.00000", "2006-06-30": "55.00000", "2006-03-31": "78.00000", "2005-12-31": "-1678.00000", "2005-09-30": "1086.00000", "2005-06-30": "1050.00000", "2005-03-31": "251.00000"}, "EBIT": {"2020-09-30": "-136.00000", "2020-06-30": "14.00000", "2020-03-31": "19.00000", "2019-12-31": "-15.00000", "2019-09-30": "29.00000", "2019-06-30": "34.00000", "2019-03-31": "115.00000", "2018-12-31": "133.00000", "2018-09-30": "114.00000", "2018-06-30": "62.00000", "2018-03-31": "77.00000", "2017-12-31": "-513.00000", "2017-09-30": "85.00000", "2017-06-30": "62.00000", "2017-03-31": "38.00000", "2016-12-31": "59.00000", "2016-09-30": "92.00000", "2016-06-30": "39.00000", "2016-03-31": "18.00000", "2015-12-31": "94.00000", "2015-09-30": "61.00000", "2015-06-30": "62.00000", "2015-03-31": "71.00000", "2014-12-31": "86.00000", "2014-09-30": "120.00000", "2014-06-30": "79.00000", "2014-03-31": "79.00000", "2013-12-31": "93.00000", "2013-09-30": "49.00000", "2013-06-30": "-30.00000", "2013-03-31": "49.00000", "2012-12-31": "43.00000", "2012-09-30": "109.00000", "2012-06-30": "106.00000", "2012-03-31": "109.00000", "2011-12-31": "99.00000", "2011-09-30": "187.00000", "2011-06-30": "95.00000", "2011-03-31": "211.00000", "2010-12-31": "155.00000", "2010-09-30": "236.00000", "2010-06-30": "96.00000", "2010-03-31": "116.00000", "2009-12-31": "203.00000", "2009-09-30": "295.00000", "2009-06-30": "139.00000", "2009-03-31": "-22.00000", "2008-12-31": "-719.00000", "2008-09-30": "108.00000", "2008-06-30": "80.00000", "2008-03-31": "94.00000", "2007-12-31": "7.00000", "2007-09-30": "123.00000", "2007-06-30": "69.00000", "2007-03-31": "71.00000", "2006-12-31": "939.00000", "2006-09-30": "69.00000", "2006-06-30": "-21.00000", "2006-03-31": "-747.00000", "2005-12-31": "1159.00000", "2005-09-30": "1086.00000", "2005-06-30": "1050.00000", "2005-03-31": "251.00000"}, "Basic Shares Outstanding": {"2020-09-30": "55.20000", "2020-06-30": "55.20000", "2020-03-31": "56.10000", "2019-12-31": "61.20000", "2019-09-30": "61.50000", "2019-06-30": "63.00000", "2019-03-31": "63.00000", "2018-12-31": "62.90000", "2018-09-30": "62.90000", "2018-06-30": "62.90000", "2018-03-31": "62.70000", "2017-12-31": "62.70000", "2017-09-30": "62.70000", "2017-06-30": "62.60000", "2017-03-31": "62.60000", "2016-12-31": "62.60000", "2016-09-30": "62.60000", "2016-06-30": "62.60000", "2016-03-31": "62.70000", "2015-12-31": "63.30000", "2015-09-30": "62.90000", "2015-06-30": "63.60000", "2015-03-31": "63.80000", "2014-12-31": "64.80000", "2014-09-30": "64.80000", "2014-06-30": "65.00000", "2014-03-31": "64.90000", "2013-12-31": "66.60000", "2013-09-30": "65.30000", "2013-06-30": "66.90000", "2013-03-31": "69.60000", "2012-12-31": "72.00000", "2012-09-30": "71.40000", "2012-06-30": "72.80000", "2012-03-31": "73.40000", "2011-12-31": "79.80000", "2011-09-30": "79.00000", "2011-06-30": "82.20000", "2011-03-31": "84.20000", "2010-12-31": "85.60000", "2010-09-30": "85.40000", "2010-06-30": "86.00000", "2010-03-31": "86.00000", "2009-12-31": "86.00000", "2009-09-30": "86.00000", "2009-06-30": "86.00000", "2009-03-31": "86.00000", "2008-12-31": "86.00000", "2008-09-30": "86.00000", "2008-06-30": "86.00000", "2008-03-31": "85.88230", "2007-12-31": "79.00000", "2007-09-30": "85.86570", "2007-06-30": "85.83230", "2007-03-31": "58.01010", "2006-12-31": "38.43700", "2006-09-30": "47.33110", "2006-06-30": "47.33110", "2006-03-31": "47.33110", "2005-12-31": "38.39500", "2005-09-30": "38.28500", "2005-06-30": "38.25100", "2005-03-31": "41.65000"}, "Shares Outstanding": {"2020-09-30": "55.20000", "2020-06-30": "55.30000", "2020-03-31": "56.20000", "2019-12-31": "61.40000", "2019-09-30": "61.70000", "2019-06-30": "63.30000", "2019-03-31": "63.20000", "2018-12-31": "63.10000", "2018-09-30": "63.20000", "2018-06-30": "63.20000", "2018-03-31": "62.90000", "2017-12-31": "62.70000", "2017-09-30": "62.90000", "2017-06-30": "62.70000", "2017-03-31": "62.80000", "2016-12-31": "62.70000", "2016-09-30": "62.70000", "2016-06-30": "62.70000", "2016-03-31": "62.80000", "2015-12-31": "63.40000", "2015-09-30": "63.00000", "2015-06-30": "63.70000", "2015-03-31": "63.90000", "2014-12-31": "64.90000", "2014-09-30": "64.90000", "2014-06-30": "65.10000", "2014-03-31": "65.00000", "2013-12-31": "66.70000", "2013-09-30": "65.40000", "2013-06-30": "66.90000", "2013-03-31": "69.80000", "2012-12-31": "72.10000", "2012-09-30": "71.60000", "2012-06-30": "73.20000", "2012-03-31": "74.00000", "2011-12-31": "80.40000", "2011-09-30": "79.40000", "2011-06-30": "82.80000", "2011-03-31": "84.80000", "2010-12-31": "86.40000", "2010-09-30": "86.00000", "2010-06-30": "86.80000", "2010-03-31": "86.60000", "2009-12-31": "86.40000", "2009-09-30": "86.40000", "2009-06-30": "86.00000", "2009-03-31": "86.00000", "2008-12-31": "86.00000", "2008-09-30": "86.00000", "2008-06-30": "86.00000", "2008-03-31": "85.94890", "2007-12-31": "79.40000", "2007-09-30": "86.26550", "2007-06-30": "86.01560", "2007-03-31": "58.04340", "2006-12-31": "38.43700", "2006-09-30": "47.33110", "2006-06-30": "47.33110", "2006-03-31": "47.33110", "2005-12-31": "38.39500", "2005-09-30": "38.28500", "2005-06-30": "38.43500", "2005-03-31": "41.65000"}, "Basic EPS": {"2020-09-30": "-1.67000", "2020-06-30": "0.34000", "2020-03-31": "0.09000", "2019-12-31": "-0.52000", "2019-09-30": "0.33000", "2019-06-30": "0.29000", "2019-03-31": "1.27000", "2018-12-31": "1.39000", "2018-09-30": "1.57000", "2018-06-30": "0.68000", "2018-03-31": "0.86000", "2017-12-31": "-6.16000", "2017-09-30": "1.12000", "2017-06-30": "0.61000", "2017-03-31": "0.32000", "2016-12-31": "0.75000", "2016-09-30": "0.94000", "2016-06-30": "0.29000", "2016-03-31": "0.06000", "2015-12-31": "0.91000", "2015-09-30": "0.17000", "2015-06-30": "0.60000", "2015-03-31": "0.56000", "2014-12-31": "1.09000", "2014-09-30": "4.34000", "2014-06-30": "0.62000", "2014-03-31": "0.60000", "2013-12-31": "1.00500", "2013-09-30": "0.41000", "2013-06-30": "-0.69000", "2013-03-31": "0.64500", "2012-12-31": "0.27500", "2012-09-30": "0.92500", "2012-06-30": "0.81000", "2012-03-31": "0.38000", "2011-12-31": "0.86000", "2011-09-30": "1.48000", "2011-06-30": "0.65500", "2011-03-31": "1.58000", "2010-12-31": "3.80000", "2010-09-30": "2.23500", "2010-06-30": "0.36000", "2010-03-31": "0.67500", "2009-12-31": "1.44000", "2009-09-30": "2.13000", "2009-06-30": "0.56000", "2009-03-31": "-0.52500", "2008-12-31": "-7.86520", "2008-09-30": "0.50000", "2008-06-30": "0.28000", "2008-03-31": "0.42020", "2007-12-31": "-0.49560", "2007-09-30": "0.42020", "2007-06-30": "0.12000", "2007-03-31": "0.84030", "2006-12-31": "8.40340", "2006-09-30": "1.02040", "2006-06-30": "-0.24010", "2006-03-31": "-15.78630", "2005-12-31": "-9.06360", "2005-09-30": "-1.20050", "2005-06-30": "0.06000", "2005-03-31": "0.24010"}, "EPS - Earnings Per Share": {"2020-09-30": "-1.67000", "2020-06-30": "0.34000", "2020-03-31": "0.09000", "2019-12-31": "-0.50000", "2019-09-30": "0.32000", "2019-06-30": "0.28000", "2019-03-31": "1.27000", "2018-12-31": "1.37000", "2018-09-30": "1.57000", "2018-06-30": "0.68000", "2018-03-31": "0.86000", "2017-12-31": "-6.15000", "2017-09-30": "1.11000", "2017-06-30": "0.61000", "2017-03-31": "0.32000", "2016-12-31": "0.75000", "2016-09-30": "0.94000", "2016-06-30": "0.29000", "2016-03-31": "0.06000", "2015-12-31": "0.91000", "2015-09-30": "0.17000", "2015-06-30": "0.60000", "2015-03-31": "0.56000", "2014-12-31": "1.10000", "2014-09-30": "4.33000", "2014-06-30": "0.61000", "2014-03-31": "0.60000", "2013-12-31": "0.99500", "2013-09-30": "0.41000", "2013-06-30": "-0.69000", "2013-03-31": "0.64500", "2012-12-31": "0.28500", "2012-09-30": "0.92000", "2012-06-30": "0.80500", "2012-03-31": "0.38000", "2011-12-31": "0.84500", "2011-09-30": "1.47500", "2011-06-30": "0.65000", "2011-03-31": "1.57000", "2010-12-31": "3.75500", "2010-09-30": "2.22000", "2010-06-30": "0.35500", "2010-03-31": "0.67000", "2009-12-31": "1.43500", "2009-09-30": "2.12000", "2009-06-30": "0.56000", "2009-03-31": "-0.52500", "2008-12-31": "-7.86520", "2008-09-30": "0.50000", "2008-06-30": "0.28000", "2008-03-31": "0.42020", "2007-12-31": "-0.50060", "2007-09-30": "0.42020", "2007-06-30": "0.12000", "2007-03-31": "0.84030", "2006-12-31": "8.40340", "2006-09-30": "1.02040", "2006-06-30": "-0.24010", "2006-03-31": "-15.78630", "2005-12-31": "-9.06360", "2005-09-30": "-1.20050", "2005-06-30": "0.06000", "2005-03-31": "0.24010"}}, "balance sheet": {"Cash On Hand": {"2019-12-31": "61.00000", "2018-12-31": "111.00000", "2017-12-31": "139.00000", "2016-12-31": "125.00000", "2015-12-31": "126.00000", "2014-12-31": "174.00000", "2013-12-31": "655.00000", "2012-12-31": "661.00000", "2011-12-31": "444.00000", "2010-12-31": "530.00000", "2009-12-31": "324.00000", "2008-12-31": "16.00000", "2007-12-31": "71.00000", "2006-12-31": "1.00000", "2005-12-31": "71.00000"}, "Receivables": {"2019-12-31": "638.00000", "2018-12-31": "692.00000", "2017-12-31": "728.00000", "2016-12-31": "644.00000", "2015-12-31": "641.00000", "2014-12-31": "682.00000", "2013-12-31": "662.00000", "2012-12-31": "610.00000", "2011-12-31": "691.00000", "2010-12-31": "679.00000", "2009-12-31": "950.00000", "2008-12-31": "533.00000", "2007-12-31": "573.00000", "2006-12-31": "340.00000", "2005-12-31": "252.00000"}, "Inventory": {"2019-12-31": "786.00000", "2018-12-31": "762.00000", "2017-12-31": "757.00000", "2016-12-31": "759.00000", "2015-12-31": "766.00000", "2014-12-31": "714.00000", "2013-12-31": "685.00000", "2012-12-31": "675.00000", "2011-12-31": "652.00000", "2010-12-31": "648.00000", "2009-12-31": "745.00000", "2008-12-31": "963.00000", "2007-12-31": "936.00000", "2006-12-31": "520.00000", "2005-12-31": "613.00000"}, "Pre-Paid Expenses": {"2019-12-31": "33.00000", "2018-12-31": "24.00000", "2017-12-31": "33.00000", "2016-12-31": "40.00000", "2015-12-31": "21.00000", "2014-12-31": "25.00000", "2013-12-31": "23.00000", "2012-12-31": "24.00000", "2011-12-31": "22.00000", "2010-12-31": "28.00000", "2009-12-31": "46.00000", "2008-12-31": "27.00000", "2007-12-31": "14.00000", "2006-12-31": "6.00000", "2005-12-31": ""}, "Other Current Assets": {"2019-12-31": "", "2018-12-31": "", "2017-12-31": "", "2016-12-31": "", "2015-12-31": "", "2014-12-31": "", "2013-12-31": "", "2012-12-31": "", "2011-12-31": "", "2010-12-31": "", "2009-12-31": "", "2008-12-31": "", "2007-12-31": "", "2006-12-31": "", "2005-12-31": "56.00000"}, "Total Current Assets": {"2019-12-31": "1518.00000", "2018-12-31": "1589.00000", "2017-12-31": "1657.00000", "2016-12-31": "1568.00000", "2015-12-31": "1554.00000", "2014-12-31": "1670.00000", "2013-12-31": "2077.00000", "2012-12-31": "2015.00000", "2011-12-31": "1934.00000", "2010-12-31": "2000.00000", "2009-12-31": "2202.00000", "2008-12-31": "1655.00000", "2007-12-31": "1776.00000", "2006-12-31": "889.00000", "2005-12-31": "992.00000"}, "Property, Plant, And Equipment": {"2019-12-31": "2567.00000", "2018-12-31": "2605.00000", "2017-12-31": "2765.00000", "2016-12-31": "2825.00000", "2015-12-31": "2835.00000", "2014-12-31": "3131.00000", "2013-12-31": "3289.00000", "2012-12-31": "3401.00000", "2011-12-31": "3459.00000", "2010-12-31": "3767.00000", "2009-12-31": "4129.00000", "2008-12-31": "4301.00000", "2007-12-31": "5362.00000", "2006-12-31": "3065.00000", "2005-12-31": "3117.00000"}, "Long-Term Investments": {"2019-12-31": "", "2018-12-31": "", "2017-12-31": "", "2016-12-31": "", "2015-12-31": "", "2014-12-31": "", "2013-12-31": "", "2012-12-31": "", "2011-12-31": "", "2010-12-31": "", "2009-12-31": "", "2008-12-31": "", "2007-12-31": "", "2006-12-31": "", "2005-12-31": ""}, "Goodwill And Intangible Assets": {"2019-12-31": "573.00000", "2018-12-31": "597.00000", "2017-12-31": "633.00000", "2016-12-31": "1158.00000", "2015-12-31": "1140.00000", "2014-12-31": "1228.00000", "2013-12-31": "776.00000", "2012-12-31": "572.00000", "2011-12-31": "367.00000", "2010-12-31": "56.00000", "2009-12-31": "85.00000", "2008-12-31": "81.00000", "2007-12-31": "483.00000", "2006-12-31": "14.00000", "2005-12-31": "79.00000"}, "Other Long-Term Assets": {"2019-12-31": "164.00000", "2018-12-31": "134.00000", "2017-12-31": "157.00000", "2016-12-31": "129.00000", "2015-12-31": "125.00000", "2014-12-31": "156.00000", "2013-12-31": "136.00000", "2012-12-31": "135.00000", "2011-12-31": "109.00000", "2010-12-31": "203.00000", "2009-12-31": "103.00000", "2008-12-31": "67.00000", "2007-12-31": "105.00000", "2006-12-31": "30.00000", "2005-12-31": "265.00000"}, "Total Long-Term Assets": {"2019-12-31": "3385.00000", "2018-12-31": "3336.00000", "2017-12-31": "3555.00000", "2016-12-31": "4112.00000", "2015-12-31": "4100.00000", "2014-12-31": "4515.00000", "2013-12-31": "4201.00000", "2012-12-31": "4108.00000", "2011-12-31": "3935.00000", "2010-12-31": "4026.00000", "2009-12-31": "4317.00000", "2008-12-31": "4449.00000", "2007-12-31": "5950.00000", "2006-12-31": "3109.00000", "2005-12-31": "3461.00000"}, "Total Assets": {"2019-12-31": "4903.00000", "2018-12-31": "4925.00000", "2017-12-31": "5212.00000", "2016-12-31": "5680.00000", "2015-12-31": "5654.00000", "2014-12-31": "6185.00000", "2013-12-31": "6278.00000", "2012-12-31": "6123.00000", "2011-12-31": "5869.00000", "2010-12-31": "6026.00000", "2009-12-31": "6519.00000", "2008-12-31": "6104.00000", "2007-12-31": "7726.00000", "2006-12-31": "3998.00000", "2005-12-31": "4453.00000"}, "Total Current Liabilities": {"2019-12-31": "766.00000", "2018-12-31": "783.00000", "2017-12-31": "741.00000", "2016-12-31": "753.00000", "2015-12-31": "788.00000", "2014-12-31": "926.00000", "2013-12-31": "709.00000", "2012-12-31": "758.00000", "2011-12-31": "716.00000", "2010-12-31": "725.00000", "2009-12-31": "771.00000", "2008-12-31": "743.00000", "2007-12-31": "873.00000", "2006-12-31": "268.00000", "2005-12-31": "603.00000"}, "Long Term Debt": {"2019-12-31": "938.00000", "2018-12-31": "853.00000", "2017-12-31": "1129.00000", "2016-12-31": "1218.00000", "2015-12-31": "1210.00000", "2014-12-31": "1181.00000", "2013-12-31": "1510.00000", "2012-12-31": "1128.00000", "2011-12-31": "837.00000", "2010-12-31": "825.00000", "2009-12-31": "1701.00000", "2008-12-31": "2110.00000", "2007-12-31": "2213.00000", "2006-12-31": "32.00000", "2005-12-31": "1936.00000"}, "Other Non-Current Liabilities": {"2019-12-31": "275.00000", "2018-12-31": "275.00000", "2017-12-31": "368.00000", "2016-12-31": "358.00000", "2015-12-31": "350.00000", "2014-12-31": "378.00000", "2013-12-31": "354.00000", "2012-12-31": "457.00000", "2011-12-31": "417.00000", "2010-12-31": "350.00000", "2009-12-31": "366.00000", "2008-12-31": "284.00000", "2007-12-31": "440.00000", "2006-12-31": "25.00000", "2005-12-31": "534.00000"}, "Total Long Term Liabilities": {"2019-12-31": "1761.00000", "2018-12-31": "1604.00000", "2017-12-31": "1988.00000", "2016-12-31": "2251.00000", "2015-12-31": "2214.00000", "2014-12-31": "2369.00000", "2013-12-31": "2787.00000", "2012-12-31": "2488.00000", "2011-12-31": "2181.00000", "2010-12-31": "2099.00000", "2009-12-31": "3086.00000", "2008-12-31": "3218.00000", "2007-12-31": "3656.00000", "2006-12-31": "815.00000", "2005-12-31": "2470.00000"}, "Total Liabilities": {"2019-12-31": "2527.00000", "2018-12-31": "2387.00000", "2017-12-31": "2729.00000", "2016-12-31": "3004.00000", "2015-12-31": "3002.00000", "2014-12-31": "3295.00000", "2013-12-31": "3496.00000", "2012-12-31": "3246.00000", "2011-12-31": "2897.00000", "2010-12-31": "2824.00000", "2009-12-31": "3857.00000", "2008-12-31": "3961.00000", "2007-12-31": "4529.00000", "2006-12-31": "1083.00000", "2005-12-31": "3073.00000"}, "Common Stock Net": {"2019-12-31": "1.00000", "2018-12-31": "1.00000", "2017-12-31": "1.00000", "2016-12-31": "1.00000", "2015-12-31": "1.00000", "2014-12-31": "1.00000", "2013-12-31": "0.00000", "2012-12-31": "", "2011-12-31": "", "2010-12-31": "", "2009-12-31": "", "2008-12-31": "5.00000", "2007-12-31": "5.00000", "2006-12-31": "", "2005-12-31": "1529.00000"}, "Retained Earnings (Accumulated Deficit)": {"2019-12-31": "998.00000", "2018-12-31": "1023.00000", "2017-12-31": "849.00000", "2016-12-31": "1211.00000", "2015-12-31": "1186.00000", "2014-12-31": "1145.00000", "2013-12-31": "804.00000", "2012-12-31": "782.00000", "2011-12-31": "671.00000", "2010-12-31": "357.00000", "2009-12-31": "-216.00000", "2008-12-31": "-526.00000", "2007-12-31": "47.00000", "2006-12-31": "", "2005-12-31": "-16.00000"}, "Comprehensive Income": {"2019-12-31": "-393.00000", "2018-12-31": "-467.00000", "2017-12-31": "-336.00000", "2016-12-31": "-499.00000", "2015-12-31": "-501.00000", "2014-12-31": "-268.00000", "2013-12-31": "-65.00000", "2012-12-31": "-128.00000", "2011-12-31": "-74.00000", "2010-12-31": "-10.00000", "2009-12-31": "-16.00000", "2008-12-31": "-217.00000", "2007-12-31": "279.00000", "2006-12-31": "63.00000", "2005-12-31": ""}, "Other Share Holders Equity": {"2019-12-31": "", "2018-12-31": "", "2017-12-31": "", "2016-12-31": "", "2015-12-31": "", "2014-12-31": "", "2013-12-31": "", "2012-12-31": "", "2011-12-31": "", "2010-12-31": "", "2009-12-31": "", "2008-12-31": "", "2007-12-31": "", "2006-12-31": "", "2005-12-31": "-176.00000"}, "Share Holder Equity": {"2019-12-31": "2376.00000", "2018-12-31": "2538.00000", "2017-12-31": "2483.00000", "2016-12-31": "2676.00000", "2015-12-31": "2652.00000", "2014-12-31": "2890.00000", "2013-12-31": "2782.00000", "2012-12-31": "2877.00000", "2011-12-31": "2972.00000", "2010-12-31": "3202.00000", "2009-12-31": "2662.00000", "2008-12-31": "2143.00000", "2007-12-31": "3197.00000", "2006-12-31": "2915.00000", "2005-12-31": "1380.00000"}, "Total Liabilities And Share Holders Equity": {"2019-12-31": "4903.00000", "2018-12-31": "4925.00000", "2017-12-31": "5212.00000", "2016-12-31": "5680.00000", "2015-12-31": "5654.00000", "2014-12-31": "6185.00000", "2013-12-31": "6278.00000", "2012-12-31": "6123.00000", "2011-12-31": "5869.00000", "2010-12-31": "6026.00000", "2009-12-31": "6519.00000", "2008-12-31": "6104.00000", "2007-12-31": "7726.00000", "2006-12-31": "3998.00000", "2005-12-31": "4453.00000"}}, "balance sheet, quarterly": {"Cash On Hand": {"2020-09-30": "218.00000", "2020-06-30": "124.00000", "2020-03-31": "152.00000", "2019-12-31": "61.00000", "2019-09-30": "98.00000", "2019-06-30": "93.00000", "2019-03-31": "94.00000", "2018-12-31": "111.00000", "2018-09-30": "256.00000", "2018-06-30": "264.00000", "2018-03-31": "152.00000", "2017-12-31": "139.00000", "2017-09-30": "143.00000", "2017-06-30": "124.00000", "2017-03-31": "111.00000", "2016-12-31": "125.00000", "2016-09-30": "168.00000", "2016-06-30": "111.00000", "2016-03-31": "97.00000", "2015-12-31": "126.00000", "2015-09-30": "128.00000", "2015-06-30": "207.00000", "2015-03-31": "183.00000", "2014-12-31": "174.00000", "2014-09-30": "134.00000", "2014-06-30": "85.00000", "2014-03-31": "130.00000", "2013-12-31": "655.00000", "2013-09-30": "191.00000", "2013-06-30": "432.00000", "2013-03-31": "513.00000", "2012-12-31": "661.00000", "2012-09-30": "593.00000", "2012-06-30": "276.00000", "2012-03-31": "315.00000", "2011-12-31": "444.00000", "2011-09-30": "461.00000", "2011-06-30": "742.00000", "2011-03-31": "604.00000", "2010-12-31": "530.00000", "2010-09-30": "537.00000", "2010-06-30": "514.00000", "2010-03-31": "314.00000", "2009-12-31": "324.00000", "2009-09-30": "433.00000", "2009-06-30": "381.00000", "2009-03-31": "145.00000", "2008-12-31": "16.00000", "2008-09-30": "127.00000", "2008-06-30": "61.00000", "2008-03-31": "57.00000", "2007-12-31": "71.00000", "2007-09-30": "136.00000", "2007-06-30": "80.00000", "2007-03-31": "110.00000", "2006-12-31": "1.00000", "2006-09-30": "", "2006-06-30": "", "2006-03-31": "", "2005-12-31": "71.00000", "2005-09-30": "", "2005-06-30": "", "2005-03-31": "38.00000"}, "Receivables": {"2020-09-30": "587.00000", "2020-06-30": "569.00000", "2020-03-31": "627.00000", "2019-12-31": "638.00000", "2019-09-30": "671.00000", "2019-06-30": "675.00000", "2019-03-31": "720.00000", "2018-12-31": "692.00000", "2018-09-30": "719.00000", "2018-06-30": "688.00000", "2018-03-31": "720.00000", "2017-12-31": "728.00000", "2017-09-30": "672.00000", "2017-06-30": "631.00000", "2017-03-31": "677.00000", "2016-12-31": "644.00000", "2016-09-30": "649.00000", "2016-06-30": "639.00000", "2016-03-31": "664.00000", "2015-12-31": "641.00000", "2015-09-30": "634.00000", "2015-06-30": "653.00000", "2015-03-31": "672.00000", "2014-12-31": "682.00000", "2014-09-30": "711.00000", "2014-06-30": "729.00000", "2014-03-31": "740.00000", "2013-12-31": "662.00000", "2013-09-30": "631.00000", "2013-06-30": "642.00000", "2013-03-31": "673.00000", "2012-12-31": "610.00000", "2012-09-30": "718.00000", "2012-06-30": "693.00000", "2012-03-31": "740.00000", "2011-12-31": "691.00000", "2011-09-30": "730.00000", "2011-06-30": "732.00000", "2011-03-31": "775.00000", "2010-12-31": "679.00000", "2010-09-30": "696.00000", "2010-06-30": "697.00000", "2010-03-31": "1032.00000", "2009-12-31": "950.00000", "2009-09-30": "853.00000", "2009-06-30": "636.00000", "2009-03-31": "556.00000", "2008-12-31": "533.00000", "2008-09-30": "663.00000", "2008-06-30": "637.00000", "2008-03-31": "646.00000", "2007-12-31": "573.00000", "2007-09-30": "604.00000", "2007-06-30": "537.00000", "2007-03-31": "590.00000", "2006-12-31": "340.00000", "2006-09-30": "", "2006-06-30": "", "2006-03-31": "", "2005-12-31": "252.00000", "2005-09-30": "", "2005-06-30": "", "2005-03-31": "226.00000"}, "Inventory": {"2020-09-30": "764.00000", "2020-06-30": "767.00000", "2020-03-31": "740.00000", "2019-12-31": "786.00000", "2019-09-30": "798.00000", "2019-06-30": "823.00000", "2019-03-31": "813.00000", "2018-12-31": "762.00000", "2018-09-30": "772.00000", "2018-06-30": "756.00000", "2018-03-31": "766.00000", "2017-12-31": "757.00000", "2017-09-30": "787.00000", "2017-06-30": "759.00000", "2017-03-31": "722.00000", "2016-12-31": "759.00000", "2016-09-30": "770.00000", "2016-06-30": "753.00000", "2016-03-31": "779.00000", "2015-12-31": "766.00000", "2015-09-30": "751.00000", "2015-06-30": "721.00000", "2015-03-31": "704.00000", "2014-12-31": "714.00000", "2014-09-30": "719.00000", "2014-06-30": "728.00000", "2014-03-31": "720.00000", "2013-12-31": "685.00000", "2013-09-30": "703.00000", "2013-06-30": "678.00000", "2013-03-31": "671.00000", "2012-12-31": "675.00000", "2012-09-30": "663.00000", "2012-06-30": "673.00000", "2012-03-31": "676.00000", "2011-12-31": "652.00000", "2011-09-30": "630.00000", "2011-06-30": "612.00000", "2011-03-31": "643.00000", "2010-12-31": "648.00000", "2010-09-30": "639.00000", "2010-06-30": "616.00000", "2010-03-31": "743.00000", "2009-12-31": "745.00000", "2009-09-30": "765.00000", "2009-06-30": "805.00000", "2009-03-31": "922.00000", "2008-12-31": "963.00000", "2008-09-30": "985.00000", "2008-06-30": "926.00000", "2008-03-31": "936.00000", "2007-12-31": "936.00000", "2007-09-30": "1018.00000", "2007-06-30": "1004.00000", "2007-03-31": "993.00000", "2006-12-31": "520.00000", "2006-09-30": "", "2006-06-30": "", "2006-03-31": "", "2005-12-31": "613.00000", "2005-09-30": "", "2005-06-30": "", "2005-03-31": "658.00000"}, "Pre-Paid Expenses": {"2020-09-30": "36.00000", "2020-06-30": "36.00000", "2020-03-31": "32.00000", "2019-12-31": "33.00000", "2019-09-30": "33.00000", "2019-06-30": "39.00000", "2019-03-31": "25.00000", "2018-12-31": "24.00000", "2018-09-30": "33.00000", "2018-06-30": "35.00000", "2018-03-31": "27.00000", "2017-12-31": "33.00000", "2017-09-30": "47.00000", "2017-06-30": "41.00000", "2017-03-31": "34.00000", "2016-12-31": "40.00000", "2016-09-30": "46.00000", "2016-06-30": "55.00000", "2016-03-31": "32.00000", "2015-12-31": "21.00000", "2015-09-30": "25.00000", "2015-06-30": "36.00000", "2015-03-31": "28.00000", "2014-12-31": "25.00000", "2014-09-30": "30.00000", "2014-06-30": "37.00000", "2014-03-31": "24.00000", "2013-12-31": "23.00000", "2013-09-30": "31.00000", "2013-06-30": "34.00000", "2013-03-31": "31.00000", "2012-12-31": "24.00000", "2012-09-30": "34.00000", "2012-06-30": "39.00000", "2012-03-31": "26.00000", "2011-12-31": "22.00000", "2011-09-30": "24.00000", "2011-06-30": "44.00000", "2011-03-31": "32.00000", "2010-12-31": "28.00000", "2010-09-30": "28.00000", "2010-06-30": "37.00000", "2010-03-31": "42.00000", "2009-12-31": "46.00000", "2009-09-30": "49.00000", "2009-06-30": "31.00000", "2009-03-31": "22.00000", "2008-12-31": "27.00000", "2008-09-30": "37.00000", "2008-06-30": "37.00000", "2008-03-31": "31.00000", "2007-12-31": "14.00000", "2007-09-30": "25.00000", "2007-06-30": "27.00000", "2007-03-31": "24.00000", "2006-12-31": "6.00000", "2006-09-30": "", "2006-06-30": "", "2006-03-31": "", "2005-12-31": "", "2005-09-30": "", "2005-06-30": "", "2005-03-31": ""}, "Other Current Assets": {"2020-09-30": "", "2020-06-30": "", "2020-03-31": "", "2019-12-31": "", "2019-09-30": "", "2019-06-30": "", "2019-03-31": "", "2018-12-31": "", "2018-09-30": "", "2018-06-30": "", "2018-03-31": "", "2017-12-31": "", "2017-09-30": "", "2017-06-30": "", "2017-03-31": "", "2016-12-31": "", "2016-09-30": "", "2016-06-30": "", "2016-03-31": "", "2015-12-31": "", "2015-09-30": "", "2015-06-30": "", "2015-03-31": "", "2014-12-31": "", "2014-09-30": "", "2014-06-30": "", "2014-03-31": "", "2013-12-31": "", "2013-09-30": "", "2013-06-30": "", "2013-03-31": "", "2012-12-31": "", "2012-09-30": "", "2012-06-30": "", "2012-03-31": "", "2011-12-31": "", "2011-09-30": "", "2011-06-30": "", "2011-03-31": "", "2010-12-31": "", "2010-09-30": "", "2010-06-30": "", "2010-03-31": "", "2009-12-31": "", "2009-09-30": "", "2009-06-30": "", "2009-03-31": "", "2008-12-31": "", "2008-09-30": "", "2008-06-30": "", "2008-03-31": "", "2007-12-31": "", "2007-09-30": "", "2007-06-30": "", "2007-03-31": "", "2006-12-31": "", "2006-09-30": "", "2006-06-30": "", "2006-03-31": "", "2005-12-31": "56.00000", "2005-09-30": "", "2005-06-30": "", "2005-03-31": "85.00000"}, "Total Current Assets": {"2020-09-30": "1605.00000", "2020-06-30": "1496.00000", "2020-03-31": "1551.00000", "2019-12-31": "1518.00000", "2019-09-30": "1600.00000", "2019-06-30": "1630.00000", "2019-03-31": "1652.00000", "2018-12-31": "1589.00000", "2018-09-30": "1780.00000", "2018-06-30": "1743.00000", "2018-03-31": "1665.00000", "2017-12-31": "1657.00000", "2017-09-30": "1649.00000", "2017-06-30": "1555.00000", "2017-03-31": "1544.00000", "2016-12-31": "1568.00000", "2016-09-30": "1633.00000", "2016-06-30": "1558.00000", "2016-03-31": "1572.00000", "2015-12-31": "1554.00000", "2015-09-30": "1620.00000", "2015-06-30": "1695.00000", "2015-03-31": "1665.00000", "2014-12-31": "1670.00000", "2014-09-30": "1655.00000", "2014-06-30": "1625.00000", "2014-03-31": "1659.00000", "2013-12-31": "2077.00000", "2013-09-30": "1614.00000", "2013-06-30": "1835.00000", "2013-03-31": "1933.00000", "2012-12-31": "2015.00000", "2012-09-30": "2132.00000", "2012-06-30": "1809.00000", "2012-03-31": "1884.00000", "2011-12-31": "1934.00000", "2011-09-30": "1960.00000", "2011-06-30": "2247.00000", "2011-03-31": "2170.00000", "2010-12-31": "2000.00000", "2010-09-30": "2039.00000", "2010-06-30": "2001.00000", "2010-03-31": "2270.00000", "2009-12-31": "2202.00000", "2009-09-30": "2221.00000", "2009-06-30": "1971.00000", "2009-03-31": "1760.00000", "2008-12-31": "1655.00000", "2008-09-30": "1992.00000", "2008-06-30": "1842.00000", "2008-03-31": "1851.00000", "2007-12-31": "1776.00000", "2007-09-30": "1845.00000", "2007-06-30": "1709.00000", "2007-03-31": "1784.00000", "2006-12-31": "889.00000", "2006-09-30": "", "2006-06-30": "", "2006-03-31": "", "2005-12-31": "992.00000", "2005-09-30": "", "2005-06-30": "", "2005-03-31": "1007.00000"}, "Property, Plant, And Equipment": {"2020-09-30": "2378.00000", "2020-06-30": "2509.00000", "2020-03-31": "2493.00000", "2019-12-31": "2567.00000", "2019-09-30": "2499.00000", "2019-06-30": "2563.00000", "2019-03-31": "2564.00000", "2018-12-31": "2605.00000", "2018-09-30": "2621.00000", "2018-06-30": "2629.00000", "2018-03-31": "2694.00000", "2017-12-31": "2765.00000", "2017-09-30": "2774.00000", "2017-06-30": "2779.00000", "2017-03-31": "2789.00000", "2016-12-31": "2825.00000", "2016-09-30": "2887.00000", "2016-06-30": "2906.00000", "2016-03-31": "2868.00000", "2015-12-31": "2835.00000", "2015-09-30": "2872.00000", "2015-06-30": "2959.00000", "2015-03-31": "2995.00000", "2014-12-31": "3131.00000", "2014-09-30": "3169.00000", "2014-06-30": "3266.00000", "2014-03-31": "3276.00000", "2013-12-31": "3289.00000", "2013-09-30": "3352.00000", "2013-06-30": "3256.00000", "2013-03-31": "3328.00000", "2012-12-31": "3401.00000", "2012-09-30": "3464.00000", "2012-06-30": "3450.00000", "2012-03-31": "3484.00000", "2011-12-31": "3459.00000", "2011-09-30": "3490.00000", "2011-06-30": "3573.00000", "2011-03-31": "3711.00000", "2010-12-31": "3767.00000", "2010-09-30": "3780.00000", "2010-06-30": "3868.00000", "2010-03-31": "4070.00000", "2009-12-31": "4129.00000", "2009-09-30": "4192.00000", "2009-06-30": "4162.00000", "2009-03-31": "4154.00000", "2008-12-31": "4301.00000", "2008-09-30": "4991.00000", "2008-06-30": "5118.00000", "2008-03-31": "5179.00000", "2007-12-31": "5362.00000", "2007-09-30": "5935.00000", "2007-06-30": "5894.00000", "2007-03-31": "5745.00000", "2006-12-31": "3065.00000", "2006-09-30": "", "2006-06-30": "", "2006-03-31": "", "2005-12-31": "", "2005-09-30": "", "2005-06-30": "", "2005-03-31": ""}, "Long-Term Investments": {"2020-09-30": "", "2020-06-30": "", "2020-03-31": "", "2019-12-31": "", "2019-09-30": "", "2019-06-30": "", "2019-03-31": "", "2018-12-31": "", "2018-09-30": "", "2018-06-30": "", "2018-03-31": "", "2017-12-31": "", "2017-09-30": "", "2017-06-30": "", "2017-03-31": "", "2016-12-31": "", "2016-09-30": "", "2016-06-30": "", "2016-03-31": "", "2015-12-31": "", "2015-09-30": "", "2015-06-30": "", "2015-03-31": "", "2014-12-31": "", "2014-09-30": "", "2014-06-30": "", "2014-03-31": "", "2013-12-31": "", "2013-09-30": "", "2013-06-30": "", "2013-03-31": "", "2012-12-31": "", "2012-09-30": "", "2012-06-30": "", "2012-03-31": "", "2011-12-31": "", "2011-09-30": "", "2011-06-30": "", "2011-03-31": "", "2010-12-31": "", "2010-09-30": "", "2010-06-30": "", "2010-03-31": "", "2009-12-31": "", "2009-09-30": "", "2009-06-30": "", "2009-03-31": "", "2008-12-31": "", "2008-09-30": "", "2008-06-30": "", "2008-03-31": "", "2007-12-31": "", "2007-09-30": "", "2007-06-30": "", "2007-03-31": "", "2006-12-31": "", "2006-09-30": "", "2006-06-30": "", "2006-03-31": "", "2005-12-31": "", "2005-09-30": "", "2005-06-30": "", "2005-03-31": ""}, "Goodwill And Intangible Assets": {"2020-09-30": "573.00000", "2020-06-30": "564.00000", "2020-03-31": "561.00000", "2019-12-31": "573.00000", "2019-09-30": "568.00000", "2019-06-30": "586.00000", "2019-03-31": "587.00000", "2018-12-31": "597.00000", "2018-09-30": "607.00000", "2018-06-30": "614.00000", "2018-03-31": "637.00000", "2017-12-31": "633.00000", "2017-09-30": "1210.00000", "2017-06-30": "1194.00000", "2017-03-31": "1160.00000", "2016-12-31": "1158.00000", "2016-09-30": "1148.00000", "2016-06-30": "1141.00000", "2016-03-31": "1165.00000", "2015-12-31": "1140.00000", "2015-09-30": "1162.00000", "2015-06-30": "1167.00000", "2015-03-31": "1149.00000", "2014-12-31": "1228.00000", "2014-09-30": "1241.00000", "2014-06-30": "1303.00000", "2014-03-31": "1310.00000", "2013-12-31": "776.00000", "2013-09-30": "776.00000", "2013-06-30": "572.00000", "2013-03-31": "565.00000", "2012-12-31": "572.00000", "2012-09-30": "608.00000", "2012-06-30": "606.00000", "2012-03-31": "562.00000", "2011-12-31": "367.00000", "2011-09-30": "368.00000", "2011-06-30": "56.00000", "2011-03-31": "57.00000", "2010-12-31": "56.00000", "2010-09-30": "56.00000", "2010-06-30": "62.00000", "2010-03-31": "86.00000", "2009-12-31": "85.00000", "2009-09-30": "83.00000", "2009-06-30": "80.00000", "2009-03-31": "76.00000", "2008-12-31": "81.00000", "2008-09-30": "449.00000", "2008-06-30": "467.00000", "2008-03-31": "462.00000", "2007-12-31": "483.00000", "2007-09-30": "171.00000", "2007-06-30": "163.00000", "2007-03-31": "187.00000", "2006-12-31": "14.00000", "2006-09-30": "", "2006-06-30": "", "2006-03-31": "", "2005-12-31": "79.00000", "2005-09-30": "", "2005-06-30": "", "2005-03-31": "70.00000"}, "Other Long-Term Assets": {"2020-09-30": "163.00000", "2020-06-30": "162.00000", "2020-03-31": "151.00000", "2019-12-31": "164.00000", "2019-09-30": "140.00000", "2019-06-30": "143.00000", "2019-03-31": "138.00000", "2018-12-31": "134.00000", "2018-09-30": "174.00000", "2018-06-30": "159.00000", "2018-03-31": "155.00000", "2017-12-31": "157.00000", "2017-09-30": "151.00000", "2017-06-30": "139.00000", "2017-03-31": "132.00000", "2016-12-31": "129.00000", "2016-09-30": "162.00000", "2016-06-30": "163.00000", "2016-03-31": "154.00000", "2015-12-31": "125.00000", "2015-09-30": "135.00000", "2015-06-30": "142.00000", "2015-03-31": "151.00000", "2014-12-31": "156.00000", "2014-09-30": "127.00000", "2014-06-30": "145.00000", "2014-03-31": "131.00000", "2013-12-31": "136.00000", "2013-09-30": "143.00000", "2013-06-30": "138.00000", "2013-03-31": "134.00000", "2012-12-31": "135.00000", "2012-09-30": "115.00000", "2012-06-30": "108.00000", "2012-03-31": "108.00000", "2011-12-31": "109.00000", "2011-09-30": "202.00000", "2011-06-30": "202.00000", "2011-03-31": "203.00000", "2010-12-31": "203.00000", "2010-09-30": "114.00000", "2010-06-30": "120.00000", "2010-03-31": "102.00000", "2009-12-31": "103.00000", "2009-09-30": "64.00000", "2009-06-30": "73.00000", "2009-03-31": "72.00000", "2008-12-31": "67.00000", "2008-09-30": "102.00000", "2008-06-30": "109.00000", "2008-03-31": "107.00000", "2007-12-31": "105.00000", "2007-09-30": "110.00000", "2007-06-30": "123.00000", "2007-03-31": "126.00000", "2006-12-31": "30.00000", "2006-09-30": "", "2006-06-30": "", "2006-03-31": "", "2005-12-31": "265.00000", "2005-09-30": "", "2005-06-30": "", "2005-03-31": "229.00000"}, "Total Long-Term Assets": {"2020-09-30": "3186.00000", "2020-06-30": "3309.00000", "2020-03-31": "3282.00000", "2019-12-31": "3385.00000", "2019-09-30": "3284.00000", "2019-06-30": "3363.00000", "2019-03-31": "3370.00000", "2018-12-31": "3336.00000", "2018-09-30": "3402.00000", "2018-06-30": "3402.00000", "2018-03-31": "3486.00000", "2017-12-31": "3555.00000", "2017-09-30": "4135.00000", "2017-06-30": "4112.00000", "2017-03-31": "4081.00000", "2016-12-31": "4112.00000", "2016-09-30": "4197.00000", "2016-06-30": "4210.00000", "2016-03-31": "4187.00000", "2015-12-31": "4100.00000", "2015-09-30": "4169.00000", "2015-06-30": "4268.00000", "2015-03-31": "4295.00000", "2014-12-31": "4515.00000", "2014-09-30": "4537.00000", "2014-06-30": "4714.00000", "2014-03-31": "4717.00000", "2013-12-31": "4201.00000", "2013-09-30": "4271.00000", "2013-06-30": "3966.00000", "2013-03-31": "4027.00000", "2012-12-31": "4108.00000", "2012-09-30": "4187.00000", "2012-06-30": "4164.00000", "2012-03-31": "4154.00000", "2011-12-31": "3935.00000", "2011-09-30": "4060.00000", "2011-06-30": "3831.00000", "2011-03-31": "3971.00000", "2010-12-31": "4026.00000", "2010-09-30": "3950.00000", "2010-06-30": "4050.00000", "2010-03-31": "4258.00000", "2009-12-31": "4317.00000", "2009-09-30": "4339.00000", "2009-06-30": "4315.00000", "2009-03-31": "4302.00000", "2008-12-31": "4449.00000", "2008-09-30": "5542.00000", "2008-06-30": "5694.00000", "2008-03-31": "5748.00000", "2007-12-31": "5950.00000", "2007-09-30": "6216.00000", "2007-06-30": "6180.00000", "2007-03-31": "6058.00000", "2006-12-31": "3109.00000", "2006-09-30": "", "2006-06-30": "", "2006-03-31": "", "2005-12-31": "344.00000", "2005-09-30": "", "2005-06-30": "", "2005-03-31": "299.00000"}, "Total Assets": {"2020-09-30": "4791.00000", "2020-06-30": "4805.00000", "2020-03-31": "4833.00000", "2019-12-31": "4903.00000", "2019-09-30": "4884.00000", "2019-06-30": "4993.00000", "2019-03-31": "5022.00000", "2018-12-31": "4925.00000", "2018-09-30": "5182.00000", "2018-06-30": "5145.00000", "2018-03-31": "5151.00000", "2017-12-31": "5212.00000", "2017-09-30": "5784.00000", "2017-06-30": "5667.00000", "2017-03-31": "5625.00000", "2016-12-31": "5680.00000", "2016-09-30": "5830.00000", "2016-06-30": "5768.00000", "2016-03-31": "5759.00000", "2015-12-31": "5654.00000", "2015-09-30": "5789.00000", "2015-06-30": "5963.00000", "2015-03-31": "5960.00000", "2014-12-31": "6185.00000", "2014-09-30": "6192.00000", "2014-06-30": "6339.00000", "2014-03-31": "6376.00000", "2013-12-31": "6278.00000", "2013-09-30": "5885.00000", "2013-06-30": "5801.00000", "2013-03-31": "5960.00000", "2012-12-31": "6123.00000", "2012-09-30": "6319.00000", "2012-06-30": "5973.00000", "2012-03-31": "6038.00000", "2011-12-31": "5869.00000", "2011-09-30": "6020.00000", "2011-06-30": "6078.00000", "2011-03-31": "6141.00000", "2010-12-31": "6026.00000", "2010-09-30": "5989.00000", "2010-06-30": "6051.00000", "2010-03-31": "6528.00000", "2009-12-31": "6519.00000", "2009-09-30": "6560.00000", "2009-06-30": "6286.00000", "2009-03-31": "6062.00000", "2008-12-31": "6104.00000", "2008-09-30": "7534.00000", "2008-06-30": "7536.00000", "2008-03-31": "7599.00000", "2007-12-31": "7726.00000", "2007-09-30": "8061.00000", "2007-06-30": "7889.00000", "2007-03-31": "7842.00000", "2006-12-31": "3998.00000", "2006-09-30": "0.00000", "2006-06-30": "0.00000", "2006-03-31": "0.00000", "2005-12-31": "4453.00000", "2005-09-30": "0.00000", "2005-06-30": "0.00000", "2005-03-31": "4745.00000"}, "Total Current Liabilities": {"2020-09-30": "703.00000", "2020-06-30": "639.00000", "2020-03-31": "754.00000", "2019-12-31": "766.00000", "2019-09-30": "702.00000", "2019-06-30": "740.00000", "2019-03-31": "753.00000", "2018-12-31": "783.00000", "2018-09-30": "750.00000", "2018-06-30": "753.00000", "2018-03-31": "713.00000", "2017-12-31": "741.00000", "2017-09-30": "720.00000", "2017-06-30": "656.00000", "2017-03-31": "724.00000", "2016-12-31": "753.00000", "2016-09-30": "733.00000", "2016-06-30": "782.00000", "2016-03-31": "778.00000", "2015-12-31": "788.00000", "2015-09-30": "787.00000", "2015-06-30": "893.00000", "2015-03-31": "911.00000", "2014-12-31": "926.00000", "2014-09-30": "919.00000", "2014-06-30": "756.00000", "2014-03-31": "765.00000", "2013-12-31": "709.00000", "2013-09-30": "721.00000", "2013-06-30": "711.00000", "2013-03-31": "681.00000", "2012-12-31": "758.00000", "2012-09-30": "720.00000", "2012-06-30": "690.00000", "2012-03-31": "675.00000", "2011-12-31": "716.00000", "2011-09-30": "804.00000", "2011-06-30": "732.00000", "2011-03-31": "709.00000", "2010-12-31": "725.00000", "2010-09-30": "740.00000", "2010-06-30": "779.00000", "2010-03-31": "754.00000", "2009-12-31": "771.00000", "2009-09-30": "731.00000", "2009-06-30": "670.00000", "2009-03-31": "692.00000", "2008-12-31": "743.00000", "2008-09-30": "853.00000", "2008-06-30": "837.00000", "2008-03-31": "879.00000", "2007-12-31": "873.00000", "2007-09-30": "923.00000", "2007-06-30": "838.00000", "2007-03-31": "822.00000", "2006-12-31": "268.00000", "2006-09-30": "", "2006-06-30": "", "2006-03-31": "", "2005-12-31": "603.00000", "2005-09-30": "", "2005-06-30": "", "2005-03-31": "595.00000"}, "Long Term Debt": {"2020-09-30": "1086.00000", "2020-06-30": "1089.00000", "2020-03-31": "1102.00000", "2019-12-31": "938.00000", "2019-09-30": "938.00000", "2019-06-30": "824.00000", "2019-03-31": "853.00000", "2018-12-31": "853.00000", "2018-09-30": "1103.00000", "2018-06-30": "1103.00000", "2018-03-31": "1103.00000", "2017-12-31": "1129.00000", "2017-09-30": "1164.00000", "2017-06-30": "1203.00000", "2017-03-31": "1188.00000", "2016-12-31": "1218.00000", "2016-09-30": "1309.00000", "2016-06-30": "1237.00000", "2016-03-31": "1211.00000", "2015-12-31": "1210.00000", "2015-09-30": "1245.00000", "2015-06-30": "1178.00000", "2015-03-31": "1179.00000", "2014-12-31": "1181.00000", "2014-09-30": "1202.00000", "2014-06-30": "1410.00000", "2014-03-31": "1490.00000", "2013-12-31": "1510.00000", "2013-09-30": "1102.00000", "2013-06-30": "1102.00000", "2013-03-31": "1104.00000", "2012-12-31": "1128.00000", "2012-09-30": "1196.00000", "2012-06-30": "950.00000", "2012-03-31": "952.00000", "2011-12-31": "837.00000", "2011-09-30": "837.00000", "2011-06-30": "824.00000", "2011-03-31": "825.00000", "2010-12-31": "825.00000", "2010-09-30": "961.00000", "2010-06-30": "1186.00000", "2010-03-31": "1600.00000", "2009-12-31": "1701.00000", "2009-09-30": "1971.00000", "2009-06-30": "2162.00000", "2009-03-31": "2195.00000", "2008-12-31": "2110.00000", "2008-09-30": "2118.00000", "2008-06-30": "2122.00000", "2008-03-31": "2155.00000", "2007-12-31": "2213.00000", "2007-09-30": "2356.00000", "2007-06-30": "2425.00000", "2007-03-31": "2577.00000", "2006-12-31": "32.00000", "2006-09-30": "", "2006-06-30": "", "2006-03-31": "", "2005-12-31": "1936.00000", "2005-09-30": "", "2005-06-30": "", "2005-03-31": "1757.00000"}, "Other Non-Current Liabilities": {"2020-09-30": "320.00000", "2020-06-30": "277.00000", "2020-03-31": "274.00000", "2019-12-31": "275.00000", "2019-09-30": "258.00000", "2019-06-30": "264.00000", "2019-03-31": "266.00000", "2018-12-31": "275.00000", "2018-09-30": "288.00000", "2018-06-30": "356.00000", "2018-03-31": "356.00000", "2017-12-31": "368.00000", "2017-09-30": "333.00000", "2017-06-30": "361.00000", "2017-03-31": "356.00000", "2016-12-31": "358.00000", "2016-09-30": "342.00000", "2016-06-30": "352.00000", "2016-03-31": "357.00000", "2015-12-31": "350.00000", "2015-09-30": "354.00000", "2015-06-30": "366.00000", "2015-03-31": "370.00000", "2014-12-31": "378.00000", "2014-09-30": "343.00000", "2014-06-30": "349.00000", "2014-03-31": "359.00000", "2013-12-31": "354.00000", "2013-09-30": "435.00000", "2013-06-30": "432.00000", "2013-03-31": "433.00000", "2012-12-31": "457.00000", "2012-09-30": "402.00000", "2012-06-30": "395.00000", "2012-03-31": "434.00000", "2011-12-31": "417.00000", "2011-09-30": "328.00000", "2011-06-30": "366.00000", "2011-03-31": "364.00000", "2010-12-31": "350.00000", "2010-09-30": "444.00000", "2010-06-30": "411.00000", "2010-03-31": "388.00000", "2009-12-31": "366.00000", "2009-09-30": "337.00000", "2009-06-30": "309.00000", "2009-03-31": "293.00000", "2008-12-31": "284.00000", "2008-09-30": "359.00000", "2008-06-30": "361.00000", "2008-03-31": "402.00000", "2007-12-31": "440.00000", "2007-09-30": "426.00000", "2007-06-30": "439.00000", "2007-03-31": "416.00000", "2006-12-31": "25.00000", "2006-09-30": "", "2006-06-30": "", "2006-03-31": "", "2005-12-31": "534.00000", "2005-09-30": "", "2005-06-30": "", "2005-03-31": "276.00000"}, "Total Long Term Liabilities": {"2020-09-30": "1877.00000", "2020-06-30": "1889.00000", "2020-03-31": "1898.00000", "2019-12-31": "1761.00000", "2019-09-30": "1743.00000", "2019-06-30": "1634.00000", "2019-03-31": "1661.00000", "2018-12-31": "1604.00000", "2018-09-30": "1879.00000", "2018-06-30": "1934.00000", "2018-03-31": "1945.00000", "2017-12-31": "1988.00000", "2017-09-30": "2178.00000", "2017-06-30": "2241.00000", "2017-03-31": "2216.00000", "2016-12-31": "2251.00000", "2016-09-30": "2343.00000", "2016-06-30": "2270.00000", "2016-03-31": "2245.00000", "2015-12-31": "2214.00000", "2015-09-30": "2343.00000", "2015-06-30": "2309.00000", "2015-03-31": "2339.00000", "2014-12-31": "2369.00000", "2014-09-30": "2335.00000", "2014-06-30": "2757.00000", "2014-03-31": "2840.00000", "2013-12-31": "2787.00000", "2013-09-30": "2483.00000", "2013-06-30": "2438.00000", "2013-03-31": "2437.00000", "2012-12-31": "2488.00000", "2012-09-30": "2595.00000", "2012-06-30": "2335.00000", "2012-03-31": "2354.00000", "2011-12-31": "2181.00000", "2011-09-30": "2217.00000", "2011-06-30": "2152.00000", "2011-03-31": "2144.00000", "2010-12-31": "2099.00000", "2010-09-30": "2438.00000", "2010-06-30": "2630.00000", "2010-03-31": "3026.00000", "2009-12-31": "3086.00000", "2009-09-30": "3249.00000", "2009-06-30": "3352.00000", "2009-03-31": "3297.00000", "2008-12-31": "3218.00000", "2008-09-30": "3487.00000", "2008-06-30": "3482.00000", "2008-03-31": "3548.00000", "2007-12-31": "3656.00000", "2007-09-30": "3926.00000", "2007-06-30": "3957.00000", "2007-03-31": "4079.00000", "2006-12-31": "815.00000", "2006-09-30": "", "2006-06-30": "", "2006-03-31": "", "2005-12-31": "2470.00000", "2005-09-30": "", "2005-06-30": "", "2005-03-31": "2461.00000"}, "Total Liabilities": {"2020-09-30": "2580.00000", "2020-06-30": "2528.00000", "2020-03-31": "2652.00000", "2019-12-31": "2527.00000", "2019-09-30": "2445.00000", "2019-06-30": "2374.00000", "2019-03-31": "2414.00000", "2018-12-31": "2387.00000", "2018-09-30": "2629.00000", "2018-06-30": "2687.00000", "2018-03-31": "2658.00000", "2017-12-31": "2729.00000", "2017-09-30": "2898.00000", "2017-06-30": "2897.00000", "2017-03-31": "2940.00000", "2016-12-31": "3004.00000", "2016-09-30": "3076.00000", "2016-06-30": "3052.00000", "2016-03-31": "3023.00000", "2015-12-31": "3002.00000", "2015-09-30": "3130.00000", "2015-06-30": "3202.00000", "2015-03-31": "3250.00000", "2014-12-31": "3295.00000", "2014-09-30": "3254.00000", "2014-06-30": "3513.00000", "2014-03-31": "3605.00000", "2013-12-31": "3496.00000", "2013-09-30": "3204.00000", "2013-06-30": "3149.00000", "2013-03-31": "3118.00000", "2012-12-31": "3246.00000", "2012-09-30": "3315.00000", "2012-06-30": "3025.00000", "2012-03-31": "3029.00000", "2011-12-31": "2897.00000", "2011-09-30": "3021.00000", "2011-06-30": "2884.00000", "2011-03-31": "2853.00000", "2010-12-31": "2824.00000", "2010-09-30": "3178.00000", "2010-06-30": "3409.00000", "2010-03-31": "3780.00000", "2009-12-31": "3857.00000", "2009-09-30": "3980.00000", "2009-06-30": "4022.00000", "2009-03-31": "3989.00000", "2008-12-31": "3961.00000", "2008-09-30": "4340.00000", "2008-06-30": "4319.00000", "2008-03-31": "4427.00000", "2007-12-31": "4529.00000", "2007-09-30": "4849.00000", "2007-06-30": "4795.00000", "2007-03-31": "4901.00000", "2006-12-31": "1083.00000", "2006-09-30": "", "2006-06-30": "", "2006-03-31": "", "2005-12-31": "3073.00000", "2005-09-30": "", "2005-06-30": "", "2005-03-31": "3056.00000"}, "Common Stock Net": {"2020-09-30": "1.00000", "2020-06-30": "1.00000", "2020-03-31": "1.00000", "2019-12-31": "1.00000", "2019-09-30": "1.00000", "2019-06-30": "1.00000", "2019-03-31": "1.00000", "2018-12-31": "1.00000", "2018-09-30": "1.00000", "2018-06-30": "1.00000", "2018-03-31": "1.00000", "2017-12-31": "1.00000", "2017-09-30": "1.00000", "2017-06-30": "1.00000", "2017-03-31": "1.00000", "2016-12-31": "1.00000", "2016-09-30": "1.00000", "2016-06-30": "1.00000", "2016-03-31": "1.00000", "2015-12-31": "1.00000", "2015-09-30": "1.00000", "2015-06-30": "1.00000", "2015-03-31": "1.00000", "2014-12-31": "1.00000", "2014-09-30": "1.00000", "2014-06-30": "1.00000", "2014-03-31": "", "2013-12-31": "", "2013-09-30": "0.00000", "2013-06-30": "0.00000", "2013-03-31": "0.00000", "2012-12-31": "", "2012-09-30": "", "2012-06-30": "", "2012-03-31": "0.00000", "2011-12-31": "", "2011-09-30": "0.00000", "2011-06-30": "", "2011-03-31": "0.00000", "2010-12-31": "", "2010-09-30": "", "2010-06-30": "", "2010-03-31": "", "2009-12-31": "", "2009-09-30": "", "2009-06-30": "", "2009-03-31": "5.00000", "2008-12-31": "5.00000", "2008-09-30": "5.00000", "2008-06-30": "5.00000", "2008-03-31": "5.00000", "2007-12-31": "5.00000", "2007-09-30": "5.00000", "2007-06-30": "5.00000", "2007-03-31": "5.00000", "2006-12-31": "", "2006-09-30": "", "2006-06-30": "", "2006-03-31": "", "2005-12-31": "1529.00000", "2005-09-30": "", "2005-06-30": "", "2005-03-31": "1470.00000"}, "Retained Earnings (Accumulated Deficit)": {"2020-09-30": "905.00000", "2020-06-30": "997.00000", "2020-03-31": "978.00000", "2019-12-31": "998.00000", "2019-09-30": "1058.00000", "2019-06-30": "1065.00000", "2019-03-31": "1075.00000", "2018-12-31": "1023.00000", "2018-09-30": "963.00000", "2018-06-30": "891.00000", "2018-03-31": "876.00000", "2017-12-31": "849.00000", "2017-09-30": "1261.00000", "2017-06-30": "1217.00000", "2017-03-31": "1205.00000", "2016-12-31": "1211.00000", "2016-09-30": "1190.00000", "2016-06-30": "1157.00000", "2016-03-31": "1165.00000", "2015-12-31": "1186.00000", "2015-09-30": "1154.00000", "2015-06-30": "1168.00000", "2015-03-31": "1155.00000", "2014-12-31": "1145.00000", "2014-09-30": "1098.00000", "2014-06-30": "841.00000", "2014-03-31": "825.00000", "2013-12-31": "804.00000", "2013-09-30": "756.00000", "2013-06-30": "747.00000", "2013-03-31": "812.00000", "2012-12-31": "782.00000", "2012-09-30": "779.00000", "2012-06-30": "729.00000", "2012-03-31": "686.00000", "2011-12-31": "671.00000", "2011-09-30": "623.00000", "2011-06-30": "519.00000", "2011-03-31": "480.00000", "2010-12-31": "357.00000", "2010-09-30": "43.00000", "2010-06-30": "-138.00000", "2010-03-31": "-158.00000", "2009-12-31": "-216.00000", "2009-09-30": "-340.00000", "2009-06-30": "-523.00000", "2009-03-31": "-571.00000", "2008-12-31": "-526.00000", "2008-09-30": "150.00000", "2008-06-30": "107.00000", "2008-03-31": "83.00000", "2007-12-31": "47.00000", "2007-09-30": "73.00000", "2007-06-30": "37.00000", "2007-03-31": "26.00000", "2006-12-31": "", "2006-09-30": "", "2006-06-30": "", "2006-03-31": "", "2005-12-31": "-16.00000", "2005-09-30": "", "2005-06-30": "", "2005-03-31": "337.00000"}, "Comprehensive Income": {"2020-09-30": "-409.00000", "2020-06-30": "-432.00000", "2020-03-31": "-508.00000", "2019-12-31": "-393.00000", "2019-09-30": "-462.00000", "2019-06-30": "-424.00000", "2019-03-31": "-450.00000", "2018-12-31": "-467.00000", "2018-09-30": "-390.00000", "2018-06-30": "-411.00000", "2018-03-31": "-356.00000", "2017-12-31": "-336.00000", "2017-09-30": "-345.00000", "2017-06-30": "-414.00000", "2017-03-31": "-485.00000", "2016-12-31": "-499.00000", "2016-09-30": "-398.00000", "2016-06-30": "-401.00000", "2016-03-31": "-387.00000", "2015-12-31": "-501.00000", "2015-09-30": "-462.00000", "2015-06-30": "-393.00000", "2015-03-31": "-446.00000", "2014-12-31": "-268.00000", "2014-09-30": "-191.00000", "2014-06-30": "-64.00000", "2014-03-31": "-100.00000", "2013-12-31": "-65.00000", "2013-09-30": "-119.00000", "2013-06-30": "-174.00000", "2013-03-31": "-148.00000", "2012-12-31": "-128.00000", "2012-09-30": "-34.00000", "2012-06-30": "-84.00000", "2012-03-31": "-52.00000", "2011-12-31": "-74.00000", "2011-09-30": "-65.00000", "2011-06-30": "42.00000", "2011-03-31": "18.00000", "2010-12-31": "-10.00000", "2010-09-30": "-64.00000", "2010-06-30": "-85.00000", "2010-03-31": "13.00000", "2009-12-31": "-16.00000", "2009-09-30": "28.00000", "2009-06-30": "-104.00000", "2009-03-31": "-246.00000", "2008-12-31": "-217.00000", "2008-09-30": "162.00000", "2008-06-30": "231.00000", "2008-03-31": "213.00000", "2007-12-31": "279.00000", "2007-09-30": "294.00000", "2007-06-30": "212.00000", "2007-03-31": "72.00000", "2006-12-31": "63.00000", "2006-09-30": "", "2006-06-30": "", "2006-03-31": "", "2005-12-31": "", "2005-09-30": "", "2005-06-30": "", "2005-03-31": ""}, "Other Share Holders Equity": {"2020-09-30": "", "2020-06-30": "", "2020-03-31": "", "2019-12-31": "", "2019-09-30": "", "2019-06-30": "", "2019-03-31": "", "2018-12-31": "", "2018-09-30": "", "2018-06-30": "", "2018-03-31": "", "2017-12-31": "", "2017-09-30": "", "2017-06-30": "", "2017-03-31": "", "2016-12-31": "", "2016-09-30": "", "2016-06-30": "", "2016-03-31": "", "2015-12-31": "", "2015-09-30": "", "2015-06-30": "", "2015-03-31": "", "2014-12-31": "", "2014-09-30": "", "2014-06-30": "", "2014-03-31": "", "2013-12-31": "", "2013-09-30": "", "2013-06-30": "", "2013-03-31": "", "2012-12-31": "", "2012-09-30": "", "2012-06-30": "", "2012-03-31": "", "2011-12-31": "", "2011-09-30": "", "2011-06-30": "", "2011-03-31": "", "2010-12-31": "", "2010-09-30": "", "2010-06-30": "", "2010-03-31": "", "2009-12-31": "", "2009-09-30": "", "2009-06-30": "", "2009-03-31": "", "2008-12-31": "", "2008-09-30": "", "2008-06-30": "", "2008-03-31": "", "2007-12-31": "", "2007-09-30": "", "2007-06-30": "", "2007-03-31": "", "2006-12-31": "", "2006-09-30": "", "2006-06-30": "", "2006-03-31": "", "2005-12-31": "-176.00000", "2005-09-30": "", "2005-06-30": "", "2005-03-31": ""}, "Share Holder Equity": {"2020-09-30": "2211.00000", "2020-06-30": "2277.00000", "2020-03-31": "2181.00000", "2019-12-31": "2376.00000", "2019-09-30": "2439.00000", "2019-06-30": "2619.00000", "2019-03-31": "2608.00000", "2018-12-31": "2538.00000", "2018-09-30": "2553.00000", "2018-06-30": "2458.00000", "2018-03-31": "2493.00000", "2017-12-31": "2483.00000", "2017-09-30": "2886.00000", "2017-06-30": "2770.00000", "2017-03-31": "2685.00000", "2016-12-31": "2676.00000", "2016-09-30": "2754.00000", "2016-06-30": "2716.00000", "2016-03-31": "2736.00000", "2015-12-31": "2652.00000", "2015-09-30": "2659.00000", "2015-06-30": "2761.00000", "2015-03-31": "2710.00000", "2014-12-31": "2890.00000", "2014-09-30": "2938.00000", "2014-06-30": "2826.00000", "2014-03-31": "2771.00000", "2013-12-31": "2782.00000", "2013-09-30": "2681.00000", "2013-06-30": "2652.00000", "2013-03-31": "2842.00000", "2012-12-31": "2877.00000", "2012-09-30": "3004.00000", "2012-06-30": "2948.00000", "2012-03-31": "3009.00000", "2011-12-31": "2972.00000", "2011-09-30": "2999.00000", "2011-06-30": "3194.00000", "2011-03-31": "3288.00000", "2010-12-31": "3202.00000", "2010-09-30": "2811.00000", "2010-06-30": "2642.00000", "2010-03-31": "2748.00000", "2009-12-31": "2662.00000", "2009-09-30": "2580.00000", "2009-06-30": "2264.00000", "2009-03-31": "2073.00000", "2008-12-31": "2143.00000", "2008-09-30": "3194.00000", "2008-06-30": "3217.00000", "2008-03-31": "3172.00000", "2007-12-31": "3197.00000", "2007-09-30": "3212.00000", "2007-06-30": "3094.00000", "2007-03-31": "2941.00000", "2006-12-31": "2915.00000", "2006-09-30": "", "2006-06-30": "", "2006-03-31": "", "2005-12-31": "1380.00000", "2005-09-30": "", "2005-06-30": "", "2005-03-31": "1689.00000"}, "Total Liabilities And Share Holders Equity": {"2020-09-30": "4791.00000", "2020-06-30": "4805.00000", "2020-03-31": "4833.00000", "2019-12-31": "4903.00000", "2019-09-30": "4884.00000", "2019-06-30": "4993.00000", "2019-03-31": "5022.00000", "2018-12-31": "4925.00000", "2018-09-30": "5182.00000", "2018-06-30": "5145.00000", "2018-03-31": "5151.00000", "2017-12-31": "5212.00000", "2017-09-30": "5784.00000", "2017-06-30": "5667.00000", "2017-03-31": "5625.00000", "2016-12-31": "5680.00000", "2016-09-30": "5830.00000", "2016-06-30": "5768.00000", "2016-03-31": "5759.00000", "2015-12-31": "5654.00000", "2015-09-30": "5789.00000", "2015-06-30": "5963.00000", "2015-03-31": "5960.00000", "2014-12-31": "6185.00000", "2014-09-30": "6192.00000", "2014-06-30": "6339.00000", "2014-03-31": "6376.00000", "2013-12-31": "6278.00000", "2013-09-30": "5885.00000", "2013-06-30": "5801.00000", "2013-03-31": "5960.00000", "2012-12-31": "6123.00000", "2012-09-30": "6319.00000", "2012-06-30": "5973.00000", "2012-03-31": "6038.00000", "2011-12-31": "5869.00000", "2011-09-30": "6020.00000", "2011-06-30": "6078.00000", "2011-03-31": "6141.00000", "2010-12-31": "6026.00000", "2010-09-30": "5989.00000", "2010-06-30": "6051.00000", "2010-03-31": "6528.00000", "2009-12-31": "6519.00000", "2009-09-30": "6560.00000", "2009-06-30": "6286.00000", "2009-03-31": "6062.00000", "2008-12-31": "6104.00000", "2008-09-30": "7534.00000", "2008-06-30": "7536.00000", "2008-03-31": "7599.00000", "2007-12-31": "7726.00000", "2007-09-30": "8061.00000", "2007-06-30": "7889.00000", "2007-03-31": "7842.00000", "2006-12-31": "3998.00000", "2006-09-30": "", "2006-06-30": "", "2006-03-31": "", "2005-12-31": "4453.00000", "2005-09-30": "", "2005-06-30": "", "2005-03-31": "4745.00000"}}, "cash flow statement": {"Net Income/Loss": {"2019-12-31": "84.00000", "2018-12-31": "283.00000", "2017-12-31": "-258.00000", "2016-12-31": "128.00000", "2015-12-31": "142.00000", "2014-12-31": "431.00000", "2013-12-31": "91.00000", "2012-12-31": "172.00000", "2011-12-31": "365.00000", "2010-12-31": "605.00000", "2009-12-31": "310.00000", "2008-12-31": "-573.00000", "2007-12-31": "70.00000", "2006-12-31": "-609.00000", "2005-12-31": "-478.00000"}, "Total Depreciation And Amortization - Cash Flow": {"2019-12-31": "293.00000", "2018-12-31": "308.00000", "2017-12-31": "321.00000", "2016-12-31": "377.00000", "2015-12-31": "436.00000", "2014-12-31": "384.00000", "2013-12-31": "376.00000", "2012-12-31": "385.00000", "2011-12-31": "376.00000", "2010-12-31": "395.00000", "2009-12-31": "405.00000", "2008-12-31": "788.00000", "2007-12-31": "475.00000", "2006-12-31": "1060.00000", "2005-12-31": "358.00000"}, "Other Non-Cash Items": {"2019-12-31": "53.00000", "2018-12-31": "26.00000", "2017-12-31": "364.00000", "2016-12-31": "16.00000", "2015-12-31": "-66.00000", "2014-12-31": "-193.00000", "2013-12-31": "24.00000", "2012-12-31": "26.00000", "2011-12-31": "133.00000", "2010-12-31": "-39.00000", "2009-12-31": "208.00000", "2008-12-31": "337.00000", "2007-12-31": "56.00000", "2006-12-31": "-52.00000", "2005-12-31": "402.00000"}, "Total Non-Cash Items": {"2019-12-31": "346.00000", "2018-12-31": "334.00000", "2017-12-31": "685.00000", "2016-12-31": "393.00000", "2015-12-31": "370.00000", "2014-12-31": "191.00000", "2013-12-31": "400.00000", "2012-12-31": "411.00000", "2011-12-31": "509.00000", "2010-12-31": "356.00000", "2009-12-31": "613.00000", "2008-12-31": "1125.00000", "2007-12-31": "531.00000", "2006-12-31": "1008.00000", "2005-12-31": "760.00000"}, "Change In Accounts Receivable": {"2019-12-31": "96.00000", "2018-12-31": "18.00000", "2017-12-31": "-72.00000", "2016-12-31": "18.00000", "2015-12-31": "-22.00000", "2014-12-31": "39.00000", "2013-12-31": "-70.00000", "2012-12-31": "99.00000", "2011-12-31": "-12.00000", "2010-12-31": "-73.00000", "2009-12-31": "-55.00000", "2008-12-31": "7.00000", "2007-12-31": "-39.00000", "2006-12-31": "-19.00000", "2005-12-31": "-40.00000"}, "Change In Inventories": {"2019-12-31": "-16.00000", "2018-12-31": "-24.00000", "2017-12-31": "21.00000", "2016-12-31": "14.00000", "2015-12-31": "-84.00000", "2014-12-31": "-29.00000", "2013-12-31": "-8.00000", "2012-12-31": "5.00000", "2011-12-31": "2.00000", "2010-12-31": "39.00000", "2009-12-31": "261.00000", "2008-12-31": "-85.00000", "2007-12-31": "38.00000", "2006-12-31": "43.00000", "2005-12-31": "-25.00000"}, "Change In Accounts Payable": {"2019-12-31": "-67.00000", "2018-12-31": "24.00000", "2017-12-31": "35.00000", "2016-12-31": "-51.00000", "2015-12-31": "", "2014-12-31": "-33.00000", "2013-12-31": "-11.00000", "2012-12-31": "-118.00000", "2011-12-31": "-27.00000", "2010-12-31": "-11.00000", "2009-12-31": "38.00000", "2008-12-31": "-117.00000", "2007-12-31": "68.00000", "2006-12-31": "-79.00000", "2005-12-31": "-9.00000"}, "Change In Assets/Liabilities": {"2019-12-31": "42.00000", "2018-12-31": "-48.00000", "2017-12-31": "24.00000", "2016-12-31": "-17.00000", "2015-12-31": "5.00000", "2014-12-31": "20.00000", "2013-12-31": "37.00000", "2012-12-31": "-1.00000", "2011-12-31": "13.00000", "2010-12-31": "-92.00000", "2009-12-31": "-34.00000", "2008-12-31": "-185.00000", "2007-12-31": "-73.00000", "2006-12-31": "-6.00000", "2005-12-31": "-18.00000"}, "Total Change In Assets/Liabilities": {"2019-12-31": "12.00000", "2018-12-31": "-62.00000", "2017-12-31": "20.00000", "2016-12-31": "-54.00000", "2015-12-31": "-63.00000", "2014-12-31": "9.00000", "2013-12-31": "-78.00000", "2012-12-31": "-19.00000", "2011-12-31": "9.00000", "2010-12-31": "207.00000", "2009-12-31": "-147.00000", "2008-12-31": "-367.00000", "2007-12-31": "7.00000", "2006-12-31": "-61.00000", "2005-12-31": "-92.00000"}, "Cash Flow From Operating Activities": {"2019-12-31": "442.00000", "2018-12-31": "554.00000", "2017-12-31": "449.00000", "2016-12-31": "465.00000", "2015-12-31": "453.00000", "2014-12-31": "634.00000", "2013-12-31": "411.00000", "2012-12-31": "551.00000", "2011-12-31": "883.00000", "2010-12-31": "1166.00000", "2009-12-31": "792.00000", "2008-12-31": "197.00000", "2007-12-31": "606.00000", "2006-12-31": "357.00000", "2005-12-31": "190.00000"}, "Net Change In Property, Plant, And Equipment": {"2019-12-31": "-254.00000", "2018-12-31": "-190.00000", "2017-12-31": "-163.00000", "2016-12-31": "-346.00000", "2015-12-31": "-253.00000", "2014-12-31": "-235.00000", "2013-12-31": "-181.00000", "2012-12-31": "-187.00000", "2011-12-31": "-100.00000", "2010-12-31": "-127.00000", "2009-12-31": "-85.00000", "2008-12-31": "-128.00000", "2007-12-31": "-87.00000", "2006-12-31": "-63.00000", "2005-12-31": "-109.00000"}, "Net Change In Intangible Assets": {"2019-12-31": "", "2018-12-31": "", "2017-12-31": "", "2016-12-31": "", "2015-12-31": "", "2014-12-31": "", "2013-12-31": "", "2012-12-31": "", "2011-12-31": "", "2010-12-31": "", "2009-12-31": "", "2008-12-31": "", "2007-12-31": "", "2006-12-31": "", "2005-12-31": ""}, "Net Acquisitions/Divestitures": {"2019-12-31": "", "2018-12-31": "", "2017-12-31": "-8.00000", "2016-12-31": "-46.00000", "2015-12-31": "", "2014-12-31": "-546.00000", "2013-12-31": "-287.00000", "2012-12-31": "-299.00000", "2011-12-31": "-295.00000", "2010-12-31": "185.00000", "2009-12-31": "", "2008-12-31": "-12.00000", "2007-12-31": "573.00000", "2006-12-31": "", "2005-12-31": ""}, "Net Change In Short-term Investments": {"2019-12-31": "", "2018-12-31": "", "2017-12-31": "", "2016-12-31": "", "2015-12-31": "", "2014-12-31": "", "2013-12-31": "", "2012-12-31": "", "2011-12-31": "", "2010-12-31": "", "2009-12-31": "", "2008-12-31": "", "2007-12-31": "", "2006-12-31": "", "2005-12-31": ""}, "Net Change In Long-Term Investments": {"2019-12-31": "", "2018-12-31": "", "2017-12-31": "", "2016-12-31": "", "2015-12-31": "", "2014-12-31": "", "2013-12-31": "", "2012-12-31": "", "2011-12-31": "", "2010-12-31": "", "2009-12-31": "", "2008-12-31": "", "2007-12-31": "", "2006-12-31": "", "2005-12-31": ""}, "Net Change In Investments - Total": {"2019-12-31": "", "2018-12-31": "", "2017-12-31": "", "2016-12-31": "", "2015-12-31": "", "2014-12-31": "", "2013-12-31": "", "2012-12-31": "", "2011-12-31": "", "2010-12-31": "", "2009-12-31": "", "2008-12-31": "", "2007-12-31": "", "2006-12-31": "", "2005-12-31": ""}, "Investing Activities - Other": {"2019-12-31": "", "2018-12-31": "-6.00000", "2017-12-31": "", "2016-12-31": "1.00000", "2015-12-31": "9.00000", "2014-12-31": "-5.00000", "2013-12-31": "-1.00000", "2012-12-31": "", "2011-12-31": "", "2010-12-31": "", "2009-12-31": "", "2008-12-31": "", "2007-12-31": "-1.00000", "2006-12-31": "", "2005-12-31": ""}, "Cash Flow From Investing Activities": {"2019-12-31": "-254.00000", "2018-12-31": "-196.00000", "2017-12-31": "-171.00000", "2016-12-31": "-391.00000", "2015-12-31": "-244.00000", "2014-12-31": "-786.00000", "2013-12-31": "-469.00000", "2012-12-31": "-486.00000", "2011-12-31": "-395.00000", "2010-12-31": "58.00000", "2009-12-31": "-85.00000", "2008-12-31": "-140.00000", "2007-12-31": "485.00000", "2006-12-31": "-63.00000", "2005-12-31": "-109.00000"}, "Net Long-Term Debt": {"2019-12-31": "-1.00000", "2018-12-31": "-301.00000", "2017-12-31": "-64.00000", "2016-12-31": "-40.00000", "2015-12-31": "-139.00000", "2014-12-31": "-4.00000", "2013-12-31": "-102.00000", "2012-12-31": "356.00000", "2011-12-31": "-18.00000", "2010-12-31": "-898.00000", "2009-12-31": "-340.00000", "2008-12-31": "-95.00000", "2007-12-31": "449.00000", "2006-12-31": "-7.00000", "2005-12-31": "-6.00000"}, "Net Current Debt": {"2019-12-31": "89.00000", "2018-12-31": "", "2017-12-31": "-62.00000", "2016-12-31": "12.00000", "2015-12-31": "39.00000", "2014-12-31": "-166.00000", "2013-12-31": "157.00000", "2012-12-31": "11.00000", "2011-12-31": "-16.00000", "2010-12-31": "-19.00000", "2009-12-31": "-60.00000", "2008-12-31": "-14.00000", "2007-12-31": "29.00000", "2006-12-31": "", "2005-12-31": ""}, "Debt Issuance/Retirement Net - Total": {"2019-12-31": "88.00000", "2018-12-31": "-301.00000", "2017-12-31": "-126.00000", "2016-12-31": "-28.00000", "2015-12-31": "-100.00000", "2014-12-31": "-170.00000", "2013-12-31": "55.00000", "2012-12-31": "367.00000", "2011-12-31": "-34.00000", "2010-12-31": "-917.00000", "2009-12-31": "-400.00000", "2008-12-31": "-109.00000", "2007-12-31": "478.00000", "2006-12-31": "-7.00000", "2005-12-31": "-6.00000"}, "Net Common Equity Issued/Repurchased": {"2019-12-31": "-219.00000", "2018-12-31": "", "2017-12-31": "", "2016-12-31": "-10.00000", "2015-12-31": "-50.00000", "2014-12-31": "-38.00000", "2013-12-31": "-183.00000", "2012-12-31": "-157.00000", "2011-12-31": "-494.00000", "2010-12-31": "-42.00000", "2009-12-31": "", "2008-12-31": "", "2007-12-31": "", "2006-12-31": "", "2005-12-31": ""}, "Net Total Equity Issued/Repurchased": {"2019-12-31": "-219.00000", "2018-12-31": "", "2017-12-31": "", "2016-12-31": "-10.00000", "2015-12-31": "-50.00000", "2014-12-31": "-38.00000", "2013-12-31": "-183.00000", "2012-12-31": "-157.00000", "2011-12-31": "-494.00000", "2010-12-31": "-42.00000", "2009-12-31": "", "2008-12-31": "", "2007-12-31": "", "2006-12-31": "", "2005-12-31": ""}, "Total Common And Preferred Stock Dividends Paid": {"2019-12-31": "-110.00000", "2018-12-31": "-108.00000", "2017-12-31": "-104.00000", "2016-12-31": "-102.00000", "2015-12-31": "-100.00000", "2014-12-31": "-84.00000", "2013-12-31": "-67.00000", "2012-12-31": "-58.00000", "2011-12-31": "-49.00000", "2010-12-31": "-21.00000", "2009-12-31": "", "2008-12-31": "", "2007-12-31": "", "2006-12-31": "", "2005-12-31": ""}, "Financial Activities - Other": {"2019-12-31": "4.00000", "2018-12-31": "27.00000", "2017-12-31": "-44.00000", "2016-12-31": "67.00000", "2015-12-31": "1.00000", "2014-12-31": "-34.00000", "2013-12-31": "249.00000", "2012-12-31": "", "2011-12-31": "3.00000", "2010-12-31": "-38.00000", "2009-12-31": "-14.00000", "2008-12-31": "", "2007-12-31": "-1503.00000", "2006-12-31": "-287.00000", "2005-12-31": "-76.00000"}, "Cash Flow From Financial Activities": {"2019-12-31": "-237.00000", "2018-12-31": "-382.00000", "2017-12-31": "-274.00000", "2016-12-31": "-73.00000", "2015-12-31": "-249.00000", "2014-12-31": "-326.00000", "2013-12-31": "54.00000", "2012-12-31": "152.00000", "2011-12-31": "-574.00000", "2010-12-31": "-1018.00000", "2009-12-31": "-414.00000", "2008-12-31": "-109.00000", "2007-12-31": "-1025.00000", "2006-12-31": "-294.00000", "2005-12-31": "-82.00000"}, "Net Cash Flow": {"2019-12-31": "-50.00000", "2018-12-31": "-28.00000", "2017-12-31": "14.00000", "2016-12-31": "-1.00000", "2015-12-31": "-48.00000", "2014-12-31": "-481.00000", "2013-12-31": "-6.00000", "2012-12-31": "217.00000", "2011-12-31": "-86.00000", "2010-12-31": "206.00000", "2009-12-31": "308.00000", "2008-12-31": "-55.00000", "2007-12-31": "70.00000", "2006-12-31": "", "2005-12-31": "-1.00000"}, "Stock-Based Compensation": {"2019-12-31": "9.00000", "2018-12-31": "8.00000", "2017-12-31": "6.00000", "2016-12-31": "7.00000", "2015-12-31": "5.00000", "2014-12-31": "4.00000", "2013-12-31": "5.00000", "2012-12-31": "5.00000", "2011-12-31": "3.00000", "2010-12-31": "5.00000", "2009-12-31": "8.00000", "2008-12-31": "16.00000", "2007-12-31": "12.00000", "2006-12-31": "", "2005-12-31": ""}, "Common Stock Dividends Paid": {"2019-12-31": "-110.00000", "2018-12-31": "-108.00000", "2017-12-31": "-104.00000", "2016-12-31": "-102.00000", "2015-12-31": "-100.00000", "2014-12-31": "-84.00000", "2013-12-31": "-67.00000", "2012-12-31": "-58.00000", "2011-12-31": "-49.00000", "2010-12-31": "-21.00000", "2009-12-31": "", "2008-12-31": "", "2007-12-31": "", "2006-12-31": "", "2005-12-31": ""}}, "cash flow statement, quarterly": {"Net Income/Loss": {"2020-09-30": -92, "2020-06-30": 19, "2020-03-31": "5.00000", "2019-12-31": -34, "2019-09-30": 20, "2019-06-30": 18, "2019-03-31": "80.00000", "2018-12-31": 87, "2018-09-30": 99, "2018-06-30": 43, "2018-03-31": "54.00000", "2017-12-31": -386, "2017-09-30": 70, "2017-06-30": 38, "2017-03-31": "20.00000", "2016-12-31": 47, "2016-09-30": 59, "2016-06-30": 18, "2016-03-31": "4.00000", "2015-12-31": 57, "2015-09-30": 11, "2015-06-30": 38, "2015-03-31": "36.00000", "2014-12-31": 71, "2014-09-30": 281, "2014-06-30": 40, "2014-03-31": "39.00000", "2013-12-31": 65, "2013-09-30": 27, "2013-06-30": -46, "2013-03-31": "45.00000", "2012-12-31": 19, "2012-09-30": 66, "2012-06-30": 59, "2012-03-31": "28.00000", "2011-12-31": 61, "2011-09-30": 117, "2011-06-30": 54, "2011-03-31": "133.00000", "2010-12-31": 325, "2010-09-30": 191, "2010-06-30": 31, "2010-03-31": "58.00000", "2009-12-31": 124, "2009-09-30": 183, "2009-06-30": 48, "2009-03-31": "-45.00000", "2008-12-31": -676, "2008-09-30": 43, "2008-06-30": 24, "2008-03-31": "36.00000", "2007-12-31": -26, "2007-09-30": 36, "2007-06-30": 11, "2007-03-31": "49.00000", "2006-12-31": 766.56, "2006-09-30": 48, "2006-06-30": -12, "2006-03-31": "-747.00000", "2005-12-31": -478, "2005-09-30": 0, "2005-06-30": 0, "2005-03-31": "0.00000"}, "Total Depreciation And Amortization - Cash Flow": {"2020-09-30": 71, "2020-06-30": 71, "2020-03-31": "72.00000", "2019-12-31": 74, "2019-09-30": 72, "2019-06-30": 74, "2019-03-31": "73.00000", "2018-12-31": 75, "2018-09-30": 75, "2018-06-30": 79, "2018-03-31": "79.00000", "2017-12-31": 82, "2017-09-30": 80, "2017-06-30": 79, "2017-03-31": "80.00000", "2016-12-31": 85, "2016-09-30": 92, "2016-06-30": 111, "2016-03-31": "89.00000", "2015-12-31": 166, "2015-09-30": 89, "2015-06-30": 91, "2015-03-31": "90.00000", "2014-12-31": 93, "2014-09-30": 96, "2014-06-30": 96, "2014-03-31": "99.00000", "2013-12-31": 95, "2013-09-30": 93, "2013-06-30": 93, "2013-03-31": "95.00000", "2012-12-31": 96, "2012-09-30": 96, "2012-06-30": 96, "2012-03-31": "97.00000", "2011-12-31": 95, "2011-09-30": 93, "2011-06-30": 95, "2011-03-31": "93.00000", "2010-12-31": 95, "2010-09-30": 97, "2010-06-30": 101, "2010-03-31": "102.00000", "2009-12-31": 101, "2009-09-30": 101, "2009-06-30": 104, "2009-03-31": "99.00000", "2008-12-31": 435, "2008-09-30": 119, "2008-06-30": 118, "2008-03-31": "116.00000", "2007-12-31": 137, "2007-09-30": 128, "2007-06-30": 132, "2007-03-31": "78.00000", "2006-12-31": -727.52, "2006-09-30": 77, "2006-06-30": 76, "2006-03-31": "825.00000", "2005-12-31": 358, "2005-09-30": 0, "2005-06-30": 0, "2005-03-31": ""}, "Other Non-Cash Items": {"2020-09-30": 66, "2020-06-30": -11, "2020-03-31": "3.00000", "2019-12-31": -14, "2019-09-30": 37, "2019-06-30": 20, "2019-03-31": "10.00000", "2018-12-31": 19, "2018-09-30": 11, "2018-06-30": -3, "2018-03-31": "-1.00000", "2017-12-31": 381, "2017-09-30": -8, "2017-06-30": -6, "2017-03-31": "-3.00000", "2016-12-31": 5, "2016-09-30": 13, "2016-06-30": -21, "2016-03-31": "19.00000", "2015-12-31": -63, "2015-09-30": 4, "2015-06-30": -12, "2015-03-31": "5.00000", "2014-12-31": 6, "2014-09-30": -196, "2014-06-30": -4, "2014-03-31": "1.00000", "2013-12-31": 4, "2013-09-30": 11, "2013-06-30": 6, "2013-03-31": "3.00000", "2012-12-31": 3, "2012-09-30": 7, "2012-06-30": 8, "2012-03-31": "8.00000", "2011-12-31": 2, "2011-09-30": 35, "2011-06-30": 70, "2011-03-31": "26.00000", "2010-12-31": -172, "2010-09-30": 5, "2010-06-30": 91, "2010-03-31": "37.00000", "2009-12-31": 69, "2009-09-30": 55, "2009-06-30": 60, "2009-03-31": "24.00000", "2008-12-31": 287, "2008-09-30": 35, "2008-06-30": -2, "2008-03-31": "17.00000", "2007-12-31": 77, "2007-09-30": -7, "2007-06-30": -6, "2007-03-31": "-8.00000", "2006-12-31": -7.07, "2006-09-30": -24, "2006-06-30": 2, "2006-03-31": "", "2005-12-31": 402, "2005-09-30": 0, "2005-06-30": 0, "2005-03-31": ""}, "Total Non-Cash Items": {"2020-09-30": 137, "2020-06-30": 60, "2020-03-31": "75.00000", "2019-12-31": 60, "2019-09-30": 109, "2019-06-30": 94, "2019-03-31": "83.00000", "2018-12-31": 94, "2018-09-30": 86, "2018-06-30": 76, "2018-03-31": "78.00000", "2017-12-31": 463, "2017-09-30": 72, "2017-06-30": 73, "2017-03-31": "77.00000", "2016-12-31": 90, "2016-09-30": 105, "2016-06-30": 90, "2016-03-31": "108.00000", "2015-12-31": 103, "2015-09-30": 93, "2015-06-30": 79, "2015-03-31": "95.00000", "2014-12-31": 99, "2014-09-30": -100, "2014-06-30": 92, "2014-03-31": "100.00000", "2013-12-31": 99, "2013-09-30": 104, "2013-06-30": 99, "2013-03-31": "98.00000", "2012-12-31": 99, "2012-09-30": 103, "2012-06-30": 104, "2012-03-31": "105.00000", "2011-12-31": 97, "2011-09-30": 128, "2011-06-30": 165, "2011-03-31": "119.00000", "2010-12-31": -77, "2010-09-30": 102, "2010-06-30": 192, "2010-03-31": "139.00000", "2009-12-31": 170, "2009-09-30": 156, "2009-06-30": 164, "2009-03-31": "123.00000", "2008-12-31": 722, "2008-09-30": 154, "2008-06-30": 116, "2008-03-31": "133.00000", "2007-12-31": 214, "2007-09-30": 121, "2007-06-30": 126, "2007-03-31": "70.00000", "2006-12-31": -682.59, "2006-09-30": 53, "2006-06-30": 78, "2006-03-31": "825.00000", "2005-12-31": 760, "2005-09-30": 0, "2005-06-30": 0, "2005-03-31": ""}, "Change In Accounts Receivable": {"2020-09-30": -4, "2020-06-30": 70, "2020-03-31": "-28.00000", "2019-12-31": 46, "2019-09-30": 10, "2019-06-30": 70, "2019-03-31": "-30.00000", "2018-12-31": 25, "2018-09-30": -34, "2018-06-30": 29, "2018-03-31": "-2.00000", "2017-12-31": -44, "2017-09-30": -39, "2017-06-30": 58, "2017-03-31": "-47.00000", "2016-12-31": -1, "2016-09-30": -6, "2016-06-30": 31, "2016-03-31": "-6.00000", "2015-12-31": -11, "2015-09-30": -11, "2015-06-30": 44, "2015-03-31": "-44.00000", "2014-12-31": 18, "2014-09-30": -3, "2014-06-30": 15, "2014-03-31": "9.00000", "2013-12-31": -24, "2013-09-30": -16, "2013-06-30": 23, "2013-03-31": "-53.00000", "2012-12-31": 100, "2012-09-30": -27, "2012-06-30": 62, "2012-03-31": "-36.00000", "2011-12-31": 44, "2011-09-30": 5, "2011-06-30": 50, "2011-03-31": "-111.00000", "2010-12-31": 61, "2010-09-30": 13, "2010-06-30": -57, "2010-03-31": "-90.00000", "2009-12-31": 86, "2009-09-30": -24, "2009-06-30": -81, "2009-03-31": "-36.00000", "2008-12-31": 91, "2008-09-30": -26, "2008-06-30": 23, "2008-03-31": "-81.00000", "2007-12-31": 40, "2007-09-30": -60, "2007-06-30": 76, "2007-03-31": "-95.00000", "2006-12-31": 9, "2006-09-30": -27, "2006-06-30": 20, "2006-03-31": "-21.00000", "2005-12-31": -40, "2005-09-30": 0, "2005-06-30": 0, "2005-03-31": ""}, "Change In Inventories": {"2020-09-30": 10, "2020-06-30": -8, "2020-03-31": "28.00000", "2019-12-31": 18, "2019-09-30": 20, "2019-06-30": -5, "2019-03-31": "-49.00000", "2018-12-31": -1, "2018-09-30": -13, "2018-06-30": 3, "2018-03-31": "-13.00000", "2017-12-31": 31, "2017-09-30": -20, "2017-06-30": -29, "2017-03-31": "39.00000", "2016-12-31": 8, "2016-09-30": -12, "2016-06-30": 19, "2016-03-31": "-1.00000", "2015-12-31": -14, "2015-09-30": -47, "2015-06-30": -11, "2015-03-31": "-12.00000", "2014-12-31": -7, "2014-09-30": -4, "2014-06-30": -4, "2014-03-31": "-14.00000", "2013-12-31": 11, "2013-09-30": -9, "2013-06-30": -9, "2013-03-31": "-1.00000", "2012-12-31": -15, "2012-09-30": 17, "2012-06-30": 2, "2012-03-31": "1.00000", "2011-12-31": -18, "2011-09-30": -14, "2011-06-30": 33, "2011-03-31": "1.00000", "2010-12-31": -1, "2010-09-30": -39, "2010-06-30": 69, "2010-03-31": "10.00000", "2009-12-31": 27, "2009-09-30": 63, "2009-06-30": 137, "2009-03-31": "34.00000", "2008-12-31": -17, "2008-09-30": -68, "2008-06-30": 11, "2008-03-31": "-11.00000", "2007-12-31": 7, "2007-09-30": 4, "2007-06-30": 19, "2007-03-31": "8.00000", "2006-12-31": -1, "2006-09-30": -19, "2006-06-30": 44, "2006-03-31": "19.00000", "2005-12-31": -25, "2005-09-30": 0, "2005-06-30": 0, "2005-03-31": ""}, "Change In Accounts Payable": {"2020-09-30": 74, "2020-06-30": -79, "2020-03-31": "-16.00000", "2019-12-31": 44, "2019-09-30": -35, "2019-06-30": -7, "2019-03-31": "-69.00000", "2018-12-31": 30, "2018-09-30": -7, "2018-06-30": 38, "2018-03-31": "-37.00000", "2017-12-31": 24, "2017-09-30": 46, "2017-06-30": -16, "2017-03-31": "-19.00000", "2016-12-31": 2, "2016-09-30": -45, "2016-06-30": -10, "2016-03-31": "2.00000", "2015-12-31": -8, "2015-09-30": 26, "2015-06-30": -8, "2015-03-31": "-10.00000", "2014-12-31": -11, "2014-09-30": 21, "2014-06-30": -20, "2014-03-31": "-23.00000", "2013-12-31": -26, "2013-09-30": -4, "2013-06-30": 27, "2013-03-31": "-8.00000", "2012-12-31": -38, "2012-09-30": 40, "2012-06-30": -33, "2012-03-31": "-87.00000", "2011-12-31": -31, "2011-09-30": 35, "2011-06-30": -2, "2011-03-31": "-29.00000", "2010-12-31": -7, "2010-09-30": -9, "2010-06-30": 30, "2010-03-31": "-25.00000", "2009-12-31": 13, "2009-09-30": 49, "2009-06-30": 22, "2009-03-31": "-46.00000", "2008-12-31": -121, "2008-09-30": 35, "2008-06-30": -13, "2008-03-31": "-18.00000", "2007-12-31": 2, "2007-09-30": 28, "2007-06-30": -5, "2007-03-31": "43.00000", "2006-12-31": -16, "2006-09-30": -46, "2006-06-30": -12, "2006-03-31": "-5.00000", "2005-12-31": -9, "2005-09-30": 0, "2005-06-30": 0, "2005-03-31": ""}, "Change In Assets/Liabilities": {"2020-09-30": 2, "2020-06-30": 4, "2020-03-31": "-15.00000", "2019-12-31": 42, "2019-09-30": -3, "2019-06-30": -11, "2019-03-31": "14.00000", "2018-12-31": -1, "2018-09-30": -37, "2018-06-30": -5, "2018-03-31": "-5.00000", "2017-12-31": 54, "2017-09-30": -27, "2017-06-30": -3, "2017-03-31": "0.00000", "2016-12-31": 8, "2016-09-30": -5, "2016-06-30": -19, "2016-03-31": "-1.00000", "2015-12-31": 2, "2015-09-30": 7, "2015-06-30": -12, "2015-03-31": "8.00000", "2014-12-31": 24, "2014-09-30": 14, "2014-06-30": -25, "2014-03-31": "7.00000", "2013-12-31": 12, "2013-09-30": 6, "2013-06-30": 18, "2013-03-31": "1.00000", "2012-12-31": -13, "2012-09-30": 8, "2012-06-30": -12, "2012-03-31": "16.00000", "2011-12-31": 13, "2011-09-30": -18, "2011-06-30": 7, "2011-03-31": "11.00000", "2010-12-31": -108, "2010-09-30": 26, "2010-06-30": -19, "2010-03-31": "9.00000", "2009-12-31": -58, "2009-09-30": 7, "2009-06-30": 7, "2009-03-31": "10.00000", "2008-12-31": -91, "2008-09-30": -9, "2008-06-30": -39, "2008-03-31": "-46.00000", "2007-12-31": -21, "2007-09-30": -13, "2007-06-30": -32, "2007-03-31": "-7.00000", "2006-12-31": -3, "2006-09-30": 4, "2006-06-30": -7, "2006-03-31": "0.00000", "2005-12-31": -18, "2005-09-30": 0, "2005-06-30": 0, "2005-03-31": ""}, "Total Change In Assets/Liabilities": {"2020-09-30": 76, "2020-06-30": -12, "2020-03-31": "8.00000", "2019-12-31": 134, "2019-09-30": -21, "2019-06-30": 7, "2019-03-31": "-108.00000", "2018-12-31": 37, "2018-09-30": -116, "2018-06-30": 58, "2018-03-31": "-41.00000", "2017-12-31": 47, "2017-09-30": -31, "2017-06-30": 10, "2017-03-31": "-6.00000", "2016-12-31": 17, "2016-09-30": -70, "2016-06-30": 14, "2016-03-31": "-15.00000", "2015-12-31": -23, "2015-09-30": -41, "2015-06-30": 4, "2015-03-31": "-3.00000", "2014-12-31": 14, "2014-09-30": 27, "2014-06-30": -31, "2014-03-31": "-1.00000", "2013-12-31": -42, "2013-09-30": -25, "2013-06-30": 68, "2013-03-31": "-79.00000", "2012-12-31": 24, "2012-09-30": 44, "2012-06-30": 13, "2012-03-31": "-100.00000", "2011-12-31": 14, "2011-09-30": 13, "2011-06-30": 87, "2011-03-31": "-105.00000", "2010-12-31": -86, "2010-09-30": -26, "2010-06-30": 392, "2010-03-31": "-73.00000", "2009-12-31": -117, "2009-09-30": -95, "2009-06-30": 89, "2009-03-31": "-24.00000", "2008-12-31": -124, "2008-09-30": -70, "2008-06-30": -29, "2008-03-31": "-144.00000", "2007-12-31": -2, "2007-09-30": -14, "2007-06-30": 52, "2007-03-31": "-29.00000", "2006-12-31": -38.2, "2006-09-30": -88, "2006-06-30": 45, "2006-03-31": "-7.00000", "2005-12-31": -92, "2005-09-30": 0, "2005-06-30": 0, "2005-03-31": ""}, "Cash Flow From Operating Activities": {"2020-09-30": 121, "2020-06-30": 67, "2020-03-31": "88.00000", "2019-12-31": 160, "2019-09-30": 108, "2019-06-30": 119, "2019-03-31": "55.00000", "2018-12-31": 217, "2018-09-30": 70, "2018-06-30": 177, "2018-03-31": "90.00000", "2017-12-31": 125, "2017-09-30": 112, "2017-06-30": 121, "2017-03-31": "91.00000", "2016-12-31": 155, "2016-09-30": 95, "2016-06-30": 118, "2016-03-31": "97.00000", "2015-12-31": 137, "2015-09-30": 67, "2015-06-30": 122, "2015-03-31": "127.00000", "2014-12-31": 186, "2014-09-30": 203, "2014-06-30": 104, "2014-03-31": "141.00000", "2013-12-31": 124, "2013-09-30": 104, "2013-06-30": 120, "2013-03-31": "63.00000", "2012-12-31": 140, "2012-09-30": 206, "2012-06-30": 175, "2012-03-31": "30.00000", "2011-12-31": 172, "2011-09-30": 257, "2011-06-30": 306, "2011-03-31": "148.00000", "2010-12-31": 166, "2010-09-30": 267, "2010-06-30": 610, "2010-03-31": "123.00000", "2009-12-31": 185, "2009-09-30": 244, "2009-06-30": 306, "2009-03-31": "57.00000", "2008-12-31": -74, "2008-09-30": 131, "2008-06-30": 113, "2008-03-31": "27.00000", "2007-12-31": 182, "2007-09-30": 144, "2007-06-30": 189, "2007-03-31": "91.00000", "2006-12-31": 6.73, "2006-09-30": 30, "2006-06-30": 111, "2006-03-31": "71.00000", "2005-12-31": 190, "2005-09-30": 0, "2005-06-30": 0, "2005-03-31": ""}, "Net Change In Property, Plant, And Equipment": {"2020-09-30": -28, "2020-06-30": -40, "2020-03-31": "-62.00000", "2019-12-31": -98, "2019-09-30": -56, "2019-06-30": -54, "2019-03-31": "-46.00000", "2018-12-31": -83, "2018-09-30": -49, "2018-06-30": -34, "2018-03-31": "-24.00000", "2017-12-31": -60, "2017-09-30": -32, "2017-06-30": -37, "2017-03-31": "-34.00000", "2016-12-31": -44, "2016-09-30": -83, "2016-06-30": -119, "2016-03-31": "-100.00000", "2015-12-31": -86, "2015-09-30": -38, "2015-06-30": -60, "2015-03-31": "-69.00000", "2014-12-31": -79, "2014-09-30": -56, "2014-06-30": -55, "2014-03-31": "-45.00000", "2013-12-31": -56, "2013-09-30": -17, "2013-06-30": -61, "2013-03-31": "-47.00000", "2012-12-31": -16, "2012-09-30": -66, "2012-06-30": -76, "2012-03-31": "-29.00000", "2011-12-31": -70, "2011-09-30": -25, "2011-06-30": -1, "2011-03-31": "-4.00000", "2010-12-31": -41, "2010-09-30": -26, "2010-06-30": -36, "2010-03-31": "-24.00000", "2009-12-31": -35, "2009-09-30": -9, "2009-06-30": -17, "2009-03-31": "-24.00000", "2008-12-31": -38, "2008-09-30": -47, "2008-06-30": -35, "2008-03-31": "-8.00000", "2007-12-31": -45, "2007-09-30": -18, "2007-06-30": -10, "2007-03-31": "-14.00000", "2006-12-31": -27.26, "2006-09-30": -12, "2006-06-30": -20, "2006-03-31": "-21.00000", "2005-12-31": -109, "2005-09-30": 0, "2005-06-30": 0, "2005-03-31": ""}, "Net Change In Intangible Assets": {"2020-09-30": 0, "2020-06-30": 0, "2020-03-31": "", "2019-12-31": 0, "2019-09-30": 0, "2019-06-30": 0, "2019-03-31": "", "2018-12-31": 0, "2018-09-30": 0, "2018-06-30": 0, "2018-03-31": "", "2017-12-31": 0, "2017-09-30": 0, "2017-06-30": 0, "2017-03-31": "", "2016-12-31": 0, "2016-09-30": 0, "2016-06-30": 0, "2016-03-31": "", "2015-12-31": 0, "2015-09-30": 0, "2015-06-30": 0, "2015-03-31": "", "2014-12-31": 0, "2014-09-30": 0, "2014-06-30": 0, "2014-03-31": "", "2013-12-31": 0, "2013-09-30": 0, "2013-06-30": 0, "2013-03-31": "", "2012-12-31": 0, "2012-09-30": 0, "2012-06-30": 0, "2012-03-31": "", "2011-12-31": 0, "2011-09-30": 0, "2011-06-30": 0, "2011-03-31": "", "2010-12-31": 0, "2010-09-30": 0, "2010-06-30": 0, "2010-03-31": "", "2009-12-31": 0, "2009-09-30": 0, "2009-06-30": 0, "2009-03-31": "", "2008-12-31": -6, "2008-09-30": 0, "2008-06-30": 6, "2008-03-31": "", "2007-12-31": 0, "2007-09-30": 0, "2007-06-30": 0, "2007-03-31": "", "2006-12-31": 0, "2006-09-30": 0, "2006-06-30": 0, "2006-03-31": "", "2005-12-31": 0, "2005-09-30": 0, "2005-06-30": 0, "2005-03-31": ""}, "Net Acquisitions/Divestitures": {"2020-09-30": 0, "2020-06-30": -30, "2020-03-31": "", "2019-12-31": 0, "2019-09-30": 0, "2019-06-30": 0, "2019-03-31": "", "2018-12-31": 0, "2018-09-30": 0, "2018-06-30": 0, "2018-03-31": "", "2017-12-31": -8, "2017-09-30": 0, "2017-06-30": 0, "2017-03-31": "", "2016-12-31": -45, "2016-09-30": 0, "2016-06-30": -1, "2016-03-31": "", "2015-12-31": 0, "2015-09-30": 0, "2015-06-30": 0, "2015-03-31": "", "2014-12-31": 0, "2014-09-30": 0, "2014-06-30": 0, "2014-03-31": "-546.00000", "2013-12-31": 0, "2013-09-30": -275, "2013-06-30": -12, "2013-03-31": "", "2012-12-31": -1, "2012-09-30": -1, "2012-06-30": -65, "2012-03-31": "-232.00000", "2011-12-31": -17, "2011-09-30": -288, "2011-06-30": 6, "2011-03-31": "4.00000", "2010-12-31": 24, "2010-09-30": 64, "2010-06-30": 97, "2010-03-31": "", "2009-12-31": 0, "2009-09-30": 0, "2009-06-30": 0, "2009-03-31": "", "2008-12-31": 0, "2008-09-30": -12, "2008-06-30": 0, "2008-03-31": "", "2007-12-31": 0, "2007-09-30": 0, "2007-06-30": 0, "2007-03-31": "573.00000", "2006-12-31": 5.29, "2006-09-30": 0, "2006-06-30": 0, "2006-03-31": "", "2005-12-31": 0, "2005-09-30": 0, "2005-06-30": 0, "2005-03-31": ""}, "Net Change In Short-term Investments": {"2020-09-30": 0, "2020-06-30": 0, "2020-03-31": "", "2019-12-31": 0, "2019-09-30": 0, "2019-06-30": 0, "2019-03-31": "", "2018-12-31": 0, "2018-09-30": 0, "2018-06-30": 0, "2018-03-31": "", "2017-12-31": 0, "2017-09-30": 0, "2017-06-30": 0, "2017-03-31": "", "2016-12-31": 0, "2016-09-30": 0, "2016-06-30": 0, "2016-03-31": "", "2015-12-31": 0, "2015-09-30": 0, "2015-06-30": 0, "2015-03-31": "", "2014-12-31": 0, "2014-09-30": 0, "2014-06-30": 0, "2014-03-31": "", "2013-12-31": 0, "2013-09-30": 0, "2013-06-30": 0, "2013-03-31": "", "2012-12-31": 0, "2012-09-30": 0, "2012-06-30": 0, "2012-03-31": "", "2011-12-31": 0, "2011-09-30": 0, "2011-06-30": 0, "2011-03-31": "", "2010-12-31": 0, "2010-09-30": 0, "2010-06-30": 0, "2010-03-31": "", "2009-12-31": 0, "2009-09-30": 0, "2009-06-30": 0, "2009-03-31": "", "2008-12-31": 0, "2008-09-30": 0, "2008-06-30": 0, "2008-03-31": "", "2007-12-31": 0, "2007-09-30": 0, "2007-06-30": 0, "2007-03-31": "", "2006-12-31": 0, "2006-09-30": 0, "2006-06-30": 0, "2006-03-31": "", "2005-12-31": 0, "2005-09-30": 0, "2005-06-30": 0, "2005-03-31": ""}, "Net Change In Long-Term Investments": {"2020-09-30": 0, "2020-06-30": 0, "2020-03-31": "", "2019-12-31": 0, "2019-09-30": 0, "2019-06-30": 0, "2019-03-31": "", "2018-12-31": 0, "2018-09-30": 0, "2018-06-30": 0, "2018-03-31": "", "2017-12-31": 0, "2017-09-30": 0, "2017-06-30": 0, "2017-03-31": "", "2016-12-31": 0, "2016-09-30": 0, "2016-06-30": 0, "2016-03-31": "", "2015-12-31": 0, "2015-09-30": 0, "2015-06-30": 0, "2015-03-31": "", "2014-12-31": 0, "2014-09-30": 0, "2014-06-30": 0, "2014-03-31": "", "2013-12-31": 0, "2013-09-30": 0, "2013-06-30": 1, "2013-03-31": "-1.00000", "2012-12-31": 0, "2012-09-30": 0, "2012-06-30": 2, "2012-03-31": "-2.00000", "2011-12-31": 0, "2011-09-30": 0, "2011-06-30": 0, "2011-03-31": "", "2010-12-31": 0, "2010-09-30": 0, "2010-06-30": 0, "2010-03-31": "", "2009-12-31": 0, "2009-09-30": 0, "2009-06-30": 0, "2009-03-31": "", "2008-12-31": 0, "2008-09-30": 0, "2008-06-30": 0, "2008-03-31": "", "2007-12-31": 0, "2007-09-30": 0, "2007-06-30": 0, "2007-03-31": "", "2006-12-31": 0, "2006-09-30": 0, "2006-06-30": 0, "2006-03-31": "", "2005-12-31": 0, "2005-09-30": 0, "2005-06-30": 0, "2005-03-31": ""}, "Net Change In Investments - Total": {"2020-09-30": 0, "2020-06-30": 0, "2020-03-31": "", "2019-12-31": 0, "2019-09-30": 0, "2019-06-30": 0, "2019-03-31": "", "2018-12-31": 0, "2018-09-30": 0, "2018-06-30": 0, "2018-03-31": "", "2017-12-31": 0, "2017-09-30": 0, "2017-06-30": 0, "2017-03-31": "", "2016-12-31": 0, "2016-09-30": 0, "2016-06-30": 0, "2016-03-31": "", "2015-12-31": 0, "2015-09-30": 0, "2015-06-30": 0, "2015-03-31": "", "2014-12-31": 0, "2014-09-30": 0, "2014-06-30": 0, "2014-03-31": "", "2013-12-31": 0, "2013-09-30": 0, "2013-06-30": 1, "2013-03-31": "-1.00000", "2012-12-31": 0, "2012-09-30": 0, "2012-06-30": 2, "2012-03-31": "-2.00000", "2011-12-31": 0, "2011-09-30": 0, "2011-06-30": 0, "2011-03-31": "", "2010-12-31": 0, "2010-09-30": 0, "2010-06-30": 0, "2010-03-31": "", "2009-12-31": 0, "2009-09-30": 0, "2009-06-30": 0, "2009-03-31": "", "2008-12-31": 0, "2008-09-30": 0, "2008-06-30": 0, "2008-03-31": "", "2007-12-31": 0, "2007-09-30": 0, "2007-06-30": 0, "2007-03-31": "", "2006-12-31": 0, "2006-09-30": 0, "2006-06-30": 0, "2006-03-31": "", "2005-12-31": 0, "2005-09-30": 0, "2005-06-30": 0, "2005-03-31": ""}, "Investing Activities - Other": {"2020-09-30": 0, "2020-06-30": 0, "2020-03-31": "", "2019-12-31": 0, "2019-09-30": 0, "2019-06-30": 0, "2019-03-31": "", "2018-12-31": 0, "2018-09-30": 0, "2018-06-30": -2, "2018-03-31": "-4.00000", "2017-12-31": 0, "2017-09-30": 0, "2017-06-30": 0, "2017-03-31": "", "2016-12-31": 0, "2016-09-30": 1, "2016-06-30": 0, "2016-03-31": "", "2015-12-31": 0, "2015-09-30": 0, "2015-06-30": 9, "2015-03-31": "", "2014-12-31": -10, "2014-09-30": 5, "2014-06-30": 0, "2014-03-31": "", "2013-12-31": 0, "2013-09-30": -1, "2013-06-30": 0, "2013-03-31": "", "2012-12-31": 0, "2012-09-30": 0, "2012-06-30": 0, "2012-03-31": "", "2011-12-31": 0, "2011-09-30": 0, "2011-06-30": 0, "2011-03-31": "", "2010-12-31": 0, "2010-09-30": 0, "2010-06-30": 0, "2010-03-31": "", "2009-12-31": 0, "2009-09-30": 0, "2009-06-30": 0, "2009-03-31": "", "2008-12-31": 0, "2008-09-30": 0, "2008-06-30": 0, "2008-03-31": "", "2007-12-31": 0, "2007-09-30": 3, "2007-06-30": -4, "2007-03-31": "", "2006-12-31": 1.76, "2006-09-30": 0, "2006-06-30": 0, "2006-03-31": "", "2005-12-31": 0, "2005-09-30": 0, "2005-06-30": 0, "2005-03-31": ""}, "Cash Flow From Investing Activities": {"2020-09-30": -28, "2020-06-30": -70, "2020-03-31": "-62.00000", "2019-12-31": -98, "2019-09-30": -56, "2019-06-30": -54, "2019-03-31": "-46.00000", "2018-12-31": -83, "2018-09-30": -49, "2018-06-30": -36, "2018-03-31": "-28.00000", "2017-12-31": -68, "2017-09-30": -32, "2017-06-30": -37, "2017-03-31": "-34.00000", "2016-12-31": -89, "2016-09-30": -82, "2016-06-30": -120, "2016-03-31": "-100.00000", "2015-12-31": -86, "2015-09-30": -38, "2015-06-30": -51, "2015-03-31": "-69.00000", "2014-12-31": -89, "2014-09-30": -51, "2014-06-30": -55, "2014-03-31": "-591.00000", "2013-12-31": -56, "2013-09-30": -293, "2013-06-30": -72, "2013-03-31": "-48.00000", "2012-12-31": -17, "2012-09-30": -67, "2012-06-30": -139, "2012-03-31": "-263.00000", "2011-12-31": -87, "2011-09-30": -313, "2011-06-30": 5, "2011-03-31": "0.00000", "2010-12-31": -17, "2010-09-30": 38, "2010-06-30": 61, "2010-03-31": "-24.00000", "2009-12-31": -35, "2009-09-30": -9, "2009-06-30": -17, "2009-03-31": "-24.00000", "2008-12-31": -44, "2008-09-30": -59, "2008-06-30": -29, "2008-03-31": "-8.00000", "2007-12-31": -45, "2007-09-30": -15, "2007-06-30": -14, "2007-03-31": "559.00000", "2006-12-31": -20.2, "2006-09-30": -12, "2006-06-30": -20, "2006-03-31": "-21.00000", "2005-12-31": -109, "2005-09-30": 0, "2005-06-30": 0, "2005-03-31": ""}, "Net Long-Term Debt": {"2020-09-30": -3, "2020-06-30": 300, "2020-03-31": "", "2019-12-31": 0, "2019-09-30": 0, "2019-06-30": -1, "2019-03-31": "", "2018-12-31": -301, "2018-09-30": 0, "2018-06-30": 0, "2018-03-31": "", "2017-12-31": -1, "2017-09-30": 0, "2017-06-30": -63, "2017-03-31": "", "2016-12-31": 0, "2016-09-30": -39, "2016-06-30": 0, "2016-03-31": "-1.00000", "2015-12-31": 0, "2015-09-30": -137, "2015-06-30": -1, "2015-03-31": "-1.00000", "2014-12-31": 0, "2014-09-30": -1, "2014-06-30": -3, "2014-03-31": "", "2013-12-31": -3, "2013-09-30": -2, "2013-06-30": -2, "2013-03-31": "-95.00000", "2012-12-31": -2, "2012-09-30": 247, "2012-06-30": -1, "2012-03-31": "112.00000", "2011-12-31": -1, "2011-09-30": -16, "2011-06-30": 0, "2011-03-31": "-1.00000", "2010-12-31": -135, "2010-09-30": -233, "2010-06-30": -427, "2010-03-31": "-103.00000", "2009-12-31": -274, "2009-09-30": -42, "2009-06-30": -21, "2009-03-31": "-3.00000", "2008-12-31": -54, "2008-09-30": -4, "2008-06-30": -31, "2008-03-31": "-6.00000", "2007-12-31": -195, "2007-09-30": -75, "2007-06-30": -81, "2007-03-31": "800.00000", "2006-12-31": -3, "2006-09-30": -1, "2006-06-30": -2, "2006-03-31": "-1.00000", "2005-12-31": -6, "2005-09-30": 0, "2005-06-30": 0, "2005-03-31": ""}, "Net Current Debt": {"2020-09-30": 0, "2020-06-30": -220, "2020-03-31": "130.00000", "2019-12-31": 42, "2019-09-30": 44, "2019-06-30": 0, "2019-03-31": "3.00000", "2018-12-31": 0, "2018-09-30": 0, "2018-06-30": 0, "2018-03-31": "", "2017-12-31": 0, "2017-09-30": -20, "2017-06-30": -11, "2017-03-31": "-31.00000", "2016-12-31": -49, "2016-09-30": 110, "2016-06-30": -56, "2016-03-31": "7.00000", "2015-12-31": -27, "2015-09-30": 75, "2015-06-30": -5, "2015-03-31": "-4.00000", "2014-12-31": 7, "2014-09-30": -33, "2014-06-30": -52, "2014-03-31": "-88.00000", "2013-12-31": 170, "2013-09-30": 4, "2013-06-30": -12, "2013-03-31": "-5.00000", "2012-12-31": 3, "2012-09-30": -7, "2012-06-30": 9, "2012-03-31": "6.00000", "2011-12-31": -9, "2011-09-30": -9, "2011-06-30": -1, "2011-03-31": "3.00000", "2010-12-31": -23, "2010-09-30": -3, "2010-06-30": 10, "2010-03-31": "-3.00000", "2009-12-31": 13, "2009-09-30": -144, "2009-06-30": -28, "2009-03-31": "99.00000", "2008-12-31": 63, "2008-09-30": -1, "2008-06-30": -49, "2008-03-31": "-27.00000", "2007-12-31": 38, "2007-09-30": -6, "2007-06-30": -113, "2007-03-31": "110.00000", "2006-12-31": -99.66, "2006-09-30": 0, "2006-06-30": 0, "2006-03-31": "", "2005-12-31": 0, "2005-09-30": 0, "2005-06-30": 0, "2005-03-31": ""}, "Debt Issuance/Retirement Net - Total": {"2020-09-30": -3, "2020-06-30": 80, "2020-03-31": "130.00000", "2019-12-31": 42, "2019-09-30": 44, "2019-06-30": -1, "2019-03-31": "3.00000", "2018-12-31": -301, "2018-09-30": 0, "2018-06-30": 0, "2018-03-31": "", "2017-12-31": -1, "2017-09-30": -20, "2017-06-30": -74, "2017-03-31": "-31.00000", "2016-12-31": -49, "2016-09-30": 71, "2016-06-30": -56, "2016-03-31": "6.00000", "2015-12-31": -27, "2015-09-30": -62, "2015-06-30": -6, "2015-03-31": "-5.00000", "2014-12-31": 7, "2014-09-30": -34, "2014-06-30": -55, "2014-03-31": "-88.00000", "2013-12-31": 167, "2013-09-30": 2, "2013-06-30": -14, "2013-03-31": "-100.00000", "2012-12-31": 1, "2012-09-30": 240, "2012-06-30": 8, "2012-03-31": "118.00000", "2011-12-31": -10, "2011-09-30": -25, "2011-06-30": -1, "2011-03-31": "2.00000", "2010-12-31": -158, "2010-09-30": -236, "2010-06-30": -417, "2010-03-31": "-106.00000", "2009-12-31": -261, "2009-09-30": -186, "2009-06-30": -49, "2009-03-31": "96.00000", "2008-12-31": 9, "2008-09-30": -5, "2008-06-30": -80, "2008-03-31": "-33.00000", "2007-12-31": -157, "2007-09-30": -81, "2007-06-30": -194, "2007-03-31": "910.00000", "2006-12-31": 2.24, "2006-09-30": -1, "2006-06-30": -2, "2006-03-31": "-1.00000", "2005-12-31": -6, "2005-09-30": 0, "2005-06-30": 0, "2005-03-31": ""}, "Net Common Equity Issued/Repurchased": {"2020-09-30": 0, "2020-06-30": 0, "2020-03-31": "-59.00000", "2019-12-31": -80, "2019-09-30": -131, "2019-06-30": -8, "2019-03-31": "", "2018-12-31": 0, "2018-09-30": 0, "2018-06-30": 0, "2018-03-31": "", "2017-12-31": 0, "2017-09-30": 0, "2017-06-30": 0, "2017-03-31": "", "2016-12-31": 0, "2016-09-30": 0, "2016-06-30": 0, "2016-03-31": "-10.00000", "2015-12-31": 0, "2015-09-30": -20, "2015-06-30": -17, "2015-03-31": "-13.00000", "2014-12-31": -19, "2014-09-30": -19, "2014-06-30": 0, "2014-03-31": "", "2013-12-31": 0, "2013-09-30": -36, "2013-06-30": -100, "2013-03-31": "-47.00000", "2012-12-31": -41, "2012-09-30": -43, "2012-06-30": -69, "2012-03-31": "-4.00000", "2011-12-31": -79, "2011-09-30": -181, "2011-06-30": -165, "2011-03-31": "-69.00000", "2010-12-31": 21, "2010-09-30": -34, "2010-06-30": -29, "2010-03-31": "", "2009-12-31": 0, "2009-09-30": 0, "2009-06-30": 0, "2009-03-31": "", "2008-12-31": 0, "2008-09-30": 0, "2008-06-30": 0, "2008-03-31": "", "2007-12-31": 0, "2007-09-30": 0, "2007-06-30": 0, "2007-03-31": "", "2006-12-31": 0, "2006-09-30": 0, "2006-06-30": 0, "2006-03-31": "", "2005-12-31": 0, "2005-09-30": 0, "2005-06-30": 0, "2005-03-31": ""}, "Net Total Equity Issued/Repurchased": {"2020-09-30": 0, "2020-06-30": 0, "2020-03-31": "-59.00000", "2019-12-31": -80, "2019-09-30": -131, "2019-06-30": -8, "2019-03-31": "", "2018-12-31": 0, "2018-09-30": 0, "2018-06-30": 0, "2018-03-31": "", "2017-12-31": 0, "2017-09-30": 0, "2017-06-30": 0, "2017-03-31": "", "2016-12-31": 0, "2016-09-30": 0, "2016-06-30": 0, "2016-03-31": "-10.00000", "2015-12-31": 0, "2015-09-30": -20, "2015-06-30": -17, "2015-03-31": "-13.00000", "2014-12-31": -19, "2014-09-30": -19, "2014-06-30": 0, "2014-03-31": "", "2013-12-31": 0, "2013-09-30": -36, "2013-06-30": -100, "2013-03-31": "-47.00000", "2012-12-31": -41, "2012-09-30": -43, "2012-06-30": -69, "2012-03-31": "-4.00000", "2011-12-31": -79, "2011-09-30": -181, "2011-06-30": -165, "2011-03-31": "-69.00000", "2010-12-31": 21, "2010-09-30": -34, "2010-06-30": -29, "2010-03-31": "", "2009-12-31": 0, "2009-09-30": 0, "2009-06-30": 0, "2009-03-31": "", "2008-12-31": 0, "2008-09-30": 0, "2008-06-30": 0, "2008-03-31": "", "2007-12-31": 0, "2007-09-30": 0, "2007-06-30": 0, "2007-03-31": "", "2006-12-31": 0.88, "2006-09-30": 0, "2006-06-30": 0, "2006-03-31": "", "2005-12-31": 0, "2005-09-30": 0, "2005-06-30": 0, "2005-03-31": ""}, "Total Common And Preferred Stock Dividends Paid": {"2020-09-30": 0, "2020-06-30": -25, "2020-03-31": "-26.00000", "2019-12-31": -27, "2019-09-30": -28, "2019-06-30": -28, "2019-03-31": "-27.00000", "2018-12-31": -27, "2018-09-30": -28, "2018-06-30": -27, "2018-03-31": "-26.00000", "2017-12-31": -26, "2017-09-30": -26, "2017-06-30": -26, "2017-03-31": "-26.00000", "2016-12-31": -26, "2016-09-30": -26, "2016-06-30": -25, "2016-03-31": "-25.00000", "2015-12-31": -25, "2015-09-30": -25, "2015-06-30": -26, "2015-03-31": "-24.00000", "2014-12-31": -24, "2014-09-30": -24, "2014-06-30": -18, "2014-03-31": "-18.00000", "2013-12-31": -17, "2013-09-30": -19, "2013-06-30": -15, "2013-03-31": "-16.00000", "2012-12-31": -16, "2012-09-30": -16, "2012-06-30": -13, "2012-03-31": "-13.00000", "2011-12-31": -13, "2011-09-30": -15, "2011-06-30": -10, "2011-03-31": "-11.00000", "2010-12-31": -10, "2010-09-30": -11, "2010-06-30": 0, "2010-03-31": "", "2009-12-31": 0, "2009-09-30": 0, "2009-06-30": 0, "2009-03-31": "", "2008-12-31": 0, "2008-09-30": 0, "2008-06-30": 0, "2008-03-31": "", "2007-12-31": 0, "2007-09-30": 0, "2007-06-30": 0, "2007-03-31": "", "2006-12-31": -0.88, "2006-09-30": 0, "2006-06-30": 0, "2006-03-31": "", "2005-12-31": 0, "2005-09-30": 0, "2005-06-30": 0, "2005-03-31": ""}, "Financial Activities - Other": {"2020-09-30": 1, "2020-06-30": -81, "2020-03-31": "22.00000", "2019-12-31": -35, "2019-09-30": 70, "2019-06-30": -30, "2019-03-31": "-1.00000", "2018-12-31": 51, "2018-09-30": -1, "2018-06-30": 2, "2018-03-31": "-25.00000", "2017-12-31": -35, "2017-09-30": -18, "2017-06-30": 24, "2017-03-31": "-15.00000", "2016-12-31": -30, "2016-09-30": -2, "2016-06-30": 99, "2016-03-31": "", "2015-12-31": 0, "2015-09-30": 0, "2015-06-30": 0, "2015-03-31": "1.00000", "2014-12-31": -20, "2014-09-30": -24, "2014-06-30": -23, "2014-03-31": "33.00000", "2013-12-31": 247, "2013-09-30": 1, "2013-06-30": 0, "2013-03-31": "1.00000", "2012-12-31": 1, "2012-09-30": -3, "2012-06-30": -1, "2012-03-31": "3.00000", "2011-12-31": 0, "2011-09-30": -3, "2011-06-30": 2, "2011-03-31": "4.00000", "2010-12-31": -9, "2010-09-30": 0, "2010-06-30": -26, "2010-03-31": "-3.00000", "2009-12-31": 0, "2009-09-30": -1, "2009-06-30": -13, "2009-03-31": "", "2008-12-31": 0, "2008-09-30": 0, "2008-06-30": 0, "2008-03-31": "", "2007-12-31": -43, "2007-09-30": 0, "2007-06-30": -4, "2007-03-31": "-1456.00000", "2006-12-31": 608.34, "2006-09-30": -18, "2006-06-30": -88, "2006-03-31": "-49.00000", "2005-12-31": -76, "2005-09-30": 0, "2005-06-30": 0, "2005-03-31": ""}, "Cash Flow From Financial Activities": {"2020-09-30": -2, "2020-06-30": -26, "2020-03-31": "67.00000", "2019-12-31": -100, "2019-09-30": -45, "2019-06-30": -67, "2019-03-31": "-25.00000", "2018-12-31": -277, "2018-09-30": -29, "2018-06-30": -25, "2018-03-31": "-51.00000", "2017-12-31": -62, "2017-09-30": -64, "2017-06-30": -76, "2017-03-31": "-72.00000", "2016-12-31": -105, "2016-09-30": 43, "2016-06-30": 18, "2016-03-31": "-29.00000", "2015-12-31": -52, "2015-09-30": -107, "2015-06-30": -49, "2015-03-31": "-41.00000", "2014-12-31": -56, "2014-09-30": -101, "2014-06-30": -96, "2014-03-31": "-73.00000", "2013-12-31": 397, "2013-09-30": -52, "2013-06-30": -129, "2013-03-31": "-162.00000", "2012-12-31": -55, "2012-09-30": 178, "2012-06-30": -75, "2012-03-31": "104.00000", "2011-12-31": -102, "2011-09-30": -224, "2011-06-30": -174, "2011-03-31": "-74.00000", "2010-12-31": -156, "2010-09-30": -281, "2010-06-30": -472, "2010-03-31": "-109.00000", "2009-12-31": -261, "2009-09-30": -187, "2009-06-30": -62, "2009-03-31": "96.00000", "2008-12-31": 9, "2008-09-30": -5, "2008-06-30": -80, "2008-03-31": "-33.00000", "2007-12-31": -200, "2007-09-30": -81, "2007-06-30": -198, "2007-03-31": "-546.00000", "2006-12-31": 510.91, "2006-09-30": -19, "2006-06-30": -90, "2006-03-31": "-50.00000", "2005-12-31": -82, "2005-09-30": 0, "2005-06-30": 0, "2005-03-31": ""}, "Net Cash Flow": {"2020-09-30": 94, "2020-06-30": -28, "2020-03-31": "91.00000", "2019-12-31": -37, "2019-09-30": 5, "2019-06-30": -1, "2019-03-31": "-17.00000", "2018-12-31": -145, "2018-09-30": -8, "2018-06-30": 112, "2018-03-31": "13.00000", "2017-12-31": -4, "2017-09-30": 19, "2017-06-30": 13, "2017-03-31": "-14.00000", "2016-12-31": -43, "2016-09-30": 57, "2016-06-30": 14, "2016-03-31": "-29.00000", "2015-12-31": -2, "2015-09-30": -79, "2015-06-30": 24, "2015-03-31": "9.00000", "2014-12-31": 40, "2014-09-30": 49, "2014-06-30": -45, "2014-03-31": "-525.00000", "2013-12-31": 464, "2013-09-30": -241, "2013-06-30": -81, "2013-03-31": "-148.00000", "2012-12-31": 68, "2012-09-30": 317, "2012-06-30": -39, "2012-03-31": "-129.00000", "2011-12-31": -17, "2011-09-30": -281, "2011-06-30": 138, "2011-03-31": "74.00000", "2010-12-31": -7, "2010-09-30": 23, "2010-06-30": 200, "2010-03-31": "-10.00000", "2009-12-31": -109, "2009-09-30": 52, "2009-06-30": 236, "2009-03-31": "129.00000", "2008-12-31": -111, "2008-09-30": 66, "2008-06-30": 4, "2008-03-31": "-14.00000", "2007-12-31": -65, "2007-09-30": 56, "2007-06-30": -30, "2007-03-31": "109.00000", "2006-12-31": 499.21, "2006-09-30": -1, "2006-06-30": 1, "2006-03-31": "", "2005-12-31": -1, "2005-09-30": 0, "2005-06-30": 0, "2005-03-31": ""}, "Stock-Based Compensation": {"2020-09-30": 2, "2020-06-30": 2, "2020-03-31": "1.00000", "2019-12-31": 2, "2019-09-30": 2, "2019-06-30": 3, "2019-03-31": "2.00000", "2018-12-31": 1, "2018-09-30": 2, "2018-06-30": 2, "2018-03-31": "3.00000", "2017-12-31": 0, "2017-09-30": 3, "2017-06-30": 2, "2017-03-31": "1.00000", "2016-12-31": 2, "2016-09-30": 2, "2016-06-30": 2, "2016-03-31": "1.00000", "2015-12-31": 0, "2015-09-30": 2, "2015-06-30": 1, "2015-03-31": "2.00000", "2014-12-31": 1, "2014-09-30": 0, "2014-06-30": 2, "2014-03-31": "1.00000", "2013-12-31": 1, "2013-09-30": 1, "2013-06-30": 2, "2013-03-31": "1.00000", "2012-12-31": 2, "2012-09-30": 1, "2012-06-30": 1, "2012-03-31": "1.00000", "2011-12-31": 0, "2011-09-30": 1, "2011-06-30": 1, "2011-03-31": "1.00000", "2010-12-31": 2, "2010-09-30": 1, "2010-06-30": 1, "2010-03-31": "1.00000", "2009-12-31": 2, "2009-09-30": 1, "2009-06-30": 1, "2009-03-31": "4.00000", "2008-12-31": 3, "2008-09-30": 4, "2008-06-30": 4, "2008-03-31": "5.00000", "2007-12-31": 8, "2007-09-30": 3, "2007-06-30": 1, "2007-03-31": "", "2006-12-31": 0, "2006-09-30": 0, "2006-06-30": 0, "2006-03-31": "", "2005-12-31": 0, "2005-09-30": 0, "2005-06-30": 0, "2005-03-31": ""}, "Common Stock Dividends Paid": {"2020-09-30": 0, "2020-06-30": -25, "2020-03-31": "-26.00000", "2019-12-31": -27, "2019-09-30": -28, "2019-06-30": -28, "2019-03-31": "-27.00000", "2018-12-31": -27, "2018-09-30": -28, "2018-06-30": -27, "2018-03-31": "-26.00000", "2017-12-31": -26, "2017-09-30": -26, "2017-06-30": -26, "2017-03-31": "-26.00000", "2016-12-31": -26, "2016-09-30": -26, "2016-06-30": -25, "2016-03-31": "-25.00000", "2015-12-31": -25, "2015-09-30": -25, "2015-06-30": -26, "2015-03-31": "-24.00000", "2014-12-31": -24, "2014-09-30": -24, "2014-06-30": -18, "2014-03-31": "-18.00000", "2013-12-31": -17, "2013-09-30": -19, "2013-06-30": -15, "2013-03-31": "-16.00000", "2012-12-31": -16, "2012-09-30": -16, "2012-06-30": -13, "2012-03-31": "-13.00000", "2011-12-31": -13, "2011-09-30": -15, "2011-06-30": -10, "2011-03-31": "-11.00000", "2010-12-31": -10, "2010-09-30": -11, "2010-06-30": 0, "2010-03-31": "0.00000", "2009-12-31": 0, "2009-09-30": 0, "2009-06-30": 0, "2009-03-31": "", "2008-12-31": 0, "2008-09-30": 0, "2008-06-30": 0, "2008-03-31": "", "2007-12-31": 0, "2007-09-30": 0, "2007-06-30": 0, "2007-03-31": "", "2006-12-31": 0, "2006-09-30": 0, "2006-06-30": 0, "2006-03-31": "", "2005-12-31": 0, "2005-09-30": 0, "2005-06-30": 0, "2005-03-31": ""}}, "financial ratios": {"Current Ratio": {"2019-12-31": "1.98170", "2018-12-31": "2.02940", "2017-12-31": "2.23620", "2016-12-31": "2.08230", "2015-12-31": "1.97210", "2014-12-31": "1.80350", "2013-12-31": "2.92950", "2012-12-31": "2.65830", "2011-12-31": "2.70110", "2010-12-31": "2.75860", "2009-12-31": "2.85600", "2008-12-31": "2.22750", "2007-12-31": "2.03440", "2006-12-31": "3.31720", "2005-12-31": "1.64510"}, "Long-term Debt / Capital": {"2019-12-31": "0.28300", "2018-12-31": "0.25150", "2017-12-31": "0.31260", "2016-12-31": "0.31280", "2015-12-31": "0.31330", "2014-12-31": "0.29010", "2013-12-31": "0.35180", "2012-12-31": "0.28160", "2011-12-31": "0.21970", "2010-12-31": "0.20490", "2009-12-31": "0.38990", "2008-12-31": "0.49610", "2007-12-31": "0.40910", "2006-12-31": "0.01090", "2005-12-31": "0.58380"}, "Debt/Equity Ratio": {"2019-12-31": "0.39900", "2018-12-31": "0.33650", "2017-12-31": "0.45510", "2016-12-31": "0.48320", "2015-12-31": "0.47170", "2014-12-31": "0.47060", "2013-12-31": "0.54960", "2012-12-31": "0.42580", "2011-12-31": "0.28530", "2010-12-31": "0.26550", "2009-12-31": "0.65930", "2008-12-31": "1.01310", "2007-12-31": "0.71720", "2006-12-31": "0.01510", "2005-12-31": "1.41740"}, "Gross Margin": {"2019-12-31": "19.06130", "2018-12-31": "21.11820", "2017-12-31": "19.48330", "2016-12-31": "20.41260", "2015-12-31": "21.21960", "2014-12-31": "20.97790", "2013-12-31": "19.10590", "2012-12-31": "21.17840", "2011-12-31": "25.67710", "2010-12-31": "24.49570", "2009-12-31": "18.17020", "2008-12-31": "18.28280", "2007-12-31": "20.01010", "2006-12-31": "19.05630", "2005-12-31": "14.78420"}, "Operating Margin": {"2019-12-31": "3.12260", "2018-12-31": "7.07610", "2017-12-31": "-6.37140", "2016-12-31": "4.08640", "2015-12-31": "5.47110", "2014-12-31": "6.54320", "2013-12-31": "2.98650", "2012-12-31": "6.69460", "2011-12-31": "10.54880", "2010-12-31": "10.30770", "2009-12-31": "11.25340", "2008-12-31": "-6.83450", "2007-12-31": "4.54010", "2006-12-31": "-16.81790", "2005-12-31": "-17.69210"}, "EBIT Margin": {"2019-12-31": "3.12260", "2018-12-31": "7.07610", "2017-12-31": "-6.37140", "2016-12-31": "4.08640", "2015-12-31": "5.47110", "2014-12-31": "6.54320", "2013-12-31": "2.98650", "2012-12-31": "6.69460", "2011-12-31": "10.54880", "2010-12-31": "10.30770", "2009-12-31": "11.25340", "2008-12-31": "-6.83450", "2007-12-31": "4.54010", "2006-12-31": "-16.81790", "2005-12-31": "-17.69210"}, "EBITDA Margin": {"2019-12-31": "8.73560", "2018-12-31": "12.72230", "2017-12-31": "-0.13600", "2016-12-31": "11.49310", "2015-12-31": "13.75380", "2014-12-31": "13.44600", "2013-12-31": "9.96100", "2012-12-31": "13.71760", "2011-12-31": "17.24880", "2010-12-31": "17.05980", "2009-12-31": "18.66420", "2008-12-31": "5.48950", "2007-12-31": "12.52730", "2006-12-31": "15.24500", "2005-12-31": "-6.73400"}, "Pre-Tax Profit Margin": {"2019-12-31": "1.68580", "2018-12-31": "6.26950", "2017-12-31": "-7.43980", "2016-12-31": "3.08450", "2015-12-31": "2.96350", "2014-12-31": "4.69170", "2013-12-31": "1.33560", "2012-12-31": "4.30500", "2011-12-31": "8.99860", "2010-12-31": "7.65810", "2009-12-31": "8.96610", "2008-12-31": "-8.91460", "2007-12-31": "1.66470", "2006-12-31": "-16.81790", "2005-12-31": "-17.69210"}, "Net Profit Margin": {"2019-12-31": "1.60920", "2018-12-31": "5.18790", "2017-12-31": "-5.01170", "2016-12-31": "2.51470", "2015-12-31": "2.69760", "2014-12-31": "7.74760", "2013-12-31": "1.68800", "2012-12-31": "3.13750", "2011-12-31": "6.50390", "2010-12-31": "10.34190", "2009-12-31": "5.67250", "2008-12-31": "-8.96150", "2007-12-31": "1.17710", "2006-12-31": "-18.42110", "2005-12-31": "-14.63120"}, "Asset Turnover": {"2019-12-31": "1.06470", "2018-12-31": "1.10760", "2017-12-31": "0.98770", "2016-12-31": "0.89610", "2015-12-31": "0.93100", "2014-12-31": "0.89940", "2013-12-31": "0.85870", "2012-12-31": "0.89530", "2011-12-31": "0.95620", "2010-12-31": "0.97080", "2009-12-31": "0.83830", "2008-12-31": "1.04750", "2007-12-31": "0.76970", "2006-12-31": "0.82690", "2005-12-31": "0.73370"}, "Inventory Turnover Ratio": {"2019-12-31": "5.37530", "2018-12-31": "5.64700", "2017-12-31": "5.47560", "2016-12-31": "5.33730", "2015-12-31": "5.41380", "2014-12-31": "6.15690", "2013-12-31": "6.36640", "2012-12-31": "6.40150", "2011-12-31": "6.39720", "2010-12-31": "6.81640", "2009-12-31": "6.00270", "2008-12-31": "5.42580", "2007-12-31": "5.08230", "2006-12-31": "5.14620", "2005-12-31": "4.54160"}, "Receiveable Turnover": {"2019-12-31": "8.18180", "2018-12-31": "7.88290", "2017-12-31": "7.07140", "2016-12-31": "7.90370", "2015-12-31": "8.21220", "2014-12-31": "8.15690", "2013-12-31": "8.14350", "2012-12-31": "8.98690", "2011-12-31": "8.12160", "2010-12-31": "8.61560", "2009-12-31": "5.75260", "2008-12-31": "11.99630", "2007-12-31": "10.37870", "2006-12-31": "9.72350", "2005-12-31": "12.96430"}, "Days Sales In Receivables": {"2019-12-31": "44.61110", "2018-12-31": "46.30250", "2017-12-31": "51.61620", "2016-12-31": "46.18080", "2015-12-31": "44.44620", "2014-12-31": "44.74740", "2013-12-31": "44.82100", "2012-12-31": "40.61470", "2011-12-31": "44.94210", "2010-12-31": "42.36500", "2009-12-31": "63.44920", "2008-12-31": "30.42620", "2007-12-31": "35.16820", "2006-12-31": "37.53780", "2005-12-31": "28.15430"}, "ROE - Return On Equity": {"2019-12-31": "3.53540", "2018-12-31": "11.15050", "2017-12-31": "-10.39070", "2016-12-31": "4.78330", "2015-12-31": "5.35450", "2014-12-31": "14.91350", "2013-12-31": "3.27100", "2012-12-31": "5.97850", "2011-12-31": "12.28130", "2010-12-31": "18.89440", "2009-12-31": "11.64540", "2008-12-31": "-26.73820", "2007-12-31": "2.18960", "2006-12-31": "-20.89190", "2005-12-31": "-35.43370"}, "Return On Tangible Equity": {"2019-12-31": "4.65890", "2018-12-31": "14.58010", "2017-12-31": "-13.94600", "2016-12-31": "8.43210", "2015-12-31": "9.39150", "2014-12-31": "25.93260", "2013-12-31": "4.53640", "2012-12-31": "7.46200", "2011-12-31": "14.01150", "2010-12-31": "19.23080", "2009-12-31": "12.02950", "2008-12-31": "-27.78860", "2007-12-31": "2.57920", "2006-12-31": "-20.99280", "2005-12-31": "-36.74100"}, "ROA - Return On Assets": {"2019-12-31": "1.71320", "2018-12-31": "5.74620", "2017-12-31": "-4.95010", "2016-12-31": "2.25350", "2015-12-31": "2.51150", "2014-12-31": "6.96850", "2013-12-31": "1.44950", "2012-12-31": "2.80910", "2011-12-31": "6.21910", "2010-12-31": "10.03980", "2009-12-31": "4.75530", "2008-12-31": "-9.38730", "2007-12-31": "0.90600", "2006-12-31": "-15.23260", "2005-12-31": "-10.73430"}, "ROI - Return On Investment": {"2019-12-31": "2.53470", "2018-12-31": "8.34560", "2017-12-31": "-7.14290", "2016-12-31": "3.28710", "2015-12-31": "3.67690", "2014-12-31": "10.58710", "2013-12-31": "2.12020", "2012-12-31": "4.29460", "2011-12-31": "9.58260", "2010-12-31": "15.02360", "2009-12-31": "7.10520", "2008-12-31": "-13.47280", "2007-12-31": "1.29390", "2006-12-31": "-20.66510", "2005-12-31": "-14.41500"}, "Book Value Per Share": {"2019-12-31": "41.77140", "2018-12-31": "40.34010", "2017-12-31": "39.60380", "2016-12-31": "42.75510", "2015-12-31": "42.19570", "2014-12-31": "45.14920", "2013-12-31": "43.66320", "2012-12-31": "42.01350", "2011-12-31": "41.12810", "2010-12-31": "38.45320", "2009-12-31": "31.64380", "2008-12-31": "25.99470", "2007-12-31": "40.72770", "2006-12-31": "", "2005-12-31": ""}, "Operating Cash Flow Per Share": {"2019-12-31": -1.581, "2018-12-31": 1.6186, "2017-12-31": -0.2552, "2016-12-31": 0.2712, "2015-12-31": -2.6238, "2014-12-31": 3.607, "2013-12-31": -1.4803, "2012-12-31": -3.3404, "2011-12-31": -2.5128, "2010-12-31": 4.3287, "2009-12-31": 6.876, "2008-12-31": -5.3415, "2007-12-31": 0.0896, "2006-12-31": 3.5283, "2005-12-31": 4.0143}, "Free Cash Flow Per Share": {"2019-12-31": -2.7067, "2018-12-31": 1.2072, "2017-12-31": 2.6635, "2016-12-31": -1.2567, "2015-12-31": -2.9933, "2014-12-31": 2.6996, "2013-12-31": -1.6002, "2012-12-31": -4.6903, "2011-12-31": -2.2867, "2010-12-31": 3.8426, "2009-12-31": 7.3806, "2008-12-31": -5.7342, "2007-12-31": 0.3249, "2006-12-31": 4.5002, "2005-12-31": 1.7114}}, "financial ratios, quarterly": {"Current Ratio": {"2020-09-30": "2.28310", "2020-06-30": "2.34120", "2020-03-31": "2.05700", "2019-12-31": "1.98170", "2019-09-30": "2.27920", "2019-06-30": "2.20270", "2019-03-31": "2.19390", "2018-12-31": "2.02940", "2018-09-30": "2.37330", "2018-06-30": "2.31470", "2018-03-31": "2.33520", "2017-12-31": "2.23620", "2017-09-30": "2.29030", "2017-06-30": "2.37040", "2017-03-31": "2.13260", "2016-12-31": "2.08230", "2016-09-30": "2.22780", "2016-06-30": "1.99230", "2016-03-31": "2.02060", "2015-12-31": "1.97210", "2015-09-30": "2.05850", "2015-06-30": "1.89810", "2015-03-31": "1.82770", "2014-12-31": "1.80350", "2014-09-30": "1.80090", "2014-06-30": "2.14950", "2014-03-31": "2.16860", "2013-12-31": "2.92950", "2013-09-30": "2.23860", "2013-06-30": "2.58090", "2013-03-31": "2.83850", "2012-12-31": "2.65830", "2012-09-30": "2.96110", "2012-06-30": "2.62170", "2012-03-31": "2.79110", "2011-12-31": "2.70110", "2011-09-30": "2.43780", "2011-06-30": "3.06970", "2011-03-31": "3.06060", "2010-12-31": "2.75860", "2010-09-30": "2.75540", "2010-06-30": "2.56870", "2010-03-31": "3.01060", "2009-12-31": "2.85600", "2009-09-30": "3.03830", "2009-06-30": "2.94180", "2009-03-31": "2.54340", "2008-12-31": "2.22750", "2008-09-30": "2.33530", "2008-06-30": "2.20070", "2008-03-31": "2.10580", "2007-12-31": "2.03440", "2007-09-30": "1.99890", "2007-06-30": "2.03940", "2007-03-31": "2.17030", "2006-12-31": "3.31720", "2006-09-30": "", "2006-06-30": "", "2006-03-31": "", "2005-12-31": "1.64510", "2005-09-30": "", "2005-06-30": "", "2005-03-31": "1.69240"}, "Long-term Debt / Capital": {"2020-09-30": "0.32940", "2020-06-30": "0.32350", "2020-03-31": "0.33570", "2019-12-31": "0.28300", "2019-09-30": "0.27780", "2019-06-30": "0.23930", "2019-03-31": "0.24650", "2018-12-31": "0.25150", "2018-09-30": "0.30170", "2018-06-30": "0.30970", "2018-03-31": "0.30670", "2017-12-31": "0.31260", "2017-09-30": "0.28740", "2017-06-30": "0.30280", "2017-03-31": "0.30670", "2016-12-31": "0.31280", "2016-09-30": "0.32220", "2016-06-30": "0.31290", "2016-03-31": "0.30680", "2015-12-31": "0.31330", "2015-09-30": "0.31890", "2015-06-30": "0.29910", "2015-03-31": "0.30320", "2014-12-31": "0.29010", "2014-09-30": "0.29030", "2014-06-30": "0.33290", "2014-03-31": "0.34970", "2013-12-31": "0.35180", "2013-09-30": "0.29130", "2013-06-30": "0.29360", "2013-03-31": "0.27980", "2012-12-31": "0.28160", "2012-09-30": "0.28480", "2012-06-30": "0.24370", "2012-03-31": "0.24030", "2011-12-31": "0.21970", "2011-09-30": "0.21820", "2011-06-30": "0.20510", "2011-03-31": "0.20060", "2010-12-31": "0.20490", "2010-09-30": "0.25480", "2010-06-30": "0.30980", "2010-03-31": "0.36800", "2009-12-31": "0.38990", "2009-09-30": "0.43310", "2009-06-30": "0.48850", "2009-03-31": "0.51430", "2008-12-31": "0.49610", "2008-09-30": "0.39870", "2008-06-30": "0.39750", "2008-03-31": "0.40450", "2007-12-31": "0.40910", "2007-09-30": "0.42310", "2007-06-30": "0.43940", "2007-03-31": "0.46700", "2006-12-31": "0.01090", "2006-09-30": "", "2006-06-30": "", "2006-03-31": "", "2005-12-31": "0.58380", "2005-09-30": "", "2005-06-30": "", "2005-03-31": "0.50990"}, "Debt/Equity Ratio": {"2020-09-30": "0.49710", "2020-06-30": "0.48400", "2020-03-31": "0.50570", "2019-12-31": "0.39900", "2019-09-30": "0.38540", "2019-06-30": "0.31620", "2019-03-31": "0.32860", "2018-12-31": "0.33650", "2018-09-30": "0.43240", "2018-06-30": "0.44960", "2018-03-31": "0.44280", "2017-12-31": "0.45510", "2017-09-30": "0.40370", "2017-06-30": "0.43470", "2017-03-31": "0.46700", "2016-12-31": "0.48320", "2016-09-30": "0.49820", "2016-06-30": "0.47940", "2016-03-31": "0.45980", "2015-12-31": "0.47170", "2015-09-30": "0.48440", "2015-06-30": "0.48820", "2015-03-31": "0.49960", "2014-12-31": "0.47060", "2014-09-30": "0.46800", "2014-06-30": "0.50670", "2014-03-31": "0.54600", "2013-12-31": "0.54960", "2013-09-30": "0.41550", "2013-06-30": "0.41890", "2013-03-31": "0.39580", "2012-12-31": "0.42580", "2012-09-30": "0.40550", "2012-06-30": "0.33180", "2012-03-31": "0.32270", "2011-12-31": "0.28530", "2011-09-30": "0.28640", "2011-06-30": "0.26640", "2011-03-31": "0.25910", "2010-12-31": "0.26550", "2010-09-30": "0.35890", "2010-06-30": "0.47160", "2010-03-31": "0.60040", "2009-12-31": "0.65930", "2009-09-30": "0.78060", "2009-06-30": "0.97130", "2009-03-31": "1.09260", "2008-12-31": "1.01310", "2008-09-30": "0.68030", "2008-06-30": "0.67730", "2008-03-31": "0.71190", "2007-12-31": "0.71720", "2007-09-30": "0.76280", "2007-06-30": "0.81380", "2007-03-31": "0.91360", "2006-12-31": "0.01510", "2006-09-30": "", "2006-06-30": "", "2006-03-31": "", "2005-12-31": "1.41740", "2005-09-30": "", "2005-06-30": "", "2005-03-31": "1.04740"}, "Gross Margin": {"2020-09-30": "18.95020", "2020-06-30": "17.29250", "2020-03-31": "15.25820", "2019-12-31": "15.35370", "2019-09-30": "18.86200", "2019-06-30": "18.07140", "2019-03-31": "23.54650", "2018-12-31": "23.45320", "2018-09-30": "22.53110", "2018-06-30": "18.99480", "2018-03-31": "19.40520", "2017-12-31": "19.17600", "2017-09-30": "21.24030", "2017-06-30": "20.47500", "2017-03-31": "17.12750", "2016-12-31": "19.51030", "2016-09-30": "23.70080", "2016-06-30": "20.04740", "2016-03-31": "18.41490", "2015-12-31": "23.36380", "2015-09-30": "20.58820", "2015-06-30": "19.69470", "2015-03-31": "21.21660", "2014-12-31": "21.68240", "2014-09-30": "21.35230", "2014-06-30": "20.00000", "2014-03-31": "20.87520", "2013-12-31": "20.45620", "2013-09-30": "18.83640", "2013-06-30": "17.53050", "2013-03-31": "19.55390", "2012-12-31": "20.27130", "2012-09-30": "20.80630", "2012-06-30": "21.41810", "2012-03-31": "22.17450", "2011-12-31": "24.10520", "2011-09-30": "25.54690", "2011-06-30": "24.73270", "2011-03-31": "28.25020", "2010-12-31": "25.71010", "2010-09-30": "28.85270", "2010-06-30": "21.97800", "2010-03-31": "21.61980", "2009-12-31": "21.01140", "2009-09-30": "21.94440", "2009-06-30": "15.39050", "2009-03-31": "13.74810", "2008-12-31": "14.40270", "2008-09-30": "20.43080", "2008-06-30": "18.48690", "2008-03-31": "19.39940", "2007-12-31": "20.20570", "2007-09-30": "22.16870", "2007-06-30": "18.63550", "2007-03-31": "18.36350", "2006-12-31": "100.00000", "2006-09-30": "23.89940", "2006-06-30": "12.11370", "2006-03-31": "14.71650", "2005-12-31": "100.00000", "2005-09-30": "100.00000", "2005-06-30": "100.00000", "2005-03-31": "12.39080"}, "Operating Margin": {"2020-09-30": "-12.09960", "2020-06-30": "1.38340", "2020-03-31": "1.48670", "2019-12-31": "-1.20580", "2019-09-30": "2.26030", "2019-06-30": "2.58160", "2019-03-31": "8.35760", "2018-12-31": "9.56830", "2018-09-30": "8.33940", "2018-06-30": "4.58240", "2018-03-31": "5.72490", "2017-12-31": "-38.42700", "2017-09-30": "6.58910", "2017-06-30": "5.07780", "2017-03-31": "2.91860", "2016-12-31": "4.66030", "2016-09-30": "7.24410", "2016-06-30": "3.07810", "2016-03-31": "1.39860", "2015-12-31": "7.15370", "2015-09-30": "4.72140", "2015-06-30": "4.73280", "2015-03-31": "5.26710", "2014-12-31": "6.23640", "2014-09-30": "8.54090", "2014-06-30": "5.70400", "2014-03-31": "5.66710", "2013-12-31": "6.84330", "2013-09-30": "3.56360", "2013-06-30": "-2.28660", "2013-03-31": "3.64310", "2012-12-31": "3.24040", "2012-09-30": "7.84740", "2012-06-30": "7.74850", "2012-03-31": "7.79690", "2011-12-31": "7.23160", "2011-09-30": "13.19690", "2011-06-30": "6.77120", "2011-03-31": "14.82780", "2010-12-31": "11.28920", "2010-09-30": "16.02170", "2010-06-30": "6.20560", "2010-03-31": "7.96160", "2009-12-31": "14.45870", "2009-09-30": "20.48610", "2009-06-30": "10.53830", "2009-03-31": "-1.68970", "2008-12-31": "-49.07850", "2008-09-30": "6.64620", "2008-06-30": "4.88100", "2008-03-31": "5.64560", "2007-12-31": "0.42350", "2007-09-30": "7.40960", "2007-06-30": "4.35880", "2007-03-31": "6.75550", "2006-12-31": "22.25770", "2006-09-30": "8.67920", "2006-06-30": "-2.59580", "2006-03-31": "-90.10860", "2005-12-31": "-144.78000", "2005-09-30": "100.00000", "2005-06-30": "100.00000", "2005-03-31": "19.93650"}, "EBIT Margin": {"2020-09-30": "-12.09960", "2020-06-30": "1.38340", "2020-03-31": "1.48670", "2019-12-31": "-1.20580", "2019-09-30": "2.26030", "2019-06-30": "2.58160", "2019-03-31": "8.35760", "2018-12-31": "9.56830", "2018-09-30": "8.33940", "2018-06-30": "4.58240", "2018-03-31": "5.72490", "2017-12-31": "-38.42700", "2017-09-30": "6.58910", "2017-06-30": "5.07780", "2017-03-31": "2.91860", "2016-12-31": "4.66030", "2016-09-30": "7.24410", "2016-06-30": "3.07810", "2016-03-31": "1.39860", "2015-12-31": "7.15370", "2015-09-30": "4.72140", "2015-06-30": "4.73280", "2015-03-31": "5.26710", "2014-12-31": "6.23640", "2014-09-30": "8.54090", "2014-06-30": "5.70400", "2014-03-31": "5.66710", "2013-12-31": "6.84330", "2013-09-30": "3.56360", "2013-06-30": "-2.28660", "2013-03-31": "3.64310", "2012-12-31": "3.24040", "2012-09-30": "7.84740", "2012-06-30": "7.74850", "2012-03-31": "7.79690", "2011-12-31": "7.23160", "2011-09-30": "13.19690", "2011-06-30": "6.77120", "2011-03-31": "14.82780", "2010-12-31": "11.28920", "2010-09-30": "16.02170", "2010-06-30": "6.20560", "2010-03-31": "7.96160", "2009-12-31": "14.45870", "2009-09-30": "20.48610", "2009-06-30": "10.53830", "2009-03-31": "-1.68970", "2008-12-31": "-49.07850", "2008-09-30": "6.64620", "2008-06-30": "4.88100", "2008-03-31": "5.64560", "2007-12-31": "0.42350", "2007-09-30": "7.40960", "2007-06-30": "4.35880", "2007-03-31": "6.75550", "2006-12-31": "100.00000", "2006-09-30": "8.67920", "2006-06-30": "-2.59580", "2006-03-31": "-90.10860", "2005-12-31": "100.00000", "2005-09-30": "100.00000", "2005-06-30": "100.00000", "2005-03-31": "19.93650"}, "EBITDA Margin": {"2020-09-30": "", "2020-06-30": "", "2020-03-31": "", "2019-12-31": "", "2019-09-30": "", "2019-06-30": "", "2019-03-31": "", "2018-12-31": "", "2018-09-30": "", "2018-06-30": "", "2018-03-31": "", "2017-12-31": "", "2017-09-30": "", "2017-06-30": "", "2017-03-31": "", "2016-12-31": "", "2016-09-30": "", "2016-06-30": "", "2016-03-31": "", "2015-12-31": "", "2015-09-30": "", "2015-06-30": "", "2015-03-31": "", "2014-12-31": "", "2014-09-30": "", "2014-06-30": "", "2014-03-31": "", "2013-12-31": "", "2013-09-30": "", "2013-06-30": "", "2013-03-31": "", "2012-12-31": "", "2012-09-30": "", "2012-06-30": "", "2012-03-31": "", "2011-12-31": "", "2011-09-30": "", "2011-06-30": "", "2011-03-31": "", "2010-12-31": "", "2010-09-30": "", "2010-06-30": "", "2010-03-31": "", "2009-12-31": "", "2009-09-30": "", "2009-06-30": "", "2009-03-31": "", "2008-12-31": "", "2008-09-30": "", "2008-06-30": "", "2008-03-31": "", "2007-12-31": "", "2007-09-30": "", "2007-06-30": "", "2007-03-31": "", "2006-12-31": "", "2006-09-30": "", "2006-06-30": "", "2006-03-31": "", "2005-12-31": "", "2005-09-30": "", "2005-06-30": "", "2005-03-31": ""}, "Pre-Tax Profit Margin": {"2020-09-30": "-12.98930", "2020-06-30": "0.39530", "2020-03-31": "0.70420", "2019-12-31": "-4.74280", "2019-09-30": "1.48090", "2019-06-30": "1.74640", "2019-03-31": "7.63080", "2018-12-31": "8.84890", "2018-09-30": "7.53470", "2018-06-30": "3.76940", "2018-03-31": "4.83270", "2017-12-31": "-39.55060", "2017-09-30": "5.65890", "2017-06-30": "3.84930", "2017-03-31": "1.92010", "2016-12-31": "4.50240", "2016-09-30": "5.90550", "2016-06-30": "1.89420", "2016-03-31": "0.07770", "2015-12-31": "5.86000", "2015-09-30": "-0.23220", "2015-06-30": "2.82440", "2015-03-31": "3.33830", "2014-12-31": "4.27850", "2014-09-30": "6.76160", "2014-06-30": "3.82670", "2014-03-31": "3.87370", "2013-12-31": "5.22440", "2013-09-30": "2.03640", "2013-06-30": "-3.88720", "2013-03-31": "1.78440", "2012-12-31": "1.58250", "2012-09-30": "6.40750", "2012-06-30": "6.43270", "2012-03-31": "2.71820", "2011-12-31": "5.77060", "2011-09-30": "11.43260", "2011-06-30": "5.27440", "2011-03-31": "13.35210", "2010-12-31": "9.17700", "2010-09-30": "14.39240", "2010-06-30": "1.68070", "2010-03-31": "5.76530", "2009-12-31": "11.82340", "2009-09-30": "18.12500", "2009-06-30": "8.79450", "2009-03-31": "-4.07070", "2008-12-31": "-50.58020", "2008-09-30": "4.49230", "2008-06-30": "2.62360", "2008-03-31": "3.30330", "2007-12-31": "-3.50880", "2007-09-30": "4.51810", "2007-06-30": "1.38980", "2007-03-31": "5.70880", "2006-12-31": "100.00000", "2006-09-30": "8.67920", "2006-06-30": "-2.59580", "2006-03-31": "-90.10860", "2005-12-31": "100.00000", "2005-09-30": "100.00000", "2005-06-30": "100.00000", "2005-03-31": "0.07940"}, "Net Profit Margin": {"2020-09-30": "-8.18510", "2020-06-30": "1.87750", "2020-03-31": "0.39120", "2019-12-31": "-2.73310", "2019-09-30": "1.55880", "2019-06-30": "1.36670", "2019-03-31": "5.81400", "2018-12-31": "6.25900", "2018-09-30": "7.24210", "2018-06-30": "3.17810", "2018-03-31": "4.01490", "2017-12-31": "-28.91390", "2017-09-30": "5.42640", "2017-06-30": "3.11220", "2017-03-31": "1.53610", "2016-12-31": "3.71250", "2016-09-30": "4.64570", "2016-06-30": "1.42070", "2016-03-31": "0.31080", "2015-12-31": "4.33790", "2015-09-30": "0.85140", "2015-06-30": "2.90080", "2015-03-31": "2.67060", "2014-12-31": "5.14870", "2014-09-30": "20.00000", "2014-06-30": "2.88810", "2014-03-31": "2.79770", "2013-12-31": "4.78290", "2013-09-30": "1.96360", "2013-06-30": "-3.50610", "2013-03-31": "3.34570", "2012-12-31": "1.43180", "2012-09-30": "4.75160", "2012-06-30": "4.31290", "2012-03-31": "2.00290", "2011-12-31": "4.45580", "2011-09-30": "8.25690", "2011-06-30": "3.84890", "2011-03-31": "9.34650", "2010-12-31": "23.67080", "2010-09-30": "12.96670", "2010-06-30": "2.00390", "2010-03-31": "3.98080", "2009-12-31": "8.83190", "2009-09-30": "12.70830", "2009-06-30": "3.63910", "2009-03-31": "-3.45620", "2008-12-31": "-46.14330", "2008-09-30": "2.64620", "2008-06-30": "1.46430", "2008-03-31": "2.16220", "2007-12-31": "-1.57290", "2007-09-30": "2.16870", "2007-06-30": "0.69490", "2007-03-31": "4.66220", "2006-12-31": "34.39830", "2006-09-30": "6.03770", "2006-06-30": "-1.48330", "2006-03-31": "-90.10860", "2005-12-31": "-30.02590", "2005-09-30": "-4.14360", "2005-06-30": "0.19050", "2005-03-31": "0.79430"}, "Asset Turnover": {"2020-09-30": "0.23460", "2020-06-30": "0.21060", "2020-03-31": "0.26440", "2019-12-31": "0.25370", "2019-09-30": "0.26270", "2019-06-30": "0.26380", "2019-03-31": "0.27400", "2018-12-31": "0.28220", "2018-09-30": "0.26380", "2018-06-30": "0.26300", "2018-03-31": "0.26110", "2017-12-31": "0.25610", "2017-09-30": "0.22300", "2017-06-30": "0.21550", "2017-03-31": "0.23150", "2016-12-31": "0.22290", "2016-09-30": "0.21780", "2016-06-30": "0.21970", "2016-03-31": "0.22350", "2015-12-31": "0.23240", "2015-09-30": "0.22320", "2015-06-30": "0.21970", "2015-03-31": "0.22620", "2014-12-31": "0.22300", "2014-09-30": "0.22690", "2014-06-30": "0.21850", "2014-03-31": "0.21860", "2013-12-31": "0.21650", "2013-09-30": "0.23360", "2013-06-30": "0.22620", "2013-03-31": "0.22570", "2012-12-31": "0.21670", "2012-09-30": "0.21980", "2012-06-30": "0.22900", "2012-03-31": "0.23150", "2011-12-31": "0.23330", "2011-09-30": "0.23540", "2011-06-30": "0.23080", "2011-03-31": "0.23170", "2010-12-31": "0.22780", "2010-09-30": "0.24600", "2010-06-30": "0.25570", "2010-03-31": "0.22320", "2009-12-31": "0.21540", "2009-09-30": "0.21950", "2009-06-30": "0.20980", "2009-03-31": "0.21480", "2008-12-31": "0.24000", "2008-09-30": "0.21570", "2008-06-30": "0.21750", "2008-03-31": "0.21910", "2007-12-31": "0.21400", "2007-09-30": "0.20590", "2007-06-30": "0.20070", "2007-03-31": "0.13400", "2006-12-31": "0.23490", "2006-09-30": "", "2006-06-30": "", "2006-03-31": "", "2005-12-31": "0.26030", "2005-09-30": "", "2005-06-30": "", "2005-03-31": "0.26530"}, "Inventory Turnover Ratio": {"2020-09-30": "1.19240", "2020-06-30": "1.09130", "2020-03-31": "1.46350", "2019-12-31": "1.33970", "2019-09-30": "1.30450", "2019-06-30": "1.31110", "2019-03-31": "1.29400", "2018-12-31": "1.39630", "2018-09-30": "1.37180", "2018-06-30": "1.44970", "2018-03-31": "1.41510", "2017-12-31": "1.42540", "2017-09-30": "1.29100", "2017-06-30": "1.27930", "2017-03-31": "1.49450", "2016-12-31": "1.34260", "2016-09-30": "1.25840", "2016-06-30": "1.34530", "2016-03-31": "1.34790", "2015-12-31": "1.31460", "2015-09-30": "1.36620", "2015-06-30": "1.45910", "2015-03-31": "1.50850", "2014-12-31": "1.51260", "2014-09-30": "1.53690", "2014-06-30": "1.52200", "2014-03-31": "1.53190", "2013-12-31": "1.57810", "2013-09-30": "1.58750", "2013-06-30": "1.59590", "2013-03-31": "1.61250", "2012-12-31": "1.56740", "2012-09-30": "1.65910", "2012-06-30": "1.59730", "2012-03-31": "1.60950", "2011-12-31": "1.59360", "2011-09-30": "1.67460", "2011-06-30": "1.72550", "2011-03-31": "1.58790", "2010-12-31": "1.57410", "2010-09-30": "1.64010", "2010-06-30": "1.95940", "2010-03-31": "1.53700", "2009-12-31": "1.48860", "2009-09-30": "1.46930", "2009-06-30": "1.38630", "2009-03-31": "1.21800", "2008-12-31": "1.30220", "2008-09-30": "1.31270", "2008-06-30": "1.44280", "2008-03-31": "1.43380", "2007-12-31": "1.40920", "2007-09-30": "1.26920", "2007-06-30": "1.28290", "2007-03-31": "0.86400", "2006-12-31": "1.25580", "2006-09-30": "", "2006-06-30": "", "2006-03-31": "", "2005-12-31": "3.09790", "2005-09-30": "", "2005-06-30": "", "2005-03-31": "1.34500"}, "Receiveable Turnover": {"2020-09-30": "1.91480", "2020-06-30": "1.77860", "2020-03-31": "2.03830", "2019-12-31": "1.94980", "2019-09-30": "1.91210", "2019-06-30": "1.95110", "2019-03-31": "1.91110", "2018-12-31": "2.00870", "2018-09-30": "1.90130", "2018-06-30": "1.96660", "2018-03-31": "1.86810", "2017-12-31": "1.83380", "2017-09-30": "1.91960", "2017-06-30": "1.93500", "2017-03-31": "1.92320", "2016-12-31": "1.96580", "2016-09-30": "1.95690", "2016-06-30": "1.98280", "2016-03-31": "1.93830", "2015-12-31": "2.04990", "2015-09-30": "2.03790", "2015-06-30": "2.00610", "2015-03-31": "2.00600", "2014-12-31": "2.02200", "2014-09-30": "1.97610", "2014-06-30": "1.89990", "2014-03-31": "1.88380", "2013-12-31": "2.05290", "2013-09-30": "2.17910", "2013-06-30": "2.04360", "2013-03-31": "1.99850", "2012-12-31": "2.17540", "2012-09-30": "1.93450", "2012-06-30": "1.97400", "2012-03-31": "1.88920", "2011-12-31": "1.98120", "2011-09-30": "1.94110", "2011-06-30": "1.91670", "2011-03-31": "1.83610", "2010-12-31": "2.02210", "2010-09-30": "2.11640", "2010-06-30": "2.21950", "2010-03-31": "1.41180", "2009-12-31": "1.47790", "2009-09-30": "1.68820", "2009-06-30": "2.07390", "2009-03-31": "2.34170", "2008-12-31": "2.74860", "2008-09-30": "2.45100", "2008-06-30": "2.57300", "2008-03-31": "2.57740", "2007-12-31": "2.88480", "2007-09-30": "2.74830", "2007-06-30": "2.94790", "2007-03-31": "1.78140", "2006-12-31": "2.76180", "2006-09-30": "", "2006-06-30": "", "2006-03-31": "", "2005-12-31": "4.59920", "2005-09-30": "", "2005-06-30": "", "2005-03-31": "5.57080"}, "Days Sales In Receivables": {"2020-09-30": "47.00180", "2020-06-30": "50.60280", "2020-03-31": "44.15490", "2019-12-31": "46.15760", "2019-09-30": "47.06940", "2019-06-30": "46.12760", "2019-03-31": "47.09300", "2018-12-31": "44.80580", "2018-09-30": "47.33720", "2018-06-30": "45.76500", "2018-03-31": "48.17840", "2017-12-31": "49.07870", "2017-09-30": "46.88370", "2017-06-30": "46.51110", "2017-03-31": "46.79720", "2016-12-31": "45.78200", "2016-09-30": "45.99210", "2016-06-30": "45.39070", "2016-03-31": "46.43360", "2015-12-31": "43.90410", "2015-09-30": "44.16410", "2015-06-30": "44.86260", "2015-03-31": "44.86650", "2014-12-31": "44.51050", "2014-09-30": "45.54450", "2014-06-30": "47.37180", "2014-03-31": "47.77620", "2013-12-31": "43.84110", "2013-09-30": "41.30180", "2013-06-30": "44.03960", "2013-03-31": "45.03350", "2012-12-31": "41.37150", "2012-09-30": "46.52270", "2012-06-30": "45.59210", "2012-03-31": "47.63950", "2011-12-31": "45.42730", "2011-09-30": "46.36560", "2011-06-30": "46.95650", "2011-03-31": "49.01620", "2010-12-31": "44.50840", "2010-09-30": "42.52550", "2010-06-30": "40.54950", "2010-03-31": "63.74740", "2009-12-31": "60.89740", "2009-09-30": "53.31250", "2009-06-30": "43.39650", "2009-03-31": "38.43320", "2008-12-31": "32.74400", "2008-09-30": "36.72000", "2008-06-30": "34.97870", "2008-03-31": "34.91890", "2007-12-31": "31.19780", "2007-09-30": "32.74700", "2007-06-30": "30.53060", "2007-03-31": "50.52330", "2006-12-31": "32.58790", "2006-09-30": "", "2006-06-30": "", "2006-03-31": "", "2005-12-31": "19.56860", "2005-09-30": "", "2005-06-30": "", "2005-03-31": "16.15570"}, "ROE - Return On Equity": {"2020-09-30": "-4.16100", "2020-06-30": "0.83440", "2020-03-31": "0.22930", "2019-12-31": "-1.43100", "2019-09-30": "0.82000", "2019-06-30": "0.68730", "2019-03-31": "3.06750", "2018-12-31": "3.42790", "2018-09-30": "3.87780", "2018-06-30": "1.74940", "2018-03-31": "2.16610", "2017-12-31": "-15.54570", "2017-09-30": "2.42550", "2017-06-30": "1.37180", "2017-03-31": "0.74490", "2016-12-31": "1.75640", "2016-09-30": "2.14230", "2016-06-30": "0.66270", "2016-03-31": "0.14620", "2015-12-31": "2.14930", "2015-09-30": "0.41370", "2015-06-30": "1.37630", "2015-03-31": "1.32840", "2014-12-31": "2.45670", "2014-09-30": "9.56430", "2014-06-30": "1.41540", "2014-03-31": "1.40740", "2013-12-31": "2.33640", "2013-09-30": "1.00710", "2013-06-30": "-1.73450", "2013-03-31": "1.58340", "2012-12-31": "0.66040", "2012-09-30": "2.19710", "2012-06-30": "2.00140", "2012-03-31": "0.93050", "2011-12-31": "2.05250", "2011-09-30": "3.90130", "2011-06-30": "1.69070", "2011-03-31": "4.04500", "2010-12-31": "10.14990", "2010-09-30": "6.79470", "2010-06-30": "1.17340", "2010-03-31": "2.11060", "2009-12-31": "4.65820", "2009-09-30": "7.09300", "2009-06-30": "2.12010", "2009-03-31": "-2.17080", "2008-12-31": "-31.54460", "2008-09-30": "1.34630", "2008-06-30": "0.74600", "2008-03-31": "1.13490", "2007-12-31": "-0.81330", "2007-09-30": "1.12080", "2007-06-30": "0.35550", "2007-03-31": "1.66610", "2006-12-31": "3.12180", "2006-09-30": "", "2006-06-30": "", "2006-03-31": "", "2005-12-31": "-25.79690", "2005-09-30": "", "2005-06-30": "", "2005-03-31": "0.60350"}, "Return On Tangible Equity": {"2020-09-30": "-5.61660", "2020-06-30": "1.10920", "2020-03-31": "0.30860", "2019-12-31": "-1.88570", "2019-09-30": "1.06890", "2019-06-30": "0.88540", "2019-03-31": "3.95840", "2018-12-31": "4.48220", "2018-09-30": "5.08740", "2018-06-30": "2.33190", "2018-03-31": "2.90950", "2017-12-31": "-20.86490", "2017-09-30": "4.17660", "2017-06-30": "2.41120", "2017-03-31": "1.31150", "2016-12-31": "3.09620", "2016-09-30": "3.67370", "2016-06-30": "1.14290", "2016-03-31": "0.25460", "2015-12-31": "3.76980", "2015-09-30": "0.73480", "2015-06-30": "2.38390", "2015-03-31": "2.30620", "2014-12-31": "4.27200", "2014-09-30": "16.55860", "2014-06-30": "2.62640", "2014-03-31": "2.66940", "2013-12-31": "3.24030", "2013-09-30": "1.41730", "2013-06-30": "-2.21150", "2013-03-31": "1.97630", "2012-12-31": "0.82430", "2012-09-30": "2.75460", "2012-06-30": "2.51920", "2012-03-31": "1.14430", "2011-12-31": "2.34170", "2011-09-30": "4.44700", "2011-06-30": "1.72080", "2011-03-31": "4.11640", "2010-12-31": "10.33060", "2010-09-30": "6.93280", "2010-06-30": "1.20160", "2010-03-31": "2.17880", "2009-12-31": "4.81180", "2009-09-30": "7.32880", "2009-06-30": "2.19780", "2009-03-31": "-2.25340", "2008-12-31": "-32.78370", "2008-09-30": "1.56650", "2008-06-30": "0.87270", "2008-03-31": "1.32840", "2007-12-31": "-0.95800", "2007-09-30": "1.18380", "2007-06-30": "0.37530", "2007-03-31": "1.77920", "2006-12-31": "3.13680", "2006-09-30": "", "2006-06-30": "", "2006-03-31": "", "2005-12-31": "-26.74870", "2005-09-30": "", "2005-06-30": "", "2005-03-31": "0.61770"}, "ROA - Return On Assets": {"2020-09-30": "-1.92030", "2020-06-30": "0.39540", "2020-03-31": "0.10350", "2019-12-31": "-0.69350", "2019-09-30": "0.40950", "2019-06-30": "0.36050", "2019-03-31": "1.59300", "2018-12-31": "1.76650", "2018-09-30": "1.91050", "2018-06-30": "0.83580", "2018-03-31": "1.04830", "2017-12-31": "-7.40600", "2017-09-30": "1.21020", "2017-06-30": "0.67050", "2017-03-31": "0.35560", "2016-12-31": "0.82750", "2016-09-30": "1.01200", "2016-06-30": "0.31210", "2016-03-31": "0.06950", "2015-12-31": "1.00810", "2015-09-30": "0.19000", "2015-06-30": "0.63730", "2015-03-31": "0.60400", "2014-12-31": "1.14790", "2014-09-30": "4.53810", "2014-06-30": "0.63100", "2014-03-31": "0.61170", "2013-12-31": "1.03540", "2013-09-30": "0.45880", "2013-06-30": "-0.79300", "2013-03-31": "0.75500", "2012-12-31": "0.31030", "2012-09-30": "1.04450", "2012-06-30": "0.98780", "2012-03-31": "0.46370", "2011-12-31": "1.03940", "2011-09-30": "1.94350", "2011-06-30": "0.88850", "2011-03-31": "2.16580", "2010-12-31": "5.39330", "2010-09-30": "3.18920", "2010-06-30": "0.51230", "2010-03-31": "0.88850", "2009-12-31": "1.90210", "2009-09-30": "2.78960", "2009-06-30": "0.76360", "2009-03-31": "-0.74230", "2008-12-31": "-11.07470", "2008-09-30": "0.57070", "2008-06-30": "0.31850", "2008-03-31": "0.47370", "2007-12-31": "-0.33650", "2007-09-30": "0.44660", "2007-06-30": "0.13940", "2007-03-31": "0.62480", "2006-12-31": "2.27610", "2006-09-30": "", "2006-06-30": "", "2006-03-31": "", "2005-12-31": "-7.81500", "2005-09-30": "", "2005-06-30": "", "2005-03-31": "0.21070"}, "ROI - Return On Investment": {"2020-09-30": "-2.79040", "2020-06-30": "0.56450", "2020-03-31": "0.15230", "2019-12-31": "-1.02600", "2019-09-30": "0.59220", "2019-06-30": "0.52280", "2019-03-31": "2.31150", "2018-12-31": "2.56560", "2018-09-30": "2.70790", "2018-06-30": "1.20750", "2018-03-31": "1.50170", "2017-12-31": "-10.68660", "2017-09-30": "1.72840", "2017-06-30": "0.95650", "2017-03-31": "0.51640", "2016-12-31": "1.20700", "2016-09-30": "1.45210", "2016-06-30": "0.45540", "2016-03-31": "0.10130", "2015-12-31": "1.47590", "2015-09-30": "0.28180", "2015-06-30": "0.96470", "2015-03-31": "0.92570", "2014-12-31": "1.74400", "2014-09-30": "6.78740", "2014-06-30": "0.94430", "2014-03-31": "0.91530", "2013-12-31": "1.51440", "2013-09-30": "0.71370", "2013-06-30": "-1.22540", "2013-03-31": "1.14040", "2012-12-31": "0.47440", "2012-09-30": "1.57140", "2012-06-30": "1.51360", "2012-03-31": "0.70690", "2011-12-31": "1.60150", "2011-09-30": "3.05010", "2011-06-30": "1.34400", "2011-03-31": "3.23360", "2010-12-31": "8.07050", "2010-09-30": "5.06360", "2010-06-30": "0.80980", "2010-03-31": "1.33390", "2009-12-31": "2.84210", "2009-09-30": "4.02110", "2009-06-30": "1.08450", "2009-03-31": "-1.05440", "2008-12-31": "-15.89470", "2008-09-30": "0.80950", "2008-06-30": "0.44950", "2008-03-31": "0.67580", "2007-12-31": "-0.48060", "2007-09-30": "0.64660", "2007-06-30": "0.19930", "2007-03-31": "0.88800", "2006-12-31": "3.08790", "2006-09-30": "", "2006-06-30": "", "2006-03-31": "", "2005-12-31": "-10.49460", "2005-09-30": "", "2005-06-30": "", "2005-03-31": "0.29020"}, "Book Value Per Share": {"2020-09-30": "40.05940", "2020-06-30": "41.25600", "2020-03-31": "39.51800", "2019-12-31": "41.77140", "2019-09-30": "41.32220", "2019-06-30": "41.63360", "2019-03-31": "41.33060", "2018-12-31": "40.34010", "2018-09-30": "40.58820", "2018-06-30": "39.08100", "2018-03-31": "39.67790", "2017-12-31": "39.60380", "2017-09-30": "46.03390", "2017-06-30": "44.21110", "2017-03-31": "42.86950", "2016-12-31": "42.75510", "2016-09-30": "44.00420", "2016-06-30": "43.38660", "2016-03-31": "43.70610", "2015-12-31": "42.19570", "2015-09-30": "42.30840", "2015-06-30": "43.60530", "2015-03-31": "42.54250", "2014-12-31": "45.14920", "2014-09-30": "45.57160", "2014-06-30": "43.47630", "2014-03-31": "43.19430", "2013-12-31": "43.66320", "2013-09-30": "42.14220", "2013-06-30": "41.02340", "2013-03-31": "42.22760", "2012-12-31": "42.01350", "2012-09-30": "43.21800", "2012-06-30": "41.76580", "2012-03-31": "41.66160", "2011-12-31": "41.12810", "2011-09-30": "40.36230", "2011-06-30": "40.42530", "2011-03-31": "40.10150", "2010-12-31": "38.45320", "2010-09-30": "33.25210", "2010-06-30": "31.31150", "2010-03-31": "32.62880", "2009-12-31": "31.64380", "2009-09-30": "30.74940", "2009-06-30": "27.23120", "2009-03-31": "25.12250", "2008-12-31": "25.99470", "2008-09-30": "38.93690", "2008-06-30": "39.27320", "2008-03-31": "40.34050", "2007-12-31": "40.72770", "2007-09-30": "41.43740", "2007-06-30": "40.27660", "2007-03-31": "40.11560", "2006-12-31": "", "2006-09-30": "", "2006-06-30": "", "2006-03-31": "", "2005-12-31": "", "2005-09-30": "", "2005-06-30": "", "2005-03-31": ""}, "Operating Cash Flow Per Share": {"2020-09-30": 2.1971, "2020-06-30": 1.2371, "2020-03-31": "1.56580", "2019-12-31": 2.6282, "2019-09-30": 1.8217, "2019-06-30": 1.8785, "2019-03-31": "0.87030", "2018-12-31": 3.4474, "2018-09-30": 1.1076, "2018-06-30": 2.7939, "2018-03-31": "1.43080", "2017-12-31": 2.0101, "2017-09-30": 1.7698, "2017-06-30": 1.9322, "2017-03-31": "1.44900", "2016-12-31": 2.4721, "2016-09-30": 1.5152, "2016-06-30": 1.8844, "2016-03-31": "1.54460", "2015-12-31": 2.1292, "2015-09-30": 1.107, "2015-06-30": 1.9214, "2015-03-31": "1.98750", "2014-12-31": 2.866, "2014-09-30": 3.1395, "2014-06-30": 1.5942, "2014-03-31": "2.16920", "2013-12-31": 1.7735, "2013-09-30": 1.653, "2013-06-30": 1.8328, "2013-03-31": "0.90260", "2012-12-31": 1.902, "2012-09-30": 2.9397, "2012-06-30": 2.3951, "2012-03-31": "0.40540", "2011-12-31": 2.0279, "2011-09-30": 3.4716, "2011-06-30": 3.7378, "2011-03-31": "1.74530", "2010-12-31": 1.8675, "2010-09-30": 3.1832, "2010-06-30": 7.0244, "2010-03-31": "1.42030", "2009-12-31": 2.1412, "2009-09-30": 2.8046, "2009-06-30": 3.5581, "2009-03-31": "0.66280", "2008-12-31": -0.8605, "2008-09-30": 1.5233, "2008-06-30": 1.3138, "2008-03-31": "0.31410", "2007-12-31": 2.7171, "2007-09-30": 1.6599, "2007-06-30": 1.6874, "2007-03-31": "1.56780", "2006-12-31": 1.2115, "2006-09-30": 0.6338, "2006-06-30": 2.3452, "2006-03-31": "1.50010", "2005-12-31": 4.9486, "2005-09-30": 0, "2005-06-30": 0, "2005-03-31": ""}, "Free Cash Flow Per Share": {"2020-09-30": 1.6865, "2020-06-30": 0.4958, "2020-03-31": "0.46260", "2019-12-31": 1.0198, "2019-09-30": 0.8731, "2019-06-30": 1.0266, "2019-03-31": "0.14240", "2018-12-31": 2.1294, "2018-09-30": 0.3322, "2018-06-30": 2.2577, "2018-03-31": "1.04930", "2017-12-31": 1.0479, "2017-09-30": 1.2647, "2017-06-30": 1.3412, "2017-03-31": "0.90760", "2016-12-31": 1.7703, "2016-09-30": 0.1914, "2016-06-30": -0.016, "2016-03-31": "-0.04780", "2015-12-31": 0.7895, "2015-09-30": 0.4813, "2015-06-30": 0.9761, "2015-03-31": "0.90770", "2014-12-31": 1.6487, "2014-09-30": 2.2719, "2014-06-30": 0.7504, "2014-03-31": "1.47690", "2013-12-31": 0.9712, "2013-09-30": 1.356, "2013-06-30": 0.8919, "2013-03-31": "0.22920", "2012-12-31": 1.6965, "2012-09-30": 1.9859, "2012-06-30": 1.3526, "2012-03-31": "0.01350", "2011-12-31": 1.162, "2011-09-30": 3.1541, "2011-06-30": 3.7246, "2011-03-31": "1.69810", "2010-12-31": 1.3976, "2010-09-30": 2.8744, "2010-06-30": 6.6103, "2010-03-31": "1.14320", "2009-12-31": 1.7361, "2009-09-30": 2.7026, "2009-06-30": 3.3605, "2009-03-31": "0.38370", "2008-12-31": -1.3024, "2008-09-30": 0.9768, "2008-06-30": 0.9068, "2008-03-31": "0.22110", "2007-12-31": 2.1083, "2007-09-30": 1.452, "2007-06-30": 1.6496, "2007-03-31": "1.32660", "2006-12-31": 0.2432, "2006-09-30": 0.3803, "2006-06-30": 1.9226, "2006-03-31": "1.05640", "2005-12-31": 2.1097, "2005-09-30": 0, "2005-06-30": 0, "2005-03-31": ""}}, "revenue": {"Domtar Annual Revenue (Millions of US $)": {"2019": "$5,220", "2018": "$5,455", "2017": "$5,148", "2016": "$5,090", "2015": "$5,264", "2014": "$5,563", "2013": "$5,391", "2012": "$5,482", "2011": "$5,612", "2010": "$5,850", "2009": "$5,465", "2008": "$6,394", "2007": "$5,947", "2006": "$3,306", "2005": "$3,267"}, "Domtar Quarterly Revenue (Millions of US $)": {"2020-09-30": "$1,124", "2020-06-30": "$1,012", "2020-03-31": "$1,278", "2019-12-31": "$1,244", "2019-09-30": "$1,283", "2019-06-30": "$1,317", "2019-03-31": "$1,376", "2018-12-31": "$1,390", "2018-09-30": "$1,367", "2018-06-30": "$1,353", "2018-03-31": "$1,345", "2017-12-31": "$1,335", "2017-09-30": "$1,290", "2017-06-30": "$1,221", "2017-03-31": "$1,302", "2016-12-31": "$1,266", "2016-09-30": "$1,270", "2016-06-30": "$1,267", "2016-03-31": "$1,287", "2015-12-31": "$1,314", "2015-09-30": "$1,292", "2015-06-30": "$1,310", "2015-03-31": "$1,348", "2014-12-31": "$1,379", "2014-09-30": "$1,405", "2014-06-30": "$1,385", "2014-03-31": "$1,394", "2013-12-31": "$1,359", "2013-09-30": "$1,375", "2013-06-30": "$1,312", "2013-03-31": "$1,345", "2012-12-31": "$1,327", "2012-09-30": "$1,389", "2012-06-30": "$1,368", "2012-03-31": "$1,398", "2011-12-31": "$1,369", "2011-09-30": "$1,417", "2011-06-30": "$1,403", "2011-03-31": "$1,423", "2010-12-31": "$1,373", "2010-09-30": "$1,473", "2010-06-30": "$1,547", "2010-03-31": "$1,457", "2009-12-31": "$1,404", "2009-09-30": "$1,440", "2009-06-30": "$1,319", "2009-03-31": "$1,302", "2008-12-31": "$1,465", "2008-09-30": "$1,625", "2008-06-30": "$1,639", "2008-03-31": "$1,665", "2007-12-31": "$1,653", "2007-09-30": "$1,660", "2007-06-30": "$1,583", "2007-03-31": "$1,051", "2006-12-31": "$939", "2006-09-30": "$795", "2006-06-30": "$809", "2006-03-31": "$829", "2005-12-31": "$1,159", "2005-09-30": "$1,086", "2005-06-30": "$1,050", "2005-03-31": "$1,259"}}, "gross-profit": {"Domtar Annual Gross Profit (Millions of US $)": {"2019": "$995", "2018": "$1,152", "2017": "$1,003", "2016": "$1,039", "2015": "$1,117", "2014": "$1,167", "2013": "$1,030", "2012": "$1,161", "2011": "$1,441", "2010": "$1,433", "2009": "$993", "2008": "$1,169", "2007": "$1,190", "2006": "$630", "2005": "$483"}, "Domtar Quarterly Gross Profit (Millions of US $)": {"2020-09-30": "$213", "2020-06-30": "$175", "2020-03-31": "$195", "2019-12-31": "$191", "2019-09-30": "$242", "2019-06-30": "$238", "2019-03-31": "$324", "2018-12-31": "$326", "2018-09-30": "$308", "2018-06-30": "$257", "2018-03-31": "$261", "2017-12-31": "$256", "2017-09-30": "$274", "2017-06-30": "$250", "2017-03-31": "$223", "2016-12-31": "$247", "2016-09-30": "$301", "2016-06-30": "$254", "2016-03-31": "$237", "2015-12-31": "$307", "2015-09-30": "$266", "2015-06-30": "$258", "2015-03-31": "$286", "2014-12-31": "$299", "2014-09-30": "$300", "2014-06-30": "$277", "2014-03-31": "$291", "2013-12-31": "$278", "2013-09-30": "$259", "2013-06-30": "$230", "2013-03-31": "$263", "2012-12-31": "$269", "2012-09-30": "$289", "2012-06-30": "$293", "2012-03-31": "$310", "2011-12-31": "$330", "2011-09-30": "$362", "2011-06-30": "$347", "2011-03-31": "$402", "2010-12-31": "$353", "2010-09-30": "$425", "2010-06-30": "$340", "2010-03-31": "$315", "2009-12-31": "$295", "2009-09-30": "$316", "2009-06-30": "$203", "2009-03-31": "$179", "2008-12-31": "$211", "2008-09-30": "$332", "2008-06-30": "$303", "2008-03-31": "$323", "2007-12-31": "$334", "2007-09-30": "$368", "2007-06-30": "$295", "2007-03-31": "$193", "2006-12-31": "$286", "2006-09-30": "$190", "2006-06-30": "$98", "2006-03-31": "$122", "2005-12-31": "$-740", "2005-09-30": "$1,086", "2005-06-30": "$1,050", "2005-03-31": "$374"}}, "operating-income": {"Domtar Annual Operating Income (Millions of US $)": {"2019": "$163", "2018": "$386", "2017": "$-328", "2016": "$208", "2015": "$288", "2014": "$364", "2013": "$161", "2012": "$367", "2011": "$592", "2010": "$603", "2009": "$615", "2008": "$-437", "2007": "$270", "2006": "$-556", "2005": "$-578"}, "Domtar Quarterly Operating Income (Millions of US $)": {"2020-09-30": "$-136", "2020-06-30": "$14", "2020-03-31": "$19", "2019-12-31": "$-15", "2019-09-30": "$29", "2019-06-30": "$34", "2019-03-31": "$115", "2018-12-31": "$133", "2018-09-30": "$114", "2018-06-30": "$62", "2018-03-31": "$77", "2017-12-31": "$-513", "2017-09-30": "$85", "2017-06-30": "$62", "2017-03-31": "$38", "2016-12-31": "$59", "2016-09-30": "$92", "2016-06-30": "$39", "2016-03-31": "$18", "2015-12-31": "$94", "2015-09-30": "$61", "2015-06-30": "$62", "2015-03-31": "$71", "2014-12-31": "$86", "2014-09-30": "$120", "2014-06-30": "$79", "2014-03-31": "$79", "2013-12-31": "$93", "2013-09-30": "$49", "2013-06-30": "$-30", "2013-03-31": "$49", "2012-12-31": "$43", "2012-09-30": "$109", "2012-06-30": "$106", "2012-03-31": "$109", "2011-12-31": "$99", "2011-09-30": "$187", "2011-06-30": "$95", "2011-03-31": "$211", "2010-12-31": "$155", "2010-09-30": "$236", "2010-06-30": "$96", "2010-03-31": "$116", "2009-12-31": "$203", "2009-09-30": "$295", "2009-06-30": "$139", "2009-03-31": "$-22", "2008-12-31": "$-719", "2008-09-30": "$108", "2008-06-30": "$80", "2008-03-31": "$94", "2007-12-31": "$7", "2007-09-30": "$123", "2007-06-30": "$69", "2007-03-31": "$71", "2006-12-31": "$939", "2006-09-30": "$69", "2006-06-30": "$-21", "2006-03-31": "$-747", "2005-12-31": "$-1,678", "2005-09-30": "$1,086", "2005-06-30": "$1,050", "2005-03-31": "$251"}}, "ebitda": {"Domtar Annual EBITDA (Millions of US $)": {"2019": "$456", "2018": "$694", "2017": "$-7", "2016": "$585", "2015": "$724", "2014": "$748", "2013": "$537", "2012": "$752", "2011": "$968", "2010": "$998", "2009": "$1,020", "2008": "$351", "2007": "$745", "2006": "$504", "2005": "$-220"}, "Domtar Quarterly EBITDA (Millions of US $)": {"2020-09-30": "$-65", "2020-06-30": "$85", "2020-03-31": "$91", "2019-12-31": "$59", "2019-09-30": "$101", "2019-06-30": "$108", "2019-03-31": "$188", "2018-12-31": "$208", "2018-09-30": "$189", "2018-06-30": "$141", "2018-03-31": "$156", "2017-12-31": "$-431", "2017-09-30": "$165", "2017-06-30": "$141", "2017-03-31": "$118", "2016-12-31": "$144", "2016-09-30": "$184", "2016-06-30": "$150", "2016-03-31": "$107", "2015-12-31": "$260", "2015-09-30": "$150", "2015-06-30": "$153", "2015-03-31": "$161", "2014-12-31": "$179", "2014-09-30": "$216", "2014-06-30": "$175", "2014-03-31": "$178", "2013-12-31": "$188", "2013-09-30": "$142", "2013-06-30": "$63", "2013-03-31": "$144", "2012-12-31": "$139", "2012-09-30": "$205", "2012-06-30": "$202", "2012-03-31": "$206", "2011-12-31": "$194", "2011-09-30": "$280", "2011-06-30": "$190", "2011-03-31": "$304", "2010-12-31": "$250", "2010-09-30": "$333", "2010-06-30": "$197", "2010-03-31": "$218", "2009-12-31": "$304", "2009-09-30": "$396", "2009-06-30": "$243", "2009-03-31": "$77", "2008-12-31": "$-284", "2008-09-30": "$227", "2008-06-30": "$198", "2008-03-31": "$210", "2007-12-31": "$144", "2007-09-30": "$251", "2007-06-30": "$201", "2007-03-31": "$149", "2006-12-31": "$-519", "2006-09-30": "$146", "2006-06-30": "$55", "2006-03-31": "$78", "2005-12-31": "$-1,678", "2005-09-30": "$1,086", "2005-06-30": "$1,050", "2005-03-31": "$251"}}, "net-income": {"Domtar Annual Net Income (Millions of US $)": {"2019": "$84", "2018": "$283", "2017": "$-258", "2016": "$128", "2015": "$142", "2014": "$431", "2013": "$91", "2012": "$172", "2011": "$365", "2010": "$605", "2009": "$310", "2008": "$-573", "2007": "$70", "2006": "$-609", "2005": "$-478"}, "Domtar Quarterly Net Income (Millions of US $)": {"2020-09-30": "$-92", "2020-06-30": "$19", "2020-03-31": "$5", "2019-12-31": "$-34", "2019-09-30": "$20", "2019-06-30": "$18", "2019-03-31": "$80", "2018-12-31": "$87", "2018-09-30": "$99", "2018-06-30": "$43", "2018-03-31": "$54", "2017-12-31": "$-386", "2017-09-30": "$70", "2017-06-30": "$38", "2017-03-31": "$20", "2016-12-31": "$47", "2016-09-30": "$59", "2016-06-30": "$18", "2016-03-31": "$4", "2015-12-31": "$57", "2015-09-30": "$11", "2015-06-30": "$38", "2015-03-31": "$36", "2014-12-31": "$71", "2014-09-30": "$281", "2014-06-30": "$40", "2014-03-31": "$39", "2013-12-31": "$65", "2013-09-30": "$27", "2013-06-30": "$-46", "2013-03-31": "$45", "2012-12-31": "$19", "2012-09-30": "$66", "2012-06-30": "$59", "2012-03-31": "$28", "2011-12-31": "$61", "2011-09-30": "$117", "2011-06-30": "$54", "2011-03-31": "$133", "2010-12-31": "$325", "2010-09-30": "$191", "2010-06-30": "$31", "2010-03-31": "$58", "2009-12-31": "$124", "2009-09-30": "$183", "2009-06-30": "$48", "2009-03-31": "$-45", "2008-12-31": "$-676", "2008-09-30": "$43", "2008-06-30": "$24", "2008-03-31": "$36", "2007-12-31": "$-26", "2007-09-30": "$36", "2007-06-30": "$11", "2007-03-31": "$49", "2006-12-31": "$323", "2006-09-30": "$48", "2006-06-30": "$-12", "2006-03-31": "$-747", "2005-12-31": "$-348", "2005-09-30": "$-45", "2005-06-30": "$2", "2005-03-31": "$10"}}, "eps-earnings-per-share-diluted": {"Domtar Annual EPS": {"2019": "$1.37", "2018": "$4.48", "2017": "$-4.11", "2016": "$2.04", "2015": "$2.24", "2014": "$6.64", "2013": "$1.36", "2012": "$2.39", "2011": "$4.54", "2010": "$7.00", "2009": "$3.59", "2008": "$-6.67", "2007": "$0.88", "2006": "$-12.85", "2005": "$-10.08"}, "Domtar Quarterly EPS": {"2020-09-30": "$-1.67", "2020-06-30": "$0.34", "2020-03-31": "$0.09", "2019-12-31": "$-0.50", "2019-09-30": "$0.32", "2019-06-30": "$0.28", "2019-03-31": "$1.27", "2018-12-31": "$1.37", "2018-09-30": "$1.57", "2018-06-30": "$0.68", "2018-03-31": "$0.86", "2017-12-31": "$-6.15", "2017-09-30": "$1.11", "2017-06-30": "$0.61", "2017-03-31": "$0.32", "2016-12-31": "$0.75", "2016-09-30": "$0.94", "2016-06-30": "$0.29", "2016-03-31": "$0.06", "2015-12-31": "$0.91", "2015-09-30": "$0.17", "2015-06-30": "$0.60", "2015-03-31": "$0.56", "2014-12-31": "$1.10", "2014-09-30": "$4.33", "2014-06-30": "$0.61", "2014-03-31": "$0.60", "2013-12-31": "$1.00", "2013-09-30": "$0.41", "2013-06-30": "$-0.69", "2013-03-31": "$0.65", "2012-12-31": "$0.29", "2012-09-30": "$0.92", "2012-06-30": "$0.81", "2012-03-31": "$0.38", "2011-12-31": "$0.85", "2011-09-30": "$1.48", "2011-06-30": "$0.65", "2011-03-31": "$1.57", "2010-12-31": "$3.76", "2010-09-30": "$2.22", "2010-06-30": "$0.36", "2010-03-31": "$0.67", "2009-12-31": "$1.44", "2009-09-30": "$2.12", "2009-06-30": "$0.56", "2009-03-31": "$-0.53", "2008-12-31": "$-7.87", "2008-09-30": "$0.50", "2008-06-30": "$0.28", "2008-03-31": "$0.42", "2007-12-31": "$-0.50", "2007-09-30": "$0.42", "2007-06-30": "$0.12", "2007-03-31": "$0.84", "2006-12-31": "$8.40", "2006-09-30": "$1.02", "2006-06-30": "$-0.24", "2006-03-31": "$-15.79", "2005-12-31": "$-9.06", "2005-09-30": "$-1.20", "2005-06-30": "$0.06", "2005-03-31": "$0.24"}}, "shares-outstanding": {"Domtar Annual Shares Outstanding (Millions of Shares)": {"2019": "61", "2018": "63", "2017": "63", "2016": "63", "2015": "63", "2014": "65", "2013": "67", "2012": "72", "2011": "80", "2010": "86", "2009": "86", "2008": "86", "2007": "79", "2006": "47", "2005": "47"}, "Domtar Quarterly Shares Outstanding (Millions of Shares)": {"2020-09-30": "55", "2020-06-30": "55", "2020-03-31": "56", "2019-12-31": "61", "2019-09-30": "62", "2019-06-30": "63", "2019-03-31": "63", "2018-12-31": "63", "2018-09-30": "63", "2018-06-30": "63", "2018-03-31": "63", "2017-12-31": "63", "2017-09-30": "63", "2017-06-30": "63", "2017-03-31": "63", "2016-12-31": "63", "2016-09-30": "63", "2016-06-30": "63", "2016-03-31": "63", "2015-12-31": "63", "2015-09-30": "63", "2015-06-30": "64", "2015-03-31": "64", "2014-12-31": "65", "2014-09-30": "65", "2014-06-30": "65", "2014-03-31": "65", "2013-12-31": "67", "2013-09-30": "65", "2013-06-30": "67", "2013-03-31": "70", "2012-12-31": "72", "2012-09-30": "72", "2012-06-30": "73", "2012-03-31": "74", "2011-12-31": "80", "2011-09-30": "79", "2011-06-30": "83", "2011-03-31": "85", "2010-12-31": "86", "2010-09-30": "86", "2010-06-30": "87", "2010-03-31": "87", "2009-12-31": "86", "2009-09-30": "86", "2009-06-30": "86", "2009-03-31": "86", "2008-12-31": "86", "2008-09-30": "86", "2008-06-30": "86", "2008-03-31": "86", "2007-12-31": "79", "2007-09-30": "86", "2007-06-30": "86", "2007-03-31": "58", "2006-12-31": "38", "2006-09-30": "47", "2006-06-30": "47", "2006-03-31": "47", "2005-12-31": "38", "2005-09-30": "38", "2005-06-30": "38", "2005-03-31": "42"}}, "total-assets": {"Domtar Annual Total Assets (Millions of US $)": {"2019": "$4,903", "2018": "$4,925", "2017": "$5,212", "2016": "$5,680", "2015": "$5,654", "2014": "$6,185", "2013": "$6,278", "2012": "$6,123", "2011": "$5,869", "2010": "$6,026", "2009": "$6,519", "2008": "$6,104", "2007": "$7,726", "2006": "$3,998", "2005": "$4,453"}, "Domtar Quarterly Total Assets (Millions of US $)": {"2020-09-30": "$4,791", "2020-06-30": "$4,805", "2020-03-31": "$4,833", "2019-12-31": "$4,903", "2019-09-30": "$4,884", "2019-06-30": "$4,993", "2019-03-31": "$5,022", "2018-12-31": "$4,925", "2018-09-30": "$5,182", "2018-06-30": "$5,145", "2018-03-31": "$5,151", "2017-12-31": "$5,212", "2017-09-30": "$5,784", "2017-06-30": "$5,667", "2017-03-31": "$5,625", "2016-12-31": "$5,680", "2016-09-30": "$5,830", "2016-06-30": "$5,768", "2016-03-31": "$5,759", "2015-12-31": "$5,654", "2015-09-30": "$5,789", "2015-06-30": "$5,963", "2015-03-31": "$5,960", "2014-12-31": "$6,185", "2014-09-30": "$6,192", "2014-06-30": "$6,339", "2014-03-31": "$6,376", "2013-12-31": "$6,278", "2013-09-30": "$5,885", "2013-06-30": "$5,801", "2013-03-31": "$5,960", "2012-12-31": "$6,123", "2012-09-30": "$6,319", "2012-06-30": "$5,973", "2012-03-31": "$6,038", "2011-12-31": "$5,869", "2011-09-30": "$6,020", "2011-06-30": "$6,078", "2011-03-31": "$6,141", "2010-12-31": "$6,026", "2010-09-30": "$5,989", "2010-06-30": "$6,051", "2010-03-31": "$6,528", "2009-12-31": "$6,519", "2009-09-30": "$6,560", "2009-06-30": "$6,286", "2009-03-31": "$6,062", "2008-12-31": "$6,104", "2008-09-30": "$7,534", "2008-06-30": "$7,536", "2008-03-31": "$7,599", "2007-12-31": "$7,726", "2007-09-30": "$8,061", "2007-06-30": "$7,889", "2007-03-31": "$7,842", "2006-12-31": "$3,998", "2006-09-30": "$0", "2006-06-30": "$0", "2006-03-31": "$0", "2005-12-31": "$4,453", "2005-09-30": "$0", "2005-06-30": "$0", "2005-03-31": "$4,745"}}, "cash-on-hand": {"Domtar Annual Cash on Hand (Millions of US $)": {"2019": "$61", "2018": "$111", "2017": "$139", "2016": "$125", "2015": "$126", "2014": "$174", "2013": "$655", "2012": "$661", "2011": "$444", "2010": "$530", "2009": "$324", "2008": "$16", "2007": "$71", "2006": "$1", "2005": "$71"}, "Domtar Quarterly Cash on Hand (Millions of US $)": {"2020-09-30": "$218", "2020-06-30": "$124", "2020-03-31": "$152", "2019-12-31": "$61", "2019-09-30": "$98", "2019-06-30": "$93", "2019-03-31": "$94", "2018-12-31": "$111", "2018-09-30": "$256", "2018-06-30": "$264", "2018-03-31": "$152", "2017-12-31": "$139", "2017-09-30": "$143", "2017-06-30": "$124", "2017-03-31": "$111", "2016-12-31": "$125", "2016-09-30": "$168", "2016-06-30": "$111", "2016-03-31": "$97", "2015-12-31": "$126", "2015-09-30": "$128", "2015-06-30": "$207", "2015-03-31": "$183", "2014-12-31": "$174", "2014-09-30": "$134", "2014-06-30": "$85", "2014-03-31": "$130", "2013-12-31": "$655", "2013-09-30": "$191", "2013-06-30": "$432", "2013-03-31": "$513", "2012-12-31": "$661", "2012-09-30": "$593", "2012-06-30": "$276", "2012-03-31": "$315", "2011-12-31": "$444", "2011-09-30": "$461", "2011-06-30": "$742", "2011-03-31": "$604", "2010-12-31": "$530", "2010-09-30": "$537", "2010-06-30": "$514", "2010-03-31": "$314", "2009-12-31": "$324", "2009-09-30": "$433", "2009-06-30": "$381", "2009-03-31": "$145", "2008-12-31": "$16", "2008-09-30": "$127", "2008-06-30": "$61", "2008-03-31": "$57", "2007-12-31": "$71", "2007-09-30": "$136", "2007-06-30": "$80", "2007-03-31": "$110", "2006-12-31": "$1", "2006-09-30": "", "2006-06-30": "", "2006-03-31": "", "2005-12-31": "$71", "2005-09-30": "", "2005-06-30": "", "2005-03-31": "$38"}}, "long-term-debt": {"Domtar Annual Long Term Debt (Millions of US $)": {"2019": "$938", "2018": "$853", "2017": "$1,129", "2016": "$1,218", "2015": "$1,210", "2014": "$1,181", "2013": "$1,510", "2012": "$1,128", "2011": "$837", "2010": "$825", "2009": "$1,701", "2008": "$2,110", "2007": "$2,213", "2006": "$32", "2005": "$1,936"}, "Domtar Quarterly Long Term Debt (Millions of US $)": {"2020-09-30": "$1,086", "2020-06-30": "$1,089", "2020-03-31": "$1,102", "2019-12-31": "$938", "2019-09-30": "$938", "2019-06-30": "$824", "2019-03-31": "$853", "2018-12-31": "$853", "2018-09-30": "$1,103", "2018-06-30": "$1,103", "2018-03-31": "$1,103", "2017-12-31": "$1,129", "2017-09-30": "$1,164", "2017-06-30": "$1,203", "2017-03-31": "$1,188", "2016-12-31": "$1,218", "2016-09-30": "$1,309", "2016-06-30": "$1,237", "2016-03-31": "$1,211", "2015-12-31": "$1,210", "2015-09-30": "$1,245", "2015-06-30": "$1,178", "2015-03-31": "$1,179", "2014-12-31": "$1,181", "2014-09-30": "$1,202", "2014-06-30": "$1,410", "2014-03-31": "$1,490", "2013-12-31": "$1,510", "2013-09-30": "$1,102", "2013-06-30": "$1,102", "2013-03-31": "$1,104", "2012-12-31": "$1,128", "2012-09-30": "$1,196", "2012-06-30": "$950", "2012-03-31": "$952", "2011-12-31": "$837", "2011-09-30": "$837", "2011-06-30": "$824", "2011-03-31": "$825", "2010-12-31": "$825", "2010-09-30": "$961", "2010-06-30": "$1,186", "2010-03-31": "$1,600", "2009-12-31": "$1,701", "2009-09-30": "$1,971", "2009-06-30": "$2,162", "2009-03-31": "$2,195", "2008-12-31": "$2,110", "2008-09-30": "$2,118", "2008-06-30": "$2,122", "2008-03-31": "$2,155", "2007-12-31": "$2,213", "2007-09-30": "$2,356", "2007-06-30": "$2,425", "2007-03-31": "$2,577", "2006-12-31": "$32", "2006-09-30": "", "2006-06-30": "", "2006-03-31": "", "2005-12-31": "$1,936", "2005-09-30": "", "2005-06-30": "", "2005-03-31": "$1,757"}}, "total-liabilities": {"Domtar Annual Total Liabilities (Millions of US $)": {"2019": "$2,527", "2018": "$2,387", "2017": "$2,729", "2016": "$3,004", "2015": "$3,002", "2014": "$3,295", "2013": "$3,496", "2012": "$3,246", "2011": "$2,897", "2010": "$2,824", "2009": "$3,857", "2008": "$3,961", "2007": "$4,529", "2006": "$1,083", "2005": "$3,073"}, "Domtar Quarterly Total Liabilities (Millions of US $)": {"2020-09-30": "$2,580", "2020-06-30": "$2,528", "2020-03-31": "$2,652", "2019-12-31": "$2,527", "2019-09-30": "$2,445", "2019-06-30": "$2,374", "2019-03-31": "$2,414", "2018-12-31": "$2,387", "2018-09-30": "$2,629", "2018-06-30": "$2,687", "2018-03-31": "$2,658", "2017-12-31": "$2,729", "2017-09-30": "$2,898", "2017-06-30": "$2,897", "2017-03-31": "$2,940", "2016-12-31": "$3,004", "2016-09-30": "$3,076", "2016-06-30": "$3,052", "2016-03-31": "$3,023", "2015-12-31": "$3,002", "2015-09-30": "$3,130", "2015-06-30": "$3,202", "2015-03-31": "$3,250", "2014-12-31": "$3,295", "2014-09-30": "$3,254", "2014-06-30": "$3,513", "2014-03-31": "$3,605", "2013-12-31": "$3,496", "2013-09-30": "$3,204", "2013-06-30": "$3,149", "2013-03-31": "$3,118", "2012-12-31": "$3,246", "2012-09-30": "$3,315", "2012-06-30": "$3,025", "2012-03-31": "$3,029", "2011-12-31": "$2,897", "2011-09-30": "$3,021", "2011-06-30": "$2,884", "2011-03-31": "$2,853", "2010-12-31": "$2,824", "2010-09-30": "$3,178", "2010-06-30": "$3,409", "2010-03-31": "$3,780", "2009-12-31": "$3,857", "2009-09-30": "$3,980", "2009-06-30": "$4,022", "2009-03-31": "$3,989", "2008-12-31": "$3,961", "2008-09-30": "$4,340", "2008-06-30": "$4,319", "2008-03-31": "$4,427", "2007-12-31": "$4,529", "2007-09-30": "$4,849", "2007-06-30": "$4,795", "2007-03-31": "$4,901", "2006-12-31": "$1,083", "2006-09-30": "", "2006-06-30": "", "2006-03-31": "", "2005-12-31": "$3,073", "2005-09-30": "", "2005-06-30": "", "2005-03-31": "$3,056"}}, "total-share-holder-equity": {"Domtar Annual Share Holder Equity (Millions of US $)": {"2019": "$2,376", "2018": "$2,538", "2017": "$2,483", "2016": "$2,676", "2015": "$2,652", "2014": "$2,890", "2013": "$2,782", "2012": "$2,877", "2011": "$2,972", "2010": "$3,202", "2009": "$2,662", "2008": "$2,143", "2007": "$3,197", "2006": "$2,915", "2005": "$1,380"}, "Domtar Quarterly Share Holder Equity (Millions of US $)": {"2020-09-30": "$2,211", "2020-06-30": "$2,277", "2020-03-31": "$2,181", "2019-12-31": "$2,376", "2019-09-30": "$2,439", "2019-06-30": "$2,619", "2019-03-31": "$2,608", "2018-12-31": "$2,538", "2018-09-30": "$2,553", "2018-06-30": "$2,458", "2018-03-31": "$2,493", "2017-12-31": "$2,483", "2017-09-30": "$2,886", "2017-06-30": "$2,770", "2017-03-31": "$2,685", "2016-12-31": "$2,676", "2016-09-30": "$2,754", "2016-06-30": "$2,716", "2016-03-31": "$2,736", "2015-12-31": "$2,652", "2015-09-30": "$2,659", "2015-06-30": "$2,761", "2015-03-31": "$2,710", "2014-12-31": "$2,890", "2014-09-30": "$2,938", "2014-06-30": "$2,826", "2014-03-31": "$2,771", "2013-12-31": "$2,782", "2013-09-30": "$2,681", "2013-06-30": "$2,652", "2013-03-31": "$2,842", "2012-12-31": "$2,877", "2012-09-30": "$3,004", "2012-06-30": "$2,948", "2012-03-31": "$3,009", "2011-12-31": "$2,972", "2011-09-30": "$2,999", "2011-06-30": "$3,194", "2011-03-31": "$3,288", "2010-12-31": "$3,202", "2010-09-30": "$2,811", "2010-06-30": "$2,642", "2010-03-31": "$2,748", "2009-12-31": "$2,662", "2009-09-30": "$2,580", "2009-06-30": "$2,264", "2009-03-31": "$2,073", "2008-12-31": "$2,143", "2008-09-30": "$3,194", "2008-06-30": "$3,217", "2008-03-31": "$3,172", "2007-12-31": "$3,197", "2007-09-30": "$3,212", "2007-06-30": "$3,094", "2007-03-31": "$2,941", "2006-12-31": "$2,915", "2006-09-30": "", "2006-06-30": "", "2006-03-31": "", "2005-12-31": "$1,380", "2005-09-30": "", "2005-06-30": "", "2005-03-31": "$1,689"}}, "profit-margins": {"current": "-2.19%"}, "gross margin": {"2020-09-30": "16.62%", "2020-06-30": "16.67%", "2020-03-31": "16.91%", "2019-12-31": "19.06%", "2019-09-30": "21.06%", "2019-06-30": "21.94%", "2019-03-31": "22.15%", "2018-12-31": "21.12%", "2018-09-30": "20.04%", "2018-06-30": "19.69%", "2018-03-31": "20.05%", "2017-12-31": "19.48%", "2017-09-30": "19.57%", "2017-06-30": "20.18%", "2017-03-31": "20.08%", "2016-12-31": "20.41%", "2016-09-30": "21.39%", "2016-06-30": "20.62%", "2016-03-31": "20.53%", "2015-12-31": "21.22%", "2015-09-30": "20.81%", "2015-06-30": "21.00%", "2015-03-31": "21.06%", "2014-12-31": "20.98%", "2014-09-30": "20.67%", "2014-06-30": "20.04%", "2014-03-31": "19.45%", "2013-12-31": "19.11%", "2013-09-30": "19.05%", "2013-06-30": "19.56%", "2013-03-31": "20.52%", "2012-12-31": "21.18%", "2012-09-30": "22.12%", "2012-06-30": "23.32%", "2012-03-31": "24.15%", "2011-12-31": "25.68%", "2011-09-30": "26.07%", "2011-06-30": "26.92%", "2011-03-31": "26.13%", "2010-12-31": "24.50%", "2010-09-30": "23.38%", "2010-06-30": "21.65%", "2010-03-31": "20.09%", "2009-12-31": "18.17%", "2009-09-30": "16.45%", "2009-06-30": "16.20%", "2009-03-31": "17.00%", "2008-12-31": "18.28%", "2008-09-30": "19.63%", "2008-06-30": "20.07%", "2008-03-31": "20.12%", "2007-12-31": "20.01%", "2007-09-30": "21.82%", "2007-06-30": "22.07%", "2007-03-31": "21.34%", "2006-12-31": "20.64%", "2006-09-30": "-9.19%", "2006-06-30": "14.58%", "2006-03-31": "36.81%", "2005-12-31": "38.87%"}, "operating margin": {"2020-09-30": "-2.53%", "2020-06-30": "0.98%", "2020-03-31": "1.31%", "2019-12-31": "3.12%", "2019-09-30": "5.80%", "2019-06-30": "7.27%", "2019-03-31": "7.73%", "2018-12-31": "7.08%", "2018-09-30": "-4.81%", "2018-06-30": "-5.43%", "2018-03-31": "-5.57%", "2017-12-31": "-6.37%", "2017-09-30": "4.80%", "2017-06-30": "4.96%", "2017-03-31": "4.47%", "2016-12-31": "4.09%", "2016-09-30": "4.73%", "2016-06-30": "4.11%", "2016-03-31": "4.52%", "2015-12-31": "5.47%", "2015-09-30": "5.25%", "2015-06-30": "6.23%", "2015-03-31": "6.45%", "2014-12-31": "6.54%", "2014-09-30": "6.69%", "2014-06-30": "5.44%", "2014-03-31": "3.51%", "2013-12-31": "2.99%", "2013-09-30": "2.07%", "2013-06-30": "3.18%", "2013-03-31": "5.65%", "2012-12-31": "6.69%", "2012-09-30": "7.66%", "2012-06-30": "9.02%", "2012-03-31": "8.77%", "2011-12-31": "10.55%", "2011-09-30": "11.54%", "2011-06-30": "12.29%", "2011-03-31": "12.00%", "2010-12-31": "10.31%", "2010-09-30": "11.07%", "2010-06-30": "12.14%", "2010-03-31": "13.40%", "2009-12-31": "11.25%", "2009-09-30": "-5.56%", "2009-06-30": "-8.65%", "2009-03-31": "-9.17%", "2008-12-31": "-6.83%", "2008-09-30": "4.39%", "2008-06-30": "4.59%", "2008-03-31": "4.47%", "2007-12-31": "4.54%", "2007-09-30": "22.97%", "2007-06-30": "26.28%", "2007-03-31": "29.44%", "2006-12-31": "7.12%", "2006-09-30": "-66.17%", "2006-06-30": "-35.02%", "2006-03-31": "-7.01%", "2005-12-31": "15.57%"}, "ebitda margin": {"2020-09-30": "3.65%", "2020-06-30": "6.98%", "2020-03-31": "7.01%", "2019-12-31": "8.74%", "2019-09-30": "11.27%", "2019-06-30": "12.72%", "2019-03-31": "13.23%", "2018-12-31": "12.72%", "2018-09-30": "1.02%", "2018-06-30": "0.58%", "2018-03-31": "0.60%", "2017-12-31": "-0.14%", "2017-09-30": "11.18%", "2017-06-30": "11.60%", "2017-03-31": "11.67%", "2016-12-31": "11.49%", "2016-09-30": "13.64%", "2016-06-30": "12.93%", "2016-03-31": "12.88%", "2015-12-31": "13.75%", "2015-09-30": "12.07%", "2015-06-30": "13.03%", "2015-03-31": "13.25%", "2014-12-31": "13.45%", "2014-09-30": "13.66%", "2014-06-30": "12.39%", "2014-03-31": "10.50%", "2013-12-31": "9.96%", "2013-09-30": "9.11%", "2013-06-30": "10.25%", "2013-03-31": "12.71%", "2012-12-31": "13.72%", "2012-09-30": "14.61%", "2012-06-30": "15.89%", "2012-03-31": "15.57%", "2011-12-31": "17.25%", "2011-09-30": "18.23%", "2011-06-30": "18.99%", "2011-03-31": "18.64%", "2010-12-31": "17.06%", "2010-09-30": "17.89%", "2010-06-30": "19.07%", "2010-03-31": "20.66%", "2009-12-31": "18.66%", "2009-09-30": "7.82%", "2009-06-30": "4.61%", "2009-03-31": "3.61%", "2008-12-31": "5.49%", "2008-09-30": "11.84%", "2008-06-30": "12.14%", "2008-03-31": "12.28%", "2007-12-31": "12.53%", "2007-09-30": "1.57%", "2007-06-30": "-0.53%", "2007-03-31": "-4.70%", "2006-12-31": "-7.12%", "2006-09-30": "-38.95%", "2006-06-30": "-11.82%", "2006-03-31": "13.00%", "2005-12-31": "15.57%"}, "pre tax profit margin": {"2020-09-30": "-4.12%", "2020-06-30": "-0.56%", "2020-03-31": "-0.16%", "2019-12-31": "1.69%", "2019-09-30": "5.03%", "2019-06-30": "6.50%", "2019-03-31": "6.96%", "2018-12-31": "6.27%", "2018-09-30": "-5.72%", "2018-06-30": "-6.37%", "2018-03-31": "-6.61%", "2017-12-31": "-7.44%", "2017-09-30": "3.98%", "2017-06-30": "4.03%", "2017-03-31": "3.55%", "2016-12-31": "3.08%", "2016-09-30": "3.44%", "2016-06-30": "1.92%", "2016-03-31": "2.15%", "2015-12-31": "2.96%", "2015-09-30": "2.59%", "2015-06-30": "4.34%", "2015-03-31": "4.57%", "2014-12-31": "4.69%", "2014-09-30": "4.93%", "2014-06-30": "3.74%", "2014-03-31": "1.88%", "2013-12-31": "1.34%", "2013-09-30": "0.41%", "2013-06-30": "1.54%", "2013-03-31": "4.09%", "2012-12-31": "4.30%", "2012-09-30": "5.32%", "2012-06-30": "6.61%", "2012-03-31": "6.32%", "2011-12-31": "9.00%", "2011-09-30": "9.83%", "2011-06-30": "10.61%", "2011-03-31": "9.53%", "2010-12-31": "7.66%", "2010-09-30": "8.30%", "2010-06-30": "9.18%", "2010-03-31": "11.16%", "2009-12-31": "8.97%", "2009-09-30": "-7.55%", "2009-06-30": "-10.59%", "2009-03-31": "-11.24%", "2008-12-31": "-8.91%", "2008-09-30": "1.72%", "2008-06-30": "1.74%", "2008-03-31": "1.43%", "2007-12-31": "1.66%", "2007-09-30": "20.94%", "2007-06-30": "24.95%", "2007-03-31": "29.13%", "2006-12-31": "7.12%", "2006-09-30": "12.81%", "2006-06-30": "38.04%", "2006-03-31": "61.78%", "2005-12-31": "72.38%"}, "net profit margin": {"2020-09-30": "-2.19%", "2020-06-30": "0.21%", "2020-03-31": "0.18%", "2019-12-31": "1.61%", "2019-09-30": "3.82%", "2019-06-30": "5.21%", "2019-03-31": "5.63%", "2018-12-31": "5.19%", "2018-09-30": "-3.52%", "2018-06-30": "-4.11%", "2018-03-31": "-4.32%", "2017-12-31": "-5.01%", "2017-09-30": "3.45%", "2017-06-30": "3.24%", "2017-03-31": "2.82%", "2016-12-31": "2.51%", "2016-09-30": "2.69%", "2016-06-30": "1.74%", "2016-03-31": "2.11%", "2015-12-31": "2.70%", "2015-09-30": "2.93%", "2015-06-30": "7.83%", "2015-03-31": "7.76%", "2014-12-31": "7.75%", "2014-09-30": "7.67%", "2014-06-30": "3.10%", "2014-03-31": "1.56%", "2013-12-31": "1.69%", "2013-09-30": "0.84%", "2013-06-30": "1.56%", "2013-03-31": "3.48%", "2012-12-31": "3.14%", "2012-09-30": "3.87%", "2012-06-30": "4.77%", "2012-03-31": "4.65%", "2011-12-31": "6.50%", "2011-09-30": "11.20%", "2011-06-30": "12.39%", "2011-03-31": "11.69%", "2010-12-31": "10.34%", "2010-09-30": "6.87%", "2010-06-30": "6.77%", "2010-03-31": "7.35%", "2009-12-31": "5.67%", "2009-09-30": "-8.87%", "2009-06-30": "-11.03%", "2009-03-31": "-10.84%", "2008-12-31": "-8.96%", "2008-09-30": "1.17%", "2008-06-30": "1.06%", "2008-03-31": "0.87%", "2007-12-31": "1.18%", "2007-09-30": "8.01%", "2007-06-30": "9.87%", "2007-03-31": "11.35%", "2006-12-31": "-11.51%", "2006-09-30": "-29.48%", "2006-06-30": "-29.67%", "2006-03-31": "-27.59%", "2005-12-31": "-8.37%"}, "pe ratio": {"current": "39.37", "2021-02-05": "0.00", "2020-09-30": "0.00", "2020-06-30": "131.94", "2020-03-31": "211.53", "2019-12-31": "29.20", "2019-09-30": "10.50", "2019-06-30": "9.34", "2019-03-31": "9.48", "2018-12-31": "7.32", "2018-09-30": "0.00", "2018-06-30": "0.00", "2018-03-31": "0.00", "2017-12-31": "0.00", "2017-09-30": "14.03", "2017-06-30": "13.11", "2017-03-31": "14.04", "2016-12-31": "16.73", "2016-09-30": "14.60", "2016-06-30": "20.95", "2016-03-31": "19.68", "2015-12-31": "13.81", "2015-09-30": "12.19", "2015-06-30": "5.15", "2015-03-31": "5.68", "2014-12-31": "4.87", "2014-09-30": "4.28", "2014-06-30": "12.90", "2014-03-31": "33.24", "2013-12-31": "26.88", "2013-09-30": "48.34", "2013-06-30": "22.29", "2013-03-31": "11.19", "2012-12-31": "13.31", "2012-09-30": "10.09", "2012-06-30": "8.26", "2012-03-31": "10.69", "2011-12-31": "6.57", "2011-09-30": "3.36", "2011-06-30": "4.23", "2011-03-31": "4.23", "2010-12-31": "3.94", "2010-09-30": "5.03", "2010-06-30": "3.89", "2010-03-31": "4.86", "2009-12-31": "5.60", "2009-09-30": "0.00", "2009-06-30": "0.00", "2009-03-31": "0.00", "2008-12-31": "0.00", "2008-09-30": "22.13", "2008-06-30": "28.09", "2008-03-31": "44.79", "2007-12-31": "107.37"}, "price sales": {"2021-02-05": "0.39", "2020-09-30": "0.32", "2020-06-30": "0.26", "2020-03-31": "0.25", "2019-12-31": "0.45", "2019-09-30": "0.40", "2019-06-30": "0.49", "2019-03-31": "0.53", "2018-12-31": "0.38", "2018-09-30": "0.56", "2018-06-30": "0.52", "2018-03-31": "0.47", "2017-12-31": "0.55", "2017-09-30": "0.48", "2017-06-30": "0.43", "2017-03-31": "0.40", "2016-12-31": "0.42", "2016-09-30": "0.39", "2016-06-30": "0.37", "2016-03-31": "0.42", "2015-12-31": "0.37", "2015-09-30": "0.36", "2015-06-30": "0.40", "2015-03-31": "0.44", "2014-12-31": "0.38", "2014-09-30": "0.33", "2014-06-30": "0.40", "2014-03-31": "0.53", "2013-12-31": "0.46", "2013-09-30": "0.39", "2013-06-30": "0.33", "2013-03-31": "0.39", "2012-12-31": "0.42", "2012-09-30": "0.40", "2012-06-30": "0.40", "2012-03-31": "0.50", "2011-12-31": "0.43", "2011-09-30": "0.37", "2011-06-30": "0.52", "2011-03-31": "0.50", "2010-12-31": "0.41", "2010-09-30": "0.35", "2010-06-30": "0.26", "2010-03-31": "0.36", "2009-12-31": "0.32", "2009-09-30": "0.20", "2009-06-30": "0.09", "2009-03-31": "0.06", "2008-12-31": "0.10", "2008-09-30": "0.25", "2008-06-30": "0.30", "2008-03-31": "0.38", "2007-12-31": "0.43"}, "price book": {"current": "0.80", "2021-02-05": "0.80", "2020-09-30": "0.66", "2020-06-30": "0.51", "2020-03-31": "0.54", "2019-12-31": "0.89", "2019-09-30": "0.83", "2019-06-30": "1.01", "2019-03-31": "1.12", "2018-12-31": "0.81", "2018-09-30": "1.19", "2018-06-30": "1.12", "2018-03-31": "0.99", "2017-12-31": "1.14", "2017-09-30": "0.85", "2017-06-30": "0.78", "2017-03-31": "0.75", "2016-12-31": "0.80", "2016-09-30": "0.73", "2016-06-30": "0.69", "2016-03-31": "0.78", "2015-12-31": "0.73", "2015-09-30": "0.70", "2015-06-30": "0.78", "2015-03-31": "0.88", "2014-12-31": "0.72", "2014-09-30": "0.61", "2014-06-30": "0.78", "2014-03-31": "1.02", "2013-12-31": "0.84", "2013-09-30": "0.73", "2013-06-30": "0.62", "2013-03-31": "0.70", "2012-12-31": "0.75", "2012-09-30": "0.68", "2012-06-30": "0.69", "2012-03-31": "0.85", "2011-12-31": "0.72", "2011-09-30": "0.62", "2011-06-30": "0.86", "2011-03-31": "0.84", "2010-12-31": "0.72", "2010-09-30": "0.71", "2010-06-30": "0.57", "2010-03-31": "0.71", "2009-12-31": "0.63", "2009-09-30": "0.41", "2009-06-30": "0.22", "2009-03-31": "0.16", "2008-12-31": "0.28", "2008-09-30": "0.51", "2008-06-30": "0.60", "2008-03-31": "0.73", "2007-12-31": "0.82", "2007-09-30": "0.86", "2007-06-30": "1.20", "2007-03-31": "1.01"}, "price fcf": {"2021-02-05": "", "2020-09-30": "$3.66", "2020-06-30": "$2.85", "2020-03-31": "$3.38", "2019-12-31": "$3.06", "2019-09-30": "$4.17", "2019-06-30": "$3.63", "2019-03-31": "$4.86", "2018-12-31": "$5.77", "2018-09-30": "$4.69", "2018-06-30": "$5.62", "2018-03-31": "$4.70", "2017-12-31": "$4.56", "2017-09-30": "$5.28", "2017-06-30": "$4.21", "2017-03-31": "$2.85", "2016-12-31": "$1.90", "2016-09-30": "$0.92", "2016-06-30": "$1.21", "2016-03-31": "$2.20", "2015-12-31": "$3.15", "2015-09-30": "$4.01", "2015-06-30": "$5.80", "2015-03-31": "$5.58", "2014-12-31": "$6.15", "2014-09-30": "$5.47", "2014-06-30": "$4.55", "2014-03-31": "$4.70", "2013-12-31": "$3.45", "2013-09-30": "$4.17", "2013-06-30": "$4.80", "2013-03-31": "$5.26", "2012-12-31": "$5.05", "2012-09-30": "$4.51", "2012-06-30": "$5.68", "2012-03-31": "$8.05", "2011-12-31": "$9.74", "2011-09-30": "$9.97", "2011-06-30": "$9.69", "2011-03-31": "$12.58", "2010-12-31": "$12.03", "2010-09-30": "$12.36", "2010-06-30": "$12.19", "2010-03-31": "$8.94", "2009-12-31": "$8.18", "2009-09-30": "$5.14", "2009-06-30": "$3.42", "2009-03-31": "$0.96", "2008-12-31": "$0.80", "2008-09-30": "$4.21", "2008-06-30": "$4.69", "2008-03-31": "$5.43", "2007-12-31": "$6.54"}, "net worth": {"value": "$1.76B"}, "current ratio": {"2020-09-30": "2.28", "2020-06-30": "2.34", "2020-03-31": "2.06", "2019-12-31": "1.98", "2019-09-30": "2.28", "2019-06-30": "2.20", "2019-03-31": "2.19", "2018-12-31": "2.03", "2018-09-30": "2.37", "2018-06-30": "2.32", "2018-03-31": "2.34", "2017-12-31": "2.24", "2017-09-30": "2.29", "2017-06-30": "2.37", "2017-03-31": "2.13", "2016-12-31": "2.08", "2016-09-30": "2.23", "2016-06-30": "1.99", "2016-03-31": "2.02", "2015-12-31": "1.97", "2015-09-30": "2.06", "2015-06-30": "1.90", "2015-03-31": "1.83", "2014-12-31": "1.80", "2014-09-30": "1.80", "2014-06-30": "2.15", "2014-03-31": "2.17", "2013-12-31": "2.93", "2013-09-30": "2.24", "2013-06-30": "2.58", "2013-03-31": "2.84", "2012-12-31": "2.66", "2012-09-30": "2.96", "2012-06-30": "2.62", "2012-03-31": "2.79", "2011-12-31": "2.70", "2011-09-30": "2.44", "2011-06-30": "3.07", "2011-03-31": "3.06", "2010-12-31": "2.76", "2010-09-30": "2.76", "2010-06-30": "2.57", "2010-03-31": "3.01", "2009-12-31": "2.86", "2009-09-30": "3.04", "2009-06-30": "2.94", "2009-03-31": "2.54", "2008-12-31": "2.23", "2008-09-30": "2.34", "2008-06-30": "2.20", "2008-03-31": "2.11", "2007-12-31": "2.03", "2007-09-30": "2.00", "2007-06-30": "2.04", "2007-03-31": "2.17", "2006-12-31": "3.32", "2006-09-30": "0.00", "2006-06-30": "0.00", "2006-03-31": "0.00", "2005-12-31": "1.65", "2005-09-30": "0.00", "2005-06-30": "0.00", "2005-03-31": "1.69"}, "quick ratio": {"2020-09-30": "1.20", "2020-06-30": "1.14", "2020-03-31": "1.08", "2019-12-31": "0.96", "2019-09-30": "1.14", "2019-06-30": "1.09", "2019-03-31": "1.11", "2018-12-31": "1.06", "2018-09-30": "1.34", "2018-06-30": "1.31", "2018-03-31": "1.26", "2017-12-31": "1.22", "2017-09-30": "1.20", "2017-06-30": "1.21", "2017-03-31": "1.14", "2016-12-31": "1.07", "2016-09-30": "1.18", "2016-06-30": "1.03", "2016-03-31": "1.02", "2015-12-31": "1.00", "2015-09-30": "1.10", "2015-06-30": "1.09", "2015-03-31": "1.06", "2014-12-31": "1.03", "2014-09-30": "1.02", "2014-06-30": "1.19", "2014-03-31": "1.23", "2013-12-31": "1.96", "2013-09-30": "1.26", "2013-06-30": "1.63", "2013-03-31": "1.85", "2012-12-31": "1.77", "2012-09-30": "2.04", "2012-06-30": "1.65", "2012-03-31": "1.79", "2011-12-31": "1.79", "2011-09-30": "1.65", "2011-06-30": "2.23", "2011-03-31": "2.15", "2010-12-31": "1.87", "2010-09-30": "1.89", "2010-06-30": "1.78", "2010-03-31": "2.03", "2009-12-31": "1.89", "2009-09-30": "1.99", "2009-06-30": "1.74", "2009-03-31": "1.21", "2008-12-31": "0.93", "2008-09-30": "1.18", "2008-06-30": "1.09", "2008-03-31": "1.04", "2007-12-31": "0.96", "2007-09-30": "0.90", "2007-06-30": "0.84", "2007-03-31": "0.96", "2006-12-31": "1.38", "2006-09-30": "0.00", "2006-06-30": "0.00", "2006-03-31": "0.00", "2005-12-31": "0.63", "2005-09-30": "0.00", "2005-06-30": "0.00", "2005-03-31": "0.59"}, "debt equity ratio": {"current": "0.49", "2020-09-30": "1.17", "2020-06-30": "1.11", "2020-03-31": "1.22", "2019-12-31": "1.06", "2019-09-30": "1.00", "2019-06-30": "0.91", "2019-03-31": "0.93", "2018-12-31": "0.94", "2018-09-30": "1.03", "2018-06-30": "1.09", "2018-03-31": "1.07", "2017-12-31": "1.10", "2017-09-30": "1.00", "2017-06-30": "1.05", "2017-03-31": "1.10", "2016-12-31": "1.12", "2016-09-30": "1.12", "2016-06-30": "1.12", "2016-03-31": "1.11", "2015-12-31": "1.13", "2015-09-30": "1.18", "2015-06-30": "1.16", "2015-03-31": "1.20", "2014-12-31": "1.14", "2014-09-30": "1.11", "2014-06-30": "1.24", "2014-03-31": "1.30", "2013-12-31": "1.26", "2013-09-30": "1.20", "2013-06-30": "1.19", "2013-03-31": "1.10", "2012-12-31": "1.13", "2012-09-30": "1.10", "2012-06-30": "1.03", "2012-03-31": "1.01", "2011-12-31": "0.98", "2011-09-30": "1.01", "2011-06-30": "0.90", "2011-03-31": "0.87", "2010-12-31": "0.88", "2010-09-30": "1.13", "2010-06-30": "1.29", "2010-03-31": "1.38", "2009-12-31": "1.45", "2009-09-30": "1.54", "2009-06-30": "1.78", "2009-03-31": "1.92", "2008-12-31": "1.85", "2008-09-30": "1.36", "2008-06-30": "1.34", "2008-03-31": "1.40", "2007-12-31": "1.42", "2007-09-30": "1.51", "2007-06-30": "1.55", "2007-03-31": "1.67", "2006-12-31": "0.37", "2006-09-30": "0.00", "2006-06-30": "0.00", "2006-03-31": "0.00", "2005-12-31": "2.23", "2005-09-30": "0.00", "2005-06-30": "0.00", "2005-03-31": "1.81"}, "return on equity": {"2020-09-30": "-4.51%", "2020-06-30": "0.43%", "2020-03-31": "0.37%", "2019-12-31": "3.35%", "2019-09-30": "8.04%", "2019-06-30": "11.01%", "2019-03-31": "12.17%", "2018-12-31": "11.27%", "2018-09-30": "-7.61%", "2018-06-30": "-8.49%", "2018-03-31": "-8.43%", "2017-12-31": "-9.53%", "2017-09-30": "6.35%", "2017-06-30": "6.03%", "2017-03-31": "5.32%", "2016-12-31": "4.71%", "2016-09-30": "5.08%", "2016-06-30": "3.34%", "2016-03-31": "4.07%", "2015-12-31": "5.27%", "2015-09-30": "5.66%", "2015-06-30": "15.08%", "2015-03-31": "15.07%", "2014-12-31": "15.09%", "2014-09-30": "15.02%", "2014-06-30": "6.18%", "2014-03-31": "3.12%", "2013-12-31": "3.32%", "2013-09-30": "1.63%", "2013-06-30": "2.95%", "2013-03-31": "6.48%", "2012-12-31": "5.81%", "2012-09-30": "7.17%", "2012-06-30": "8.89%", "2012-03-31": "8.54%", "2011-12-31": "11.72%", "2011-09-30": "19.84%", "2011-06-30": "22.51%", "2011-03-31": "22.77%", "2010-12-31": "21.22%", "2010-09-30": "14.88%", "2010-06-30": "14.90%", "2010-03-31": "16.11%", "2009-12-31": "12.94%", "2009-09-30": "-21.63%", "2009-06-30": "-26.05%", "2009-03-31": "-24.62%", "2008-12-31": "-19.55%", "2008-09-30": "2.41%", "2008-06-30": "2.19%", "2008-03-31": "1.80%", "2007-12-31": "2.25%", "2007-09-30": "13.78%", "2007-06-30": "19.26%", "2007-03-31": "27.87%", "2006-12-31": "-53.24%", "2006-09-30": "-306.96%", "2006-06-30": "-333.91%", "2006-03-31": "-329.86%", "2005-12-31": "-49.66%"}, "return on assets": {"2020-09-30": "-2.11%", "2020-06-30": "0.21%", "2020-03-31": "0.18%", "2019-12-31": "1.70%", "2019-09-30": "4.14%", "2019-06-30": "5.65%", "2019-03-31": "6.10%", "2018-12-31": "5.55%", "2018-09-30": "-3.67%", "2018-06-30": "-4.11%", "2018-03-31": "-4.11%", "2017-12-31": "-4.63%", "2017-09-30": "3.08%", "2017-06-30": "2.88%", "2017-03-31": "2.51%", "2016-12-31": "2.22%", "2016-09-30": "2.40%", "2016-06-30": "1.57%", "2016-03-31": "1.90%", "2015-12-31": "2.43%", "2015-09-30": "2.61%", "2015-06-30": "7.01%", "2015-03-31": "6.94%", "2014-12-31": "6.87%", "2014-09-30": "6.75%", "2014-06-30": "2.75%", "2014-03-31": "1.40%", "2013-12-31": "1.52%", "2013-09-30": "0.76%", "2013-06-30": "1.39%", "2013-03-31": "3.10%", "2012-12-31": "2.81%", "2012-09-30": "3.54%", "2012-06-30": "4.44%", "2012-03-31": "4.33%", "2011-12-31": "6.06%", "2011-09-30": "10.37%", "2011-06-30": "11.60%", "2011-03-31": "11.24%", "2010-12-31": "9.84%", "2010-09-30": "6.44%", "2010-06-30": "6.17%", "2010-03-31": "6.38%", "2009-12-31": "4.88%", "2009-09-30": "-7.84%", "2009-06-30": "-9.70%", "2009-03-31": "-9.60%", "2008-12-31": "-7.97%", "2008-09-30": "1.01%", "2008-06-30": "0.91%", "2008-03-31": "0.73%", "2007-12-31": "0.89%", "2007-09-30": "6.03%", "2007-06-30": "8.74%", "2007-03-31": "13.78%", "2006-12-31": "-38.82%", "2006-09-30": "-95.13%", "2006-06-30": "-103.48%", "2006-03-31": "-102.22%", "2005-12-31": "-16.57%"}, "return on investments": {"2020-09-30": "-3.56%", "2020-06-30": "1.41%", "2020-03-31": "2.00%", "2019-12-31": "4.80%", "2019-09-30": "9.10%", "2019-06-30": "11.35%", "2019-03-31": "12.05%", "2018-12-31": "10.87%", "2018-09-30": "-7.21%", "2018-06-30": "-7.80%", "2018-03-31": "-7.59%", "2017-12-31": "-8.46%", "2017-09-30": "6.18%", "2017-06-30": "6.35%", "2017-03-31": "5.78%", "2016-12-31": "5.25%", "2016-09-30": "6.14%", "2016-06-30": "5.41%", "2016-03-31": "6.01%", "2015-12-31": "7.39%", "2015-09-30": "7.09%", "2015-06-30": "8.45%", "2015-03-31": "8.72%", "2014-12-31": "8.71%", "2014-09-30": "8.77%", "2014-06-30": "7.24%", "2014-03-31": "4.75%", "2013-12-31": "4.08%", "2013-09-30": "2.87%", "2013-06-30": "4.30%", "2013-03-31": "7.65%", "2012-12-31": "9.14%", "2012-09-30": "10.66%", "2012-06-30": "12.93%", "2012-03-31": "12.54%", "2011-12-31": "15.01%", "2011-09-30": "16.21%", "2011-06-30": "17.50%", "2011-03-31": "17.74%", "2010-12-31": "15.10%", "2010-09-30": "15.96%", "2010-06-30": "16.62%", "2010-03-31": "17.03%", "2009-12-31": "13.97%", "2009-09-30": "-7.02%", "2009-06-30": "-10.82%", "2009-03-31": "-11.54%", "2008-12-31": "-8.64%", "2008-09-30": "5.40%", "2008-06-30": "5.62%", "2008-03-31": "5.37%", "2007-12-31": "4.91%", "2007-09-30": "24.59%", "2007-06-30": "32.84%", "2007-03-31": "49.99%", "2006-12-31": "32.58%", "2006-09-30": "-286.73%", "2006-06-30": "-164.05%", "2006-03-31": "-34.86%", "2005-12-31": "41.94%"}, "return on tangible equity": {"2020-09-30": "-6.02%", "2020-06-30": "0.57%", "2020-03-31": "0.49%", "2019-12-31": "4.35%", "2019-09-30": "10.42%", "2019-06-30": "14.31%", "2019-03-31": "15.94%", "2018-12-31": "14.92%", "2018-09-30": "-10.14%", "2018-06-30": "-12.12%", "2018-03-31": "-12.88%", "2017-12-31": "-15.57%", "2017-09-30": "11.12%", "2017-06-30": "10.54%", "2017-03-31": "9.25%", "2016-12-31": "8.17%", "2016-09-30": "8.81%", "2016-06-30": "5.85%", "2016-03-31": "7.13%", "2015-12-31": "9.21%", "2015-09-30": "9.88%", "2015-06-30": "26.16%", "2015-03-31": "26.57%", "2014-12-31": "27.18%", "2014-09-30": "25.42%", "2014-06-30": "9.92%", "2014-03-31": "4.56%", "2013-12-31": "4.40%", "2013-09-30": "2.10%", "2013-06-30": "3.71%", "2013-03-31": "8.11%", "2012-12-31": "7.25%", "2012-09-30": "8.74%", "2012-06-30": "10.57%", "2012-03-31": "9.61%", "2011-12-31": "12.58%", "2011-09-30": "20.71%", "2011-06-30": "22.92%", "2011-03-31": "23.22%", "2010-12-31": "21.72%", "2010-09-30": "15.28%", "2010-06-30": "15.35%", "2010-03-31": "16.65%", "2009-12-31": "13.40%", "2009-09-30": "-22.43%", "2009-06-30": "-28.04%", "2009-03-31": "-27.38%", "2008-12-31": "-22.32%", "2008-09-30": "2.82%", "2008-06-30": "2.50%", "2008-03-31": "2.00%", "2007-12-31": "2.45%", "2007-09-30": "14.41%", "2007-06-30": "20.08%", "2007-03-31": "28.86%", "2006-12-31": "-53.50%", "2006-09-30": "-325.60%", "2006-06-30": "-354.19%", "2006-03-31": "-349.88%", "2005-12-31": "-52.19%"}, "dividend yield history": {"last payout": "$0.46", "last yield": "1.43%"}}