{"ticker": "DCI", "price": {"title": "Donaldson Historical Annual Stock Price Data", "value": 61.51, "historical": {"2021": {"Average Stock Price": "59.4625", "Year Open": "54.9200", "Year High": "61.5100", "Year Low": "54.9200", "Year Close": "61.5100", "Annual % Change": "10.08%"}, "2020": {"Average Stock Price": "48.6481", "Year Open": "57.9800", "Year High": "57.9800", "Year Low": "33.1900", "Year Close": "55.8800", "Annual % Change": "-3.02%"}, "2019": {"Average Stock Price": "50.7915", "Year Open": "43.0200", "Year High": "58.1700", "Year Low": "41.8600", "Year Close": "57.6200", "Annual % Change": "32.80%"}, "2018": {"Average Stock Price": "48.9814", "Year Open": "48.9600", "Year High": "59.1800", "Year Low": "40.7100", "Year Close": "43.3900", "Annual % Change": "-11.36%"}, "2017": {"Average Stock Price": "45.8265", "Year Open": "42.2600", "Year High": "49.9000", "Year Low": "41.2900", "Year Close": "48.9500", "Annual % Change": "16.33%"}, "2016": {"Average Stock Price": "34.7515", "Year Open": "28.4300", "Year High": "44.9500", "Year Low": "26.1700", "Year Close": "42.0800", "Annual % Change": "46.82%"}, "2015": {"Average Stock Price": "33.8078", "Year Open": "38.4700", "Year High": "38.4700", "Year Low": "27.1500", "Year Close": "28.6600", "Annual % Change": "-25.81%"}, "2014": {"Average Stock Price": "41.0469", "Year Open": "43.0700", "Year High": "43.3000", "Year Low": "36.5000", "Year Close": "38.6300", "Annual % Change": "-11.11%"}, "2013": {"Average Stock Price": "37.6402", "Year Open": "34.1100", "Year High": "43.5800", "Year Low": "34.1100", "Year Close": "43.4600", "Annual % Change": "32.34%"}, "2012": {"Average Stock Price": "34.7503", "Year Open": "34.2050", "Year High": "38.6900", "Year Low": "31.4000", "Year Close": "32.8400", "Annual % Change": "-3.53%"}, "2011": {"Average Stock Price": "29.7722", "Year Open": "29.5000", "Year High": "34.8800", "Year Low": "23.3100", "Year Close": "34.0400", "Annual % Change": "16.82%"}, "2010": {"Average Stock Price": "23.0172", "Year Open": "21.4400", "Year High": "29.6500", "Year Low": "19.0850", "Year Close": "29.1400", "Annual % Change": "37.00%"}, "2009": {"Average Stock Price": "17.3177", "Year Open": "17.0350", "Year High": "22.3650", "Year Low": "11.0000", "Year Close": "21.2700", "Annual % Change": "26.42%"}, "2008": {"Average Stock Price": "20.4193", "Year Open": "22.7650", "Year High": "25.7750", "Year Low": "12.1900", "Year Close": "16.8250", "Annual % Change": "-27.45%"}, "2007": {"Average Stock Price": "19.0172", "Year Open": "17.3500", "Year High": "24.0900", "Year Low": "16.9350", "Year Close": "23.1900", "Annual % Change": "33.62%"}, "2006": {"Average Stock Price": "17.1110", "Year Open": "16.2300", "Year High": "19.2750", "Year Low": "15.2600", "Year Close": "17.3550", "Annual % Change": "9.15%"}, "2005": {"Average Stock Price": "15.6086", "Year Open": "15.9650", "Year High": "16.9350", "Year Low": "14.3500", "Year Close": "15.9000", "Annual % Change": "-2.39%"}, "2004": {"Average Stock Price": "14.1274", "Year Open": "14.6550", "Year High": "16.9850", "Year Low": "12.6200", "Year Close": "16.2900", "Annual % Change": "10.14%"}, "2003": {"Average Stock Price": "11.5825", "Year Open": "9.1250", "Year High": "15.2625", "Year Low": "8.1025", "Year Close": "14.7900", "Annual % Change": "64.33%"}, "2002": {"Average Stock Price": "9.1828", "Year Open": "9.6150", "Year High": "11.1500", "Year Low": "7.6400", "Year Close": "9.0000", "Annual % Change": "-7.31%"}, "2001": {"Average Stock Price": "7.5541", "Year Open": "6.6400", "Year High": "10.0475", "Year Low": "6.2500", "Year Close": "9.7100", "Annual % Change": "39.66%"}, "2000": {"Average Stock Price": "5.5693", "Year Open": "5.8450", "Year High": "7.1875", "Year Low": "4.7825", "Year Close": "6.9525", "Annual % Change": "15.59%"}, "1999": {"Average Stock Price": "5.4354", "Year Open": "5.0325", "Year High": "6.4700", "Year Low": "4.3125", "Year Close": "6.0150", "Annual % Change": "15.95%"}, "1998": {"Average Stock Price": "5.2760", "Year Open": "5.7038", "Year High": "6.5475", "Year Low": "3.6250", "Year Close": "5.1875", "Annual % Change": "-7.90%"}, "1997": {"Average Stock Price": "5.0374", "Year Open": "4.1563", "Year High": "6.7975", "Year Low": "3.8438", "Year Close": "5.6325", "Annual % Change": "34.51%"}, "1996": {"Average Stock Price": "3.3999", "Year Open": "3.0938", "Year High": "4.2500", "Year Low": "3.0000", "Year Close": "4.1875", "Annual % Change": "33.30%"}, "1995": {"Average Stock Price": "3.1129", "Year Open": "3.0163", "Year High": "3.5000", "Year Low": "2.8288", "Year Close": "3.1413", "Annual % Change": "6.35%"}, "1994": {"Average Stock Price": "2.8806", "Year Open": "2.7344", "Year High": "3.2663", "Year Low": "2.5625", "Year Close": "2.9538", "Annual % Change": "6.81%"}, "1993": {"Average Stock Price": "2.3784", "Year Open": "2.3050", "Year High": "2.7656", "Year Low": "2.0863", "Year Close": "2.7656", "Annual % Change": "18.38%"}, "1992": {"Average Stock Price": "1.9319", "Year Open": "1.6096", "Year High": "2.3594", "Year Low": "1.5521", "Year Close": "2.3363", "Annual % Change": "47.56%"}, "1991": {"Average Stock Price": "1.5220", "Year Open": "1.3383", "Year High": "1.7083", "Year Low": "1.2813", "Year Close": "1.5833", "Annual % Change": "16.03%"}, "1990": {"Average Stock Price": "1.1369", "Year Open": "0.9167", "Year High": "1.4529", "Year Low": "0.8854", "Year Close": "1.3646", "Annual % Change": "47.19%"}, "1989": {"Average Stock Price": "0.8044", "Year Open": "0.8696", "Year High": "0.9742", "Year Low": "0.6929", "Year Close": "0.9271", "Annual % Change": "7.23%"}, "1988": {"Average Stock Price": "0.8351", "Year Open": "0.6615", "Year High": "1.0571", "Year Low": "0.6615", "Year Close": "0.8646", "Annual % Change": "33.88%"}}}, "market cap": {"value": "$7.77B"}, "income statement": {"Revenue": {"2020-07-31": "2581.80000", "2019-07-31": "2844.90000", "2018-07-31": "2734.20000", "2017-07-31": "2371.90000", "2016-07-31": "2220.30000", "2015-07-31": "2371.20000", "2014-07-31": "2473.50000", "2013-07-31": "2436.94800", "2012-07-31": "2493.24800", "2011-07-31": "2294.02900", "2010-07-31": "1877.06400", "2009-07-31": "1868.62900", "2008-07-31": "2232.52100", "2007-07-31": "1918.82800", "2006-07-31": "1694.32700", "2005-07-31": "1595.73300"}, "Cost Of Goods Sold": {"2020-07-31": "1710.20000", "2019-07-31": "1896.60000", "2018-07-31": "1798.40000", "2017-07-31": "1551.00000", "2016-07-31": "1465.50000", "2015-07-31": "1562.60000", "2014-07-31": "1595.70000", "2013-07-31": "1589.82100", "2012-07-31": "1619.48500", "2011-07-31": "1480.23300", "2010-07-31": "1218.31600", "2009-07-31": "1278.92300", "2008-07-31": "1506.65900", "2007-07-31": "1313.96400", "2006-07-31": "1137.74700", "2005-07-31": "1090.15800"}, "Gross Profit": {"2020-07-31": "871.60010", "2019-07-31": "948.29990", "2018-07-31": "935.79990", "2017-07-31": "820.89990", "2016-07-31": "754.80000", "2015-07-31": "808.60000", "2014-07-31": "877.80000", "2013-07-31": "847.12700", "2012-07-31": "873.76310", "2011-07-31": "813.79600", "2010-07-31": "658.74790", "2009-07-31": "589.70610", "2008-07-31": "725.86190", "2007-07-31": "604.86400", "2006-07-31": "556.58010", "2005-07-31": "505.57510"}, "Research And Development Expenses": {"2020-07-31": "61.20000", "2019-07-31": "62.30000", "2018-07-31": "59.90000", "2017-07-31": "54.70000", "2016-07-31": "55.50000", "2015-07-31": "60.20000", "2014-07-31": "61.80000", "2013-07-31": "62.63000", "2012-07-31": "59.58900", "2011-07-31": "55.28600", "2010-07-31": "44.48600", "2009-07-31": "40.64300", "2008-07-31": "43.75700", "2007-07-31": "36.45800", "2006-07-31": "33.88700", "2005-07-31": "32.23400"}, "SG&A Expenses": {"2020-07-31": "470.30000", "2019-07-31": "497.80000", "2018-07-31": "498.90000", "2017-07-31": "442.60000", "2016-07-31": "425.10000", "2015-07-31": "460.10000", "2014-07-31": "460.30000", "2013-07-31": "441.16800", "2012-07-31": "451.15800", "2011-07-31": "443.22700", "2010-07-31": "376.01800", "2009-07-31": "379.10800", "2008-07-31": "436.29300", "2007-07-31": "357.30600", "2006-07-31": "329.90500", "2005-07-31": "316.85100"}, "Other Operating Income Or Expenses": {"2020-07-31": "", "2019-07-31": "", "2018-07-31": "", "2017-07-31": "", "2016-07-31": "", "2015-07-31": "", "2014-07-31": "", "2013-07-31": "", "2012-07-31": "", "2011-07-31": "", "2010-07-31": "", "2009-07-31": "", "2008-07-31": "", "2007-07-31": "", "2006-07-31": "", "2005-07-31": ""}, "Operating Expenses": {"2020-07-31": "2241.70000", "2019-07-31": "2456.70000", "2018-07-31": "2357.20000", "2017-07-31": "2048.30000", "2016-07-31": "1946.10000", "2015-07-31": "2082.90000", "2014-07-31": "2117.80000", "2013-07-31": "2093.61900", "2012-07-31": "2130.23200", "2011-07-31": "1978.74600", "2010-07-31": "1638.82000", "2009-07-31": "1698.67400", "2008-07-31": "1986.70900", "2007-07-31": "1707.72800", "2006-07-31": "1501.53900", "2005-07-31": "1439.24300"}, "Operating Income": {"2020-07-31": "340.10010", "2019-07-31": "388.20000", "2018-07-31": "377.00000", "2017-07-31": "323.59990", "2016-07-31": "274.20010", "2015-07-31": "288.30000", "2014-07-31": "355.70000", "2013-07-31": "343.32890", "2012-07-31": "363.01610", "2011-07-31": "315.28300", "2010-07-31": "238.24390", "2009-07-31": "169.95510", "2008-07-31": "245.81200", "2007-07-31": "211.10000", "2006-07-31": "192.78810", "2005-07-31": "156.49010"}, "Total Non-Operating Income/Expense": {"2020-07-31": "-4.90000", "2019-07-31": "-13.00000", "2018-07-31": "-13.40000", "2017-07-31": "-1.60000", "2016-07-31": "-16.80000", "2015-07-31": "0.30000", "2014-07-31": "5.00000", "2013-07-31": "4.85200", "2012-07-31": "7.76400", "2011-07-31": "-3.02000", "2010-07-31": "-8.06800", "2009-07-31": "-8.53000", "2008-07-31": "-9.64900", "2007-07-31": "-6.23900", "2006-07-31": "-3.62100", "2005-07-31": "-1.75700"}, "Pre-Tax Income": {"2020-07-31": "335.20000", "2019-07-31": "375.20000", "2018-07-31": "363.60000", "2017-07-31": "322.00000", "2016-07-31": "257.40000", "2015-07-31": "288.60000", "2014-07-31": "360.70000", "2013-07-31": "348.18100", "2012-07-31": "370.78000", "2011-07-31": "312.26300", "2010-07-31": "230.17600", "2009-07-31": "161.42500", "2008-07-31": "236.16300", "2007-07-31": "204.86100", "2006-07-31": "189.16700", "2005-07-31": "154.73300"}, "Income Taxes": {"2020-07-31": "78.20000", "2019-07-31": "108.00000", "2018-07-31": "183.30000", "2017-07-31": "89.20000", "2016-07-31": "66.60000", "2015-07-31": "80.50000", "2014-07-31": "100.50000", "2013-07-31": "100.80400", "2012-07-31": "106.47900", "2011-07-31": "86.97200", "2010-07-31": "64.01300", "2009-07-31": "29.51800", "2008-07-31": "64.21000", "2007-07-31": "54.14400", "2006-07-31": "56.86000", "2005-07-31": "44.17900"}, "Income After Taxes": {"2020-07-31": "257.00000", "2019-07-31": "267.20000", "2018-07-31": "180.30000", "2017-07-31": "232.80000", "2016-07-31": "190.80000", "2015-07-31": "208.10000", "2014-07-31": "260.20000", "2013-07-31": "247.37700", "2012-07-31": "264.30100", "2011-07-31": "225.29100", "2010-07-31": "166.16300", "2009-07-31": "131.90700", "2008-07-31": "171.95300", "2007-07-31": "150.71700", "2006-07-31": "132.30700", "2005-07-31": "110.55400"}, "Other Income": {"2020-07-31": "", "2019-07-31": "", "2018-07-31": "", "2017-07-31": "", "2016-07-31": "", "2015-07-31": "", "2014-07-31": "", "2013-07-31": "", "2012-07-31": "", "2011-07-31": "", "2010-07-31": "", "2009-07-31": "", "2008-07-31": "", "2007-07-31": "", "2006-07-31": "", "2005-07-31": ""}, "Income From Continuous Operations": {"2020-07-31": "257.00000", "2019-07-31": "267.20000", "2018-07-31": "180.30000", "2017-07-31": "232.80000", "2016-07-31": "190.80000", "2015-07-31": "208.10000", "2014-07-31": "260.20000", "2013-07-31": "247.37700", "2012-07-31": "264.30100", "2011-07-31": "225.29100", "2010-07-31": "166.16300", "2009-07-31": "131.90700", "2008-07-31": "171.95300", "2007-07-31": "150.71700", "2006-07-31": "132.30700", "2005-07-31": "110.55400"}, "Income From Discontinued Operations": {"2020-07-31": "", "2019-07-31": "", "2018-07-31": "", "2017-07-31": "", "2016-07-31": "", "2015-07-31": "", "2014-07-31": "", "2013-07-31": "", "2012-07-31": "", "2011-07-31": "", "2010-07-31": "", "2009-07-31": "", "2008-07-31": "", "2007-07-31": "", "2006-07-31": "", "2005-07-31": ""}, "Net Income": {"2020-07-31": "257.00000", "2019-07-31": "267.20000", "2018-07-31": "180.30000", "2017-07-31": "232.80000", "2016-07-31": "190.80000", "2015-07-31": "208.10000", "2014-07-31": "260.20000", "2013-07-31": "247.37700", "2012-07-31": "264.30100", "2011-07-31": "225.29100", "2010-07-31": "166.16300", "2009-07-31": "131.90700", "2008-07-31": "171.95300", "2007-07-31": "150.71700", "2006-07-31": "132.30700", "2005-07-31": "110.55400"}, "EBITDA": {"2020-07-31": "427.70010", "2019-07-31": "469.30000", "2018-07-31": "453.70000", "2017-07-31": "398.79990", "2016-07-31": "349.10010", "2015-07-31": "362.60000", "2014-07-31": "422.90000", "2013-07-31": "407.61890", "2012-07-31": "424.18110", "2011-07-31": "375.77400", "2010-07-31": "297.47590", "2009-07-31": "228.55210", "2008-07-31": "302.54400", "2007-07-31": "260.66600", "2006-07-31": "237.48810", "2005-07-31": "200.77410"}, "EBIT": {"2020-07-31": "340.10010", "2019-07-31": "388.20000", "2018-07-31": "377.00000", "2017-07-31": "323.59990", "2016-07-31": "274.20010", "2015-07-31": "288.30000", "2014-07-31": "355.70000", "2013-07-31": "343.32890", "2012-07-31": "363.01610", "2011-07-31": "315.28300", "2010-07-31": "238.24390", "2009-07-31": "169.95510", "2008-07-31": "245.81200", "2007-07-31": "211.10000", "2006-07-31": "192.78810", "2005-07-31": "156.49010"}, "Basic Shares Outstanding": {"2020-07-31": "126.90000", "2019-07-31": "128.30000", "2018-07-31": "130.30000", "2017-07-31": "132.60000", "2016-07-31": "133.80000", "2015-07-31": "137.80000", "2014-07-31": "145.60000", "2013-07-31": "148.27390", "2012-07-31": "150.28600", "2011-07-31": "154.39270", "2010-07-31": "155.69800", "2009-07-31": "155.93400", "2008-07-31": "158.60800", "2007-07-31": "160.91000", "2006-07-31": "165.98400", "2005-07-31": "169.98200"}, "Shares Outstanding": {"2020-07-31": "128.30000", "2019-07-31": "130.30000", "2018-07-31": "132.20000", "2017-07-31": "134.10000", "2016-07-31": "134.80000", "2015-07-31": "139.40000", "2014-07-31": "147.60000", "2013-07-31": "150.45520", "2012-07-31": "152.94100", "2011-07-31": "157.19690", "2010-07-31": "158.35600", "2009-07-31": "158.40000", "2008-07-31": "162.49400", "2007-07-31": "164.87200", "2006-07-31": "170.27800", "2005-07-31": "173.76600"}, "Basic EPS": {"2020-07-31": "2.03000", "2019-07-31": "2.08000", "2018-07-31": "1.38000", "2017-07-31": "1.76000", "2016-07-31": "1.43000", "2015-07-31": "1.51000", "2014-07-31": "1.79000", "2013-07-31": "1.67000", "2012-07-31": "1.76000", "2011-07-31": "1.46000", "2010-07-31": "1.07000", "2009-07-31": "0.84500", "2008-07-31": "1.08500", "2007-07-31": "0.93500", "2006-07-31": "0.79500", "2005-07-31": "0.65000"}, "EPS - Earnings Per Share": {"2020-07-31": "2.00000", "2019-07-31": "2.05000", "2018-07-31": "1.36000", "2017-07-31": "1.74000", "2016-07-31": "1.42000", "2015-07-31": "1.49000", "2014-07-31": "1.76000", "2013-07-31": "1.64000", "2012-07-31": "1.73000", "2011-07-31": "1.43000", "2010-07-31": "1.05000", "2009-07-31": "0.83500", "2008-07-31": "1.06000", "2007-07-31": "0.91500", "2006-07-31": "0.77500", "2005-07-31": "0.63500"}}, "income statement, quarterly": {"Revenue": {"2020-10-31": "636.60000", "2020-07-31": "617.40010", "2020-04-30": "629.70000", "2020-01-31": "662.00000", "2019-10-31": "672.70000", "2019-07-31": "726.99990", "2019-04-30": "712.80000", "2019-01-31": "703.70000", "2018-10-31": "701.40000", "2018-07-31": "724.70000", "2018-04-30": "700.00000", "2018-01-31": "664.70000", "2017-10-31": "644.80000", "2017-07-31": "660.10000", "2017-04-30": "608.20000", "2017-01-31": "550.60000", "2016-10-31": "553.00000", "2016-07-31": "593.80000", "2016-04-30": "571.30000", "2016-01-31": "517.20000", "2015-10-31": "538.00000", "2015-07-31": "610.60000", "2015-04-30": "575.60000", "2015-01-31": "588.50000", "2014-10-31": "596.50000", "2014-07-31": "668.26010", "2014-04-30": "624.23400", "2014-01-31": "581.62200", "2013-10-31": "599.38400", "2013-07-31": "632.59400", "2013-04-30": "619.37100", "2013-01-31": "596.03600", "2012-10-31": "588.94700", "2012-07-31": "656.83290", "2012-04-30": "647.23700", "2012-01-31": "580.88300", "2011-10-31": "608.29500", "2011-07-31": "625.45010", "2011-04-30": "594.56500", "2011-01-31": "537.10500", "2010-10-31": "536.90900", "2010-07-31": "515.24290", "2010-04-30": "497.61900", "2010-01-31": "436.12200", "2009-10-31": "428.08000", "2009-07-31": "421.32100", "2009-04-30": "413.44700", "2009-01-31": "460.60100", "2008-10-31": "573.26000", "2008-07-31": "607.42210", "2008-04-30": "587.76000", "2008-01-31": "511.76300", "2007-10-31": "525.57600", "2007-07-31": "524.68100", "2007-04-30": "483.98800", "2007-01-31": "463.74000", "2006-10-31": "446.41900", "2006-07-31": "468.15800", "2006-04-30": "429.85800", "2006-01-31": "392.91500", "2005-10-31": "403.39600", "2005-07-31": "422.73910", "2005-04-30": "411.66400", "2005-01-31": "388.42400"}, "Cost Of Goods Sold": {"2020-10-31": "413.90000", "2020-07-31": "409.50000", "2020-04-30": "420.50000", "2020-01-31": "438.80000", "2019-10-31": "441.40000", "2019-07-31": "483.20000", "2019-04-30": "472.10000", "2019-01-31": "478.30000", "2018-10-31": "463.00000", "2018-07-31": "471.90000", "2018-04-30": "460.20000", "2018-01-31": "445.80000", "2017-10-31": "420.50000", "2017-07-31": "432.80000", "2017-04-30": "396.70000", "2017-01-31": "362.70000", "2016-10-31": "358.80000", "2016-07-31": "384.50000", "2016-04-30": "374.70000", "2016-01-31": "346.40000", "2015-10-31": "359.90000", "2015-07-31": "408.30000", "2015-04-30": "381.50000", "2015-01-31": "385.40000", "2014-10-31": "387.40000", "2014-07-31": "429.96300", "2014-04-30": "400.77300", "2014-01-31": "379.97400", "2013-10-31": "384.99000", "2013-07-31": "404.23810", "2013-04-30": "397.87000", "2013-01-31": "397.05900", "2012-10-31": "390.65400", "2012-07-31": "427.05000", "2012-04-30": "419.00800", "2012-01-31": "380.06600", "2011-10-31": "393.36100", "2011-07-31": "398.44500", "2011-04-30": "385.40700", "2011-01-31": "347.56200", "2010-10-31": "348.81900", "2010-07-31": "328.21310", "2010-04-30": "320.24800", "2010-01-31": "290.17500", "2009-10-31": "279.68000", "2009-07-31": "283.11190", "2009-04-30": "282.66500", "2009-01-31": "326.58900", "2008-10-31": "386.55700", "2008-07-31": "405.87500", "2008-04-30": "399.49400", "2008-01-31": "348.57800", "2007-10-31": "352.71200", "2007-07-31": "354.72100", "2007-04-30": "334.16600", "2007-01-31": "322.52400", "2006-10-31": "302.55300", "2006-07-31": "311.96590", "2006-04-30": "285.78400", "2006-01-31": "268.13300", "2005-10-31": "271.86400", "2005-07-31": "288.15700", "2005-04-30": "277.86400", "2005-01-31": "267.47000"}, "Gross Profit": {"2020-10-31": "222.70000", "2020-07-31": "207.90010", "2020-04-30": "209.20000", "2020-01-31": "223.20000", "2019-10-31": "231.30000", "2019-07-31": "243.79990", "2019-04-30": "240.70000", "2019-01-31": "225.40000", "2018-10-31": "238.40000", "2018-07-31": "252.80000", "2018-04-30": "239.80000", "2018-01-31": "218.90000", "2017-10-31": "224.30000", "2017-07-31": "227.29990", "2017-04-30": "211.50000", "2017-01-31": "187.90000", "2016-10-31": "194.20000", "2016-07-31": "209.30000", "2016-04-30": "196.60000", "2016-01-31": "170.80000", "2015-10-31": "178.10000", "2015-07-31": "202.30000", "2015-04-30": "194.10000", "2015-01-31": "203.10000", "2014-10-31": "209.10000", "2014-07-31": "238.29710", "2014-04-30": "223.46100", "2014-01-31": "201.64800", "2013-10-31": "214.39400", "2013-07-31": "228.35590", "2013-04-30": "221.50100", "2013-01-31": "198.97700", "2012-10-31": "198.29300", "2012-07-31": "229.78290", "2012-04-30": "228.22900", "2012-01-31": "200.81700", "2011-10-31": "214.93400", "2011-07-31": "227.00510", "2011-04-30": "209.15800", "2011-01-31": "189.54300", "2010-10-31": "188.09000", "2010-07-31": "187.02980", "2010-04-30": "177.37100", "2010-01-31": "145.94700", "2009-10-31": "148.40000", "2009-07-31": "138.20900", "2009-04-30": "130.78200", "2009-01-31": "134.01200", "2008-10-31": "186.70300", "2008-07-31": "201.54700", "2008-04-30": "188.26600", "2008-01-31": "163.18500", "2007-10-31": "172.86400", "2007-07-31": "169.96000", "2007-04-30": "149.82200", "2007-01-31": "141.21600", "2006-10-31": "143.86600", "2006-07-31": "156.19200", "2006-04-30": "144.07400", "2006-01-31": "124.78200", "2005-10-31": "131.53200", "2005-07-31": "134.58210", "2005-04-30": "133.80000", "2005-01-31": "120.95400"}, "Research And Development Expenses": {"2020-10-31": "", "2020-07-31": "", "2020-04-30": "", "2020-01-31": "", "2019-10-31": "", "2019-07-31": "", "2019-04-30": "", "2019-01-31": "", "2018-10-31": "", "2018-07-31": "", "2018-04-30": "", "2018-01-31": "", "2017-10-31": "", "2017-07-31": "", "2017-04-30": "", "2017-01-31": "", "2016-10-31": "", "2016-07-31": "", "2016-04-30": "", "2016-01-31": "", "2015-10-31": "", "2015-07-31": "", "2015-04-30": "", "2015-01-31": "", "2014-10-31": "", "2014-07-31": "", "2014-04-30": "", "2014-01-31": "", "2013-10-31": "", "2013-07-31": "", "2013-04-30": "", "2013-01-31": "", "2012-10-31": "", "2012-07-31": "", "2012-04-30": "", "2012-01-31": "", "2011-10-31": "", "2011-07-31": "", "2011-04-30": "", "2011-01-31": "", "2010-10-31": "", "2010-07-31": "", "2010-04-30": "", "2010-01-31": "", "2009-10-31": "", "2009-07-31": "", "2009-04-30": "", "2009-01-31": "", "2008-10-31": "", "2008-07-31": "", "2008-04-30": "", "2008-01-31": "", "2007-10-31": "", "2007-07-31": "", "2007-04-30": "", "2007-01-31": "", "2006-10-31": "", "2006-07-31": "", "2006-04-30": "", "2006-01-31": "", "2005-10-31": "", "2005-07-31": "", "2005-04-30": "", "2005-01-31": ""}, "SG&A Expenses": {"2020-10-31": "135.50000", "2020-07-31": "64.30000", "2020-04-30": "124.70000", "2020-01-31": "138.70000", "2019-10-31": "142.60000", "2019-07-31": "77.10000", "2019-04-30": "140.70000", "2019-01-31": "140.30000", "2018-10-31": "139.70000", "2018-07-31": "84.70000", "2018-04-30": "140.20000", "2018-01-31": "138.80000", "2017-10-31": "135.20000", "2017-07-31": "83.30000", "2017-04-30": "123.00000", "2017-01-31": "118.50000", "2016-10-31": "117.80000", "2016-07-31": "63.70000", "2016-04-30": "121.70000", "2016-01-31": "117.10000", "2015-10-31": "122.60000", "2015-07-31": "63.70000", "2015-04-30": "127.00000", "2015-01-31": "137.30000", "2014-10-31": "132.10000", "2014-07-31": "77.38600", "2014-04-30": "130.72700", "2014-01-31": "129.54000", "2013-10-31": "122.64700", "2013-07-31": "65.71300", "2013-04-30": "122.91400", "2013-01-31": "127.78500", "2012-10-31": "124.75600", "2012-07-31": "70.71000", "2012-04-30": "129.79200", "2012-01-31": "126.04900", "2011-10-31": "124.60700", "2011-07-31": "81.71200", "2011-04-30": "125.82600", "2011-01-31": "122.10200", "2010-10-31": "113.58700", "2010-07-31": "67.87800", "2010-04-30": "105.28800", "2010-01-31": "106.89600", "2009-10-31": "95.95600", "2009-07-31": "62.80400", "2009-04-30": "93.12300", "2009-01-31": "106.16500", "2008-10-31": "117.01600", "2008-07-31": "89.91400", "2008-04-30": "124.74400", "2008-01-31": "112.55100", "2007-10-31": "109.08400", "2007-07-31": "69.14300", "2007-04-30": "99.64900", "2007-01-31": "98.33400", "2006-10-31": "90.18000", "2006-07-31": "63.93200", "2006-04-30": "90.85700", "2006-01-31": "86.97800", "2005-10-31": "88.13800", "2005-07-31": "62.01400", "2005-04-30": "90.74600", "2005-01-31": "83.98300"}, "Other Operating Income Or Expenses": {"2020-10-31": "", "2020-07-31": "", "2020-04-30": "", "2020-01-31": "", "2019-10-31": "", "2019-07-31": "", "2019-04-30": "", "2019-01-31": "", "2018-10-31": "", "2018-07-31": "", "2018-04-30": "", "2018-01-31": "", "2017-10-31": "", "2017-07-31": "", "2017-04-30": "", "2017-01-31": "", "2016-10-31": "", "2016-07-31": "", "2016-04-30": "", "2016-01-31": "", "2015-10-31": "", "2015-07-31": "", "2015-04-30": "", "2015-01-31": "", "2014-10-31": "", "2014-07-31": "", "2014-04-30": "", "2014-01-31": "", "2013-10-31": "", "2013-07-31": "", "2013-04-30": "", "2013-01-31": "", "2012-10-31": "", "2012-07-31": "", "2012-04-30": "", "2012-01-31": "", "2011-10-31": "", "2011-07-31": "", "2011-04-30": "", "2011-01-31": "", "2010-10-31": "", "2010-07-31": "", "2010-04-30": "", "2010-01-31": "", "2009-10-31": "", "2009-07-31": "", "2009-04-30": "", "2009-01-31": "", "2008-10-31": "", "2008-07-31": "", "2008-04-30": "", "2008-01-31": "", "2007-10-31": "", "2007-07-31": "", "2007-04-30": "", "2007-01-31": "", "2006-10-31": "", "2006-07-31": "", "2006-04-30": "", "2006-01-31": "", "2005-10-31": "", "2005-07-31": "", "2005-04-30": "", "2005-01-31": ""}, "Operating Expenses": {"2020-10-31": "549.40000", "2020-07-31": "535.00000", "2020-04-30": "545.20000", "2020-01-31": "577.50000", "2019-10-31": "584.00000", "2019-07-31": "622.59990", "2019-04-30": "612.80000", "2019-01-31": "618.60000", "2018-10-31": "602.70000", "2018-07-31": "616.49990", "2018-04-30": "600.40000", "2018-01-31": "584.60000", "2017-10-31": "555.70000", "2017-07-31": "570.80020", "2017-04-30": "519.70000", "2017-01-31": "481.20000", "2016-10-31": "476.60000", "2016-07-31": "503.70000", "2016-04-30": "496.40000", "2016-01-31": "463.50000", "2015-10-31": "482.50000", "2015-07-31": "532.20000", "2015-04-30": "508.50000", "2015-01-31": "522.70000", "2014-10-31": "519.50000", "2014-07-31": "569.14920", "2014-04-30": "531.50000", "2014-01-31": "509.51400", "2013-10-31": "507.63700", "2013-07-31": "532.58120", "2013-04-30": "520.78400", "2013-01-31": "524.84400", "2012-10-31": "515.41000", "2012-07-31": "557.34890", "2012-04-30": "548.80000", "2012-01-31": "506.11500", "2011-10-31": "517.96800", "2011-07-31": "535.44310", "2011-04-30": "511.23300", "2011-01-31": "469.66400", "2010-10-31": "462.40600", "2010-07-31": "440.57710", "2010-04-30": "425.53600", "2010-01-31": "397.07100", "2009-10-31": "375.63600", "2009-07-31": "386.55900", "2009-04-30": "375.78800", "2009-01-31": "432.75400", "2008-10-31": "503.57300", "2008-07-31": "539.54590", "2008-04-30": "524.23800", "2008-01-31": "461.12900", "2007-10-31": "461.79600", "2007-07-31": "460.32210", "2007-04-30": "433.81500", "2007-01-31": "420.85800", "2006-10-31": "392.73300", "2006-07-31": "409.78500", "2006-04-30": "376.64100", "2006-01-31": "355.11100", "2005-10-31": "360.00200", "2005-07-31": "382.40490", "2005-04-30": "368.61000", "2005-01-31": "351.45300"}, "Operating Income": {"2020-10-31": "87.20000", "2020-07-31": "82.40010", "2020-04-30": "84.50000", "2020-01-31": "84.50000", "2019-10-31": "88.70000", "2019-07-31": "104.40000", "2019-04-30": "100.00000", "2019-01-31": "85.10000", "2018-10-31": "98.70000", "2018-07-31": "108.20010", "2018-04-30": "99.60000", "2018-01-31": "80.10000", "2017-10-31": "89.10000", "2017-07-31": "89.29980", "2017-04-30": "88.50000", "2017-01-31": "69.40000", "2016-10-31": "76.40000", "2016-07-31": "90.10010", "2016-04-30": "74.90000", "2016-01-31": "53.70000", "2015-10-31": "55.50000", "2015-07-31": "78.40000", "2015-04-30": "67.10000", "2015-01-31": "65.80000", "2014-10-31": "77.00000", "2014-07-31": "99.11090", "2014-04-30": "92.73400", "2014-01-31": "72.10800", "2013-10-31": "91.74700", "2013-07-31": "100.01280", "2013-04-30": "98.58700", "2013-01-31": "71.19200", "2012-10-31": "73.53710", "2012-07-31": "99.48410", "2012-04-30": "98.43700", "2012-01-31": "74.76800", "2011-10-31": "90.32700", "2011-07-31": "90.00710", "2011-04-30": "83.33200", "2011-01-31": "67.44100", "2010-10-31": "74.50300", "2010-07-31": "74.66580", "2010-04-30": "72.08300", "2010-01-31": "39.05100", "2009-10-31": "52.44400", "2009-07-31": "34.76200", "2009-04-30": "37.65900", "2009-01-31": "27.84700", "2008-10-31": "69.68700", "2008-07-31": "67.87620", "2008-04-30": "63.52200", "2008-01-31": "50.63400", "2007-10-31": "63.78000", "2007-07-31": "64.35890", "2007-04-30": "50.17300", "2007-01-31": "42.88200", "2006-10-31": "53.68600", "2006-07-31": "58.37300", "2006-04-30": "53.21700", "2006-01-31": "37.80400", "2005-10-31": "43.39400", "2005-07-31": "40.33410", "2005-04-30": "43.05400", "2005-01-31": "36.97100"}, "Total Non-Operating Income/Expense": {"2020-10-31": "-5.00000", "2020-07-31": "-1.00000", "2020-04-30": "-0.10000", "2020-01-31": "-1.70000", "2019-10-31": "-2.10000", "2019-07-31": "-5.60000", "2019-04-30": "-0.50000", "2019-01-31": "-4.60000", "2018-10-31": "-2.30000", "2018-07-31": "-4.70000", "2018-04-30": "-0.60000", "2018-01-31": "-3.70000", "2017-10-31": "-4.40000", "2017-07-31": "2.40000", "2017-04-30": "-4.20000", "2017-01-31": "-3.10000", "2016-10-31": "3.30000", "2016-07-31": "-7.60000", "2016-04-30": "-2.80000", "2016-01-31": "-4.30000", "2015-10-31": "-2.10000", "2015-07-31": "-0.30000", "2015-04-30": "0.70000", "2015-01-31": "-0.40000", "2014-10-31": "0.30000", "2014-07-31": "1.73800", "2014-04-30": "1.44800", "2014-01-31": "2.77400", "2013-10-31": "-0.96000", "2013-07-31": "1.16500", "2013-04-30": "0.88900", "2013-01-31": "-0.34300", "2012-10-31": "3.14100", "2012-07-31": "2.87000", "2012-04-30": "1.55300", "2012-01-31": "1.65100", "2011-10-31": "1.69000", "2011-07-31": "0.47600", "2011-04-30": "-1.51600", "2011-01-31": "0.56600", "2010-10-31": "-2.54600", "2010-07-31": "-2.11000", "2010-04-30": "-2.01400", "2010-01-31": "-1.51400", "2009-10-31": "-2.43000", "2009-07-31": "-2.91100", "2009-04-30": "-2.27900", "2009-01-31": "-2.15400", "2008-10-31": "-1.18600", "2008-07-31": "-1.68300", "2008-04-30": "-1.67200", "2008-01-31": "-1.97900", "2007-10-31": "-4.31500", "2007-07-31": "-1.73700", "2007-04-30": "-2.29200", "2007-01-31": "-0.85700", "2006-10-31": "-1.35300", "2006-07-31": "-2.53800", "2006-04-30": "-1.38000", "2006-01-31": "-0.20700", "2005-10-31": "0.50400", "2005-07-31": "-1.30400", "2005-04-30": "-1.47400", "2005-01-31": "-0.37400"}, "Pre-Tax Income": {"2020-10-31": "82.20000", "2020-07-31": "81.40000", "2020-04-30": "84.40000", "2020-01-31": "82.80000", "2019-10-31": "86.60000", "2019-07-31": "98.80000", "2019-04-30": "99.50000", "2019-01-31": "80.50000", "2018-10-31": "96.40000", "2018-07-31": "103.50000", "2018-04-30": "99.00000", "2018-01-31": "76.40000", "2017-10-31": "84.70000", "2017-07-31": "91.70000", "2017-04-30": "84.30000", "2017-01-31": "66.30000", "2016-10-31": "79.70000", "2016-07-31": "82.50000", "2016-04-30": "72.10000", "2016-01-31": "49.40000", "2015-10-31": "53.40000", "2015-07-31": "78.10000", "2015-04-30": "67.80000", "2015-01-31": "65.40000", "2014-10-31": "77.30000", "2014-07-31": "100.84900", "2014-04-30": "94.18200", "2014-01-31": "74.88200", "2013-10-31": "90.78700", "2013-07-31": "101.17800", "2013-04-30": "99.47600", "2013-01-31": "70.84900", "2012-10-31": "76.67800", "2012-07-31": "102.35400", "2012-04-30": "99.99000", "2012-01-31": "76.41900", "2011-10-31": "92.01700", "2011-07-31": "90.48300", "2011-04-30": "81.81600", "2011-01-31": "68.00700", "2010-10-31": "71.95700", "2010-07-31": "72.55600", "2010-04-30": "70.06900", "2010-01-31": "37.53700", "2009-10-31": "50.01400", "2009-07-31": "31.85100", "2009-04-30": "35.38000", "2009-01-31": "25.69300", "2008-10-31": "68.50100", "2008-07-31": "66.19300", "2008-04-30": "61.85000", "2008-01-31": "48.65500", "2007-10-31": "59.46500", "2007-07-31": "62.62200", "2007-04-30": "47.88100", "2007-01-31": "42.02500", "2006-10-31": "52.33300", "2006-07-31": "55.83500", "2006-04-30": "51.83700", "2006-01-31": "37.59700", "2005-10-31": "43.89800", "2005-07-31": "39.03000", "2005-04-30": "41.58000", "2005-01-31": "36.59700"}, "Income Taxes": {"2020-10-31": "20.30000", "2020-07-31": "17.20000", "2020-04-30": "21.00000", "2020-01-31": "18.40000", "2019-10-31": "21.60000", "2019-07-31": "40.70000", "2019-04-30": "24.30000", "2019-01-31": "20.40000", "2018-10-31": "22.60000", "2018-07-31": "1.10000", "2018-04-30": "29.10000", "2018-01-31": "129.30000", "2017-10-31": "23.80000", "2017-07-31": "23.50000", "2017-04-30": "24.20000", "2017-01-31": "19.80000", "2016-10-31": "21.70000", "2016-07-31": "23.00000", "2016-04-30": "17.30000", "2016-01-31": "11.40000", "2015-10-31": "14.90000", "2015-07-31": "21.70000", "2015-04-30": "20.00000", "2015-01-31": "17.40000", "2014-10-31": "21.40000", "2014-07-31": "27.91700", "2014-04-30": "26.84600", "2014-01-31": "16.54200", "2013-10-31": "29.19500", "2013-07-31": "28.56900", "2013-04-30": "29.63400", "2013-01-31": "20.03600", "2012-10-31": "22.56500", "2012-07-31": "31.37300", "2012-04-30": "29.04400", "2012-01-31": "22.59800", "2011-10-31": "23.46400", "2011-07-31": "24.71600", "2011-04-30": "20.00500", "2011-01-31": "23.42800", "2010-10-31": "18.82300", "2010-07-31": "21.38600", "2010-04-30": "20.61100", "2010-01-31": "6.57100", "2009-10-31": "15.44500", "2009-07-31": "8.29700", "2009-04-30": "8.78200", "2009-01-31": "-8.10000", "2008-10-31": "20.53900", "2008-07-31": "17.62000", "2008-04-30": "15.86300", "2008-01-31": "14.58500", "2007-10-31": "16.14200", "2007-07-31": "19.33200", "2007-04-30": "7.73400", "2007-01-31": "10.75000", "2006-10-31": "16.32800", "2006-07-31": "19.64700", "2006-04-30": "14.82500", "2006-01-31": "10.68800", "2005-10-31": "11.70000", "2005-07-31": "13.91900", "2005-04-30": "10.24700", "2005-01-31": "9.88100"}, "Income After Taxes": {"2020-10-31": "61.90000", "2020-07-31": "64.20000", "2020-04-30": "63.40000", "2020-01-31": "64.40000", "2019-10-31": "65.00000", "2019-07-31": "58.10000", "2019-04-30": "75.20000", "2019-01-31": "60.10000", "2018-10-31": "73.80000", "2018-07-31": "102.40000", "2018-04-30": "69.90000", "2018-01-31": "-52.90000", "2017-10-31": "60.90000", "2017-07-31": "68.20000", "2017-04-30": "60.10000", "2017-01-31": "46.50000", "2016-10-31": "58.00000", "2016-07-31": "59.50000", "2016-04-30": "54.80000", "2016-01-31": "38.00000", "2015-10-31": "38.50000", "2015-07-31": "56.40000", "2015-04-30": "47.80000", "2015-01-31": "48.00000", "2014-10-31": "55.90000", "2014-07-31": "72.93200", "2014-04-30": "67.33600", "2014-01-31": "58.34000", "2013-10-31": "61.59200", "2013-07-31": "72.60900", "2013-04-30": "69.84200", "2013-01-31": "50.81300", "2012-10-31": "54.11300", "2012-07-31": "70.98100", "2012-04-30": "70.94600", "2012-01-31": "53.82100", "2011-10-31": "68.55300", "2011-07-31": "65.76700", "2011-04-30": "61.81100", "2011-01-31": "44.57900", "2010-10-31": "53.13400", "2010-07-31": "51.17000", "2010-04-30": "49.45800", "2010-01-31": "30.96600", "2009-10-31": "34.56900", "2009-07-31": "23.55400", "2009-04-30": "26.59800", "2009-01-31": "33.79300", "2008-10-31": "47.96200", "2008-07-31": "48.57300", "2008-04-30": "45.98700", "2008-01-31": "34.07000", "2007-10-31": "43.32300", "2007-07-31": "43.29000", "2007-04-30": "40.14700", "2007-01-31": "31.27500", "2006-10-31": "36.00500", "2006-07-31": "36.18800", "2006-04-30": "37.01200", "2006-01-31": "26.90900", "2005-10-31": "32.19800", "2005-07-31": "25.11100", "2005-04-30": "31.33300", "2005-01-31": "26.71600"}, "Other Income": {"2020-10-31": "", "2020-07-31": "", "2020-04-30": "", "2020-01-31": "", "2019-10-31": "", "2019-07-31": "", "2019-04-30": "", "2019-01-31": "", "2018-10-31": "", "2018-07-31": "", "2018-04-30": "", "2018-01-31": "", "2017-10-31": "", "2017-07-31": "", "2017-04-30": "", "2017-01-31": "", "2016-10-31": "", "2016-07-31": "", "2016-04-30": "", "2016-01-31": "", "2015-10-31": "", "2015-07-31": "", "2015-04-30": "", "2015-01-31": "", "2014-10-31": "", "2014-07-31": "", "2014-04-30": "", "2014-01-31": "", "2013-10-31": "", "2013-07-31": "", "2013-04-30": "", "2013-01-31": "", "2012-10-31": "", "2012-07-31": "", "2012-04-30": "", "2012-01-31": "", "2011-10-31": "", "2011-07-31": "", "2011-04-30": "", "2011-01-31": "", "2010-10-31": "", "2010-07-31": "", "2010-04-30": "", "2010-01-31": "", "2009-10-31": "", "2009-07-31": "", "2009-04-30": "", "2009-01-31": "", "2008-10-31": "", "2008-07-31": "", "2008-04-30": "", "2008-01-31": "", "2007-10-31": "", "2007-07-31": "", "2007-04-30": "", "2007-01-31": "", "2006-10-31": "", "2006-07-31": "", "2006-04-30": "", "2006-01-31": "", "2005-10-31": "", "2005-07-31": "", "2005-04-30": "", "2005-01-31": ""}, "Income From Continuous Operations": {"2020-10-31": "61.90000", "2020-07-31": "64.20000", "2020-04-30": "63.40000", "2020-01-31": "64.40000", "2019-10-31": "65.00000", "2019-07-31": "58.10000", "2019-04-30": "75.20000", "2019-01-31": "60.10000", "2018-10-31": "73.80000", "2018-07-31": "102.40000", "2018-04-30": "69.90000", "2018-01-31": "-52.90000", "2017-10-31": "60.90000", "2017-07-31": "68.20000", "2017-04-30": "60.10000", "2017-01-31": "46.50000", "2016-10-31": "58.00000", "2016-07-31": "59.50000", "2016-04-30": "54.80000", "2016-01-31": "38.00000", "2015-10-31": "38.50000", "2015-07-31": "56.40000", "2015-04-30": "47.80000", "2015-01-31": "48.00000", "2014-10-31": "55.90000", "2014-07-31": "72.93200", "2014-04-30": "67.33600", "2014-01-31": "58.34000", "2013-10-31": "61.59200", "2013-07-31": "72.60900", "2013-04-30": "69.84200", "2013-01-31": "50.81300", "2012-10-31": "54.11300", "2012-07-31": "70.98100", "2012-04-30": "70.94600", "2012-01-31": "53.82100", "2011-10-31": "68.55300", "2011-07-31": "65.76700", "2011-04-30": "61.81100", "2011-01-31": "44.57900", "2010-10-31": "53.13400", "2010-07-31": "51.17000", "2010-04-30": "49.45800", "2010-01-31": "30.96600", "2009-10-31": "34.56900", "2009-07-31": "23.55400", "2009-04-30": "26.59800", "2009-01-31": "33.79300", "2008-10-31": "47.96200", "2008-07-31": "48.57300", "2008-04-30": "45.98700", "2008-01-31": "34.07000", "2007-10-31": "43.32300", "2007-07-31": "43.29000", "2007-04-30": "40.14700", "2007-01-31": "31.27500", "2006-10-31": "36.00500", "2006-07-31": "36.18800", "2006-04-30": "37.01200", "2006-01-31": "26.90900", "2005-10-31": "32.19800", "2005-07-31": "25.11100", "2005-04-30": "31.33300", "2005-01-31": "26.71600"}, "Income From Discontinued Operations": {"2020-10-31": "", "2020-07-31": "", "2020-04-30": "", "2020-01-31": "", "2019-10-31": "", "2019-07-31": "", "2019-04-30": "", "2019-01-31": "", "2018-10-31": "", "2018-07-31": "", "2018-04-30": "", "2018-01-31": "", "2017-10-31": "", "2017-07-31": "", "2017-04-30": "", "2017-01-31": "", "2016-10-31": "", "2016-07-31": "", "2016-04-30": "", "2016-01-31": "", "2015-10-31": "", "2015-07-31": "", "2015-04-30": "", "2015-01-31": "", "2014-10-31": "", "2014-07-31": "", "2014-04-30": "", "2014-01-31": "", "2013-10-31": "", "2013-07-31": "", "2013-04-30": "", "2013-01-31": "", "2012-10-31": "", "2012-07-31": "", "2012-04-30": "", "2012-01-31": "", "2011-10-31": "", "2011-07-31": "", "2011-04-30": "", "2011-01-31": "", "2010-10-31": "", "2010-07-31": "", "2010-04-30": "", "2010-01-31": "", "2009-10-31": "", "2009-07-31": "", "2009-04-30": "", "2009-01-31": "", "2008-10-31": "", "2008-07-31": "", "2008-04-30": "", "2008-01-31": "", "2007-10-31": "", "2007-07-31": "", "2007-04-30": "", "2007-01-31": "", "2006-10-31": "", "2006-07-31": "", "2006-04-30": "", "2006-01-31": "", "2005-10-31": "", "2005-07-31": "", "2005-04-30": "", "2005-01-31": ""}, "Net Income": {"2020-10-31": "61.90000", "2020-07-31": "64.20000", "2020-04-30": "63.40000", "2020-01-31": "64.40000", "2019-10-31": "65.00000", "2019-07-31": "58.10000", "2019-04-30": "75.20000", "2019-01-31": "60.10000", "2018-10-31": "73.80000", "2018-07-31": "102.40000", "2018-04-30": "69.90000", "2018-01-31": "-52.90000", "2017-10-31": "60.90000", "2017-07-31": "68.20000", "2017-04-30": "60.10000", "2017-01-31": "46.50000", "2016-10-31": "58.00000", "2016-07-31": "59.50000", "2016-04-30": "54.80000", "2016-01-31": "38.00000", "2015-10-31": "38.50000", "2015-07-31": "56.40000", "2015-04-30": "47.80000", "2015-01-31": "48.00000", "2014-10-31": "55.90000", "2014-07-31": "72.93200", "2014-04-30": "67.33600", "2014-01-31": "58.34000", "2013-10-31": "61.59200", "2013-07-31": "72.60900", "2013-04-30": "69.84200", "2013-01-31": "50.81300", "2012-10-31": "54.11300", "2012-07-31": "70.98100", "2012-04-30": "70.94600", "2012-01-31": "53.82100", "2011-10-31": "68.55300", "2011-07-31": "65.76700", "2011-04-30": "61.81100", "2011-01-31": "44.57900", "2010-10-31": "53.13400", "2010-07-31": "51.17000", "2010-04-30": "49.45800", "2010-01-31": "30.96600", "2009-10-31": "34.56900", "2009-07-31": "23.55400", "2009-04-30": "26.59800", "2009-01-31": "33.79300", "2008-10-31": "47.96200", "2008-07-31": "48.57300", "2008-04-30": "45.98700", "2008-01-31": "34.07000", "2007-10-31": "43.32300", "2007-07-31": "43.29000", "2007-04-30": "40.14700", "2007-01-31": "31.27500", "2006-10-31": "36.00500", "2006-07-31": "36.18800", "2006-04-30": "37.01200", "2006-01-31": "26.90900", "2005-10-31": "32.19800", "2005-07-31": "25.11100", "2005-04-30": "31.33300", "2005-01-31": "26.71600"}, "EBITDA": {"2020-10-31": "110.50000", "2020-07-31": "105.40010", "2020-04-30": "106.30000", "2020-01-31": "106.10000", "2019-10-31": "109.90000", "2019-07-31": "125.70000", "2019-04-30": "120.60000", "2019-01-31": "105.00000", "2018-10-31": "118.00000", "2018-07-31": "127.50010", "2018-04-30": "119.10000", "2018-01-31": "99.10000", "2017-10-31": "108.00000", "2017-07-31": "108.69980", "2017-04-30": "107.00000", "2017-01-31": "87.80000", "2016-10-31": "95.30000", "2016-07-31": "109.10010", "2016-04-30": "94.20000", "2016-01-31": "71.70000", "2015-10-31": "74.10000", "2015-07-31": "97.20000", "2015-04-30": "85.20000", "2015-01-31": "85.10000", "2014-10-31": "95.10000", "2014-07-31": "116.06590", "2014-04-30": "109.81200", "2014-01-31": "89.00800", "2013-10-31": "108.01400", "2013-07-31": "115.77580", "2013-04-30": "114.21800", "2013-01-31": "88.06200", "2012-10-31": "89.56310", "2012-07-31": "114.43510", "2012-04-30": "113.75500", "2012-01-31": "90.09000", "2011-10-31": "105.90100", "2011-07-31": "105.22210", "2011-04-30": "98.13000", "2011-01-31": "83.00100", "2010-10-31": "89.42100", "2010-07-31": "88.73980", "2010-04-30": "86.69200", "2010-01-31": "54.42700", "2009-10-31": "67.61700", "2009-07-31": "50.10300", "2009-04-30": "51.81400", "2009-01-31": "42.87400", "2008-10-31": "83.76100", "2008-07-31": "82.75820", "2008-04-30": "77.40500", "2008-01-31": "64.54200", "2007-10-31": "77.83900", "2007-07-31": "78.42690", "2007-04-30": "62.15100", "2007-01-31": "54.68000", "2006-10-31": "65.40800", "2006-07-31": "69.27300", "2006-04-30": "64.35600", "2006-01-31": "49.02300", "2005-10-31": "54.83600", "2005-07-31": "51.12410", "2005-04-30": "54.53900", "2005-01-31": "47.93900"}, "EBIT": {"2020-10-31": "87.20000", "2020-07-31": "82.40010", "2020-04-30": "84.50000", "2020-01-31": "84.50000", "2019-10-31": "88.70000", "2019-07-31": "104.39990", "2019-04-30": "100.00000", "2019-01-31": "85.10000", "2018-10-31": "98.70000", "2018-07-31": "108.20000", "2018-04-30": "99.60000", "2018-01-31": "80.10000", "2017-10-31": "89.10000", "2017-07-31": "89.29990", "2017-04-30": "88.50000", "2017-01-31": "69.40000", "2016-10-31": "76.40000", "2016-07-31": "90.10010", "2016-04-30": "74.90000", "2016-01-31": "53.70000", "2015-10-31": "55.50000", "2015-07-31": "78.40010", "2015-04-30": "67.10000", "2015-01-31": "65.80000", "2014-10-31": "77.00000", "2014-07-31": "99.11090", "2014-04-30": "92.73400", "2014-01-31": "72.10800", "2013-10-31": "91.74700", "2013-07-31": "100.01280", "2013-04-30": "98.58700", "2013-01-31": "71.19200", "2012-10-31": "73.53710", "2012-07-31": "99.48420", "2012-04-30": "98.43700", "2012-01-31": "74.76800", "2011-10-31": "90.32700", "2011-07-31": "90.00700", "2011-04-30": "83.33200", "2011-01-31": "67.44100", "2010-10-31": "74.50300", "2010-07-31": "74.66590", "2010-04-30": "72.08300", "2010-01-31": "39.05100", "2009-10-31": "52.44400", "2009-07-31": "34.76210", "2009-04-30": "37.65900", "2009-01-31": "27.84700", "2008-10-31": "69.68700", "2008-07-31": "67.87600", "2008-04-30": "63.52200", "2008-01-31": "50.63400", "2007-10-31": "63.78000", "2007-07-31": "64.35900", "2007-04-30": "50.17300", "2007-01-31": "42.88200", "2006-10-31": "53.68600", "2006-07-31": "58.37310", "2006-04-30": "53.21700", "2006-01-31": "37.80400", "2005-10-31": "43.39400", "2005-07-31": "40.33410", "2005-04-30": "43.05400", "2005-01-31": "36.97100"}, "Basic Shares Outstanding": {"2020-10-31": "126.80000", "2020-07-31": "126.90000", "2020-04-30": "126.90000", "2020-01-31": "127.10000", "2019-10-31": "126.90000", "2019-07-31": "128.30000", "2019-04-30": "128.20000", "2019-01-31": "128.30000", "2018-10-31": "128.80000", "2018-07-31": "130.30000", "2018-04-30": "130.10000", "2018-01-31": "130.60000", "2017-10-31": "130.80000", "2017-07-31": "132.60000", "2017-04-30": "132.50000", "2017-01-31": "132.90000", "2016-10-31": "133.40000", "2016-07-31": "133.80000", "2016-04-30": "133.90000", "2016-01-31": "133.70000", "2015-10-31": "133.90000", "2015-07-31": "137.80000", "2015-04-30": "137.20000", "2015-01-31": "138.00000", "2014-10-31": "139.58140", "2014-07-31": "145.60000", "2014-04-30": "145.31100", "2014-01-31": "146.95710", "2013-10-31": "147.32310", "2013-07-31": "148.27390", "2013-04-30": "148.13660", "2013-01-31": "147.95150", "2012-10-31": "149.14940", "2012-07-31": "150.28600", "2012-04-30": "150.53660", "2012-01-31": "150.10500", "2011-10-31": "150.51400", "2011-07-31": "154.39270", "2011-04-30": "154.65100", "2011-01-31": "155.16000", "2010-10-31": "154.33800", "2010-07-31": "155.69800", "2010-04-30": "155.74600", "2010-01-31": "156.17400", "2009-10-31": "156.09200", "2009-07-31": "155.93400", "2009-04-30": "155.93800", "2009-01-31": "155.72400", "2008-10-31": "155.99600", "2008-07-31": "158.60800", "2008-04-30": "157.26800", "2008-01-31": "159.48000", "2007-10-31": "159.69400", "2007-07-31": "160.91000", "2007-04-30": "159.84400", "2007-01-31": "161.55800", "2006-10-31": "162.63600", "2006-07-31": "165.98400", "2006-04-30": "165.91000", "2006-01-31": "165.98600", "2005-10-31": "168.05000", "2005-07-31": "169.98200", "2005-04-30": "169.53800", "2005-01-31": "169.81600"}, "Shares Outstanding": {"2020-10-31": "128.00000", "2020-07-31": "128.30000", "2020-04-30": "127.70000", "2020-01-31": "128.90000", "2019-10-31": "128.60000", "2019-07-31": "130.30000", "2019-04-30": "130.00000", "2019-01-31": "130.00000", "2018-10-31": "131.00000", "2018-07-31": "132.20000", "2018-04-30": "131.90000", "2018-01-31": "130.60000", "2017-10-31": "132.70000", "2017-07-31": "134.10000", "2017-04-30": "134.10000", "2017-01-31": "134.40000", "2016-10-31": "134.60000", "2016-07-31": "134.80000", "2016-04-30": "134.70000", "2016-01-31": "134.40000", "2015-10-31": "134.90000", "2015-07-31": "139.40000", "2015-04-30": "138.80000", "2015-01-31": "139.70000", "2014-10-31": "141.48030", "2014-07-31": "147.60000", "2014-04-30": "147.33900", "2014-01-31": "149.02180", "2013-10-31": "149.36090", "2013-07-31": "150.45520", "2013-04-30": "150.23450", "2013-01-31": "149.98880", "2012-10-31": "151.52410", "2012-07-31": "152.94100", "2012-04-30": "153.20750", "2012-01-31": "152.82500", "2011-10-31": "153.04700", "2011-07-31": "157.19690", "2011-04-30": "157.40800", "2011-01-31": "157.95600", "2010-10-31": "156.96800", "2010-07-31": "158.35600", "2010-04-30": "158.44600", "2010-01-31": "158.81200", "2009-10-31": "158.59000", "2009-07-31": "158.40000", "2009-04-30": "157.43600", "2009-01-31": "157.80000", "2008-10-31": "159.32800", "2008-07-31": "162.49400", "2008-04-30": "161.05200", "2008-01-31": "159.48000", "2007-10-31": "163.76600", "2007-07-31": "164.87200", "2007-04-30": "163.65200", "2007-01-31": "165.39800", "2006-10-31": "166.96600", "2006-07-31": "170.27800", "2006-04-30": "170.41200", "2006-01-31": "170.20200", "2005-10-31": "172.24400", "2005-07-31": "173.76600", "2005-04-30": "174.20600", "2005-01-31": "174.53800"}, "Basic EPS": {"2020-10-31": "0.49000", "2020-07-31": "0.51000", "2020-04-30": "0.50000", "2020-01-31": "0.51000", "2019-10-31": "0.51000", "2019-07-31": "0.45000", "2019-04-30": "0.59000", "2019-01-31": "0.47000", "2018-10-31": "0.57000", "2018-07-31": "0.77000", "2018-04-30": "0.54000", "2018-01-31": "-0.40000", "2017-10-31": "0.47000", "2017-07-31": "0.53000", "2017-04-30": "0.45000", "2017-01-31": "0.35000", "2016-10-31": "0.43000", "2016-07-31": "0.45000", "2016-04-30": "0.41000", "2016-01-31": "0.28000", "2015-10-31": "0.29000", "2015-07-31": "0.41000", "2015-04-30": "0.35000", "2015-01-31": "0.35000", "2014-10-31": "0.40000", "2014-07-31": "0.51000", "2014-04-30": "0.46000", "2014-01-31": "0.40000", "2013-10-31": "0.42000", "2013-07-31": "0.50000", "2013-04-30": "0.47000", "2013-01-31": "0.34000", "2012-10-31": "0.36000", "2012-07-31": "0.47000", "2012-04-30": "0.47000", "2012-01-31": "0.36000", "2011-10-31": "0.46000", "2011-07-31": "0.43000", "2011-04-30": "0.40000", "2011-01-31": "0.28500", "2010-10-31": "0.34500", "2010-07-31": "0.33000", "2010-04-30": "0.32000", "2010-01-31": "0.20000", "2009-10-31": "0.22000", "2009-07-31": "0.15500", "2009-04-30": "0.17000", "2009-01-31": "0.21500", "2008-10-31": "0.30500", "2008-07-31": "0.31000", "2008-04-30": "0.29000", "2008-01-31": "0.21500", "2007-10-31": "0.27000", "2007-07-31": "0.27000", "2007-04-30": "0.25000", "2007-01-31": "0.19500", "2006-10-31": "0.22000", "2006-07-31": "0.22000", "2006-04-30": "0.22500", "2006-01-31": "0.16000", "2005-10-31": "0.19000", "2005-07-31": "0.15000", "2005-04-30": "0.18500", "2005-01-31": "0.15500"}, "EPS - Earnings Per Share": {"2020-10-31": "0.48000", "2020-07-31": "0.49000", "2020-04-30": "0.50000", "2020-01-31": "0.50000", "2019-10-31": "0.51000", "2019-07-31": "0.45000", "2019-04-30": "0.58000", "2019-01-31": "0.46000", "2018-10-31": "0.56000", "2018-07-31": "0.77000", "2018-04-30": "0.53000", "2018-01-31": "-0.40000", "2017-10-31": "0.46000", "2017-07-31": "0.51000", "2017-04-30": "0.45000", "2017-01-31": "0.35000", "2016-10-31": "0.43000", "2016-07-31": "0.44000", "2016-04-30": "0.41000", "2016-01-31": "0.28000", "2015-10-31": "0.29000", "2015-07-31": "0.41000", "2015-04-30": "0.34000", "2015-01-31": "0.34000", "2014-10-31": "0.40000", "2014-07-31": "0.50000", "2014-04-30": "0.46000", "2014-01-31": "0.39000", "2013-10-31": "0.41000", "2013-07-31": "0.48000", "2013-04-30": "0.46000", "2013-01-31": "0.34000", "2012-10-31": "0.36000", "2012-07-31": "0.47000", "2012-04-30": "0.46000", "2012-01-31": "0.35000", "2011-10-31": "0.45000", "2011-07-31": "0.42000", "2011-04-30": "0.39000", "2011-01-31": "0.28000", "2010-10-31": "0.34000", "2010-07-31": "0.32500", "2010-04-30": "0.31000", "2010-01-31": "0.19500", "2009-10-31": "0.22000", "2009-07-31": "0.15000", "2009-04-30": "0.17000", "2009-01-31": "0.21500", "2008-10-31": "0.30000", "2008-07-31": "0.30000", "2008-04-30": "0.28500", "2008-01-31": "0.21000", "2007-10-31": "0.26500", "2007-07-31": "0.26500", "2007-04-30": "0.24500", "2007-01-31": "0.19000", "2006-10-31": "0.21500", "2006-07-31": "0.21500", "2006-04-30": "0.21500", "2006-01-31": "0.16000", "2005-10-31": "0.18500", "2005-07-31": "0.14500", "2005-04-30": "0.18000", "2005-01-31": "0.15500"}}, "balance sheet": {"Cash On Hand": {"2020-07-31": "236.60000", "2019-07-31": "177.80000", "2018-07-31": "204.70000", "2017-07-31": "308.40000", "2016-07-31": "243.20000", "2015-07-31": "217.40000", "2014-07-31": "423.61900", "2013-07-31": "323.88800", "2012-07-31": "318.15100", "2011-07-31": "273.49400", "2010-07-31": "232.00000", "2009-07-31": "143.68700", "2008-07-31": "83.35700", "2007-07-31": "55.23700", "2006-07-31": "45.46700", "2005-07-31": "134.06600"}, "Receivables": {"2020-07-31": "455.30000", "2019-07-31": "529.50000", "2018-07-31": "534.60000", "2017-07-31": "497.70000", "2016-07-31": "452.40000", "2015-07-31": "460.00000", "2014-07-31": "474.15700", "2013-07-31": "430.76600", "2012-07-31": "438.79600", "2011-07-31": "445.70000", "2010-07-31": "358.91700", "2009-07-31": "280.18700", "2008-07-31": "413.86300", "2007-07-31": "357.34100", "2006-07-31": "312.21400", "2005-07-31": "294.01600"}, "Inventory": {"2020-07-31": "322.70000", "2019-07-31": "332.80000", "2018-07-31": "334.10000", "2017-07-31": "293.50000", "2016-07-31": "234.10000", "2015-07-31": "265.00000", "2014-07-31": "253.35100", "2013-07-31": "234.82000", "2012-07-31": "256.11600", "2011-07-31": "271.47600", "2010-07-31": "203.63100", "2009-07-31": "180.23800", "2008-07-31": "264.12900", "2007-07-31": "201.22100", "2006-07-31": "153.16500", "2005-07-31": "151.59900"}, "Pre-Paid Expenses": {"2020-07-31": "82.10000", "2019-07-31": "82.50000", "2018-07-31": "52.30000", "2017-07-31": "51.40000", "2016-07-31": "51.00000", "2015-07-31": "60.10000", "2014-07-31": "46.26400", "2013-07-31": "39.72400", "2012-07-31": "47.44100", "2011-07-31": "46.10700", "2010-07-31": "43.61300", "2009-07-31": "51.15400", "2008-07-31": "60.34700", "2007-07-31": "37.25400", "2006-07-31": "33.15200", "2005-07-31": "25.62400"}, "Other Current Assets": {"2020-07-31": "", "2019-07-31": "", "2018-07-31": "", "2017-07-31": "", "2016-07-31": "", "2015-07-31": "", "2014-07-31": "", "2013-07-31": "", "2012-07-31": "", "2011-07-31": "", "2010-07-31": "", "2009-07-31": "", "2008-07-31": "", "2007-07-31": "", "2006-07-31": "", "2005-07-31": ""}, "Total Current Assets": {"2020-07-31": "1096.70000", "2019-07-31": "1122.60000", "2018-07-31": "1125.70000", "2017-07-31": "1151.00000", "2016-07-31": "1009.70000", "2015-07-31": "1030.70000", "2014-07-31": "1225.27700", "2013-07-31": "1055.66200", "2012-07-31": "1085.66200", "2011-07-31": "1066.58200", "2010-07-31": "860.21500", "2009-07-31": "676.76700", "2008-07-31": "853.75700", "2007-07-31": "673.64400", "2006-07-31": "561.40500", "2005-07-31": "618.82200"}, "Property, Plant, And Equipment": {"2020-07-31": "631.60000", "2019-07-31": "588.90000", "2018-07-31": "509.30000", "2017-07-31": "484.60000", "2016-07-31": "469.80000", "2015-07-31": "470.60000", "2014-07-31": "451.66500", "2013-07-31": "419.28000", "2012-07-31": "384.90900", "2011-07-31": "391.50200", "2010-07-31": "365.89200", "2009-07-31": "381.06800", "2008-07-31": "415.15900", "2007-07-31": "364.43300", "2006-07-31": "317.36400", "2005-07-31": "275.49300"}, "Long-Term Investments": {"2020-07-31": "", "2019-07-31": "", "2018-07-31": "", "2017-07-31": "", "2016-07-31": "", "2015-07-31": "", "2014-07-31": "", "2013-07-31": "", "2012-07-31": "", "2011-07-31": "", "2010-07-31": "", "2009-07-31": "", "2008-07-31": "", "2007-07-31": "", "2006-07-31": "", "2005-07-31": ""}, "Goodwill And Intangible Assets": {"2020-07-31": "384.10000", "2019-07-31": "374.00000", "2018-07-31": "274.00000", "2017-07-31": "278.70000", "2016-07-31": "267.80000", "2015-07-31": "261.60000", "2014-07-31": "202.45100", "2013-07-31": "206.87500", "2012-07-31": "209.14900", "2011-07-31": "225.23700", "2010-07-31": "223.60700", "2009-07-31": "234.41300", "2008-07-31": "180.47900", "2007-07-31": "170.90800", "2006-07-31": "132.73800", "2005-07-31": "128.47000"}, "Other Long-Term Assets": {"2020-07-31": "41.70000", "2019-07-31": "42.90000", "2018-07-31": "48.40000", "2017-07-31": "35.10000", "2016-07-31": "31.90000", "2015-07-31": "46.60000", "2014-07-31": "63.01800", "2013-07-31": "61.73900", "2012-07-31": "50.36200", "2011-07-31": "42.77200", "2010-07-31": "49.79200", "2009-07-31": "41.74800", "2008-07-31": "99.22700", "2007-07-31": "110.03200", "2006-07-31": "112.56000", "2005-07-31": "88.98800"}, "Total Long-Term Assets": {"2020-07-31": "1147.90000", "2019-07-31": "1020.00000", "2018-07-31": "850.90000", "2017-07-31": "828.70000", "2016-07-31": "777.30000", "2015-07-31": "778.80000", "2014-07-31": "717.13400", "2013-07-31": "687.89400", "2012-07-31": "644.42000", "2011-07-31": "659.51100", "2010-07-31": "639.29100", "2009-07-31": "657.22890", "2008-07-31": "694.86500", "2007-07-31": "645.37300", "2006-07-31": "562.66200", "2005-07-31": "492.95100"}, "Total Assets": {"2020-07-31": "2244.60000", "2019-07-31": "2142.60000", "2018-07-31": "1976.60000", "2017-07-31": "1979.70000", "2016-07-31": "1787.00000", "2015-07-31": "1809.50000", "2014-07-31": "1942.41100", "2013-07-31": "1743.55600", "2012-07-31": "1730.08200", "2011-07-31": "1726.09300", "2010-07-31": "1499.50600", "2009-07-31": "1333.99600", "2008-07-31": "1548.62200", "2007-07-31": "1319.01700", "2006-07-31": "1124.06700", "2005-07-31": "1111.77300"}, "Total Current Liabilities": {"2020-07-31": "406.80000", "2019-07-31": "482.90000", "2018-07-31": "469.40000", "2017-07-31": "484.10000", "2016-07-31": "543.80000", "2015-07-31": "560.60000", "2014-07-31": "609.58000", "2013-07-31": "476.43500", "2012-07-31": "498.52300", "2011-07-31": "496.24400", "2010-07-31": "389.25600", "2009-07-31": "300.08400", "2008-07-31": "516.70700", "2007-07-31": "458.94400", "2006-07-31": "359.86900", "2005-07-31": "354.20200"}, "Long Term Debt": {"2020-07-31": "617.40000", "2019-07-31": "584.40000", "2018-07-31": "499.60000", "2017-07-31": "537.30000", "2016-07-31": "350.20000", "2015-07-31": "389.20000", "2014-07-31": "243.72600", "2013-07-31": "102.77400", "2012-07-31": "203.48300", "2011-07-31": "205.74800", "2010-07-31": "256.19200", "2009-07-31": "253.67400", "2008-07-31": "176.47500", "2007-07-31": "129.00400", "2006-07-31": "100.49500", "2005-07-31": "103.30200"}, "Other Non-Current Liabilities": {"2020-07-31": "151.80000", "2019-07-31": "159.40000", "2018-07-31": "145.60000", "2017-07-31": "100.20000", "2016-07-31": "118.50000", "2015-07-31": "68.50000", "2014-07-31": "64.23600", "2013-07-31": "55.55600", "2012-07-31": "113.45100", "2011-07-31": "78.19400", "2010-07-31": "100.34900", "2009-07-31": "82.20400", "2008-07-31": "79.66700", "2007-07-31": "68.74700", "2006-07-31": "76.01100", "2005-07-31": "100.18500"}, "Total Long Term Liabilities": {"2020-07-31": "844.90000", "2019-07-31": "767.00000", "2018-07-31": "649.40000", "2017-07-31": "641.10000", "2016-07-31": "471.80000", "2015-07-31": "470.20000", "2014-07-31": "330.34800", "2013-07-31": "181.93400", "2012-07-31": "321.54500", "2011-07-31": "295.13800", "2010-07-31": "363.61700", "2009-07-31": "345.29400", "2008-07-31": "291.88000", "2007-07-31": "235.37500", "2006-07-31": "217.39600", "2005-07-31": "232.95500"}, "Total Liabilities": {"2020-07-31": "1251.70000", "2019-07-31": "1249.90000", "2018-07-31": "1118.80000", "2017-07-31": "1125.20000", "2016-07-31": "1015.60000", "2015-07-31": "1030.80000", "2014-07-31": "939.92800", "2013-07-31": "658.36900", "2012-07-31": "820.06800", "2011-07-31": "791.38200", "2010-07-31": "752.87300", "2009-07-31": "645.37800", "2008-07-31": "808.58700", "2007-07-31": "694.31900", "2006-07-31": "577.26500", "2005-07-31": "587.15700"}, "Common Stock Net": {"2020-07-31": "758.20000", "2019-07-31": "758.20000", "2018-07-31": "758.20000", "2017-07-31": "758.20000", "2016-07-31": "758.20000", "2015-07-31": "758.20000", "2014-07-31": "758.21600", "2013-07-31": "758.21600", "2012-07-31": "758.21600", "2011-07-31": "443.21600", "2010-07-31": "443.21600", "2009-07-31": "443.21600", "2008-07-31": "443.21600", "2007-07-31": "443.21600", "2006-07-31": "443.21600", "2005-07-31": "443.21600"}, "Retained Earnings (Accumulated Deficit)": {"2020-07-31": "1430.00000", "2019-07-31": "1281.50000", "2018-07-31": "1122.10000", "2017-07-31": "1041.20000", "2016-07-31": "905.10000", "2015-07-31": "815.20000", "2014-07-31": "702.43500", "2013-07-31": "532.30700", "2012-07-31": "366.78800", "2011-07-31": "925.54200", "2010-07-31": "744.24700", "2009-07-31": "615.81700", "2008-07-31": "522.47600", "2007-07-31": "387.25700", "2006-07-31": "275.59800", "2005-07-31": "172.77500"}, "Comprehensive Income": {"2020-07-31": "-184.00000", "2019-07-31": "-192.90000", "2018-07-31": "-149.80000", "2017-07-31": "-157.00000", "2016-07-31": "-205.60000", "2015-07-31": "-162.00000", "2014-07-31": "-45.81000", "2013-07-31": "-37.47300", "2012-07-31": "-101.88800", "2011-07-31": "40.02700", "2010-07-31": "-40.48600", "2009-07-31": "-9.67700", "2008-07-31": "112.88300", "2007-07-31": "70.00800", "2006-07-31": "51.19400", "2005-07-31": "27.62000"}, "Other Share Holders Equity": {"2020-07-31": "15.90000", "2019-07-31": "21.70000", "2018-07-31": "21.30000", "2017-07-31": "15.70000", "2016-07-31": "16.70000", "2015-07-31": "17.90000", "2014-07-31": "19.60100", "2013-07-31": "21.74500", "2012-07-31": "24.94800", "2011-07-31": "24.73600", "2010-07-31": "22.32600", "2009-07-31": "19.89400", "2008-07-31": "27.06500", "2007-07-31": "20.82100", "2006-07-31": "20.53500", "2005-07-31": "40.57400"}, "Share Holder Equity": {"2020-07-31": "992.90000", "2019-07-31": "892.70000", "2018-07-31": "857.80000", "2017-07-31": "854.50000", "2016-07-31": "771.40000", "2015-07-31": "778.70000", "2014-07-31": "1002.48300", "2013-07-31": "1085.18700", "2012-07-31": "910.01400", "2011-07-31": "934.71100", "2010-07-31": "746.63300", "2009-07-31": "688.61800", "2008-07-31": "740.03500", "2007-07-31": "624.69800", "2006-07-31": "546.80200", "2005-07-31": "524.61600"}, "Total Liabilities And Share Holders Equity": {"2020-07-31": "2244.60000", "2019-07-31": "2142.60000", "2018-07-31": "1976.60000", "2017-07-31": "1979.70000", "2016-07-31": "1787.00000", "2015-07-31": "1809.50000", "2014-07-31": "1942.41100", "2013-07-31": "1743.55600", "2012-07-31": "1730.08200", "2011-07-31": "1726.09300", "2010-07-31": "1499.50600", "2009-07-31": "1333.99600", "2008-07-31": "1548.62200", "2007-07-31": "1319.01700", "2006-07-31": "1124.06700", "2005-07-31": "1111.77300"}}, "balance sheet, quarterly": {"Cash On Hand": {"2020-10-31": "270.00000", "2020-07-31": "236.60000", "2020-04-30": "326.50000", "2020-01-31": "211.10000", "2019-10-31": "210.00000", "2019-07-31": "177.80000", "2019-04-30": "203.80000", "2019-01-31": "191.20000", "2018-10-31": "199.90000", "2018-07-31": "204.70000", "2018-04-30": "317.30000", "2018-01-31": "362.20000", "2017-10-31": "349.60000", "2017-07-31": "308.40000", "2017-04-30": "295.90000", "2017-01-31": "296.30000", "2016-10-31": "262.20000", "2016-07-31": "243.20000", "2016-04-30": "247.40000", "2016-01-31": "231.90000", "2015-10-31": "207.80000", "2015-07-31": "217.40000", "2015-04-30": "250.40000", "2015-01-31": "257.21800", "2014-10-31": "267.60000", "2014-07-31": "423.61900", "2014-04-30": "390.76600", "2014-01-31": "360.27200", "2013-10-31": "383.42900", "2013-07-31": "323.88800", "2013-04-30": "329.68800", "2013-01-31": "284.48300", "2012-10-31": "289.01000", "2012-07-31": "318.15100", "2012-04-30": "308.04600", "2012-01-31": "272.31500", "2011-10-31": "302.21300", "2011-07-31": "273.49400", "2011-04-30": "335.32100", "2011-01-31": "286.12900", "2010-10-31": "267.60100", "2010-07-31": "232.00000", "2010-04-30": "208.36100", "2010-01-31": "180.60600", "2009-10-31": "188.18900", "2009-07-31": "143.68700", "2009-04-30": "133.23700", "2009-01-31": "76.02900", "2008-10-31": "69.06700", "2008-07-31": "83.35700", "2008-04-30": "53.27700", "2008-01-31": "49.00600", "2007-10-31": "39.89200", "2007-07-31": "55.23700", "2007-04-30": "48.20900", "2007-01-31": "35.33400", "2006-10-31": "50.26900", "2006-07-31": "45.46700", "2006-04-30": "72.94600", "2006-01-31": "76.36200", "2005-10-31": "93.33100", "2005-07-31": "134.06600", "2005-04-30": "146.21400", "2005-01-31": "129.27700"}, "Receivables": {"2020-10-31": "465.10000", "2020-07-31": "455.30000", "2020-04-30": "460.50000", "2020-01-31": "475.80000", "2019-10-31": "501.50000", "2019-07-31": "529.50000", "2019-04-30": "534.30000", "2019-01-31": "515.30000", "2018-10-31": "542.40000", "2018-07-31": "534.60000", "2018-04-30": "530.60000", "2018-01-31": "509.90000", "2017-10-31": "483.00000", "2017-07-31": "497.70000", "2017-04-30": "459.20000", "2017-01-31": "408.40000", "2016-10-31": "415.00000", "2016-07-31": "452.40000", "2016-04-30": "426.00000", "2016-01-31": "402.70000", "2015-10-31": "429.20000", "2015-07-31": "460.00000", "2015-04-30": "422.80100", "2015-01-31": "431.49800", "2014-10-31": "429.00000", "2014-07-31": "474.15700", "2014-04-30": "453.15100", "2014-01-31": "395.34200", "2013-10-31": "420.88300", "2013-07-31": "430.76600", "2013-04-30": "437.41400", "2013-01-31": "407.52800", "2012-10-31": "415.05900", "2012-07-31": "438.79600", "2012-04-30": "453.48800", "2012-01-31": "408.46200", "2011-10-31": "439.57100", "2011-07-31": "445.70000", "2011-04-30": "421.75100", "2011-01-31": "376.32100", "2010-10-31": "380.13100", "2010-07-31": "358.91700", "2010-04-30": "324.67300", "2010-01-31": "287.97800", "2009-10-31": "283.50200", "2009-07-31": "280.18700", "2009-04-30": "277.27700", "2009-01-31": "326.87100", "2008-10-31": "388.17700", "2008-07-31": "413.86300", "2008-04-30": "419.84900", "2008-01-31": "365.83200", "2007-10-31": "393.36800", "2007-07-31": "357.34100", "2007-04-30": "357.86700", "2007-01-31": "322.91600", "2006-10-31": "312.45200", "2006-07-31": "312.21400", "2006-04-30": "302.18300", "2006-01-31": "279.67500", "2005-10-31": "271.36700", "2005-07-31": "294.01600", "2005-04-30": "292.17400", "2005-01-31": "288.69900"}, "Inventory": {"2020-10-31": "329.50000", "2020-07-31": "322.70000", "2020-04-30": "346.50000", "2020-01-31": "350.10000", "2019-10-31": "361.50000", "2019-07-31": "332.80000", "2019-04-30": "359.50000", "2019-01-31": "365.60000", "2018-10-31": "360.50000", "2018-07-31": "334.10000", "2018-04-30": "344.20000", "2018-01-31": "344.90000", "2017-10-31": "319.60000", "2017-07-31": "293.50000", "2017-04-30": "272.80000", "2017-01-31": "260.40000", "2016-10-31": "249.20000", "2016-07-31": "234.10000", "2016-04-30": "269.40000", "2016-01-31": "274.80000", "2015-10-31": "285.80000", "2015-07-31": "265.00000", "2015-04-30": "285.67800", "2015-01-31": "272.00700", "2014-10-31": "278.86600", "2014-07-31": "253.35100", "2014-04-30": "254.21300", "2014-01-31": "241.13300", "2013-10-31": "242.91800", "2013-07-31": "234.82000", "2013-04-30": "240.47600", "2013-01-31": "261.93200", "2012-10-31": "272.39600", "2012-07-31": "256.11600", "2012-04-30": "265.46100", "2012-01-31": "270.21200", "2011-10-31": "274.17200", "2011-07-31": "271.47600", "2011-04-30": "257.88600", "2011-01-31": "230.70900", "2010-10-31": "223.04600", "2010-07-31": "203.63100", "2010-04-30": "191.31300", "2010-01-31": "190.28500", "2009-10-31": "189.18400", "2009-07-31": "180.23800", "2009-04-30": "188.12300", "2009-01-31": "210.14200", "2008-10-31": "240.27900", "2008-07-31": "264.12900", "2008-04-30": "260.46200", "2008-01-31": "246.20300", "2007-10-31": "215.60800", "2007-07-31": "201.22100", "2007-04-30": "185.10500", "2007-01-31": "175.61200", "2006-10-31": "169.72300", "2006-07-31": "153.16500", "2006-04-30": "145.15900", "2006-01-31": "146.81700", "2005-10-31": "148.34900", "2005-07-31": "151.59900", "2005-04-30": "162.59100", "2005-01-31": "160.95400"}, "Pre-Paid Expenses": {"2020-10-31": "79.00000", "2020-07-31": "82.10000", "2020-04-30": "87.00000", "2020-01-31": "84.20000", "2019-10-31": "86.10000", "2019-07-31": "82.50000", "2019-04-30": "76.00000", "2019-01-31": "85.60000", "2018-10-31": "67.60000", "2018-07-31": "52.30000", "2018-04-30": "57.10000", "2018-01-31": "62.90000", "2017-10-31": "52.10000", "2017-07-31": "51.40000", "2017-04-30": "56.10000", "2017-01-31": "60.10000", "2016-10-31": "66.60000", "2016-07-31": "51.00000", "2016-04-30": "86.10000", "2016-01-31": "97.30000", "2015-10-31": "90.60000", "2015-07-31": "60.10000", "2015-04-30": "93.82300", "2015-01-31": "100.96600", "2014-10-31": "92.75800", "2014-07-31": "46.26400", "2014-04-30": "69.46500", "2014-01-31": "75.47900", "2013-10-31": "73.69600", "2013-07-31": "39.72400", "2013-04-30": "65.75200", "2013-01-31": "78.89700", "2012-10-31": "71.94800", "2012-07-31": "47.44100", "2012-04-30": "72.78100", "2012-01-31": "78.69700", "2011-10-31": "74.79500", "2011-07-31": "46.10700", "2011-04-30": "67.33800", "2011-01-31": "65.21100", "2010-10-31": "66.67200", "2010-07-31": "43.61300", "2010-04-30": "62.45200", "2010-01-31": "68.34700", "2009-10-31": "64.22700", "2009-07-31": "51.15400", "2009-04-30": "74.59100", "2009-01-31": "85.17800", "2008-10-31": "91.55600", "2008-07-31": "60.34700", "2008-04-30": "74.54400", "2008-01-31": "91.27700", "2007-10-31": "83.16900", "2007-07-31": "37.25400", "2007-04-30": "59.54600", "2007-01-31": "60.54500", "2006-10-31": "54.52600", "2006-07-31": "33.15200", "2006-04-30": "41.38800", "2006-01-31": "45.25200", "2005-10-31": "44.61400", "2005-07-31": "25.62400", "2005-04-30": "44.12300", "2005-01-31": "41.59500"}, "Other Current Assets": {"2020-10-31": "", "2020-07-31": "", "2020-04-30": "", "2020-01-31": "", "2019-10-31": "", "2019-07-31": "", "2019-04-30": "", "2019-01-31": "", "2018-10-31": "", "2018-07-31": "", "2018-04-30": "", "2018-01-31": "", "2017-10-31": "", "2017-07-31": "", "2017-04-30": "", "2017-01-31": "", "2016-10-31": "", "2016-07-31": "", "2016-04-30": "", "2016-01-31": "", "2015-10-31": "", "2015-07-31": "", "2015-04-30": "", "2015-01-31": "", "2014-10-31": "", "2014-07-31": "", "2014-04-30": "", "2014-01-31": "", "2013-10-31": "", "2013-07-31": "", "2013-04-30": "", "2013-01-31": "", "2012-10-31": "", "2012-07-31": "", "2012-04-30": "", "2012-01-31": "", "2011-10-31": "", "2011-07-31": "", "2011-04-30": "", "2011-01-31": "", "2010-10-31": "", "2010-07-31": "", "2010-04-30": "", "2010-01-31": "", "2009-10-31": "", "2009-07-31": "", "2009-04-30": "", "2009-01-31": "", "2008-10-31": "", "2008-07-31": "", "2008-04-30": "", "2008-01-31": "", "2007-10-31": "", "2007-07-31": "", "2007-04-30": "", "2007-01-31": "", "2006-10-31": "", "2006-07-31": "", "2006-04-30": "", "2006-01-31": "", "2005-10-31": "", "2005-07-31": "", "2005-04-30": "", "2005-01-31": ""}, "Total Current Assets": {"2020-10-31": "1143.60000", "2020-07-31": "1096.70000", "2020-04-30": "1220.50000", "2020-01-31": "1121.20000", "2019-10-31": "1159.10000", "2019-07-31": "1122.60000", "2019-04-30": "1173.60000", "2019-01-31": "1157.70000", "2018-10-31": "1170.40000", "2018-07-31": "1125.70000", "2018-04-30": "1249.20000", "2018-01-31": "1279.90000", "2017-10-31": "1204.30000", "2017-07-31": "1151.00000", "2017-04-30": "1084.00000", "2017-01-31": "1025.20000", "2016-10-31": "993.00000", "2016-07-31": "1009.70000", "2016-04-30": "1028.90000", "2016-01-31": "1006.70000", "2015-10-31": "1013.40000", "2015-07-31": "1030.70000", "2015-04-30": "1052.70200", "2015-01-31": "1061.68900", "2014-10-31": "1068.22400", "2014-07-31": "1225.27700", "2014-04-30": "1167.59500", "2014-01-31": "1072.22600", "2013-10-31": "1120.92600", "2013-07-31": "1055.66200", "2013-04-30": "1073.33000", "2013-01-31": "1032.84000", "2012-10-31": "1048.41300", "2012-07-31": "1085.66200", "2012-04-30": "1099.77600", "2012-01-31": "1029.68600", "2011-10-31": "1090.75100", "2011-07-31": "1066.58200", "2011-04-30": "1082.29600", "2011-01-31": "958.37000", "2010-10-31": "937.45000", "2010-07-31": "860.21500", "2010-04-30": "786.79900", "2010-01-31": "727.21600", "2009-10-31": "725.10200", "2009-07-31": "676.76700", "2009-04-30": "673.22800", "2009-01-31": "698.22000", "2008-10-31": "789.07900", "2008-07-31": "853.75700", "2008-04-30": "808.13200", "2008-01-31": "752.31800", "2007-10-31": "732.03700", "2007-07-31": "673.64400", "2007-04-30": "650.72700", "2007-01-31": "594.40700", "2006-10-31": "586.97000", "2006-07-31": "561.40500", "2006-04-30": "561.67600", "2006-01-31": "548.10600", "2005-10-31": "557.66100", "2005-07-31": "618.82200", "2005-04-30": "645.10200", "2005-01-31": "620.52500"}, "Property, Plant, And Equipment": {"2020-10-31": "617.10000", "2020-07-31": "631.60000", "2020-04-30": "614.30000", "2020-01-31": "623.10000", "2019-10-31": "606.20000", "2019-07-31": "588.90000", "2019-04-30": "569.80000", "2019-01-31": "552.50000", "2018-10-31": "517.90000", "2018-07-31": "509.30000", "2018-04-30": "511.10000", "2018-01-31": "507.70000", "2017-10-31": "483.80000", "2017-07-31": "484.60000", "2017-04-30": "462.50000", "2017-01-31": "459.70000", "2016-10-31": "466.10000", "2016-07-31": "469.80000", "2016-04-30": "480.70000", "2016-01-31": "471.80000", "2015-10-31": "474.20000", "2015-07-31": "470.60000", "2015-04-30": "468.81100", "2015-01-31": "465.50500", "2014-10-31": "472.42800", "2014-07-31": "451.66500", "2014-04-30": "440.99700", "2014-01-31": "427.35300", "2013-10-31": "427.67100", "2013-07-31": "419.28000", "2013-04-30": "412.82200", "2013-01-31": "412.72800", "2012-10-31": "398.89800", "2012-07-31": "384.90900", "2012-04-30": "390.78500", "2012-01-31": "382.95700", "2011-10-31": "384.10600", "2011-07-31": "391.50200", "2011-04-30": "390.37200", "2011-01-31": "371.23000", "2010-10-31": "374.30700", "2010-07-31": "365.89200", "2010-04-30": "361.89400", "2010-01-31": "371.07500", "2009-10-31": "381.01500", "2009-07-31": "381.06800", "2009-04-30": "370.33200", "2009-01-31": "366.63800", "2008-10-31": "376.48900", "2008-07-31": "415.15900", "2008-04-30": "405.76400", "2008-01-31": "382.31700", "2007-10-31": "375.02700", "2007-07-31": "364.43300", "2007-04-30": "351.16100", "2007-01-31": "338.22500", "2006-10-31": "328.35300", "2006-07-31": "317.36400", "2006-04-30": "298.30500", "2006-01-31": "285.88400", "2005-10-31": "277.48300", "2005-07-31": "275.49300", "2005-04-30": "277.81900", "2005-01-31": "275.24500"}, "Long-Term Investments": {"2020-10-31": "", "2020-07-31": "", "2020-04-30": "", "2020-01-31": "", "2019-10-31": "", "2019-07-31": "", "2019-04-30": "", "2019-01-31": "", "2018-10-31": "", "2018-07-31": "", "2018-04-30": "", "2018-01-31": "", "2017-10-31": "", "2017-07-31": "", "2017-04-30": "", "2017-01-31": "", "2016-10-31": "", "2016-07-31": "", "2016-04-30": "", "2016-01-31": "", "2015-10-31": "", "2015-07-31": "", "2015-04-30": "", "2015-01-31": "", "2014-10-31": "", "2014-07-31": "", "2014-04-30": "", "2014-01-31": "", "2013-10-31": "", "2013-07-31": "", "2013-04-30": "", "2013-01-31": "", "2012-10-31": "", "2012-07-31": "", "2012-04-30": "", "2012-01-31": "", "2011-10-31": "", "2011-07-31": "", "2011-04-30": "", "2011-01-31": "", "2010-10-31": "", "2010-07-31": "", "2010-04-30": "", "2010-01-31": "", "2009-10-31": "", "2009-07-31": "", "2009-04-30": "", "2009-01-31": "", "2008-10-31": "", "2008-07-31": "", "2008-04-30": "", "2008-01-31": "", "2007-10-31": "", "2007-07-31": "", "2007-04-30": "", "2007-01-31": "", "2006-10-31": "", "2006-07-31": "", "2006-04-30": "", "2006-01-31": "", "2005-10-31": "", "2005-07-31": "", "2005-04-30": "", "2005-01-31": ""}, "Goodwill And Intangible Assets": {"2020-10-31": "315.00000", "2020-07-31": "316.80000", "2020-04-30": "369.10000", "2020-01-31": "378.20000", "2019-10-31": "379.10000", "2019-07-31": "374.00000", "2019-04-30": "383.70000", "2019-01-31": "388.00000", "2018-10-31": "386.70000", "2018-07-31": "274.00000", "2018-04-30": "277.10000", "2018-01-31": "280.20000", "2017-10-31": "277.40000", "2017-07-31": "278.70000", "2017-04-30": "268.10000", "2017-01-31": "268.80000", "2016-10-31": "270.50000", "2016-07-31": "267.80000", "2016-04-30": "271.00000", "2016-01-31": "270.20000", "2015-10-31": "271.90000", "2015-07-31": "261.60000", "2015-04-30": "254.25700", "2015-01-31": "256.20500", "2014-10-31": "263.95500", "2014-07-31": "202.45100", "2014-04-30": "205.65200", "2014-01-31": "205.04800", "2013-10-31": "206.99300", "2013-07-31": "206.87500", "2013-04-30": "208.10700", "2013-01-31": "211.49900", "2012-10-31": "210.70100", "2012-07-31": "209.14900", "2012-04-30": "214.85500", "2012-01-31": "215.28800", "2011-10-31": "220.58100", "2011-07-31": "225.23700", "2011-04-30": "228.19800", "2011-01-31": "224.15300", "2010-10-31": "226.43500", "2010-07-31": "223.60700", "2010-04-30": "225.84400", "2010-01-31": "230.18800", "2009-10-31": "235.39100", "2009-07-31": "234.41300", "2009-04-30": "230.14500", "2009-01-31": "229.70200", "2008-10-31": "231.94300", "2008-07-31": "180.47900", "2008-04-30": "180.56100", "2008-01-31": "174.38200", "2007-10-31": "173.93800", "2007-07-31": "170.90800", "2007-04-30": "171.29000", "2007-01-31": "133.55200", "2006-10-31": "132.59800", "2006-07-31": "132.73800", "2006-04-30": "133.71800", "2006-01-31": "129.46100", "2005-10-31": "127.69400", "2005-07-31": "128.47000", "2005-04-30": "134.58500", "2005-01-31": "126.52600"}, "Other Long-Term Assets": {"2020-10-31": "193.70000", "2020-07-31": "199.50000", "2020-04-30": "47.80000", "2020-01-31": "48.30000", "2019-10-31": "45.60000", "2019-07-31": "42.90000", "2019-04-30": "64.10000", "2019-01-31": "52.70000", "2018-10-31": "50.00000", "2018-07-31": "48.40000", "2018-04-30": "43.10000", "2018-01-31": "38.60000", "2017-10-31": "36.30000", "2017-07-31": "35.10000", "2017-04-30": "30.30000", "2017-01-31": "29.80000", "2016-10-31": "30.90000", "2016-07-31": "31.90000", "2016-04-30": "44.10000", "2016-01-31": "40.20000", "2015-10-31": "40.60000", "2015-07-31": "46.60000", "2015-04-30": "70.06200", "2015-01-31": "66.85100", "2014-10-31": "65.39100", "2014-07-31": "63.01800", "2014-04-30": "83.75700", "2014-01-31": "68.91600", "2013-10-31": "64.33500", "2013-07-31": "61.73900", "2013-04-30": "63.34900", "2013-01-31": "61.60100", "2012-10-31": "54.48600", "2012-07-31": "50.36200", "2012-04-30": "48.85700", "2012-01-31": "53.45800", "2011-10-31": "50.73300", "2011-07-31": "42.77200", "2011-04-30": "40.94100", "2011-01-31": "41.35400", "2010-10-31": "52.29400", "2010-07-31": "49.79200", "2010-04-30": "49.65100", "2010-01-31": "45.97500", "2009-10-31": "44.82000", "2009-07-31": "41.74800", "2009-04-30": "96.36900", "2009-01-31": "95.53100", "2008-10-31": "97.37000", "2008-07-31": "99.22700", "2008-04-30": "119.08800", "2008-01-31": "118.26100", "2007-10-31": "112.27700", "2007-07-31": "110.03200", "2007-04-30": "127.76600", "2007-01-31": "111.62900", "2006-10-31": "113.46600", "2006-07-31": "112.56000", "2006-04-30": "108.84200", "2006-01-31": "89.51600", "2005-10-31": "90.14400", "2005-07-31": "88.98800", "2005-04-30": "85.47600", "2005-01-31": "64.07800"}, "Total Long-Term Assets": {"2020-10-31": "1125.80000", "2020-07-31": "1147.90000", "2020-04-30": "1118.00000", "2020-01-31": "1141.00000", "2019-10-31": "1124.20000", "2019-07-31": "1020.00000", "2019-04-30": "1032.30000", "2019-01-31": "1008.60000", "2018-10-31": "973.60000", "2018-07-31": "850.90000", "2018-04-30": "845.80000", "2018-01-31": "851.40000", "2017-10-31": "828.09990", "2017-07-31": "828.70000", "2017-04-30": "796.30000", "2017-01-31": "792.50000", "2016-10-31": "801.10000", "2016-07-31": "777.30000", "2016-04-30": "795.80000", "2016-01-31": "782.20000", "2015-10-31": "786.70000", "2015-07-31": "778.80000", "2015-04-30": "793.13000", "2015-01-31": "788.56100", "2014-10-31": "801.77400", "2014-07-31": "717.13400", "2014-04-30": "730.40600", "2014-01-31": "701.31700", "2013-10-31": "698.99900", "2013-07-31": "687.89400", "2013-04-30": "684.27800", "2013-01-31": "685.82800", "2012-10-31": "664.08500", "2012-07-31": "644.42000", "2012-04-30": "654.49700", "2012-01-31": "651.70300", "2011-10-31": "655.42000", "2011-07-31": "659.51100", "2011-04-30": "659.51100", "2011-01-31": "636.73700", "2010-10-31": "653.03600", "2010-07-31": "639.29100", "2010-04-30": "637.38900", "2010-01-31": "647.23800", "2009-10-31": "661.22600", "2009-07-31": "657.22890", "2009-04-30": "696.84600", "2009-01-31": "691.87100", "2008-10-31": "705.80200", "2008-07-31": "694.86500", "2008-04-30": "705.41300", "2008-01-31": "674.96000", "2007-10-31": "661.24200", "2007-07-31": "645.37300", "2007-04-30": "650.21700", "2007-01-31": "583.40600", "2006-10-31": "574.41700", "2006-07-31": "562.66200", "2006-04-30": "540.86500", "2006-01-31": "504.86100", "2005-10-31": "495.32100", "2005-07-31": "492.95100", "2005-04-30": "497.88000", "2005-01-31": "465.84900"}, "Total Assets": {"2020-10-31": "2269.40000", "2020-07-31": "2244.60000", "2020-04-30": "2338.50000", "2020-01-31": "2262.20000", "2019-10-31": "2283.30000", "2019-07-31": "2142.60000", "2019-04-30": "2205.90000", "2019-01-31": "2166.30000", "2018-10-31": "2144.00000", "2018-07-31": "1976.60000", "2018-04-30": "2095.00000", "2018-01-31": "2131.30000", "2017-10-31": "2032.40000", "2017-07-31": "1979.70000", "2017-04-30": "1880.30000", "2017-01-31": "1817.70000", "2016-10-31": "1794.10000", "2016-07-31": "1787.00000", "2016-04-30": "1824.70000", "2016-01-31": "1788.90000", "2015-10-31": "1800.10000", "2015-07-31": "1809.50000", "2015-04-30": "1845.83200", "2015-01-31": "1850.25000", "2014-10-31": "1869.99800", "2014-07-31": "1942.41100", "2014-04-30": "1898.00100", "2014-01-31": "1773.54300", "2013-10-31": "1819.92500", "2013-07-31": "1743.55600", "2013-04-30": "1757.60800", "2013-01-31": "1718.66800", "2012-10-31": "1712.49800", "2012-07-31": "1730.08200", "2012-04-30": "1754.27300", "2012-01-31": "1681.38900", "2011-10-31": "1746.17100", "2011-07-31": "1726.09300", "2011-04-30": "1741.80700", "2011-01-31": "1595.10700", "2010-10-31": "1590.48600", "2010-07-31": "1499.50600", "2010-04-30": "1424.18800", "2010-01-31": "1374.45400", "2009-10-31": "1386.32800", "2009-07-31": "1333.99600", "2009-04-30": "1370.07400", "2009-01-31": "1390.09100", "2008-10-31": "1494.88100", "2008-07-31": "1548.62200", "2008-04-30": "1513.54500", "2008-01-31": "1427.27800", "2007-10-31": "1393.27900", "2007-07-31": "1319.01700", "2007-04-30": "1300.94400", "2007-01-31": "1177.81300", "2006-10-31": "1161.38700", "2006-07-31": "1124.06700", "2006-04-30": "1102.54100", "2006-01-31": "1052.96700", "2005-10-31": "1052.98200", "2005-07-31": "1111.77300", "2005-04-30": "1142.98200", "2005-01-31": "1086.37400"}, "Total Current Liabilities": {"2020-10-31": "419.40000", "2020-07-31": "406.80000", "2020-04-30": "432.80000", "2020-01-31": "498.20000", "2019-10-31": "531.10000", "2019-07-31": "482.90000", "2019-04-30": "446.40000", "2019-01-31": "493.10000", "2018-10-31": "487.60000", "2018-07-31": "469.40000", "2018-04-30": "397.70000", "2018-01-31": "435.00000", "2017-10-31": "415.10000", "2017-07-31": "484.10000", "2017-04-30": "654.90000", "2017-01-31": "615.50000", "2016-10-31": "563.40000", "2016-07-31": "543.80000", "2016-04-30": "523.70000", "2016-01-31": "587.50000", "2015-10-31": "584.90000", "2015-07-31": "560.60000", "2015-04-30": "643.94100", "2015-01-31": "697.05300", "2014-10-31": "648.08400", "2014-07-31": "609.58000", "2014-04-30": "459.07200", "2014-01-31": "468.09900", "2013-10-31": "472.14700", "2013-07-31": "476.43500", "2013-04-30": "457.83200", "2013-01-31": "485.01100", "2012-10-31": "444.92900", "2012-07-31": "498.52300", "2012-04-30": "475.65300", "2012-01-31": "461.19000", "2011-10-31": "544.03400", "2011-07-31": "496.24400", "2011-04-30": "494.14800", "2011-01-31": "417.87700", "2010-10-31": "387.80500", "2010-07-31": "389.25600", "2010-04-30": "315.92000", "2010-01-31": "293.68700", "2009-10-31": "307.81600", "2009-07-31": "300.08400", "2009-04-30": "320.44000", "2009-01-31": "378.64400", "2008-10-31": "556.61700", "2008-07-31": "516.70700", "2008-04-30": "497.89600", "2008-01-31": "461.25900", "2007-10-31": "443.70100", "2007-07-31": "458.94400", "2007-04-30": "492.90100", "2007-01-31": "419.21500", "2006-10-31": "364.88500", "2006-07-31": "359.86900", "2006-04-30": "334.83300", "2006-01-31": "315.80600", "2005-10-31": "339.41900", "2005-07-31": "354.20200", "2005-04-30": "392.57300", "2005-01-31": "326.89800"}, "Long Term Debt": {"2020-10-31": "576.30000", "2020-07-31": "617.40000", "2020-04-30": "735.10000", "2020-01-31": "595.80000", "2019-10-31": "596.80000", "2019-07-31": "584.40000", "2019-04-30": "644.40000", "2019-01-31": "632.50000", "2018-10-31": "630.60000", "2018-07-31": "499.60000", "2018-04-30": "687.50000", "2018-01-31": "667.70000", "2017-10-31": "631.70000", "2017-07-31": "537.30000", "2017-04-30": "298.10000", "2017-01-31": "297.80000", "2016-10-31": "324.70000", "2016-07-31": "350.20000", "2016-04-30": "391.80000", "2016-01-31": "389.00000", "2015-10-31": "389.30000", "2015-07-31": "389.20000", "2015-04-30": "265.19200", "2015-01-31": "240.89600", "2014-10-31": "241.91800", "2014-07-31": "243.72600", "2014-04-30": "227.75100", "2014-01-31": "103.15700", "2013-10-31": "102.50000", "2013-07-31": "102.77400", "2013-04-30": "119.07900", "2013-01-31": "120.37500", "2012-10-31": "202.47300", "2012-07-31": "203.48300", "2012-04-30": "203.64600", "2012-01-31": "205.21700", "2011-10-31": "204.88100", "2011-07-31": "205.74800", "2011-04-30": "204.68900", "2011-01-31": "211.96500", "2010-10-31": "257.18300", "2010-07-31": "256.19200", "2010-04-30": "251.60300", "2010-01-31": "251.74700", "2009-10-31": "251.77700", "2009-07-31": "253.67400", "2009-04-30": "253.18500", "2009-01-31": "256.68100", "2008-10-31": "173.68900", "2008-07-31": "176.47500", "2008-04-30": "177.36200", "2008-01-31": "176.91000", "2007-10-31": "149.66700", "2007-07-31": "129.00400", "2007-04-30": "95.50000", "2007-01-31": "95.54400", "2006-10-31": "96.34300", "2006-07-31": "100.49500", "2006-04-30": "99.50600", "2006-01-31": "97.40100", "2005-10-31": "97.71000", "2005-07-31": "103.30200", "2005-04-30": "104.16700", "2005-01-31": "111.72900"}, "Other Non-Current Liabilities": {"2020-10-31": "210.20000", "2020-07-31": "216.60000", "2020-04-30": "149.80000", "2020-01-31": "147.40000", "2019-10-31": "156.30000", "2019-07-31": "159.40000", "2019-04-30": "138.30000", "2019-01-31": "140.20000", "2018-10-31": "145.60000", "2018-07-31": "145.60000", "2018-04-30": "168.40000", "2018-01-31": "197.00000", "2017-10-31": "100.30000", "2017-07-31": "100.20000", "2017-04-30": "122.10000", "2017-01-31": "120.50000", "2016-10-31": "118.10000", "2016-07-31": "118.50000", "2016-04-30": "96.50000", "2016-01-31": "103.30000", "2015-10-31": "75.50000", "2015-07-31": "68.50000", "2015-04-30": "67.40000", "2015-01-31": "66.59600", "2014-10-31": "67.15500", "2014-07-31": "64.23600", "2014-04-30": "53.13900", "2014-01-31": "50.19700", "2013-10-31": "56.89500", "2013-07-31": "55.55600", "2013-04-30": "93.83800", "2013-01-31": "104.02400", "2012-10-31": "105.22200", "2012-07-31": "113.45100", "2012-04-30": "63.92300", "2012-01-31": "91.56900", "2011-10-31": "101.48000", "2011-07-31": "78.19400", "2011-04-30": "80.04600", "2011-01-31": "81.91000", "2010-10-31": "101.72300", "2010-07-31": "100.34900", "2010-04-30": "76.64100", "2010-01-31": "75.60800", "2009-10-31": "82.89600", "2009-07-31": "82.20400", "2009-04-30": "55.44900", "2009-01-31": "58.99200", "2008-10-31": "74.42700", "2008-07-31": "79.66700", "2008-04-30": "73.41600", "2008-01-31": "74.10100", "2007-10-31": "72.46600", "2007-07-31": "68.74700", "2007-04-30": "67.84100", "2007-01-31": "71.94800", "2006-10-31": "75.29200", "2006-07-31": "76.01100", "2006-04-30": "85.85300", "2006-01-31": "83.95500", "2005-10-31": "84.16200", "2005-07-31": "100.18500", "2005-04-30": "80.43400", "2005-01-31": "82.98700"}, "Total Long Term Liabilities": {"2020-10-31": "797.40000", "2020-07-31": "844.90000", "2020-04-30": "961.20000", "2020-01-31": "823.60000", "2019-10-31": "835.20000", "2019-07-31": "767.00000", "2019-04-30": "814.60000", "2019-01-31": "800.60000", "2018-10-31": "802.00000", "2018-07-31": "649.40000", "2018-04-30": "860.90000", "2018-01-31": "869.40000", "2017-10-31": "736.30000", "2017-07-31": "641.10000", "2017-04-30": "423.40000", "2017-01-31": "421.50000", "2016-10-31": "446.00000", "2016-07-31": "471.80000", "2016-04-30": "497.40000", "2016-01-31": "495.60000", "2015-10-31": "475.60000", "2015-07-31": "470.20000", "2015-04-30": "354.36500", "2015-01-31": "328.40700", "2014-10-31": "329.36500", "2014-07-31": "330.34800", "2014-04-30": "312.76600", "2014-01-31": "183.27400", "2013-10-31": "184.43400", "2013-07-31": "181.93400", "2013-04-30": "218.24300", "2013-01-31": "229.47700", "2012-10-31": "312.38700", "2012-07-31": "321.54500", "2012-04-30": "280.70800", "2012-01-31": "304.78600", "2011-10-31": "313.94200", "2011-07-31": "295.13800", "2011-04-30": "292.44200", "2011-01-31": "300.62700", "2010-10-31": "366.06000", "2010-07-31": "363.61700", "2010-04-30": "336.95600", "2010-01-31": "337.46600", "2009-10-31": "344.47900", "2009-07-31": "345.29400", "2009-04-30": "344.72700", "2009-01-31": "347.95800", "2008-10-31": "281.02300", "2008-07-31": "291.88000", "2008-04-30": "285.95700", "2008-01-31": "287.96700", "2007-10-31": "259.43300", "2007-07-31": "235.37500", "2007-04-30": "196.87600", "2007-01-31": "207.25700", "2006-10-31": "212.56500", "2006-07-31": "217.39600", "2006-04-30": "219.08900", "2006-01-31": "212.02000", "2005-10-31": "211.44100", "2005-07-31": "232.95500", "2005-04-30": "214.20900", "2005-01-31": "222.48300"}, "Total Liabilities": {"2020-10-31": "1216.80000", "2020-07-31": "1251.70000", "2020-04-30": "1394.00000", "2020-01-31": "1321.80000", "2019-10-31": "1366.30000", "2019-07-31": "1249.90000", "2019-04-30": "1261.00000", "2019-01-31": "1293.70000", "2018-10-31": "1289.60000", "2018-07-31": "1118.80000", "2018-04-30": "1258.60000", "2018-01-31": "1304.40000", "2017-10-31": "1151.40000", "2017-07-31": "1125.20000", "2017-04-30": "1078.30000", "2017-01-31": "1037.00000", "2016-10-31": "1009.40000", "2016-07-31": "1015.60000", "2016-04-30": "1021.10000", "2016-01-31": "1083.10000", "2015-10-31": "1060.50000", "2015-07-31": "1030.80000", "2015-04-30": "998.30600", "2015-01-31": "1025.46000", "2014-10-31": "977.44900", "2014-07-31": "939.92800", "2014-04-30": "771.83800", "2014-01-31": "651.37300", "2013-10-31": "656.58100", "2013-07-31": "658.36900", "2013-04-30": "676.07500", "2013-01-31": "714.48800", "2012-10-31": "757.31600", "2012-07-31": "820.06800", "2012-04-30": "756.36100", "2012-01-31": "765.97600", "2011-10-31": "857.97600", "2011-07-31": "791.38200", "2011-04-30": "786.59000", "2011-01-31": "718.50400", "2010-10-31": "753.86500", "2010-07-31": "752.87300", "2010-04-30": "652.87600", "2010-01-31": "631.15300", "2009-10-31": "652.29500", "2009-07-31": "645.37800", "2009-04-30": "665.16700", "2009-01-31": "726.60200", "2008-10-31": "837.64000", "2008-07-31": "808.58700", "2008-04-30": "783.85300", "2008-01-31": "749.22600", "2007-10-31": "703.13400", "2007-07-31": "694.31900", "2007-04-30": "689.77700", "2007-01-31": "626.47200", "2006-10-31": "577.45000", "2006-07-31": "577.26500", "2006-04-30": "553.92200", "2006-01-31": "527.82600", "2005-10-31": "550.86000", "2005-07-31": "587.15700", "2005-04-30": "606.78200", "2005-01-31": "549.38100"}, "Common Stock Net": {"2020-10-31": "758.20000", "2020-07-31": "758.20000", "2020-04-30": "758.20000", "2020-01-31": "758.20000", "2019-10-31": "758.20000", "2019-07-31": "758.20000", "2019-04-30": "758.20000", "2019-01-31": "758.20000", "2018-10-31": "758.20000", "2018-07-31": "758.20000", "2018-04-30": "758.20000", "2018-01-31": "758.20000", "2017-10-31": "758.20000", "2017-07-31": "758.20000", "2017-04-30": "758.20000", "2017-01-31": "758.20000", "2016-10-31": "758.20000", "2016-07-31": "758.20000", "2016-04-30": "758.20000", "2016-01-31": "758.20000", "2015-10-31": "758.20000", "2015-07-31": "758.20000", "2015-04-30": "758.21600", "2015-01-31": "758.21600", "2014-10-31": "758.21600", "2014-07-31": "758.21600", "2014-04-30": "758.21600", "2014-01-31": "758.21600", "2013-10-31": "758.21600", "2013-07-31": "758.21600", "2013-04-30": "758.21600", "2013-01-31": "758.21600", "2012-10-31": "758.21600", "2012-07-31": "758.21600", "2012-04-30": "758.21600", "2012-01-31": "443.21600", "2011-10-31": "443.21600", "2011-07-31": "443.21600", "2011-04-30": "443.21600", "2011-01-31": "443.21600", "2010-10-31": "443.21600", "2010-07-31": "443.21600", "2010-04-30": "443.21600", "2010-01-31": "443.21600", "2009-10-31": "443.21600", "2009-07-31": "443.21600", "2009-04-30": "443.21600", "2009-01-31": "443.21600", "2008-10-31": "443.21600", "2008-07-31": "443.21600", "2008-04-30": "443.21600", "2008-01-31": "443.21600", "2007-10-31": "443.21600", "2007-07-31": "443.21600", "2007-04-30": "443.21600", "2007-01-31": "443.21600", "2006-10-31": "443.21600", "2006-07-31": "443.21600", "2006-04-30": "443.21600", "2006-01-31": "443.21600", "2005-10-31": "443.21600", "2005-07-31": "443.21600", "2005-04-30": "443.21600", "2005-01-31": "443.21600"}, "Retained Earnings (Accumulated Deficit)": {"2020-10-31": "1491.90000", "2020-07-31": "1430.00000", "2020-04-30": "1418.80000", "2020-01-31": "1354.10000", "2019-10-31": "1346.00000", "2019-07-31": "1281.50000", "2019-04-30": "1276.00000", "2019-01-31": "1202.70000", "2018-10-31": "1192.60000", "2018-07-31": "1122.10000", "2018-04-30": "1089.10000", "2018-01-31": "1016.40000", "2017-10-31": "1102.20000", "2017-07-31": "1041.20000", "2017-04-30": "1020.50000", "2017-01-31": "961.80000", "2016-10-31": "961.00000", "2016-07-31": "905.10000", "2016-04-30": "895.30000", "2016-01-31": "843.50000", "2015-10-31": "852.90000", "2015-07-31": "815.20000", "2015-04-30": "805.19700", "2015-01-31": "760.01900", "2014-10-31": "755.97500", "2014-07-31": "702.43500", "2014-04-30": "675.38600", "2014-01-31": "608.28200", "2013-10-31": "589.57400", "2013-07-31": "532.30700", "2013-04-30": "499.80800", "2013-01-31": "430.54700", "2012-10-31": "409.86500", "2012-07-31": "366.78800", "2012-04-30": "323.21600", "2012-01-31": "1027.98600", "2011-10-31": "994.70100", "2011-07-31": "925.54200", "2011-04-30": "882.96900", "2011-01-31": "820.93000", "2010-10-31": "793.92000", "2010-07-31": "744.24700", "2010-04-30": "711.43800", "2010-01-31": "672.54600", "2009-10-31": "649.72100", "2009-07-31": "615.81700", "2009-04-30": "611.67000", "2009-01-31": "585.22900", "2008-10-31": "568.05200", "2008-07-31": "522.47600", "2008-04-30": "493.72300", "2008-01-31": "447.76800", "2007-10-31": "429.76800", "2007-07-31": "387.25700", "2007-04-30": "360.06900", "2007-01-31": "321.36500", "2006-10-31": "303.88500", "2006-07-31": "275.59800", "2006-04-30": "246.77500", "2006-01-31": "211.20400", "2005-10-31": "198.59200", "2005-07-31": "172.77500", "2005-04-30": "172.90400", "2005-01-31": "147.35200"}, "Comprehensive Income": {"2020-10-31": "-182.80000", "2020-07-31": "-184.00000", "2020-04-30": "-212.10000", "2020-01-31": "-178.30000", "2019-10-31": "-182.50000", "2019-07-31": "-192.90000", "2019-04-30": "-158.60000", "2019-01-31": "-147.70000", "2018-10-31": "-171.90000", "2018-07-31": "-149.80000", "2018-04-30": "-124.40000", "2018-01-31": "-103.90000", "2017-10-31": "-159.00000", "2017-07-31": "-157.00000", "2017-04-30": "-210.60000", "2017-01-31": "-222.00000", "2016-10-31": "-214.60000", "2016-07-31": "-205.60000", "2016-04-30": "-170.20000", "2016-01-31": "-209.40000", "2015-10-31": "-174.20000", "2015-07-31": "-162.00000", "2015-04-30": "-129.66500", "2015-01-31": "-128.87800", "2014-10-31": "-82.70900", "2014-07-31": "-45.81000", "2014-04-30": "-5.36000", "2014-01-31": "-35.37500", "2013-10-31": "-21.22500", "2013-07-31": "-37.47300", "2013-04-30": "-40.92600", "2013-01-31": "-43.59000", "2012-10-31": "-68.73400", "2012-07-31": "-101.88800", "2012-04-30": "-13.93700", "2012-01-31": "-27.98800", "2011-10-31": "-8.74200", "2011-07-31": "40.02700", "2011-04-30": "42.77400", "2011-01-31": "-7.04800", "2010-10-31": "-5.11000", "2010-07-31": "-40.48600", "2010-04-30": "-18.21200", "2010-01-31": "-11.24400", "2009-10-31": "6.29100", "2009-07-31": "-9.67700", "2009-04-30": "13.44500", "2009-01-31": "-2.72300", "2008-10-31": "12.50600", "2008-07-31": "112.88300", "2008-04-30": "119.48900", "2008-01-31": "96.46700", "2007-10-31": "87.57800", "2007-07-31": "70.00800", "2007-04-30": "74.84900", "2007-01-31": "57.89200", "2006-10-31": "53.55500", "2006-07-31": "51.19400", "2006-04-30": "40.10700", "2006-01-31": "31.60700", "2005-10-31": "28.00600", "2005-07-31": "27.62000", "2005-04-30": "53.35100", "2005-01-31": "56.79200"}, "Other Share Holders Equity": {"2020-10-31": "13.00000", "2020-07-31": "15.90000", "2020-04-30": "14.00000", "2020-01-31": "14.50000", "2019-10-31": "15.10000", "2019-07-31": "21.70000", "2019-04-30": "22.30000", "2019-01-31": "21.10000", "2018-10-31": "21.20000", "2018-07-31": "21.30000", "2018-04-30": "", "2018-01-31": "", "2017-10-31": "18.00000", "2017-07-31": "15.70000", "2017-04-30": "15.40000", "2017-01-31": "15.50000", "2016-10-31": "16.50000", "2016-07-31": "16.70000", "2016-04-30": "16.70000", "2016-01-31": "16.70000", "2015-10-31": "16.90000", "2015-07-31": "17.90000", "2015-04-30": "17.67800", "2015-01-31": "17.73600", "2014-10-31": "18.27900", "2014-07-31": "19.60100", "2014-04-30": "19.19400", "2014-01-31": "19.51700", "2013-10-31": "20.38200", "2013-07-31": "21.74500", "2013-04-30": "21.40100", "2013-01-31": "22.01500", "2012-10-31": "22.69800", "2012-07-31": "24.94800", "2012-04-30": "24.56600", "2012-01-31": "23.96600", "2011-10-31": "24.41400", "2011-07-31": "24.73600", "2011-04-30": "24.07400", "2011-01-31": "23.22200", "2010-10-31": "23.49300", "2010-07-31": "22.32600", "2010-04-30": "21.96400", "2010-01-31": "20.95600", "2009-10-31": "20.17500", "2009-07-31": "19.89400", "2009-04-30": "20.37800", "2009-01-31": "23.32300", "2008-10-31": "24.70200", "2008-07-31": "27.06500", "2008-04-30": "23.38500", "2008-01-31": "22.39300", "2007-10-31": "21.72300", "2007-07-31": "20.82100", "2007-04-30": "19.72700", "2007-01-31": "19.43100", "2006-10-31": "20.50800", "2006-07-31": "20.53500", "2006-04-30": "19.07900", "2006-01-31": "18.21300", "2005-10-31": "17.50100", "2005-07-31": "40.57400", "2005-04-30": "29.85500", "2005-01-31": ""}, "Share Holder Equity": {"2020-10-31": "1052.60000", "2020-07-31": "992.90000", "2020-04-30": "944.50000", "2020-01-31": "940.40000", "2019-10-31": "917.00000", "2019-07-31": "892.70000", "2019-04-30": "944.90000", "2019-01-31": "872.60000", "2018-10-31": "854.40000", "2018-07-31": "857.80000", "2018-04-30": "836.40000", "2018-01-31": "826.90000", "2017-10-31": "881.00000", "2017-07-31": "854.50000", "2017-04-30": "802.00000", "2017-01-31": "780.70000", "2016-10-31": "784.70000", "2016-07-31": "771.40000", "2016-04-30": "803.60000", "2016-01-31": "705.80000", "2015-10-31": "739.60000", "2015-07-31": "778.70000", "2015-04-30": "847.52600", "2015-01-31": "824.79000", "2014-10-31": "892.54900", "2014-07-31": "1002.48300", "2014-04-30": "1126.16300", "2014-01-31": "1122.17000", "2013-10-31": "1163.34400", "2013-07-31": "1085.18700", "2013-04-30": "1081.53300", "2013-01-31": "1004.18000", "2012-10-31": "955.18200", "2012-07-31": "910.01400", "2012-04-30": "997.91200", "2012-01-31": "915.41300", "2011-10-31": "888.19500", "2011-07-31": "934.71100", "2011-04-30": "955.21700", "2011-01-31": "876.60300", "2010-10-31": "836.62100", "2010-07-31": "746.63300", "2010-04-30": "771.31200", "2010-01-31": "743.30100", "2009-10-31": "734.03300", "2009-07-31": "688.61800", "2009-04-30": "704.90700", "2009-01-31": "663.48900", "2008-10-31": "657.24100", "2008-07-31": "740.03500", "2008-04-30": "729.69200", "2008-01-31": "678.05200", "2007-10-31": "690.14500", "2007-07-31": "624.69800", "2007-04-30": "611.16700", "2007-01-31": "551.34100", "2006-10-31": "583.93700", "2006-07-31": "546.80200", "2006-04-30": "548.61900", "2006-01-31": "525.14100", "2005-10-31": "502.12200", "2005-07-31": "524.61600", "2005-04-30": "536.20000", "2005-01-31": "536.99300"}, "Total Liabilities And Share Holders Equity": {"2020-10-31": "2269.40000", "2020-07-31": "2244.60000", "2020-04-30": "2338.50000", "2020-01-31": "2262.20000", "2019-10-31": "2283.30000", "2019-07-31": "2142.60000", "2019-04-30": "2205.90000", "2019-01-31": "2166.30000", "2018-10-31": "2144.00000", "2018-07-31": "1976.60000", "2018-04-30": "2095.00000", "2018-01-31": "2131.30000", "2017-10-31": "2032.40000", "2017-07-31": "1979.70000", "2017-04-30": "1880.30000", "2017-01-31": "1817.70000", "2016-10-31": "1794.10000", "2016-07-31": "1787.00000", "2016-04-30": "1824.70000", "2016-01-31": "1788.90000", "2015-10-31": "1800.10000", "2015-07-31": "1809.50000", "2015-04-30": "1845.83200", "2015-01-31": "1850.25000", "2014-10-31": "1869.99800", "2014-07-31": "1942.41100", "2014-04-30": "1898.00100", "2014-01-31": "1773.54300", "2013-10-31": "1819.92500", "2013-07-31": "1743.55600", "2013-04-30": "1757.60800", "2013-01-31": "1718.66800", "2012-10-31": "1712.49800", "2012-07-31": "1730.08200", "2012-04-30": "1754.27300", "2012-01-31": "1681.38900", "2011-10-31": "1746.17100", "2011-07-31": "1726.09300", "2011-04-30": "1741.80700", "2011-01-31": "1595.10700", "2010-10-31": "1590.48600", "2010-07-31": "1499.50600", "2010-04-30": "1424.18800", "2010-01-31": "1374.45400", "2009-10-31": "1386.32800", "2009-07-31": "1333.99600", "2009-04-30": "1370.07400", "2009-01-31": "1390.09100", "2008-10-31": "1494.88100", "2008-07-31": "1548.62200", "2008-04-30": "1513.54500", "2008-01-31": "1427.27800", "2007-10-31": "1393.27900", "2007-07-31": "1319.01700", "2007-04-30": "1300.94400", "2007-01-31": "1177.81300", "2006-10-31": "1161.38700", "2006-07-31": "1124.06700", "2006-04-30": "1102.54100", "2006-01-31": "1052.96700", "2005-10-31": "1052.98200", "2005-07-31": "1111.77300", "2005-04-30": "1142.98200", "2005-01-31": "1086.37400"}}, "cash flow statement": {"Net Income/Loss": {"2020-07-31": "257.00000", "2019-07-31": "267.20000", "2018-07-31": "180.30000", "2017-07-31": "232.80000", "2016-07-31": "190.80000", "2015-07-31": "208.10000", "2014-07-31": "260.20000", "2013-07-31": "247.37700", "2012-07-31": "264.30100", "2011-07-31": "225.29100", "2010-07-31": "166.16300", "2009-07-31": "131.90700", "2008-07-31": "171.95300", "2007-07-31": "150.71700", "2006-07-31": "132.30700", "2005-07-31": "110.55400"}, "Total Depreciation And Amortization - Cash Flow": {"2020-07-31": "87.60000", "2019-07-31": "81.10000", "2018-07-31": "76.70000", "2017-07-31": "75.20000", "2016-07-31": "74.90000", "2015-07-31": "74.30000", "2014-07-31": "67.20000", "2013-07-31": "64.29000", "2012-07-31": "61.16500", "2011-07-31": "60.49100", "2010-07-31": "59.23200", "2009-07-31": "58.59700", "2008-07-31": "56.73200", "2007-07-31": "49.56600", "2006-07-31": "44.70000", "2005-07-31": "44.28400"}, "Other Non-Cash Items": {"2020-07-31": "39.10000", "2019-07-31": "16.40000", "2018-07-31": "-6.60000", "2017-07-31": "3.10000", "2016-07-31": "15.40000", "2015-07-31": "22.30000", "2014-07-31": "2.60000", "2013-07-31": "1.76600", "2012-07-31": "-20.14500", "2011-07-31": "-13.25800", "2010-07-31": "0.72600", "2009-07-31": "-6.47800", "2008-07-31": "-5.15700", "2007-07-31": "-21.00800", "2006-07-31": "-15.84400", "2005-07-31": "5.80000"}, "Total Non-Cash Items": {"2020-07-31": "126.70000", "2019-07-31": "97.50000", "2018-07-31": "70.10000", "2017-07-31": "78.30000", "2016-07-31": "90.30000", "2015-07-31": "96.60000", "2014-07-31": "69.80000", "2013-07-31": "66.05600", "2012-07-31": "41.02000", "2011-07-31": "47.23300", "2010-07-31": "59.95800", "2009-07-31": "52.11900", "2008-07-31": "51.57500", "2007-07-31": "28.55800", "2006-07-31": "28.85600", "2005-07-31": "50.08400"}, "Change In Accounts Receivable": {"2020-07-31": "77.10000", "2019-07-31": "1.40000", "2018-07-31": "-41.70000", "2017-07-31": "-31.80000", "2016-07-31": "8.50000", "2015-07-31": "-20.70000", "2014-07-31": "-44.80000", "2013-07-31": "3.70500", "2012-07-31": "-17.87700", "2011-07-31": "-62.27400", "2010-07-31": "-79.30800", "2009-07-31": "116.98300", "2008-07-31": "-29.77900", "2007-07-31": "-31.41800", "2006-07-31": "-12.14700", "2005-07-31": "-17.34900"}, "Change In Inventories": {"2020-07-31": "11.90000", "2019-07-31": "-5.50000", "2018-07-31": "-43.80000", "2017-07-31": "-42.40000", "2016-07-31": "29.10000", "2015-07-31": "-26.20000", "2014-07-31": "-19.30000", "2013-07-31": "20.14200", "2012-07-31": "-4.14900", "2011-07-31": "-52.99900", "2010-07-31": "-25.82600", "2009-07-31": "66.14500", "2008-07-31": "-49.40000", "2007-07-31": "-36.46900", "2006-07-31": "0.58700", "2005-07-31": "-6.74500"}, "Change In Accounts Payable": {"2020-07-31": "", "2019-07-31": "", "2018-07-31": "", "2017-07-31": "", "2016-07-31": "", "2015-07-31": "", "2014-07-31": "", "2013-07-31": "", "2012-07-31": "", "2011-07-31": "", "2010-07-31": "", "2009-07-31": "", "2008-07-31": "", "2007-07-31": "", "2006-07-31": "", "2005-07-31": ""}, "Change In Assets/Liabilities": {"2020-07-31": "1.40000", "2019-07-31": "-9.70000", "2018-07-31": "3.60000", "2017-07-31": "12.80000", "2016-07-31": "0.80000", "2015-07-31": "-27.80000", "2014-07-31": "-7.80000", "2013-07-31": "13.49500", "2012-07-31": "-17.37800", "2011-07-31": "7.23300", "2010-07-31": "-3.97000", "2009-07-31": "-11.48900", "2008-07-31": "-4.75500", "2007-07-31": "0.65800", "2006-07-31": "-19.71600", "2005-07-31": "2.08700"}, "Total Change In Assets/Liabilities": {"2020-07-31": "3.30000", "2019-07-31": "-18.90000", "2018-07-31": "12.50000", "2017-07-31": "6.70000", "2016-07-31": "10.20000", "2015-07-31": "-91.90000", "2014-07-31": "-12.20000", "2013-07-31": "2.49000", "2012-07-31": "-45.60900", "2011-07-31": "-26.46900", "2010-07-31": "-23.11600", "2009-07-31": "92.90100", "2008-07-31": "-49.99400", "2007-07-31": "-62.23000", "2006-07-31": "-4.48900", "2005-07-31": "-18.05000"}, "Cash Flow From Operating Activities": {"2020-07-31": "387.00000", "2019-07-31": "345.80000", "2018-07-31": "262.90000", "2017-07-31": "317.80000", "2016-07-31": "291.30000", "2015-07-31": "212.80000", "2014-07-31": "317.80000", "2013-07-31": "315.92300", "2012-07-31": "259.71200", "2011-07-31": "246.05500", "2010-07-31": "203.00500", "2009-07-31": "276.92700", "2008-07-31": "173.53400", "2007-07-31": "117.04500", "2006-07-31": "156.67400", "2005-07-31": "142.58800"}, "Net Change In Property, Plant, And Equipment": {"2020-07-31": "-122.40000", "2019-07-31": "-150.40000", "2018-07-31": "-95.90000", "2017-07-31": "-63.50000", "2016-07-31": "-70.70000", "2015-07-31": "-93.60000", "2014-07-31": "-96.80000", "2013-07-31": "-94.33700", "2012-07-31": "-77.17000", "2011-07-31": "-59.85100", "2010-07-31": "-42.65900", "2009-07-31": "-45.56900", "2008-07-31": "-70.82200", "2007-07-31": "-76.58300", "2006-07-31": "-77.58400", "2005-07-31": "-50.19800"}, "Net Change In Intangible Assets": {"2020-07-31": "", "2019-07-31": "", "2018-07-31": "", "2017-07-31": "", "2016-07-31": "", "2015-07-31": "", "2014-07-31": "", "2013-07-31": "", "2012-07-31": "", "2011-07-31": "", "2010-07-31": "", "2009-07-31": "", "2008-07-31": "", "2007-07-31": "", "2006-07-31": "", "2005-07-31": ""}, "Net Acquisitions/Divestitures": {"2020-07-31": "-6.50000", "2019-07-31": "-96.00000", "2018-07-31": "0.50000", "2017-07-31": "-32.20000", "2016-07-31": "-12.90000", "2015-07-31": "-105.60000", "2014-07-31": "", "2013-07-31": "", "2012-07-31": "", "2011-07-31": "3.49300", "2010-07-31": "-0.25000", "2009-07-31": "-74.31800", "2008-07-31": "-2.37700", "2007-07-31": "-40.61500", "2006-07-31": "-4.56000", "2005-07-31": "-13.36200"}, "Net Change In Short-term Investments": {"2020-07-31": "", "2019-07-31": "", "2018-07-31": "", "2017-07-31": "", "2016-07-31": "28.00000", "2015-07-31": "87.50000", "2014-07-31": "-27.30000", "2013-07-31": "-1.97400", "2012-07-31": "-99.29800", "2011-07-31": "0.00000", "2010-07-31": "", "2009-07-31": "", "2008-07-31": "", "2007-07-31": "", "2006-07-31": "", "2005-07-31": ""}, "Net Change In Long-Term Investments": {"2020-07-31": "", "2019-07-31": "", "2018-07-31": "", "2017-07-31": "", "2016-07-31": "", "2015-07-31": "", "2014-07-31": "", "2013-07-31": "", "2012-07-31": "", "2011-07-31": "", "2010-07-31": "", "2009-07-31": "", "2008-07-31": "", "2007-07-31": "", "2006-07-31": "", "2005-07-31": ""}, "Net Change In Investments - Total": {"2020-07-31": "", "2019-07-31": "", "2018-07-31": "", "2017-07-31": "", "2016-07-31": "28.00000", "2015-07-31": "87.50000", "2014-07-31": "-27.30000", "2013-07-31": "-1.97400", "2012-07-31": "-99.29800", "2011-07-31": "0.00000", "2010-07-31": "", "2009-07-31": "", "2008-07-31": "", "2007-07-31": "", "2006-07-31": "", "2005-07-31": ""}, "Investing Activities - Other": {"2020-07-31": "", "2019-07-31": "", "2018-07-31": "", "2017-07-31": "", "2016-07-31": "", "2015-07-31": "", "2014-07-31": "", "2013-07-31": "", "2012-07-31": "", "2011-07-31": "", "2010-07-31": "", "2009-07-31": "", "2008-07-31": "", "2007-07-31": "", "2006-07-31": "", "2005-07-31": ""}, "Cash Flow From Investing Activities": {"2020-07-31": "-128.90000", "2019-07-31": "-246.40000", "2018-07-31": "-95.40000", "2017-07-31": "-95.70000", "2016-07-31": "-55.60000", "2015-07-31": "-111.70000", "2014-07-31": "-124.10000", "2013-07-31": "-96.31100", "2012-07-31": "-176.46800", "2011-07-31": "-56.35800", "2010-07-31": "-42.90900", "2009-07-31": "-119.88700", "2008-07-31": "-73.19900", "2007-07-31": "-117.19800", "2006-07-31": "-82.14400", "2005-07-31": "-63.56000"}, "Net Long-Term Debt": {"2020-07-31": "-18.60000", "2019-07-31": "109.10000", "2018-07-31": "-74.70000", "2017-07-31": "-81.70000", "2016-07-31": "8.20000", "2015-07-31": "150.00000", "2014-07-31": "43.10000", "2013-07-31": "-1.35300", "2012-07-31": "-46.20500", "2011-07-31": "-6.57900", "2010-07-31": "-4.97700", "2009-07-31": "72.72600", "2008-07-31": "17.22300", "2007-07-31": "55.39600", "2006-07-31": "-3.21300", "2005-07-31": "6.05600"}, "Net Current Debt": {"2020-07-31": "0.90000", "2019-07-31": "-25.30000", "2018-07-31": "6.00000", "2017-07-31": "129.20000", "2016-07-31": "-23.60000", "2015-07-31": "-1.40000", "2014-07-31": "175.40000", "2013-07-31": "-86.95700", "2012-07-31": "96.71500", "2011-07-31": "-36.60300", "2010-07-31": "20.71300", "2009-07-31": "-103.69500", "2008-07-31": "12.47800", "2007-07-31": "44.90400", "2006-07-31": "-31.65000", "2005-07-31": "81.91700"}, "Debt Issuance/Retirement Net - Total": {"2020-07-31": "-17.70000", "2019-07-31": "83.80000", "2018-07-31": "-68.70000", "2017-07-31": "47.50000", "2016-07-31": "-15.40000", "2015-07-31": "148.60000", "2014-07-31": "218.50000", "2013-07-31": "-88.31000", "2012-07-31": "50.51000", "2011-07-31": "-43.18200", "2010-07-31": "15.73600", "2009-07-31": "-30.96900", "2008-07-31": "29.70100", "2007-07-31": "100.30000", "2006-07-31": "-34.86300", "2005-07-31": "87.97300"}, "Net Common Equity Issued/Repurchased": {"2020-07-31": "-69.10000", "2019-07-31": "-103.30000", "2018-07-31": "-102.80000", "2017-07-31": "-117.70000", "2016-07-31": "-71.10000", "2015-07-31": "-243.20000", "2014-07-31": "-265.00000", "2013-07-31": "-86.52900", "2012-07-31": "-116.54200", "2011-07-31": "-93.03000", "2010-07-31": "-53.64300", "2009-07-31": "-28.29700", "2008-07-31": "-82.89400", "2007-07-31": "-69.55200", "2006-07-31": "-114.13500", "2005-07-31": "-113.56500"}, "Net Total Equity Issued/Repurchased": {"2020-07-31": "-69.10000", "2019-07-31": "-103.30000", "2018-07-31": "-102.80000", "2017-07-31": "-117.70000", "2016-07-31": "-71.10000", "2015-07-31": "-243.20000", "2014-07-31": "-265.00000", "2013-07-31": "-86.52900", "2012-07-31": "-116.54200", "2011-07-31": "-93.03000", "2010-07-31": "-53.64300", "2009-07-31": "-28.29700", "2008-07-31": "-82.89400", "2007-07-31": "-69.55200", "2006-07-31": "-114.13500", "2005-07-31": "-113.56500"}, "Total Common And Preferred Stock Dividends Paid": {"2020-07-31": "-106.40000", "2019-07-31": "-99.70000", "2018-07-31": "-94.70000", "2017-07-31": "-92.40000", "2016-07-31": "-91.20000", "2015-07-31": "-91.20000", "2014-07-31": "-83.10000", "2013-07-31": "-60.32000", "2012-07-31": "-47.68400", "2011-07-31": "-41.01300", "2010-07-31": "-36.24200", "2009-07-31": "-35.16600", "2008-07-31": "-33.00300", "2007-07-31": "-28.80600", "2006-07-31": "-26.44300", "2005-07-31": "-19.75700"}, "Financial Activities - Other": {"2020-07-31": "-6.30000", "2019-07-31": "-4.10000", "2018-07-31": "-2.60000", "2017-07-31": "-2.60000", "2016-07-31": "-2.50000", "2015-07-31": "6.80000", "2014-07-31": "8.80000", "2013-07-31": "11.19100", "2012-07-31": "10.31600", "2011-07-31": "9.87300", "2010-07-31": "4.62500", "2009-07-31": "2.66300", "2008-07-31": "9.17800", "2007-07-31": "5.89800", "2006-07-31": "10.94300", "2005-07-31": ""}, "Cash Flow From Financial Activities": {"2020-07-31": "-199.50000", "2019-07-31": "-123.30000", "2018-07-31": "-268.80000", "2017-07-31": "-165.20000", "2016-07-31": "-180.20000", "2015-07-31": "-179.00000", "2014-07-31": "-120.80000", "2013-07-31": "-223.96800", "2012-07-31": "-103.40000", "2011-07-31": "-167.35200", "2010-07-31": "-69.52400", "2009-07-31": "-91.76900", "2008-07-31": "-77.01800", "2007-07-31": "7.84000", "2006-07-31": "-164.49800", "2005-07-31": "-45.34900"}, "Net Cash Flow": {"2020-07-31": "58.80000", "2019-07-31": "-26.90000", "2018-07-31": "-103.70000", "2017-07-31": "65.20000", "2016-07-31": "53.30000", "2015-07-31": "-106.50000", "2014-07-31": "72.30000", "2013-07-31": "-1.65100", "2012-07-31": "-47.70500", "2011-07-31": "41.49400", "2010-07-31": "88.31300", "2009-07-31": "60.33000", "2008-07-31": "28.12000", "2007-07-31": "9.77000", "2006-07-31": "-88.59900", "2005-07-31": "34.56200"}, "Stock-Based Compensation": {"2020-07-31": "15.20000", "2019-07-31": "15.00000", "2018-07-31": "16.70000", "2017-07-31": "9.10000", "2016-07-31": "7.30000", "2015-07-31": "10.70000", "2014-07-31": "11.60000", "2013-07-31": "9.14800", "2012-07-31": "10.55300", "2011-07-31": "9.23400", "2010-07-31": "8.25300", "2009-07-31": "1.90000", "2008-07-31": "9.31200", "2007-07-31": "6.60800", "2006-07-31": "8.79300", "2005-07-31": ""}, "Common Stock Dividends Paid": {"2020-07-31": "-106.40000", "2019-07-31": "-99.70000", "2018-07-31": "-94.70000", "2017-07-31": "-92.40000", "2016-07-31": "-91.20000", "2015-07-31": "-91.20000", "2014-07-31": "-83.10000", "2013-07-31": "-60.32000", "2012-07-31": "-47.68400", "2011-07-31": "-41.01300", "2010-07-31": "-36.24200", "2009-07-31": "-35.16600", "2008-07-31": "-33.00300", "2007-07-31": "-28.80600", "2006-07-31": "-26.44300", "2005-07-31": "-19.75700"}}, "cash flow statement, quarterly": {"Net Income/Loss": {"2020-10-31": "61.90000", "2020-07-31": 64.1, "2020-04-30": 63.4, "2020-01-31": 64.5, "2019-10-31": "65.00000", "2019-07-31": 58.1, "2019-04-30": 75.2, "2019-01-31": 60.1, "2018-10-31": "73.80000", "2018-07-31": 102.4, "2018-04-30": 69.9, "2018-01-31": -52.9, "2017-10-31": "60.90000", "2017-07-31": 68.2, "2017-04-30": 60.1, "2017-01-31": 46.5, "2016-10-31": "58.00000", "2016-07-31": 59.5, "2016-04-30": 54.8, "2016-01-31": 38, "2015-10-31": "38.50000", "2015-07-31": 56.4, "2015-04-30": 47.8, "2015-01-31": 48, "2014-10-31": "55.90000", "2014-07-31": 72.932, "2014-04-30": 67.336, "2014-01-31": 58.34, "2013-10-31": "61.59200", "2013-07-31": 72.609, "2013-04-30": 69.842, "2013-01-31": 50.813, "2012-10-31": "54.11300", "2012-07-31": 70.981, "2012-04-30": 70.946, "2012-01-31": 53.821, "2011-10-31": "68.55300", "2011-07-31": 65.767, "2011-04-30": 61.811, "2011-01-31": 44.579, "2010-10-31": "53.13400", "2010-07-31": 51.17, "2010-04-30": 49.458, "2010-01-31": 30.966, "2009-10-31": "34.56900", "2009-07-31": 23.554, "2009-04-30": 26.598, "2009-01-31": 33.793, "2008-10-31": "47.96200", "2008-07-31": 48.573, "2008-04-30": 45.987, "2008-01-31": 34.07, "2007-10-31": "43.32300", "2007-07-31": 43.29, "2007-04-30": 40.147, "2007-01-31": 31.275, "2006-10-31": "36.00500", "2006-07-31": 36.188, "2006-04-30": 37.012, "2006-01-31": 26.909, "2005-10-31": "32.19800", "2005-07-31": 25.111, "2005-04-30": 31.333, "2005-01-31": 54.11}, "Total Depreciation And Amortization - Cash Flow": {"2020-10-31": "23.30000", "2020-07-31": 23, "2020-04-30": 21.8, "2020-01-31": 21.6, "2019-10-31": "21.20000", "2019-07-31": 21.3, "2019-04-30": 20.6, "2019-01-31": 19.9, "2018-10-31": "19.30000", "2018-07-31": 19.3, "2018-04-30": 19.5, "2018-01-31": 19, "2017-10-31": "18.90000", "2017-07-31": 19.4, "2017-04-30": 18.5, "2017-01-31": 18.4, "2016-10-31": "18.90000", "2016-07-31": 19, "2016-04-30": 19.3, "2016-01-31": 18, "2015-10-31": "18.60000", "2015-07-31": 18.8, "2015-04-30": 18.1, "2015-01-31": 19.3, "2014-10-31": "18.10000", "2014-07-31": 16.955, "2014-04-30": 17.078, "2014-01-31": 16.9, "2013-10-31": "16.26700", "2013-07-31": 15.763, "2013-04-30": 15.631, "2013-01-31": 16.87, "2012-10-31": "16.02600", "2012-07-31": 14.951, "2012-04-30": 15.318, "2012-01-31": 15.322, "2011-10-31": "15.57400", "2011-07-31": 15.215, "2011-04-30": 14.798, "2011-01-31": 15.56, "2010-10-31": "14.91800", "2010-07-31": 14.074, "2010-04-30": 14.609, "2010-01-31": 15.376, "2009-10-31": "15.17300", "2009-07-31": 15.341, "2009-04-30": 14.155, "2009-01-31": 15.027, "2008-10-31": "14.07400", "2008-07-31": 14.882, "2008-04-30": 13.883, "2008-01-31": 13.908, "2007-10-31": "14.05900", "2007-07-31": 14.068, "2007-04-30": 11.978, "2007-01-31": 11.798, "2006-10-31": "11.72200", "2006-07-31": 10.9, "2006-04-30": 11.139, "2006-01-31": 11.219, "2005-10-31": "11.44200", "2005-07-31": 10.79, "2005-04-30": 11.485, "2005-01-31": 22.009}, "Other Non-Cash Items": {"2020-10-31": "10.70000", "2020-07-31": 5.9, "2020-04-30": 10, "2020-01-31": 6.4, "2019-10-31": "16.80000", "2019-07-31": 2.3, "2019-04-30": 0.7, "2019-01-31": 7.9, "2018-10-31": "5.50000", "2018-07-31": 0.2, "2018-04-30": -22.1, "2018-01-31": 7.6, "2017-10-31": "7.70000", "2017-07-31": -3.2, "2017-04-30": 0.6, "2017-01-31": 12.6, "2016-10-31": "-6.90000", "2016-07-31": 0.6, "2016-04-30": 2.5, "2016-01-31": 5, "2015-10-31": "7.30000", "2015-07-31": 7.6, "2015-04-30": 1.2, "2015-01-31": 11.6, "2014-10-31": "1.90000", "2014-07-31": 4.243, "2014-04-30": -0.055, "2014-01-31": -2.167, "2013-10-31": "0.57900", "2013-07-31": -0.674, "2013-04-30": 4.251, "2013-01-31": 6.175, "2012-10-31": "-7.98600", "2012-07-31": -6.848, "2012-04-30": -5.71, "2012-01-31": -3.078, "2011-10-31": "-4.50900", "2011-07-31": -0.959, "2011-04-30": 2.885, "2011-01-31": -8.675, "2010-10-31": "-6.50900", "2010-07-31": 5.262, "2010-04-30": -0.419, "2010-01-31": -3.357, "2009-10-31": "-0.76000", "2009-07-31": 9.144, "2009-04-30": -2.826, "2009-01-31": -12.84, "2008-10-31": "0.04400", "2008-07-31": 2.719, "2008-04-30": -2.015, "2008-01-31": -2.777, "2007-10-31": "-3.08400", "2007-07-31": 8.571, "2007-04-30": -25.598, "2007-01-31": -1.698, "2006-10-31": "-2.28300", "2006-07-31": 7.568, "2006-04-30": -19.028, "2006-01-31": 7.678, "2005-10-31": "-12.06200", "2005-07-31": 19.24, "2005-04-30": -22.729, "2005-01-31": 9.289}, "Total Non-Cash Items": {"2020-10-31": "34.00000", "2020-07-31": 28.9, "2020-04-30": 31.8, "2020-01-31": 28, "2019-10-31": "38.00000", "2019-07-31": 23.6, "2019-04-30": 21.3, "2019-01-31": 27.8, "2018-10-31": "24.80000", "2018-07-31": 19.5, "2018-04-30": -2.6, "2018-01-31": 26.6, "2017-10-31": "26.60000", "2017-07-31": 16.2, "2017-04-30": 19.1, "2017-01-31": 31, "2016-10-31": "12.00000", "2016-07-31": 19.6, "2016-04-30": 21.8, "2016-01-31": 23, "2015-10-31": "25.90000", "2015-07-31": 26.4, "2015-04-30": 19.3, "2015-01-31": 30.9, "2014-10-31": "20.00000", "2014-07-31": 21.198, "2014-04-30": 17.023, "2014-01-31": 14.733, "2013-10-31": "16.84600", "2013-07-31": 15.089, "2013-04-30": 19.882, "2013-01-31": 23.045, "2012-10-31": "8.04000", "2012-07-31": 8.103, "2012-04-30": 9.608, "2012-01-31": 12.244, "2011-10-31": "11.06500", "2011-07-31": 14.256, "2011-04-30": 17.683, "2011-01-31": 6.885, "2010-10-31": "8.40900", "2010-07-31": 19.336, "2010-04-30": 14.19, "2010-01-31": 12.019, "2009-10-31": "14.41300", "2009-07-31": 24.485, "2009-04-30": 11.329, "2009-01-31": 2.187, "2008-10-31": "14.11800", "2008-07-31": 17.601, "2008-04-30": 11.868, "2008-01-31": 11.131, "2007-10-31": "10.97500", "2007-07-31": 22.639, "2007-04-30": -13.62, "2007-01-31": 10.1, "2006-10-31": "9.43900", "2006-07-31": 18.468, "2006-04-30": -7.889, "2006-01-31": 18.897, "2005-10-31": "-0.62000", "2005-07-31": 30.03, "2005-04-30": -11.244, "2005-01-31": 31.298}, "Change In Accounts Receivable": {"2020-10-31": "", "2020-07-31": 77.1, "2020-04-30": 0, "2020-01-31": 0, "2019-10-31": "", "2019-07-31": 1.4, "2019-04-30": 0, "2019-01-31": 0, "2018-10-31": "", "2018-07-31": -41.7, "2018-04-30": 0, "2018-01-31": 0, "2017-10-31": "", "2017-07-31": -31.8, "2017-04-30": 0, "2017-01-31": 0, "2016-10-31": "", "2016-07-31": 8.5, "2016-04-30": 0, "2016-01-31": 0, "2015-10-31": "", "2015-07-31": -20.7, "2015-04-30": 0, "2015-01-31": 0, "2014-10-31": "", "2014-07-31": -44.8, "2014-04-30": 0, "2014-01-31": 0, "2013-10-31": "", "2013-07-31": 3.705, "2013-04-30": 0, "2013-01-31": 0, "2012-10-31": "", "2012-07-31": -17.877, "2012-04-30": 0, "2012-01-31": 0, "2011-10-31": "", "2011-07-31": -62.274, "2011-04-30": 0, "2011-01-31": 0, "2010-10-31": "", "2010-07-31": -79.308, "2010-04-30": 0, "2010-01-31": 0, "2009-10-31": "", "2009-07-31": 116.983, "2009-04-30": 0, "2009-01-31": 0, "2008-10-31": "", "2008-07-31": -29.779, "2008-04-30": 0, "2008-01-31": 0, "2007-10-31": "", "2007-07-31": -31.418, "2007-04-30": 0, "2007-01-31": 0, "2006-10-31": "", "2006-07-31": -12.147, "2006-04-30": 0, "2006-01-31": 0, "2005-10-31": "", "2005-07-31": -17.349, "2005-04-30": 0, "2005-01-31": 0}, "Change In Inventories": {"2020-10-31": "", "2020-07-31": 11.9, "2020-04-30": 0, "2020-01-31": 0, "2019-10-31": "", "2019-07-31": -5.5, "2019-04-30": 0, "2019-01-31": 0, "2018-10-31": "", "2018-07-31": -43.8, "2018-04-30": 0, "2018-01-31": 0, "2017-10-31": "", "2017-07-31": -42.4, "2017-04-30": 0, "2017-01-31": 0, "2016-10-31": "", "2016-07-31": 29.1, "2016-04-30": 0, "2016-01-31": 0, "2015-10-31": "", "2015-07-31": -26.2, "2015-04-30": 0, "2015-01-31": 0, "2014-10-31": "", "2014-07-31": -19.3, "2014-04-30": 0, "2014-01-31": 0, "2013-10-31": "", "2013-07-31": 20.142, "2013-04-30": 0, "2013-01-31": 0, "2012-10-31": "", "2012-07-31": -4.149, "2012-04-30": 0, "2012-01-31": 0, "2011-10-31": "", "2011-07-31": -52.999, "2011-04-30": 0, "2011-01-31": 0, "2010-10-31": "", "2010-07-31": -25.826, "2010-04-30": 0, "2010-01-31": 0, "2009-10-31": "", "2009-07-31": 66.145, "2009-04-30": 0, "2009-01-31": 0, "2008-10-31": "", "2008-07-31": -49.4, "2008-04-30": 0, "2008-01-31": 0, "2007-10-31": "", "2007-07-31": -36.469, "2007-04-30": 0, "2007-01-31": 0, "2006-10-31": "", "2006-07-31": 0.587, "2006-04-30": 0, "2006-01-31": 0, "2005-10-31": "", "2005-07-31": -6.745, "2005-04-30": 0, "2005-01-31": 0}, "Change In Accounts Payable": {"2020-10-31": "", "2020-07-31": 0, "2020-04-30": 0, "2020-01-31": 0, "2019-10-31": "", "2019-07-31": 0, "2019-04-30": 0, "2019-01-31": 0, "2018-10-31": "", "2018-07-31": 0, "2018-04-30": 0, "2018-01-31": 0, "2017-10-31": "", "2017-07-31": 0, "2017-04-30": 0, "2017-01-31": 0, "2016-10-31": "", "2016-07-31": 0, "2016-04-30": 0, "2016-01-31": 0, "2015-10-31": "", "2015-07-31": 0, "2015-04-30": 0, "2015-01-31": 0, "2014-10-31": "", "2014-07-31": 0, "2014-04-30": 0, "2014-01-31": 0, "2013-10-31": "", "2013-07-31": 0, "2013-04-30": 0, "2013-01-31": 0, "2012-10-31": "", "2012-07-31": 0, "2012-04-30": 0, "2012-01-31": 0, "2011-10-31": "", "2011-07-31": 0, "2011-04-30": 0, "2011-01-31": 0, "2010-10-31": "", "2010-07-31": 0, "2010-04-30": 0, "2010-01-31": 0, "2009-10-31": "", "2009-07-31": 0, "2009-04-30": 0, "2009-01-31": 0, "2008-10-31": "", "2008-07-31": 0, "2008-04-30": 0, "2008-01-31": 0, "2007-10-31": "", "2007-07-31": 0, "2007-04-30": 0, "2007-01-31": 0, "2006-10-31": "", "2006-07-31": 0, "2006-04-30": 0, "2006-01-31": 0, "2005-10-31": "", "2005-07-31": 0, "2005-04-30": 0, "2005-01-31": 0}, "Change In Assets/Liabilities": {"2020-10-31": "33.00000", "2020-07-31": 26.9, "2020-04-30": -6.8, "2020-01-31": -1.8, "2019-10-31": "-16.90000", "2019-07-31": 50.1, "2019-04-30": -16.1, "2019-01-31": -8.4, "2018-10-31": "-35.30000", "2018-07-31": -26.6, "2018-04-30": -18.4, "2018-01-31": 72.2, "2017-10-31": "-23.60000", "2017-07-31": 8.7, "2017-04-30": -17.9, "2017-01-31": -9.5, "2016-10-31": "31.50000", "2016-07-31": 0.9, "2016-04-30": 16, "2016-01-31": -9.6, "2015-10-31": "-6.50000", "2015-07-31": 32.7, "2015-04-30": 8.9, "2015-01-31": -42.8, "2014-10-31": "-26.60000", "2014-07-31": -2.036, "2014-04-30": -5.858, "2014-01-31": -20.387, "2013-10-31": "20.48100", "2013-07-31": 21.841, "2013-04-30": 18.485, "2013-01-31": -28.741, "2012-10-31": "1.91000", "2012-07-31": 26.458, "2012-04-30": -0.351, "2012-01-31": -21.553, "2011-10-31": "-21.93200", "2011-07-31": 31.191, "2011-04-30": -4.011, "2011-01-31": -21.167, "2010-10-31": "1.22000", "2010-07-31": 2.878, "2010-04-30": -0.152, "2010-01-31": -27.774, "2009-10-31": "21.07800", "2009-07-31": -80.208, "2009-04-30": 72.961, "2009-01-31": 6.075, "2008-10-31": "-10.31700", "2008-07-31": 48.786, "2008-04-30": -0.319, "2008-01-31": -20.759, "2007-10-31": "-32.46300", "2007-07-31": 67.176, "2007-04-30": 0.569, "2007-01-31": -38.948, "2006-10-31": "-28.13900", "2006-07-31": -15.233, "2006-04-30": 21.36, "2006-01-31": -25.018, "2005-10-31": "-0.82500", "2005-07-31": 11.658, "2005-04-30": 10.661, "2005-01-31": -20.232}, "Total Change In Assets/Liabilities": {"2020-10-31": "33.00000", "2020-07-31": 28.8, "2020-04-30": -6.8, "2020-01-31": -1.8, "2019-10-31": "-16.90000", "2019-07-31": 40.9, "2019-04-30": -16.1, "2019-01-31": -8.4, "2018-10-31": "-35.30000", "2018-07-31": -17.7, "2018-04-30": -18.4, "2018-01-31": 72.2, "2017-10-31": "-23.60000", "2017-07-31": 2.6, "2017-04-30": -17.9, "2017-01-31": -9.5, "2016-10-31": "31.50000", "2016-07-31": 10.3, "2016-04-30": 16, "2016-01-31": -9.6, "2015-10-31": "-6.50000", "2015-07-31": -31.4, "2015-04-30": 8.9, "2015-01-31": -42.8, "2014-10-31": "-26.60000", "2014-07-31": -6.436, "2014-04-30": -5.858, "2014-01-31": -20.387, "2013-10-31": "20.48100", "2013-07-31": 10.836, "2013-04-30": 18.485, "2013-01-31": -28.741, "2012-10-31": "1.91000", "2012-07-31": -1.773, "2012-04-30": -0.351, "2012-01-31": -21.553, "2011-10-31": "-21.93200", "2011-07-31": -2.511, "2011-04-30": -4.011, "2011-01-31": -21.167, "2010-10-31": "1.22000", "2010-07-31": -16.268, "2010-04-30": -0.152, "2010-01-31": -27.774, "2009-10-31": "21.07800", "2009-07-31": 24.182, "2009-04-30": 72.961, "2009-01-31": 6.075, "2008-10-31": "-10.31700", "2008-07-31": 3.547, "2008-04-30": -0.319, "2008-01-31": -20.759, "2007-10-31": "-32.46300", "2007-07-31": 4.288, "2007-04-30": 0.569, "2007-01-31": -38.948, "2006-10-31": "-28.13900", "2006-07-31": -0.006, "2006-04-30": 21.36, "2006-01-31": -25.018, "2005-10-31": "-0.82500", "2005-07-31": -8.479, "2005-04-30": 10.661, "2005-01-31": -20.232}, "Cash Flow From Operating Activities": {"2020-10-31": "128.90000", "2020-07-31": 121.8, "2020-04-30": 88.4, "2020-01-31": 90.7, "2019-10-31": "86.10000", "2019-07-31": 122.6, "2019-04-30": 80.4, "2019-01-31": 79.5, "2018-10-31": "63.30000", "2018-07-31": 104.2, "2018-04-30": 48.9, "2018-01-31": 45.9, "2017-10-31": "63.90000", "2017-07-31": 87, "2017-04-30": 61.3, "2017-01-31": 68, "2016-10-31": "101.50000", "2016-07-31": 89.4, "2016-04-30": 92.6, "2016-01-31": 51.4, "2015-10-31": "57.90000", "2015-07-31": 51.4, "2015-04-30": 76, "2015-01-31": 36.1, "2014-10-31": "49.30000", "2014-07-31": 87.694, "2014-04-30": 78.501, "2014-01-31": 52.686, "2013-10-31": "98.91900", "2013-07-31": 98.534, "2013-04-30": 108.209, "2013-01-31": 45.117, "2012-10-31": "64.06300", "2012-07-31": 77.311, "2012-04-30": 80.203, "2012-01-31": 44.512, "2011-10-31": "57.68600", "2011-07-31": 77.512, "2011-04-30": 75.483, "2011-01-31": 30.297, "2010-10-31": "62.76300", "2010-07-31": 54.238, "2010-04-30": 63.496, "2010-01-31": 15.211, "2009-10-31": "70.06000", "2009-07-31": 72.221, "2009-04-30": 110.888, "2009-01-31": 42.055, "2008-10-31": "51.76300", "2008-07-31": 69.721, "2008-04-30": 57.536, "2008-01-31": 24.442, "2007-10-31": "21.83500", "2007-07-31": 70.217, "2007-04-30": 27.096, "2007-01-31": 2.427, "2006-10-31": "17.30500", "2006-07-31": 54.65, "2006-04-30": 50.483, "2006-01-31": 20.788, "2005-10-31": "30.75300", "2005-07-31": 46.662, "2005-04-30": 30.75, "2005-01-31": 65.176}, "Net Change In Property, Plant, And Equipment": {"2020-10-31": "-18.80000", "2020-07-31": -16.2, "2020-04-30": -26.5, "2020-01-31": -42.6, "2019-10-31": "-37.10000", "2019-07-31": -38, "2019-04-30": -45.3, "2019-01-31": -38.9, "2018-10-31": "-28.20000", "2018-07-31": -22.8, "2018-04-30": -27.3, "2018-01-31": -25.9, "2017-10-31": "-19.90000", "2017-07-31": -22.3, "2017-04-30": -16.2, "2017-01-31": -12.6, "2016-10-31": "-12.40000", "2016-07-31": -11.3, "2016-04-30": -16.6, "2016-01-31": -21.3, "2015-10-31": "-21.50000", "2015-07-31": -21, "2015-04-30": -21.6, "2015-01-31": -24, "2014-10-31": "-27.00000", "2014-07-31": -30.754, "2014-04-30": -23.198, "2014-01-31": -22.318, "2013-10-31": "-20.53000", "2013-07-31": -122.277, "2013-04-30": 15.197, "2013-01-31": 34.147, "2012-10-31": "-21.40400", "2012-07-31": -19.183, "2012-04-30": -21.638, "2012-01-31": -17.858, "2011-10-31": "-18.49100", "2011-07-31": -17.451, "2011-04-30": -18.349, "2011-01-31": -14.003, "2010-10-31": "-10.04800", "2010-07-31": -15.429, "2010-04-30": -9.109, "2010-01-31": -10.38, "2009-10-31": "-7.74100", "2009-07-31": -11.418, "2009-04-30": -10.9, "2009-01-31": -11.792, "2008-10-31": "-11.45900", "2008-07-31": -18.713, "2008-04-30": -23.764, "2008-01-31": -16.866, "2007-10-31": "-11.47900", "2007-07-31": -23.65, "2007-04-30": -16.793, "2007-01-31": -18.126, "2006-10-31": "-18.01400", "2006-07-31": -28.78, "2006-04-30": -20.193, "2006-01-31": -15.268, "2005-10-31": "-13.34300", "2005-07-31": -15.763, "2005-04-30": -11.914, "2005-01-31": -22.521}, "Net Change In Intangible Assets": {"2020-10-31": "", "2020-07-31": 0, "2020-04-30": 0, "2020-01-31": 0, "2019-10-31": "", "2019-07-31": 0, "2019-04-30": 0, "2019-01-31": 0, "2018-10-31": "", "2018-07-31": 0, "2018-04-30": 0, "2018-01-31": 0, "2017-10-31": "", "2017-07-31": 0, "2017-04-30": 0, "2017-01-31": 0, "2016-10-31": "", "2016-07-31": 0, "2016-04-30": 0, "2016-01-31": 0, "2015-10-31": "", "2015-07-31": 0, "2015-04-30": 0, "2015-01-31": 0, "2014-10-31": "", "2014-07-31": 0, "2014-04-30": 0, "2014-01-31": 0, "2013-10-31": "", "2013-07-31": 0, "2013-04-30": 0, "2013-01-31": 0, "2012-10-31": "", "2012-07-31": 0, "2012-04-30": 0, "2012-01-31": 0, "2011-10-31": "", "2011-07-31": 0, "2011-04-30": 0, "2011-01-31": 0, "2010-10-31": "", "2010-07-31": 0, "2010-04-30": 0, "2010-01-31": 0, "2009-10-31": "", "2009-07-31": 0, "2009-04-30": 0, "2009-01-31": 0, "2008-10-31": "", "2008-07-31": 0, "2008-04-30": 0, "2008-01-31": 0, "2007-10-31": "", "2007-07-31": 0, "2007-04-30": 0, "2007-01-31": 0, "2006-10-31": "", "2006-07-31": 0, "2006-04-30": 0, "2006-01-31": 0, "2005-10-31": "", "2005-07-31": 0, "2005-04-30": 0, "2005-01-31": 0}, "Net Acquisitions/Divestitures": {"2020-10-31": "", "2020-07-31": -6.5, "2020-04-30": 0, "2020-01-31": 0, "2019-10-31": "", "2019-07-31": 0, "2019-04-30": 0, "2019-01-31": 0, "2018-10-31": "-96.00000", "2018-07-31": -0.3, "2018-04-30": 0, "2018-01-31": 0, "2017-10-31": "0.80000", "2017-07-31": -21.3, "2017-04-30": 0, "2017-01-31": 0, "2016-10-31": "-10.90000", "2016-07-31": 0, "2016-04-30": 0, "2016-01-31": 0, "2015-10-31": "-12.90000", "2015-07-31": -8.9, "2015-04-30": -0.1, "2015-01-31": 1, "2014-10-31": "-97.60000", "2014-07-31": 0, "2014-04-30": 0, "2014-01-31": 0, "2013-10-31": "", "2013-07-31": 0, "2013-04-30": 0, "2013-01-31": 0, "2012-10-31": "", "2012-07-31": 0, "2012-04-30": 0, "2012-01-31": 0, "2011-10-31": "", "2011-07-31": 0, "2011-04-30": -0.12, "2011-01-31": 3.613, "2010-10-31": "", "2010-07-31": 0, "2010-04-30": 0, "2010-01-31": 0, "2009-10-31": "-0.25000", "2009-07-31": 0, "2009-04-30": 0.308, "2009-01-31": -0.118, "2008-10-31": "-74.50800", "2008-07-31": 0.098, "2008-04-30": -3.475, "2008-01-31": 0, "2007-10-31": "1.00000", "2007-07-31": -0.316, "2007-04-30": -39.605, "2007-01-31": -0.042, "2006-10-31": "-0.65200", "2006-07-31": -0.062, "2006-04-30": -0.062, "2006-01-31": -4.436, "2005-10-31": "", "2005-07-31": -0.126, "2005-04-30": -7.161, "2005-01-31": -6.075}, "Net Change In Short-term Investments": {"2020-10-31": "", "2020-07-31": 0, "2020-04-30": 0, "2020-01-31": 0, "2019-10-31": "", "2019-07-31": 0, "2019-04-30": 0, "2019-01-31": 0, "2018-10-31": "", "2018-07-31": 0, "2018-04-30": 0, "2018-01-31": 0, "2017-10-31": "", "2017-07-31": 0, "2017-04-30": 0, "2017-01-31": 0, "2016-10-31": "", "2016-07-31": 0, "2016-04-30": 10, "2016-01-31": 0, "2015-10-31": "18.00000", "2015-07-31": 0, "2015-04-30": 0, "2015-01-31": 42, "2014-10-31": "45.50000", "2014-07-31": 20.385, "2014-04-30": -48.335, "2014-01-31": 34.052, "2013-10-31": "-33.40200", "2013-07-31": 64.61, "2013-04-30": -33.338, "2013-01-31": -46.114, "2012-10-31": "12.86800", "2012-07-31": 20.632, "2012-04-30": -26.475, "2012-01-31": -93.455, "2011-10-31": "", "2011-07-31": 67.985, "2011-04-30": -1.491, "2011-01-31": -66.494, "2010-10-31": "", "2010-07-31": 0, "2010-04-30": 0, "2010-01-31": 0, "2009-10-31": "", "2009-07-31": 0, "2009-04-30": 0, "2009-01-31": 0, "2008-10-31": "", "2008-07-31": 0, "2008-04-30": 0, "2008-01-31": 0, "2007-10-31": "", "2007-07-31": 0, "2007-04-30": 0, "2007-01-31": 0, "2006-10-31": "", "2006-07-31": 0, "2006-04-30": 0, "2006-01-31": 0, "2005-10-31": "", "2005-07-31": 0, "2005-04-30": 0, "2005-01-31": 0}, "Net Change In Long-Term Investments": {"2020-10-31": "", "2020-07-31": 0, "2020-04-30": 0, "2020-01-31": 0, "2019-10-31": "", "2019-07-31": 0, "2019-04-30": 0, "2019-01-31": 0, "2018-10-31": "", "2018-07-31": 0, "2018-04-30": 0, "2018-01-31": 0, "2017-10-31": "", "2017-07-31": 0, "2017-04-30": 0, "2017-01-31": 0, "2016-10-31": "", "2016-07-31": 0, "2016-04-30": 0, "2016-01-31": 0, "2015-10-31": "", "2015-07-31": 0, "2015-04-30": 0, "2015-01-31": 0, "2014-10-31": "", "2014-07-31": 0, "2014-04-30": 0, "2014-01-31": 0, "2013-10-31": "", "2013-07-31": 0, "2013-04-30": 0, "2013-01-31": 0, "2012-10-31": "", "2012-07-31": 0, "2012-04-30": 0, "2012-01-31": 0, "2011-10-31": "", "2011-07-31": 0, "2011-04-30": 0, "2011-01-31": 0, "2010-10-31": "", "2010-07-31": 0, "2010-04-30": 0, "2010-01-31": 0, "2009-10-31": "", "2009-07-31": 0, "2009-04-30": 0, "2009-01-31": 0, "2008-10-31": "", "2008-07-31": 0, "2008-04-30": 0, "2008-01-31": 0, "2007-10-31": "", "2007-07-31": 0, "2007-04-30": 0, "2007-01-31": 0, "2006-10-31": "", "2006-07-31": 0, "2006-04-30": 0, "2006-01-31": 0, "2005-10-31": "", "2005-07-31": 0, "2005-04-30": 0, "2005-01-31": 0}, "Net Change In Investments - Total": {"2020-10-31": "", "2020-07-31": 0, "2020-04-30": 0, "2020-01-31": 0, "2019-10-31": "", "2019-07-31": 0, "2019-04-30": 0, "2019-01-31": 0, "2018-10-31": "", "2018-07-31": 0, "2018-04-30": 0, "2018-01-31": 0, "2017-10-31": "", "2017-07-31": 0, "2017-04-30": 0, "2017-01-31": 0, "2016-10-31": "", "2016-07-31": 0, "2016-04-30": 10, "2016-01-31": 0, "2015-10-31": "18.00000", "2015-07-31": 0, "2015-04-30": 0, "2015-01-31": 42, "2014-10-31": "45.50000", "2014-07-31": 20.385, "2014-04-30": -48.335, "2014-01-31": 34.052, "2013-10-31": "-33.40200", "2013-07-31": 64.61, "2013-04-30": -33.338, "2013-01-31": -46.114, "2012-10-31": "12.86800", "2012-07-31": 20.632, "2012-04-30": -26.475, "2012-01-31": -93.455, "2011-10-31": "", "2011-07-31": 67.985, "2011-04-30": -1.491, "2011-01-31": -66.494, "2010-10-31": "", "2010-07-31": 0, "2010-04-30": 0, "2010-01-31": 0, "2009-10-31": "", "2009-07-31": 0, "2009-04-30": 0, "2009-01-31": 0, "2008-10-31": "", "2008-07-31": 0, "2008-04-30": 0, "2008-01-31": 0, "2007-10-31": "", "2007-07-31": 0, "2007-04-30": 0, "2007-01-31": 0, "2006-10-31": "", "2006-07-31": 0, "2006-04-30": 0, "2006-01-31": 0, "2005-10-31": "", "2005-07-31": 0, "2005-04-30": 0, "2005-01-31": 0}, "Investing Activities - Other": {"2020-10-31": "", "2020-07-31": 0, "2020-04-30": 0, "2020-01-31": 0, "2019-10-31": "", "2019-07-31": 0, "2019-04-30": 0, "2019-01-31": 0, "2018-10-31": "", "2018-07-31": 0, "2018-04-30": 0, "2018-01-31": 0, "2017-10-31": "", "2017-07-31": 0, "2017-04-30": 0, "2017-01-31": 0, "2016-10-31": "", "2016-07-31": 0, "2016-04-30": 0, "2016-01-31": 0, "2015-10-31": "", "2015-07-31": 0, "2015-04-30": 0, "2015-01-31": 0, "2014-10-31": "", "2014-07-31": 0, "2014-04-30": 0, "2014-01-31": 0, "2013-10-31": "", "2013-07-31": 0, "2013-04-30": 0, "2013-01-31": 0, "2012-10-31": "", "2012-07-31": 0, "2012-04-30": 0, "2012-01-31": 0, "2011-10-31": "", "2011-07-31": 0, "2011-04-30": 0, "2011-01-31": 0, "2010-10-31": "", "2010-07-31": 0, "2010-04-30": 0, "2010-01-31": 0, "2009-10-31": "", "2009-07-31": 0, "2009-04-30": 0, "2009-01-31": 0, "2008-10-31": "", "2008-07-31": 0, "2008-04-30": 0, "2008-01-31": 0, "2007-10-31": "", "2007-07-31": 0, "2007-04-30": 0, "2007-01-31": 0, "2006-10-31": "", "2006-07-31": 0, "2006-04-30": 0, "2006-01-31": 0, "2005-10-31": "", "2005-07-31": 0, "2005-04-30": 0, "2005-01-31": 0}, "Cash Flow From Investing Activities": {"2020-10-31": "-18.80000", "2020-07-31": -22.7, "2020-04-30": -26.5, "2020-01-31": -42.6, "2019-10-31": "-37.10000", "2019-07-31": -38, "2019-04-30": -45.3, "2019-01-31": -38.9, "2018-10-31": "-124.20000", "2018-07-31": -23.1, "2018-04-30": -27.3, "2018-01-31": -25.9, "2017-10-31": "-19.10000", "2017-07-31": -43.6, "2017-04-30": -16.2, "2017-01-31": -12.6, "2016-10-31": "-23.30000", "2016-07-31": -11.3, "2016-04-30": -6.6, "2016-01-31": -21.3, "2015-10-31": "-16.40000", "2015-07-31": -29.9, "2015-04-30": -21.7, "2015-01-31": 19, "2014-10-31": "-79.10000", "2014-07-31": -10.369, "2014-04-30": -71.533, "2014-01-31": 11.734, "2013-10-31": "-53.93200", "2013-07-31": -57.667, "2013-04-30": -18.141, "2013-01-31": -11.967, "2012-10-31": "-8.53600", "2012-07-31": 1.449, "2012-04-30": -48.113, "2012-01-31": -111.313, "2011-10-31": "-18.49100", "2011-07-31": 50.534, "2011-04-30": -19.96, "2011-01-31": -76.884, "2010-10-31": "-10.04800", "2010-07-31": -15.429, "2010-04-30": -9.109, "2010-01-31": -10.38, "2009-10-31": "-7.99100", "2009-07-31": -11.418, "2009-04-30": -10.592, "2009-01-31": -11.91, "2008-10-31": "-85.96700", "2008-07-31": -18.615, "2008-04-30": -27.239, "2008-01-31": -16.866, "2007-10-31": "-10.47900", "2007-07-31": -23.966, "2007-04-30": -56.398, "2007-01-31": -18.168, "2006-10-31": "-18.66600", "2006-07-31": -28.842, "2006-04-30": -20.255, "2006-01-31": -19.704, "2005-10-31": "-13.34300", "2005-07-31": -15.889, "2005-04-30": -19.075, "2005-01-31": -28.596}, "Net Long-Term Debt": {"2020-10-31": "-40.00000", "2020-07-31": -170.2, "2020-04-30": 140, "2020-01-31": -0.2, "2019-10-31": "11.80000", "2019-07-31": -11.1, "2019-04-30": -0.2, "2019-01-31": -0.1, "2018-10-31": "120.50000", "2018-07-31": -174.4, "2018-04-30": 19.9, "2018-01-31": 10, "2017-10-31": "69.80000", "2017-07-31": -81, "2017-04-30": -0.2, "2017-01-31": -0.2, "2016-10-31": "-0.30000", "2016-07-31": 9.3, "2016-04-30": -0.4, "2016-01-31": -0.4, "2015-10-31": "-0.30000", "2015-07-31": 128.4, "2015-04-30": 22.9, "2015-01-31": -0.4, "2014-10-31": "-0.90000", "2014-07-31": -0.314, "2014-04-30": 124.079, "2014-01-31": -80.353, "2013-10-31": "-0.31200", "2013-07-31": -0.26, "2013-04-30": -0.206, "2013-01-31": -0.761, "2012-10-31": "-0.12600", "2012-07-31": -0.121, "2012-04-30": -0.167, "2012-01-31": -45.768, "2011-10-31": "-0.14900", "2011-07-31": 6.623, "2011-04-30": -7.908, "2011-01-31": -0.14, "2010-10-31": "-5.15400", "2010-07-31": 0.409, "2010-04-30": -0.131, "2010-01-31": -0.13, "2009-10-31": "-5.12500", "2009-07-31": -1.122, "2009-04-30": -0.858, "2009-01-31": 79.878, "2008-10-31": "-5.17200", "2008-07-31": -27.132, "2008-04-30": -0.276, "2008-01-31": 24.737, "2007-10-31": "19.89400", "2007-07-31": 60.012, "2007-04-30": -0.216, "2007-01-31": -0.242, "2006-10-31": "-4.15800", "2006-07-31": 2.31, "2006-04-30": -5.197, "2006-01-31": -0.163, "2005-10-31": "-0.16300", "2005-07-31": -23.159, "2005-04-30": -0.184, "2005-01-31": 29.399}, "Net Current Debt": {"2020-10-31": "-2.80000", "2020-07-31": -4.8, "2020-04-30": -26.5, "2020-01-31": -26, "2019-10-31": "58.20000", "2019-07-31": -48.2, "2019-04-30": 0.3, "2019-01-31": -9.5, "2018-10-31": "32.10000", "2018-07-31": 24, "2018-04-30": -13.9, "2018-01-31": 5, "2017-10-31": "-9.10000", "2017-07-31": 87.8, "2017-04-30": 29.4, "2017-01-31": 7.6, "2016-10-31": "4.40000", "2016-07-31": -48.4, "2016-04-30": -48.3, "2016-01-31": 15.7, "2015-10-31": "57.40000", "2015-07-31": -101.9, "2015-04-30": -36.7, "2015-01-31": 48.5, "2014-10-31": "88.70000", "2014-07-31": 120.707, "2014-04-30": -42.208, "2014-01-31": 100.73, "2013-10-31": "-3.82900", "2013-07-31": -20.427, "2013-04-30": -28.883, "2013-01-31": -9.07, "2012-10-31": "-28.57700", "2012-07-31": 26.196, "2012-04-30": -8.85, "2012-01-31": 0.457, "2011-10-31": "78.91200", "2011-07-31": -43.579, "2011-04-30": 27.646, "2011-01-31": -3.923, "2010-10-31": "-16.74700", "2010-07-31": 30.737, "2010-04-30": -6.281, "2010-01-31": -3.188, "2009-10-31": "-0.55500", "2009-07-31": -48.371, "2009-04-30": -36.507, "2009-01-31": -93.946, "2008-10-31": "75.12900", "2008-07-31": 30.285, "2008-04-30": 3.049, "2008-01-31": 22.877, "2007-10-31": "-43.73300", "2007-07-31": -80.737, "2007-04-30": 46.339, "2007-01-31": 63.768, "2006-10-31": "15.53400", "2006-07-31": -2.393, "2006-04-30": -0.538, "2006-01-31": -13.252, "2005-10-31": "-15.46700", "2005-07-31": -9.354, "2005-04-30": 39.457, "2005-01-31": 51.814}, "Debt Issuance/Retirement Net - Total": {"2020-10-31": "-42.80000", "2020-07-31": -175, "2020-04-30": 113.5, "2020-01-31": -26.2, "2019-10-31": "70.00000", "2019-07-31": -59.3, "2019-04-30": 0.1, "2019-01-31": -9.6, "2018-10-31": "152.60000", "2018-07-31": -150.4, "2018-04-30": 6, "2018-01-31": 15, "2017-10-31": "60.70000", "2017-07-31": 6.8, "2017-04-30": 29.2, "2017-01-31": 7.4, "2016-10-31": "4.10000", "2016-07-31": -39.1, "2016-04-30": -48.7, "2016-01-31": 15.3, "2015-10-31": "57.10000", "2015-07-31": 26.5, "2015-04-30": -13.8, "2015-01-31": 48.1, "2014-10-31": "87.80000", "2014-07-31": 120.393, "2014-04-30": 81.871, "2014-01-31": 20.377, "2013-10-31": "-4.14100", "2013-07-31": -20.687, "2013-04-30": -29.089, "2013-01-31": -9.831, "2012-10-31": "-28.70300", "2012-07-31": 26.075, "2012-04-30": -9.017, "2012-01-31": -45.311, "2011-10-31": "78.76300", "2011-07-31": -36.956, "2011-04-30": 19.738, "2011-01-31": -4.063, "2010-10-31": "-21.90100", "2010-07-31": 31.146, "2010-04-30": -6.412, "2010-01-31": -3.318, "2009-10-31": "-5.68000", "2009-07-31": -49.493, "2009-04-30": -37.365, "2009-01-31": -14.068, "2008-10-31": "69.95700", "2008-07-31": 3.153, "2008-04-30": 2.773, "2008-01-31": 47.614, "2007-10-31": "-23.83900", "2007-07-31": -20.725, "2007-04-30": 46.123, "2007-01-31": 63.526, "2006-10-31": "11.37600", "2006-07-31": -0.083, "2006-04-30": -5.735, "2006-01-31": -13.415, "2005-10-31": "-15.63000", "2005-07-31": -32.513, "2005-04-30": 39.273, "2005-01-31": 81.213}, "Net Common Equity Issued/Repurchased": {"2020-10-31": "-7.30000", "2020-07-31": 5.8, "2020-04-30": -27.3, "2020-01-31": 6.4, "2019-10-31": "-54.00000", "2019-07-31": -23.5, "2019-04-30": 4.9, "2019-01-31": -20, "2018-10-31": "-64.70000", "2018-07-31": -9.7, "2018-04-30": -43.8, "2018-01-31": -10.6, "2017-10-31": "-38.70000", "2017-07-31": -24.7, "2017-04-30": -53.3, "2017-01-31": -2.6, "2016-10-31": "-37.10000", "2016-07-31": -12, "2016-04-30": 3.9, "2016-01-31": 3.9, "2015-10-31": "-66.90000", "2015-07-31": -52.5, "2015-04-30": -24.6, "2015-01-31": -34.3, "2014-10-31": "-131.80000", "2014-07-31": -112.164, "2014-04-30": -96.836, "2014-01-31": -51.328, "2013-10-31": "-4.67200", "2013-07-31": -37.685, "2013-04-30": 2.979, "2013-01-31": -6.668, "2012-10-31": "-45.15500", "2012-07-31": -46.314, "2012-04-30": -6.461, "2012-01-31": 6.83, "2011-10-31": "-70.59700", "2011-07-31": -63.464, "2011-04-30": -35.188, "2011-01-31": 8.163, "2010-10-31": "-2.54100", "2010-07-31": -37.192, "2010-04-30": -11.007, "2010-01-31": 1.053, "2009-10-31": "-6.49700", "2009-07-31": 1.096, "2009-04-30": 0.886, "2009-01-31": 1.555, "2008-10-31": "-31.83400", "2008-07-31": -19.282, "2008-04-30": -22.167, "2008-01-31": -41.237, "2007-10-31": "-0.20800", "2007-07-31": -12.707, "2007-04-30": 1.399, "2007-01-31": -57.183, "2006-10-31": "-1.06100", "2006-07-31": -44.543, "2006-04-30": -23.673, "2006-01-31": 1.615, "2005-10-31": "-47.53400", "2005-07-31": 0.828, "2005-04-30": -29.168, "2005-01-31": -85.225}, "Net Total Equity Issued/Repurchased": {"2020-10-31": "-7.30000", "2020-07-31": 5.8, "2020-04-30": -27.3, "2020-01-31": 6.4, "2019-10-31": "-54.00000", "2019-07-31": -23.5, "2019-04-30": 4.9, "2019-01-31": -20, "2018-10-31": "-64.70000", "2018-07-31": -9.7, "2018-04-30": -43.8, "2018-01-31": -10.6, "2017-10-31": "-38.70000", "2017-07-31": -24.7, "2017-04-30": -53.3, "2017-01-31": -2.6, "2016-10-31": "-37.10000", "2016-07-31": -12, "2016-04-30": 3.9, "2016-01-31": 3.9, "2015-10-31": "-66.90000", "2015-07-31": -52.5, "2015-04-30": -24.6, "2015-01-31": -34.3, "2014-10-31": "-131.80000", "2014-07-31": -112.164, "2014-04-30": -96.836, "2014-01-31": -51.328, "2013-10-31": "-4.67200", "2013-07-31": -37.685, "2013-04-30": 2.979, "2013-01-31": -6.668, "2012-10-31": "-45.15500", "2012-07-31": -46.314, "2012-04-30": -6.461, "2012-01-31": 6.83, "2011-10-31": "-70.59700", "2011-07-31": -63.464, "2011-04-30": -35.188, "2011-01-31": 8.163, "2010-10-31": "-2.54100", "2010-07-31": -37.192, "2010-04-30": -11.007, "2010-01-31": 1.053, "2009-10-31": "-6.49700", "2009-07-31": 1.096, "2009-04-30": 0.886, "2009-01-31": 1.555, "2008-10-31": "-31.83400", "2008-07-31": -19.282, "2008-04-30": -22.167, "2008-01-31": -41.237, "2007-10-31": "-0.20800", "2007-07-31": -12.707, "2007-04-30": 1.399, "2007-01-31": -57.183, "2006-10-31": "-1.06100", "2006-07-31": -44.543, "2006-04-30": -23.673, "2006-01-31": 1.615, "2005-10-31": "-47.53400", "2005-07-31": 0.828, "2005-04-30": -29.168, "2005-01-31": -85.225}, "Total Common And Preferred Stock Dividends Paid": {"2020-10-31": "-26.60000", "2020-07-31": -26.6, "2020-04-30": -26.6, "2020-01-31": -26.6, "2019-10-31": "-26.60000", "2019-07-31": -26.8, "2019-04-30": -24.2, "2019-01-31": -24.3, "2018-10-31": "-24.40000", "2018-07-31": -24.5, "2018-04-30": -23.4, "2018-01-31": -23.4, "2017-10-31": "-23.40000", "2017-07-31": -22.9, "2017-04-30": -23.2, "2017-01-31": -23.1, "2016-10-31": "-23.20000", "2016-07-31": -23.3, "2016-04-30": -22.7, "2016-01-31": -22.5, "2015-10-31": "-22.70000", "2015-07-31": -23, "2015-04-30": -22.5, "2015-01-31": -22.7, "2014-10-31": "-23.00000", "2014-07-31": -23.425, "2014-04-30": -20.261, "2014-01-31": -20.414, "2013-10-31": "-19.00000", "2013-07-31": -19.136, "2013-04-30": -14.689, "2013-01-31": -13.203, "2012-10-31": "-13.29200", "2012-07-31": -13.407, "2012-04-30": -11.935, "2012-01-31": -11.149, "2011-10-31": "-11.19300", "2011-07-31": -11.466, "2011-04-30": -10.005, "2011-01-31": -9.989, "2010-10-31": "-9.55300", "2010-07-31": -9.202, "2010-04-30": -9.248, "2010-01-31": -8.896, "2009-10-31": "-8.89600", "2009-07-31": -8.875, "2009-04-30": -8.88, "2009-01-31": -8.873, "2008-10-31": "-8.53800", "2008-07-31": -8.575, "2008-04-30": -8.59, "2008-01-31": -7.921, "2007-10-31": "-7.91700", "2007-07-31": -7.147, "2007-04-30": -7.138, "2007-01-31": -7.271, "2006-10-31": "-7.25000", "2006-07-31": -6.549, "2006-04-30": -6.601, "2006-01-31": -6.587, "2005-10-31": "-6.70600", "2005-07-31": -4.982, "2005-04-30": -5.018, "2005-01-31": -9.757}, "Financial Activities - Other": {"2020-10-31": "-2.20000", "2020-07-31": 0, "2020-04-30": -0.3, "2020-01-31": -1.9, "2019-10-31": "-4.10000", "2019-07-31": 0, "2019-04-30": -0.5, "2019-01-31": -1.4, "2018-10-31": "-2.20000", "2018-07-31": -0.1, "2018-04-30": -0.3, "2018-01-31": -1.7, "2017-10-31": "-0.50000", "2017-07-31": 0, "2017-04-30": -0.4, "2017-01-31": -1.4, "2016-10-31": "-0.80000", "2016-07-31": -4.3, "2016-04-30": 0, "2016-01-31": 1.6, "2015-10-31": "0.20000", "2015-07-31": 0.3, "2015-04-30": 1.1, "2015-01-31": 3.2, "2014-10-31": "2.20000", "2014-07-31": 0.681, "2014-04-30": 1.255, "2014-01-31": 3.456, "2013-10-31": "3.40800", "2013-07-31": 1.708, "2013-04-30": 0.923, "2013-01-31": 3.033, "2012-10-31": "5.52700", "2012-07-31": 0.618, "2012-04-30": 2.122, "2012-01-31": 5.405, "2011-10-31": "2.17100", "2011-07-31": -3.109, "2011-04-30": 0.827, "2011-01-31": 4.512, "2010-10-31": "7.64300", "2010-07-31": 0.81, "2010-04-30": 1.44, "2010-01-31": 1.877, "2009-10-31": "0.49800", "2009-07-31": 0.384, "2009-04-30": 0.097, "2009-01-31": 0.592, "2008-10-31": "1.59000", "2008-07-31": 2.59, "2008-04-30": 0.694, "2008-01-31": 1.884, "2007-10-31": "4.01000", "2007-07-31": 0.857, "2007-04-30": 0.5, "2007-01-31": 1.462, "2006-10-31": "3.07900", "2006-07-31": -1.883, "2006-04-30": 0.861, "2006-01-31": 0.416, "2005-10-31": "11.54900", "2005-07-31": 0, "2005-04-30": 0, "2005-01-31": 0}, "Cash Flow From Financial Activities": {"2020-10-31": "-78.90000", "2020-07-31": -195.8, "2020-04-30": 59.3, "2020-01-31": -48.3, "2019-10-31": "-14.70000", "2019-07-31": -109.6, "2019-04-30": -19.7, "2019-01-31": -55.3, "2018-10-31": "61.30000", "2018-07-31": -184.7, "2018-04-30": -61.5, "2018-01-31": -20.7, "2017-10-31": "-1.90000", "2017-07-31": -40.8, "2017-04-30": -47.7, "2017-01-31": -19.7, "2016-10-31": "-57.00000", "2016-07-31": -78.7, "2016-04-30": -67.5, "2016-01-31": -1.7, "2015-10-31": "-32.30000", "2015-07-31": -48.7, "2015-04-30": -59.8, "2015-01-31": -5.7, "2014-10-31": "-64.80000", "2014-07-31": -14.515, "2014-04-30": -33.971, "2014-01-31": -47.909, "2013-10-31": "-24.40500", "2013-07-31": -75.8, "2013-04-30": -39.876, "2013-01-31": -26.669, "2012-10-31": "-81.62300", "2012-07-31": -33.028, "2012-04-30": -25.291, "2012-01-31": -44.225, "2011-10-31": "-0.85600", "2011-07-31": -114.995, "2011-04-30": -24.628, "2011-01-31": -1.377, "2010-10-31": "-26.35200", "2010-07-31": -14.438, "2010-04-30": -25.227, "2010-01-31": -9.284, "2009-10-31": "-20.57500", "2009-07-31": -56.888, "2009-04-30": -45.262, "2009-01-31": -20.794, "2008-10-31": "31.17500", "2008-07-31": -22.114, "2008-04-30": -27.29, "2008-01-31": 0.34, "2007-10-31": "-27.95400", "2007-07-31": -39.722, "2007-04-30": 40.884, "2007-01-31": 0.534, "2006-10-31": "6.14400", "2006-07-31": -53.058, "2006-04-30": -35.148, "2006-01-31": -17.971, "2005-10-31": "-58.32100", "2005-07-31": -36.667, "2005-04-30": 5.087, "2005-01-31": -13.769}, "Net Cash Flow": {"2020-10-31": "33.40000", "2020-07-31": -89.9, "2020-04-30": 115.4, "2020-01-31": 1.1, "2019-10-31": "32.20000", "2019-07-31": -26, "2019-04-30": 12.6, "2019-01-31": -8.7, "2018-10-31": "-4.80000", "2018-07-31": -112.6, "2018-04-30": -44.9, "2018-01-31": 12.6, "2017-10-31": "41.20000", "2017-07-31": 12.5, "2017-04-30": -0.4, "2017-01-31": 34.1, "2016-10-31": "19.00000", "2016-07-31": -4.2, "2016-04-30": 25.3, "2016-01-31": 24.2, "2015-10-31": "8.00000", "2015-07-31": -32.4, "2015-04-30": -6.7, "2015-01-31": 36.5, "2014-10-31": "-103.90000", "2014-07-31": 58.216, "2014-04-30": -20.897, "2014-01-31": 11.589, "2013-10-31": "23.39200", "2013-07-31": -39.85, "2013-04-30": 47.38, "2013-01-31": 11.838, "2012-10-31": "-21.01900", "2012-07-31": 36.769, "2012-04-30": 8.09, "2012-01-31": -121.283, "2011-10-31": "28.71900", "2011-07-31": 10.001, "2011-04-30": 43.858, "2011-01-31": -47.966, "2010-10-31": "35.60100", "2010-07-31": 23.639, "2010-04-30": 27.755, "2010-01-31": -7.583, "2009-10-31": "44.50200", "2009-07-31": 10.45, "2009-04-30": 57.208, "2009-01-31": 6.962, "2008-10-31": "-14.29000", "2008-07-31": 30.08, "2008-04-30": 4.271, "2008-01-31": 9.114, "2007-10-31": "-15.34500", "2007-07-31": 7.028, "2007-04-30": 12.875, "2007-01-31": -14.935, "2006-10-31": "4.80200", "2006-07-31": -27.479, "2006-04-30": -3.416, "2006-01-31": -16.969, "2005-10-31": "-40.73500", "2005-07-31": -12.148, "2005-04-30": 16.937, "2005-01-31": 29.773}, "Stock-Based Compensation": {"2020-10-31": "6.30000", "2020-07-31": 3.6, "2020-04-30": 1.4, "2020-01-31": 3.6, "2019-10-31": "6.60000", "2019-07-31": 1.2, "2019-04-30": 3.2, "2019-01-31": 3.7, "2018-10-31": "6.90000", "2018-07-31": 3.4, "2018-04-30": 3.7, "2018-01-31": 2.9, "2017-10-31": "6.70000", "2017-07-31": 1.6, "2017-04-30": 1.7, "2017-01-31": 4.3, "2016-10-31": "1.50000", "2016-07-31": 1.3, "2016-04-30": 0.7, "2016-01-31": 3.8, "2015-10-31": "1.50000", "2015-07-31": 1.5, "2015-04-30": 1.5, "2015-01-31": 6.1, "2014-10-31": "1.60000", "2014-07-31": 2.126, "2014-04-30": 2.337, "2014-01-31": 5.201, "2013-10-31": "1.93600", "2013-07-31": 1.785, "2013-04-30": 1.145, "2013-01-31": 4.742, "2012-10-31": "1.47600", "2012-07-31": 1.929, "2012-04-30": 2.184, "2012-01-31": 4.75, "2011-10-31": "1.69000", "2011-07-31": 1.674, "2011-04-30": 1.471, "2011-01-31": 4.628, "2010-10-31": "1.46100", "2010-07-31": 1.143, "2010-04-30": 1.365, "2010-01-31": 5.008, "2009-10-31": "0.73700", "2009-07-31": 0.736, "2009-04-30": -2.215, "2009-01-31": 2.422, "2008-10-31": "0.95700", "2008-07-31": 2.211, "2008-04-30": 1.666, "2008-01-31": 4.165, "2007-10-31": "1.27000", "2007-07-31": 3.481, "2007-04-30": 0.338, "2007-01-31": 2.517, "2006-10-31": "0.27200", "2006-07-31": 6.17, "2006-04-30": 0.199, "2006-01-31": 2.165, "2005-10-31": "0.25900", "2005-07-31": 0, "2005-04-30": 0, "2005-01-31": 0}, "Common Stock Dividends Paid": {"2020-10-31": "-26.60000", "2020-07-31": -26.6, "2020-04-30": -26.6, "2020-01-31": -26.6, "2019-10-31": "-26.60000", "2019-07-31": -26.8, "2019-04-30": -24.2, "2019-01-31": -24.3, "2018-10-31": "-24.40000", "2018-07-31": -24.5, "2018-04-30": -23.4, "2018-01-31": -23.4, "2017-10-31": "-23.40000", "2017-07-31": -22.9, "2017-04-30": -23.2, "2017-01-31": -23.1, "2016-10-31": "-23.20000", "2016-07-31": -23.3, "2016-04-30": -22.7, "2016-01-31": -22.5, "2015-10-31": "-22.70000", "2015-07-31": -23, "2015-04-30": -22.5, "2015-01-31": -22.7, "2014-10-31": "-23.00000", "2014-07-31": -23.425, "2014-04-30": -20.261, "2014-01-31": -20.414, "2013-10-31": "-19.00000", "2013-07-31": -19.136, "2013-04-30": -14.689, "2013-01-31": -13.203, "2012-10-31": "-13.29200", "2012-07-31": -13.407, "2012-04-30": -11.935, "2012-01-31": -11.149, "2011-10-31": "-11.19300", "2011-07-31": -11.466, "2011-04-30": -10.005, "2011-01-31": -9.989, "2010-10-31": "-9.55300", "2010-07-31": -9.202, "2010-04-30": -9.248, "2010-01-31": -8.896, "2009-10-31": "-8.89600", "2009-07-31": -8.875, "2009-04-30": -8.88, "2009-01-31": -8.873, "2008-10-31": "-8.53800", "2008-07-31": -8.575, "2008-04-30": -8.59, "2008-01-31": -7.921, "2007-10-31": "-7.91700", "2007-07-31": -7.147, "2007-04-30": -7.138, "2007-01-31": -7.271, "2006-10-31": "-7.25000", "2006-07-31": -6.549, "2006-04-30": -6.601, "2006-01-31": -6.587, "2005-10-31": "-6.70600", "2005-07-31": -4.982, "2005-04-30": -5.018, "2005-01-31": -9.757}}, "financial ratios": {"Current Ratio": {"2020-07-31": "2.69590", "2019-07-31": "2.32470", "2018-07-31": "2.39820", "2017-07-31": "2.37760", "2016-07-31": "1.85670", "2015-07-31": "1.83860", "2014-07-31": "2.01000", "2013-07-31": "2.21580", "2012-07-31": "2.17780", "2011-07-31": "2.14930", "2010-07-31": "2.20990", "2009-07-31": "2.25530", "2008-07-31": "1.65230", "2007-07-31": "1.46780", "2006-07-31": "1.56000", "2005-07-31": "1.74710"}, "Long-term Debt / Capital": {"2020-07-31": "0.38340", "2019-07-31": "0.39560", "2018-07-31": "0.36810", "2017-07-31": "0.38600", "2016-07-31": "0.31220", "2015-07-31": "0.33320", "2014-07-31": "0.19560", "2013-07-31": "0.08650", "2012-07-31": "0.18270", "2011-07-31": "0.18040", "2010-07-31": "0.25550", "2009-07-31": "0.26920", "2008-07-31": "0.19260", "2007-07-31": "0.17120", "2006-07-31": "0.15530", "2005-07-31": "0.16450"}, "Debt/Equity Ratio": {"2020-07-31": "0.63140", "2019-07-31": "0.71320", "2018-07-31": "0.63310", "2017-07-31": "0.71530", "2016-07-31": "0.73490", "2015-07-31": "0.74260", "2014-07-31": "0.42970", "2013-07-31": "0.19410", "2012-07-31": "0.33070", "2011-07-31": "0.28540", "2010-07-31": "0.41750", "2009-07-31": "0.41930", "2008-07-31": "0.43450", "2007-07-31": "0.45750", "2006-07-31": "0.32990", "2005-07-31": "0.40620"}, "Gross Margin": {"2020-07-31": "33.75940", "2019-07-31": "33.33330", "2018-07-31": "34.22570", "2017-07-31": "34.60940", "2016-07-31": "33.99540", "2015-07-31": "34.10090", "2014-07-31": "35.48820", "2013-07-31": "34.76180", "2012-07-31": "35.04520", "2011-07-31": "35.47450", "2010-07-31": "35.09460", "2009-07-31": "31.55820", "2008-07-31": "32.51310", "2007-07-31": "31.52260", "2006-07-31": "32.84960", "2005-07-31": "31.68290"}, "Operating Margin": {"2020-07-31": "13.17300", "2019-07-31": "13.64550", "2018-07-31": "13.78830", "2017-07-31": "13.64310", "2016-07-31": "12.34970", "2015-07-31": "12.15840", "2014-07-31": "14.38040", "2013-07-31": "14.08850", "2012-07-31": "14.56000", "2011-07-31": "13.74360", "2010-07-31": "12.69240", "2009-07-31": "9.09520", "2008-07-31": "11.01050", "2007-07-31": "11.00150", "2006-07-31": "11.37850", "2005-07-31": "9.80680"}, "EBIT Margin": {"2020-07-31": "13.17300", "2019-07-31": "13.64550", "2018-07-31": "13.78830", "2017-07-31": "13.64310", "2016-07-31": "12.34970", "2015-07-31": "12.15840", "2014-07-31": "14.38040", "2013-07-31": "14.08850", "2012-07-31": "14.56000", "2011-07-31": "13.74360", "2010-07-31": "12.69240", "2009-07-31": "9.09520", "2008-07-31": "11.01050", "2007-07-31": "11.00150", "2006-07-31": "11.37850", "2005-07-31": "9.80680"}, "EBITDA Margin": {"2020-07-31": "16.56600", "2019-07-31": "16.49620", "2018-07-31": "16.59350", "2017-07-31": "16.81350", "2016-07-31": "15.72310", "2015-07-31": "15.29180", "2014-07-31": "17.09720", "2013-07-31": "16.72660", "2012-07-31": "17.01320", "2011-07-31": "16.38050", "2010-07-31": "15.84790", "2009-07-31": "12.23100", "2008-07-31": "13.55170", "2007-07-31": "13.58470", "2006-07-31": "14.01670", "2005-07-31": "12.58190"}, "Pre-Tax Profit Margin": {"2020-07-31": "12.98320", "2019-07-31": "13.18850", "2018-07-31": "13.29820", "2017-07-31": "13.57560", "2016-07-31": "11.59300", "2015-07-31": "12.17110", "2014-07-31": "14.58260", "2013-07-31": "14.28760", "2012-07-31": "14.87140", "2011-07-31": "13.61200", "2010-07-31": "12.26260", "2009-07-31": "8.63870", "2008-07-31": "10.57830", "2007-07-31": "10.67640", "2006-07-31": "11.16470", "2005-07-31": "9.69670"}, "Net Profit Margin": {"2020-07-31": "9.95430", "2019-07-31": "9.39220", "2018-07-31": "6.59430", "2017-07-31": "9.81490", "2016-07-31": "8.59340", "2015-07-31": "8.77610", "2014-07-31": "10.51950", "2013-07-31": "10.15110", "2012-07-31": "10.60070", "2011-07-31": "9.82080", "2010-07-31": "8.85230", "2009-07-31": "7.05900", "2008-07-31": "7.70220", "2007-07-31": "7.85460", "2006-07-31": "7.80880", "2005-07-31": "6.92810"}, "Asset Turnover": {"2020-07-31": "1.15020", "2019-07-31": "1.32780", "2018-07-31": "1.38330", "2017-07-31": "1.19810", "2016-07-31": "1.24250", "2015-07-31": "1.31040", "2014-07-31": "1.27340", "2013-07-31": "1.39770", "2012-07-31": "1.44110", "2011-07-31": "1.32900", "2010-07-31": "1.25180", "2009-07-31": "1.40080", "2008-07-31": "1.44160", "2007-07-31": "1.45470", "2006-07-31": "1.50730", "2005-07-31": "1.43530"}, "Inventory Turnover Ratio": {"2020-07-31": "5.29970", "2019-07-31": "5.69890", "2018-07-31": "5.38280", "2017-07-31": "5.28450", "2016-07-31": "6.26010", "2015-07-31": "5.89660", "2014-07-31": "6.29840", "2013-07-31": "6.77040", "2012-07-31": "6.32320", "2011-07-31": "5.45250", "2010-07-31": "5.98300", "2009-07-31": "7.09570", "2008-07-31": "5.70430", "2007-07-31": "6.53000", "2006-07-31": "7.42820", "2005-07-31": "7.19110"}, "Receiveable Turnover": {"2020-07-31": "5.67050", "2019-07-31": "5.37280", "2018-07-31": "5.11450", "2017-07-31": "4.76570", "2016-07-31": "4.90780", "2015-07-31": "5.15480", "2014-07-31": "5.21660", "2013-07-31": "5.65720", "2012-07-31": "5.68200", "2011-07-31": "5.14700", "2010-07-31": "5.22980", "2009-07-31": "6.66920", "2008-07-31": "5.39430", "2007-07-31": "5.36970", "2006-07-31": "5.42680", "2005-07-31": "5.42740"}, "Days Sales In Receivables": {"2020-07-31": "64.36770", "2019-07-31": "67.93470", "2018-07-31": "71.36600", "2017-07-31": "76.58860", "2016-07-31": "74.37100", "2015-07-31": "70.80800", "2014-07-31": "69.96860", "2013-07-31": "64.51910", "2012-07-31": "64.23770", "2011-07-31": "70.91480", "2010-07-31": "69.79240", "2009-07-31": "54.72900", "2008-07-31": "67.66340", "2007-07-31": "67.97350", "2006-07-31": "67.25860", "2005-07-31": "67.25180"}, "ROE - Return On Equity": {"2020-07-31": "25.88380", "2019-07-31": "29.93170", "2018-07-31": "21.01890", "2017-07-31": "27.24400", "2016-07-31": "24.73430", "2015-07-31": "26.72400", "2014-07-31": "25.95560", "2013-07-31": "22.79580", "2012-07-31": "29.04360", "2011-07-31": "24.10270", "2010-07-31": "22.25500", "2009-07-31": "19.15530", "2008-07-31": "23.23580", "2007-07-31": "24.12640", "2006-07-31": "24.19650", "2005-07-31": "21.07330"}, "Return On Tangible Equity": {"2020-07-31": "42.21420", "2019-07-31": "51.51340", "2018-07-31": "30.88390", "2017-07-31": "40.43070", "2016-07-31": "37.88720", "2015-07-31": "40.24370", "2014-07-31": "32.52370", "2013-07-31": "28.16510", "2012-07-31": "37.71070", "2011-07-31": "31.75470", "2010-07-31": "31.76960", "2009-07-31": "29.04130", "2008-07-31": "30.73030", "2007-07-31": "33.21290", "2006-07-31": "31.95330", "2005-07-31": "27.90740"}, "ROA - Return On Assets": {"2020-07-31": "11.44970", "2019-07-31": "12.47080", "2018-07-31": "9.12170", "2017-07-31": "11.75940", "2016-07-31": "10.67710", "2015-07-31": "11.50040", "2014-07-31": "13.39570", "2013-07-31": "14.18810", "2012-07-31": "15.27680", "2011-07-31": "13.05210", "2010-07-31": "11.08120", "2009-07-31": "9.88810", "2008-07-31": "11.10360", "2007-07-31": "11.42650", "2006-07-31": "11.77040", "2005-07-31": "9.94390"}, "ROI - Return On Investment": {"2020-07-31": "15.95980", "2019-07-31": "18.08950", "2018-07-31": "13.28280", "2017-07-31": "16.72650", "2016-07-31": "17.01140", "2015-07-31": "17.81830", "2014-07-31": "20.87930", "2013-07-31": "20.82370", "2012-07-31": "23.73610", "2011-07-31": "19.75440", "2010-07-31": "16.56950", "2009-07-31": "13.99850", "2008-07-31": "18.76170", "2007-07-31": "19.99690", "2006-07-31": "20.43990", "2005-07-31": "17.60640"}, "Book Value Per Share": {"2020-07-31": "7.85900", "2019-07-31": "7.01150", "2018-07-31": "6.66140", "2017-07-31": "6.54260", "2016-07-31": "5.80470", "2015-07-31": "5.78540", "2014-07-31": "7.13990", "2013-07-31": "7.42510", "2012-07-31": "6.16280", "2011-07-31": "12.39720", "2010-07-31": "4.88500", "2009-07-31": "4.45140", "2008-07-31": "4.76690", "2007-07-31": "3.94660", "2006-07-31": "3.39460", "2005-07-31": "3.15810"}, "Operating Cash Flow Per Share": {"2020-07-31": 0.3625, "2019-07-31": 0.6652, "2018-07-31": -0.3812, "2017-07-31": 0.2089, "2016-07-31": 0.6345, "2015-07-31": -0.6266, "2014-07-31": 0.0533, "2013-07-31": 0.4017, "2012-07-31": 0.1328, "2011-07-31": 0.2833, "2010-07-31": -0.4663, "2009-07-31": 0.6804, "2008-07-31": 0.358, "2007-07-31": -0.2102, "2006-07-31": 0.0995, "2005-07-31": 0.8206}, "Free Cash Flow Per Share": {"2020-07-31": 0.5628, "2019-07-31": 0.2364, "2018-07-31": -0.6331, "2017-07-31": 0.2598, "2016-07-31": 0.7814, "2015-07-31": -0.6422, "2014-07-31": 0.0245, "2013-07-31": 0.2793, "2012-07-31": 0.009, "2011-07-31": 0.1719, "2010-07-31": -0.448, "2009-07-31": 0.8285, "2008-07-31": 0.3867, "2007-07-31": -0.2191, "2006-07-31": -0.0672, "2005-07-31": 0.5317}}, "financial ratios, quarterly": {"Current Ratio": {"2020-10-31": "2.72680", "2020-07-31": "2.69590", "2020-04-30": "2.82000", "2020-01-31": "2.25050", "2019-10-31": "2.18250", "2019-07-31": "2.32470", "2019-04-30": "2.62900", "2019-01-31": "2.34780", "2018-10-31": "2.40030", "2018-07-31": "2.39820", "2018-04-30": "3.14110", "2018-01-31": "2.94230", "2017-10-31": "2.90120", "2017-07-31": "2.37760", "2017-04-30": "1.65520", "2017-01-31": "1.66560", "2016-10-31": "1.76250", "2016-07-31": "1.85670", "2016-04-30": "1.96470", "2016-01-31": "1.71350", "2015-10-31": "1.73260", "2015-07-31": "1.83860", "2015-04-30": "1.63480", "2015-01-31": "1.52310", "2014-10-31": "1.64830", "2014-07-31": "2.01000", "2014-04-30": "2.54340", "2014-01-31": "2.29060", "2013-10-31": "2.37410", "2013-07-31": "2.21580", "2013-04-30": "2.34440", "2013-01-31": "2.12950", "2012-10-31": "2.35640", "2012-07-31": "2.17780", "2012-04-30": "2.31210", "2012-01-31": "2.23270", "2011-10-31": "2.00490", "2011-07-31": "2.14930", "2011-04-30": "2.19020", "2011-01-31": "2.29340", "2010-10-31": "2.41730", "2010-07-31": "2.20990", "2010-04-30": "2.49050", "2010-01-31": "2.47620", "2009-10-31": "2.35560", "2009-07-31": "2.25530", "2009-04-30": "2.10090", "2009-01-31": "1.84400", "2008-10-31": "1.41760", "2008-07-31": "1.65230", "2008-04-30": "1.62310", "2008-01-31": "1.63100", "2007-10-31": "1.64980", "2007-07-31": "1.46780", "2007-04-30": "1.32020", "2007-01-31": "1.41790", "2006-10-31": "1.60860", "2006-07-31": "1.56000", "2006-04-30": "1.67750", "2006-01-31": "1.73560", "2005-10-31": "1.64300", "2005-07-31": "1.74710", "2005-04-30": "1.64330", "2005-01-31": "1.89820"}, "Long-term Debt / Capital": {"2020-10-31": "0.35380", "2020-07-31": "0.38340", "2020-04-30": "0.43770", "2020-01-31": "0.38780", "2019-10-31": "0.39420", "2019-07-31": "0.39560", "2019-04-30": "0.40550", "2019-01-31": "0.42020", "2018-10-31": "0.42460", "2018-07-31": "0.36810", "2018-04-30": "0.45110", "2018-01-31": "0.44670", "2017-10-31": "0.41760", "2017-07-31": "0.38600", "2017-04-30": "0.27100", "2017-01-31": "0.27610", "2016-10-31": "0.29270", "2016-07-31": "0.31220", "2016-04-30": "0.32780", "2016-01-31": "0.35530", "2015-10-31": "0.34480", "2015-07-31": "0.33320", "2015-04-30": "0.23830", "2015-01-31": "0.22600", "2014-10-31": "0.21320", "2014-07-31": "0.19560", "2014-04-30": "0.16820", "2014-01-31": "0.08420", "2013-10-31": "0.08100", "2013-07-31": "0.08650", "2013-04-30": "0.09920", "2013-01-31": "0.10700", "2012-10-31": "0.17490", "2012-07-31": "0.18270", "2012-04-30": "0.16950", "2012-01-31": "0.18310", "2011-10-31": "0.18740", "2011-07-31": "0.18040", "2011-04-30": "0.17650", "2011-01-31": "0.19470", "2010-10-31": "0.23510", "2010-07-31": "0.25550", "2010-04-30": "0.24600", "2010-01-31": "0.25300", "2009-10-31": "0.25540", "2009-07-31": "0.26920", "2009-04-30": "0.26430", "2009-01-31": "0.27890", "2008-10-31": "0.20900", "2008-07-31": "0.19260", "2008-04-30": "0.19550", "2008-01-31": "0.20690", "2007-10-31": "0.17820", "2007-07-31": "0.17120", "2007-04-30": "0.13510", "2007-01-31": "0.14770", "2006-10-31": "0.14160", "2006-07-31": "0.15530", "2006-04-30": "0.15350", "2006-01-31": "0.15650", "2005-10-31": "0.16290", "2005-07-31": "0.16450", "2005-04-30": "0.16270", "2005-01-31": "0.17220"}, "Debt/Equity Ratio": {"2020-10-31": "0.55390", "2020-07-31": "0.63140", "2020-04-30": "0.83980", "2020-01-31": "0.72360", "2019-10-31": "0.77180", "2019-07-31": "0.71320", "2019-04-30": "0.73550", "2019-01-31": "0.80050", "2018-10-31": "0.82470", "2018-07-31": "0.63310", "2018-04-30": "0.82740", "2018-01-31": "0.82940", "2017-10-31": "0.76150", "2017-07-31": "0.71530", "2017-04-30": "0.75440", "2017-01-31": "0.73640", "2016-10-31": "0.72600", "2016-07-31": "0.73490", "2016-04-30": "0.75460", "2016-01-31": "0.92320", "2015-10-31": "0.85980", "2015-07-31": "0.74260", "2015-04-30": "0.65300", "2015-01-31": "0.68490", "2014-10-31": "0.57870", "2014-07-31": "0.42970", "2014-04-30": "0.27620", "2014-01-31": "0.20150", "2013-10-31": "0.17680", "2013-07-31": "0.19410", "2013-04-30": "0.21370", "2013-01-31": "0.26110", "2012-10-31": "0.28510", "2012-07-31": "0.33070", "2012-04-30": "0.29020", "2012-01-31": "0.32800", "2011-10-31": "0.38790", "2011-07-31": "0.28540", "2011-04-30": "0.32270", "2011-01-31": "0.32850", "2010-10-31": "0.34950", "2010-07-31": "0.41750", "2010-04-30": "0.35850", "2010-01-31": "0.38060", "2009-10-31": "0.38970", "2009-07-31": "0.41930", "2009-04-30": "0.47490", "2009-01-31": "0.56330", "2008-10-31": "0.58720", "2008-07-31": "0.43450", "2008-04-30": "0.43720", "2008-01-31": "0.46380", "2007-10-31": "0.38380", "2007-07-31": "0.45750", "2007-04-30": "0.50110", "2007-01-31": "0.46410", "2006-10-31": "0.31780", "2006-07-31": "0.32990", "2006-04-30": "0.32440", "2006-01-31": "0.34880", "2005-10-31": "0.39190", "2005-07-31": "0.40620", "2005-04-30": "0.46030", "2005-01-31": "0.38630"}, "Gross Margin": {"2020-10-31": "34.98270", "2020-07-31": "33.67350", "2020-04-30": "33.22220", "2020-01-31": "33.71600", "2019-10-31": "34.38380", "2019-07-31": "33.53510", "2019-04-30": "33.76820", "2019-01-31": "32.03070", "2018-10-31": "33.98920", "2018-07-31": "34.88340", "2018-04-30": "34.25710", "2018-01-31": "32.93220", "2017-10-31": "34.78600", "2017-07-31": "34.43420", "2017-04-30": "34.77480", "2017-01-31": "34.12640", "2016-10-31": "35.11750", "2016-07-31": "35.24760", "2016-04-30": "34.41280", "2016-01-31": "33.02400", "2015-10-31": "33.10410", "2015-07-31": "33.13140", "2015-04-30": "33.72130", "2015-01-31": "34.51150", "2014-10-31": "35.05450", "2014-07-31": "35.65930", "2014-04-30": "35.79760", "2014-01-31": "34.66990", "2013-10-31": "35.76910", "2013-07-31": "36.09840", "2013-04-30": "35.76230", "2013-01-31": "33.38340", "2012-10-31": "33.66910", "2012-07-31": "34.98350", "2012-04-30": "35.26210", "2012-01-31": "34.57100", "2011-10-31": "35.33380", "2011-07-31": "36.29470", "2011-04-30": "35.17830", "2011-01-31": "35.28980", "2010-10-31": "35.03200", "2010-07-31": "36.29940", "2010-04-30": "35.64390", "2010-01-31": "33.46470", "2009-10-31": "34.66640", "2009-07-31": "32.80370", "2009-04-30": "31.63210", "2009-01-31": "29.09500", "2008-10-31": "32.56860", "2008-07-31": "33.18070", "2008-04-30": "32.03110", "2008-01-31": "31.88680", "2007-10-31": "32.89040", "2007-07-31": "32.39300", "2007-04-30": "30.95570", "2007-01-31": "30.45160", "2006-10-31": "32.22670", "2006-07-31": "33.36310", "2006-04-30": "33.51670", "2006-01-31": "31.75800", "2005-10-31": "32.60620", "2005-07-31": "31.83570", "2005-04-30": "32.50220", "2005-01-31": "31.13970"}, "Operating Margin": {"2020-10-31": "13.69780", "2020-07-31": "13.34630", "2020-04-30": "13.41910", "2020-01-31": "12.76440", "2019-10-31": "13.18570", "2019-07-31": "14.36040", "2019-04-30": "14.02920", "2019-01-31": "12.09320", "2018-10-31": "14.07190", "2018-07-31": "14.93030", "2018-04-30": "14.22860", "2018-01-31": "12.05060", "2017-10-31": "13.81820", "2017-07-31": "13.52820", "2017-04-30": "14.55110", "2017-01-31": "12.60440", "2016-10-31": "13.81560", "2016-07-31": "15.17350", "2016-04-30": "13.11040", "2016-01-31": "10.38280", "2015-10-31": "10.31600", "2015-07-31": "12.83980", "2015-04-30": "11.65740", "2015-01-31": "11.18100", "2014-10-31": "12.90860", "2014-07-31": "14.83120", "2014-04-30": "14.85570", "2014-01-31": "12.39780", "2013-10-31": "15.30690", "2013-07-31": "15.80990", "2013-04-30": "15.91730", "2013-01-31": "11.94430", "2012-10-31": "12.48620", "2012-07-31": "15.14600", "2012-04-30": "15.20880", "2012-01-31": "12.87140", "2011-10-31": "14.84920", "2011-07-31": "14.39080", "2011-04-30": "14.01560", "2011-01-31": "12.55640", "2010-10-31": "13.87630", "2010-07-31": "14.49140", "2010-04-30": "14.48560", "2010-01-31": "8.95420", "2009-10-31": "12.25100", "2009-07-31": "8.25070", "2009-04-30": "9.10850", "2009-01-31": "6.04580", "2008-10-31": "12.15630", "2008-07-31": "11.17450", "2008-04-30": "10.80750", "2008-01-31": "9.89400", "2007-10-31": "12.13530", "2007-07-31": "12.26630", "2007-04-30": "10.36660", "2007-01-31": "9.24700", "2006-10-31": "12.02590", "2006-07-31": "12.46870", "2006-04-30": "12.38010", "2006-01-31": "9.62140", "2005-10-31": "10.75720", "2005-07-31": "9.54110", "2005-04-30": "10.45850", "2005-01-31": "9.51820"}, "EBIT Margin": {"2020-10-31": "13.69780", "2020-07-31": "13.34630", "2020-04-30": "13.41910", "2020-01-31": "12.76440", "2019-10-31": "13.18570", "2019-07-31": "14.36040", "2019-04-30": "14.02920", "2019-01-31": "12.09320", "2018-10-31": "14.07190", "2018-07-31": "14.93030", "2018-04-30": "14.22860", "2018-01-31": "12.05060", "2017-10-31": "13.81820", "2017-07-31": "13.52820", "2017-04-30": "14.55110", "2017-01-31": "12.60440", "2016-10-31": "13.81560", "2016-07-31": "15.17350", "2016-04-30": "13.11040", "2016-01-31": "10.38280", "2015-10-31": "10.31600", "2015-07-31": "12.83980", "2015-04-30": "11.65740", "2015-01-31": "11.18100", "2014-10-31": "12.90860", "2014-07-31": "14.83120", "2014-04-30": "14.85570", "2014-01-31": "12.39780", "2013-10-31": "15.30690", "2013-07-31": "15.81000", "2013-04-30": "15.91730", "2013-01-31": "11.94430", "2012-10-31": "12.48620", "2012-07-31": "15.14600", "2012-04-30": "15.20880", "2012-01-31": "12.87140", "2011-10-31": "14.84920", "2011-07-31": "14.39080", "2011-04-30": "14.01560", "2011-01-31": "12.55640", "2010-10-31": "13.87630", "2010-07-31": "14.49140", "2010-04-30": "14.48560", "2010-01-31": "8.95420", "2009-10-31": "12.25100", "2009-07-31": "8.25070", "2009-04-30": "9.10850", "2009-01-31": "6.04580", "2008-10-31": "12.15630", "2008-07-31": "11.17440", "2008-04-30": "10.80750", "2008-01-31": "9.89400", "2007-10-31": "12.13530", "2007-07-31": "12.26630", "2007-04-30": "10.36660", "2007-01-31": "9.24700", "2006-10-31": "12.02590", "2006-07-31": "12.46870", "2006-04-30": "12.38010", "2006-01-31": "9.62140", "2005-10-31": "10.75720", "2005-07-31": "9.54110", "2005-04-30": "10.45850", "2005-01-31": "9.51820"}, "EBITDA Margin": {"2020-10-31": "", "2020-07-31": "", "2020-04-30": "", "2020-01-31": "", "2019-10-31": "", "2019-07-31": "", "2019-04-30": "", "2019-01-31": "", "2018-10-31": "", "2018-07-31": "", "2018-04-30": "", "2018-01-31": "", "2017-10-31": "", "2017-07-31": "", "2017-04-30": "", "2017-01-31": "", "2016-10-31": "", "2016-07-31": "", "2016-04-30": "", "2016-01-31": "", "2015-10-31": "", "2015-07-31": "", "2015-04-30": "", "2015-01-31": "", "2014-10-31": "", "2014-07-31": "", "2014-04-30": "", "2014-01-31": "", "2013-10-31": "", "2013-07-31": "", "2013-04-30": "", "2013-01-31": "", "2012-10-31": "", "2012-07-31": "", "2012-04-30": "", "2012-01-31": "", "2011-10-31": "", "2011-07-31": "", "2011-04-30": "", "2011-01-31": "", "2010-10-31": "", "2010-07-31": "", "2010-04-30": "", "2010-01-31": "", "2009-10-31": "", "2009-07-31": "", "2009-04-30": "", "2009-01-31": "", "2008-10-31": "", "2008-07-31": "", "2008-04-30": "", "2008-01-31": "", "2007-10-31": "", "2007-07-31": "", "2007-04-30": "", "2007-01-31": "", "2006-10-31": "", "2006-07-31": "", "2006-04-30": "", "2006-01-31": "", "2005-10-31": "", "2005-07-31": "", "2005-04-30": "", "2005-01-31": ""}, "Pre-Tax Profit Margin": {"2020-10-31": "12.91240", "2020-07-31": "13.18430", "2020-04-30": "13.40320", "2020-01-31": "12.50760", "2019-10-31": "12.87350", "2019-07-31": "13.59010", "2019-04-30": "13.95900", "2019-01-31": "11.43950", "2018-10-31": "13.74390", "2018-07-31": "14.28180", "2018-04-30": "14.14290", "2018-01-31": "11.49390", "2017-10-31": "13.13590", "2017-07-31": "13.89180", "2017-04-30": "13.86060", "2017-01-31": "12.04140", "2016-10-31": "14.41230", "2016-07-31": "13.89360", "2016-04-30": "12.62030", "2016-01-31": "9.55140", "2015-10-31": "9.92570", "2015-07-31": "12.79070", "2015-04-30": "11.77900", "2015-01-31": "11.11300", "2014-10-31": "12.95890", "2014-07-31": "15.09130", "2014-04-30": "15.08760", "2014-01-31": "12.87470", "2013-10-31": "15.14670", "2013-07-31": "15.99420", "2013-04-30": "16.06080", "2013-01-31": "11.88670", "2012-10-31": "13.01950", "2012-07-31": "15.58300", "2012-04-30": "15.44880", "2012-01-31": "13.15570", "2011-10-31": "15.12700", "2011-07-31": "14.46690", "2011-04-30": "13.76070", "2011-01-31": "12.66180", "2010-10-31": "13.40210", "2010-07-31": "14.08190", "2010-04-30": "14.08090", "2010-01-31": "8.60700", "2009-10-31": "11.68330", "2009-07-31": "7.55980", "2009-04-30": "8.55730", "2009-01-31": "5.57810", "2008-10-31": "11.94940", "2008-07-31": "10.89740", "2008-04-30": "10.52300", "2008-01-31": "9.50730", "2007-10-31": "11.31430", "2007-07-31": "11.93530", "2007-04-30": "9.89300", "2007-01-31": "9.06220", "2006-10-31": "11.72280", "2006-07-31": "11.92650", "2006-04-30": "12.05910", "2006-01-31": "9.56870", "2005-10-31": "10.88210", "2005-07-31": "9.23260", "2005-04-30": "10.10050", "2005-01-31": "9.42190"}, "Net Profit Margin": {"2020-10-31": "9.72350", "2020-07-31": "10.39850", "2020-04-30": "10.06830", "2020-01-31": "9.72810", "2019-10-31": "9.66260", "2019-07-31": "7.99180", "2019-04-30": "10.54990", "2019-01-31": "8.54060", "2018-10-31": "10.52180", "2018-07-31": "14.13000", "2018-04-30": "9.98570", "2018-01-31": "-7.95850", "2017-10-31": "9.44480", "2017-07-31": "10.33180", "2017-04-30": "9.88160", "2017-01-31": "8.44530", "2016-10-31": "10.48830", "2016-07-31": "10.02020", "2016-04-30": "9.59220", "2016-01-31": "7.34730", "2015-10-31": "7.15610", "2015-07-31": "9.23680", "2015-04-30": "8.30440", "2015-01-31": "8.15630", "2014-10-31": "9.37130", "2014-07-31": "10.91370", "2014-04-30": "10.78700", "2014-01-31": "10.03060", "2013-10-31": "10.27590", "2013-07-31": "11.47800", "2013-04-30": "11.27630", "2013-01-31": "8.52520", "2012-10-31": "9.18810", "2012-07-31": "10.80660", "2012-04-30": "10.96140", "2012-01-31": "9.26540", "2011-10-31": "11.26970", "2011-07-31": "10.51520", "2011-04-30": "10.39600", "2011-01-31": "8.29990", "2010-10-31": "9.89630", "2010-07-31": "9.93120", "2010-04-30": "9.93890", "2010-01-31": "7.10030", "2009-10-31": "8.07540", "2009-07-31": "5.59050", "2009-04-30": "6.43320", "2009-01-31": "7.33670", "2008-10-31": "8.36650", "2008-07-31": "7.99660", "2008-04-30": "7.82410", "2008-01-31": "6.65740", "2007-10-31": "8.24300", "2007-07-31": "8.25070", "2007-04-30": "8.29500", "2007-01-31": "6.74410", "2006-10-31": "8.06530", "2006-07-31": "7.72990", "2006-04-30": "8.61030", "2006-01-31": "6.84860", "2005-10-31": "7.98170", "2005-07-31": "5.94010", "2005-04-30": "7.61130", "2005-01-31": "6.87810"}, "Asset Turnover": {"2020-10-31": "0.28050", "2020-07-31": "0.27510", "2020-04-30": "0.26930", "2020-01-31": "0.29260", "2019-10-31": "0.29460", "2019-07-31": "0.33930", "2019-04-30": "0.32310", "2019-01-31": "0.32480", "2018-10-31": "0.32710", "2018-07-31": "0.36660", "2018-04-30": "0.33410", "2018-01-31": "0.31190", "2017-10-31": "0.31730", "2017-07-31": "0.33340", "2017-04-30": "0.32350", "2017-01-31": "0.30290", "2016-10-31": "0.30820", "2016-07-31": "0.33230", "2016-04-30": "0.31310", "2016-01-31": "0.28910", "2015-10-31": "0.29890", "2015-07-31": "0.33740", "2015-04-30": "0.31180", "2015-01-31": "0.31810", "2014-10-31": "0.31900", "2014-07-31": "0.34400", "2014-04-30": "0.32890", "2014-01-31": "0.32790", "2013-10-31": "0.32930", "2013-07-31": "0.36280", "2013-04-30": "0.35240", "2013-01-31": "0.34680", "2012-10-31": "0.34390", "2012-07-31": "0.37970", "2012-04-30": "0.36890", "2012-01-31": "0.34550", "2011-10-31": "0.34840", "2011-07-31": "0.36240", "2011-04-30": "0.34130", "2011-01-31": "0.33670", "2010-10-31": "0.33760", "2010-07-31": "0.34360", "2010-04-30": "0.34940", "2010-01-31": "0.31730", "2009-10-31": "0.30880", "2009-07-31": "0.31580", "2009-04-30": "0.30180", "2009-01-31": "0.33130", "2008-10-31": "0.38350", "2008-07-31": "0.39220", "2008-04-30": "0.38830", "2008-01-31": "0.35860", "2007-10-31": "0.37720", "2007-07-31": "0.39780", "2007-04-30": "0.37200", "2007-01-31": "0.39370", "2006-10-31": "0.38440", "2006-07-31": "0.41650", "2006-04-30": "0.38990", "2006-01-31": "0.37320", "2005-10-31": "0.38310", "2005-07-31": "0.38020", "2005-04-30": "0.36020", "2005-01-31": "0.35750"}, "Inventory Turnover Ratio": {"2020-10-31": "1.25610", "2020-07-31": "1.26900", "2020-04-30": "1.21360", "2020-01-31": "1.25340", "2019-10-31": "1.22100", "2019-07-31": "1.45190", "2019-04-30": "1.31320", "2019-01-31": "1.30830", "2018-10-31": "1.28430", "2018-07-31": "1.41250", "2018-04-30": "1.33700", "2018-01-31": "1.29250", "2017-10-31": "1.31570", "2017-07-31": "1.47460", "2017-04-30": "1.45420", "2017-01-31": "1.39290", "2016-10-31": "1.43980", "2016-07-31": "1.64250", "2016-04-30": "1.39090", "2016-01-31": "1.26060", "2015-10-31": "1.25930", "2015-07-31": "1.54080", "2015-04-30": "1.33540", "2015-01-31": "1.41690", "2014-10-31": "1.38920", "2014-07-31": "1.69710", "2014-04-30": "1.57650", "2014-01-31": "1.57580", "2013-10-31": "1.58490", "2013-07-31": "1.72150", "2013-04-30": "1.65450", "2013-01-31": "1.51590", "2012-10-31": "1.43410", "2012-07-31": "1.66740", "2012-04-30": "1.57840", "2012-01-31": "1.40650", "2011-10-31": "1.43470", "2011-07-31": "1.46770", "2011-04-30": "1.49450", "2011-01-31": "1.50650", "2010-10-31": "1.56390", "2010-07-31": "1.61180", "2010-04-30": "1.67390", "2010-01-31": "1.52490", "2009-10-31": "1.47830", "2009-07-31": "1.57080", "2009-04-30": "1.50260", "2009-01-31": "1.55410", "2008-10-31": "1.60880", "2008-07-31": "1.53670", "2008-04-30": "1.53380", "2008-01-31": "1.41580", "2007-10-31": "1.63590", "2007-07-31": "1.76280", "2007-04-30": "1.80530", "2007-01-31": "1.83660", "2006-10-31": "1.78260", "2006-07-31": "2.03680", "2006-04-30": "1.96880", "2006-01-31": "1.82630", "2005-10-31": "1.83260", "2005-07-31": "1.90080", "2005-04-30": "1.70900", "2005-01-31": "1.66180"}, "Receiveable Turnover": {"2020-10-31": "1.36870", "2020-07-31": "1.35600", "2020-04-30": "1.36740", "2020-01-31": "1.39130", "2019-10-31": "1.34140", "2019-07-31": "1.37300", "2019-04-30": "1.33410", "2019-01-31": "1.36560", "2018-10-31": "1.29310", "2018-07-31": "1.35560", "2018-04-30": "1.31930", "2018-01-31": "1.30360", "2017-10-31": "1.33500", "2017-07-31": "1.32630", "2017-04-30": "1.32450", "2017-01-31": "1.34820", "2016-10-31": "1.33250", "2016-07-31": "1.31260", "2016-04-30": "1.34110", "2016-01-31": "1.28430", "2015-10-31": "1.25350", "2015-07-31": "1.32740", "2015-04-30": "1.36140", "2015-01-31": "1.36390", "2014-10-31": "1.39040", "2014-07-31": "1.40940", "2014-04-30": "1.37750", "2014-01-31": "1.47120", "2013-10-31": "1.42410", "2013-07-31": "1.46850", "2013-04-30": "1.41600", "2013-01-31": "1.46260", "2012-10-31": "1.41890", "2012-07-31": "1.49690", "2012-04-30": "1.42720", "2012-01-31": "1.42210", "2011-10-31": "1.38380", "2011-07-31": "1.40330", "2011-04-30": "1.40980", "2011-01-31": "1.42730", "2010-10-31": "1.41240", "2010-07-31": "1.43550", "2010-04-30": "1.53270", "2010-01-31": "1.51440", "2009-10-31": "1.51000", "2009-07-31": "1.50370", "2009-04-30": "1.49110", "2009-01-31": "1.40910", "2008-10-31": "1.47680", "2008-07-31": "1.46770", "2008-04-30": "1.39990", "2008-01-31": "1.39890", "2007-10-31": "1.33610", "2007-07-31": "1.46830", "2007-04-30": "1.35240", "2007-01-31": "1.43610", "2006-10-31": "1.42880", "2006-07-31": "1.49950", "2006-04-30": "1.42250", "2006-01-31": "1.40490", "2005-10-31": "1.48650", "2005-07-31": "1.43780", "2005-04-30": "1.40900", "2005-01-31": "1.34540"}, "Days Sales In Receivables": {"2020-10-31": "65.75400", "2020-07-31": "66.37030", "2020-04-30": "65.81710", "2020-01-31": "64.68580", "2019-10-31": "67.09530", "2019-07-31": "65.55020", "2019-04-30": "67.46210", "2019-01-31": "65.90450", "2018-10-31": "69.59800", "2018-07-31": "66.39160", "2018-04-30": "68.22000", "2018-01-31": "69.04020", "2017-10-31": "67.41630", "2017-07-31": "67.85790", "2017-04-30": "67.95130", "2017-01-31": "66.75630", "2016-10-31": "67.54070", "2016-07-31": "68.56850", "2016-04-30": "67.11010", "2016-01-31": "70.07540", "2015-10-31": "71.79930", "2015-07-31": "67.80220", "2015-04-30": "66.10860", "2015-01-31": "65.98950", "2014-10-31": "64.72760", "2014-07-31": "63.85860", "2014-04-30": "65.33380", "2014-01-31": "61.17510", "2013-10-31": "63.19730", "2013-07-31": "61.28570", "2013-04-30": "63.56010", "2013-01-31": "61.53580", "2012-10-31": "63.42730", "2012-07-31": "60.12430", "2012-04-30": "63.05870", "2012-01-31": "63.28570", "2011-10-31": "65.03650", "2011-07-31": "64.13460", "2011-04-30": "63.84100", "2011-01-31": "63.05820", "2010-10-31": "63.71990", "2010-07-31": "62.69380", "2010-04-30": "58.72080", "2010-01-31": "59.42840", "2009-10-31": "59.60380", "2009-07-31": "59.85180", "2009-04-30": "60.35820", "2009-01-31": "63.86960", "2008-10-31": "60.94260", "2008-07-31": "61.32090", "2008-04-30": "64.28880", "2008-01-31": "64.33620", "2007-10-31": "67.36060", "2007-07-31": "61.29570", "2007-04-30": "66.54720", "2007-01-31": "62.66970", "2006-10-31": "62.99170", "2006-07-31": "60.02090", "2006-04-30": "63.26850", "2006-01-31": "64.06160", "2005-10-31": "60.54360", "2005-07-31": "62.59520", "2005-04-30": "63.87650", "2005-01-31": "66.89320"}, "ROE - Return On Equity": {"2020-10-31": "5.88070", "2020-07-31": "6.46590", "2020-04-30": "6.71250", "2020-01-31": "6.84810", "2019-10-31": "7.08830", "2019-07-31": "6.50830", "2019-04-30": "7.95850", "2019-01-31": "6.88750", "2018-10-31": "8.63760", "2018-07-31": "11.93750", "2018-04-30": "8.35720", "2018-01-31": "-6.39740", "2017-10-31": "6.91260", "2017-07-31": "7.98130", "2017-04-30": "7.49380", "2017-01-31": "5.95620", "2016-10-31": "7.39140", "2016-07-31": "7.71320", "2016-04-30": "6.81930", "2016-01-31": "5.38400", "2015-10-31": "5.20550", "2015-07-31": "7.24280", "2015-04-30": "5.63990", "2015-01-31": "5.81970", "2014-10-31": "6.26300", "2014-07-31": "7.27510", "2014-04-30": "5.97920", "2014-01-31": "5.19890", "2013-10-31": "5.29440", "2013-07-31": "6.69090", "2013-04-30": "6.45770", "2013-01-31": "5.06010", "2012-10-31": "5.66520", "2012-07-31": "7.80000", "2012-04-30": "7.10940", "2012-01-31": "5.87940", "2011-10-31": "7.71820", "2011-07-31": "7.03610", "2011-04-30": "6.47090", "2011-01-31": "5.08540", "2010-10-31": "6.35100", "2010-07-31": "6.85340", "2010-04-30": "6.41220", "2010-01-31": "4.16600", "2009-10-31": "4.70950", "2009-07-31": "3.42050", "2009-04-30": "3.77330", "2009-01-31": "5.09320", "2008-10-31": "7.29750", "2008-07-31": "6.56360", "2008-04-30": "6.30220", "2008-01-31": "5.02470", "2007-10-31": "6.27740", "2007-07-31": "6.92970", "2007-04-30": "6.56890", "2007-01-31": "5.67250", "2006-10-31": "6.16590", "2006-07-31": "6.61810", "2006-04-30": "6.74640", "2006-01-31": "5.12410", "2005-10-31": "6.41240", "2005-07-31": "4.78650", "2005-04-30": "5.84350", "2005-01-31": "4.97510"}, "Return On Tangible Equity": {"2020-10-31": "8.39210", "2020-07-31": "9.49560", "2020-04-30": "11.01840", "2020-01-31": "11.45500", "2019-10-31": "12.08400", "2019-07-31": "11.20110", "2019-04-30": "13.39990", "2019-01-31": "12.40200", "2018-10-31": "15.77940", "2018-07-31": "17.54030", "2018-04-30": "12.49780", "2018-01-31": "-9.67620", "2017-10-31": "10.08950", "2017-07-31": "11.84440", "2017-04-30": "11.25680", "2017-01-31": "9.08380", "2016-10-31": "11.27970", "2016-07-31": "11.81490", "2016-04-30": "10.28920", "2016-01-31": "8.72360", "2015-10-31": "8.23180", "2015-07-31": "10.90700", "2015-04-30": "8.05710", "2015-01-31": "8.44200", "2014-10-31": "8.89290", "2014-07-31": "9.11610", "2014-04-30": "7.31510", "2014-01-31": "6.36120", "2013-10-31": "6.44030", "2013-07-31": "8.26690", "2013-04-30": "7.99630", "2013-01-31": "6.41030", "2012-10-31": "7.26860", "2012-07-31": "10.12760", "2012-04-30": "9.06010", "2012-01-31": "7.68730", "2011-10-31": "10.26840", "2011-07-31": "9.26980", "2011-04-30": "8.50200", "2011-01-31": "6.83260", "2010-10-31": "8.70780", "2010-07-31": "9.78350", "2010-04-30": "9.06710", "2010-01-31": "6.03490", "2009-10-31": "6.93260", "2009-07-31": "5.18580", "2009-04-30": "5.60240", "2009-01-31": "7.79020", "2008-10-31": "11.27730", "2008-07-31": "8.68060", "2008-04-30": "8.37450", "2008-01-31": "6.76440", "2007-10-31": "8.39260", "2007-07-31": "9.53970", "2007-04-30": "9.12690", "2007-01-31": "7.48580", "2006-10-31": "7.97740", "2006-07-31": "8.73970", "2006-04-30": "8.92070", "2006-01-31": "6.80070", "2005-10-31": "8.59920", "2005-07-31": "6.33880", "2005-04-30": "7.80180", "2005-01-31": "6.50870"}, "ROA - Return On Assets": {"2020-10-31": "2.72760", "2020-07-31": "2.86020", "2020-04-30": "2.71110", "2020-01-31": "2.84680", "2019-10-31": "2.84680", "2019-07-31": "2.71170", "2019-04-30": "3.40900", "2019-01-31": "2.77430", "2018-10-31": "3.44220", "2018-07-31": "5.18060", "2018-04-30": "3.33650", "2018-01-31": "-2.48210", "2017-10-31": "2.99650", "2017-07-31": "3.44500", "2017-04-30": "3.19630", "2017-01-31": "2.55820", "2016-10-31": "3.23280", "2016-07-31": "3.32960", "2016-04-30": "3.00320", "2016-01-31": "2.12420", "2015-10-31": "2.13880", "2015-07-31": "3.11690", "2015-04-30": "2.58960", "2015-01-31": "2.59420", "2014-10-31": "2.98930", "2014-07-31": "3.75470", "2014-04-30": "3.54770", "2014-01-31": "3.28950", "2013-10-31": "3.38430", "2013-07-31": "4.16440", "2013-04-30": "3.97370", "2013-01-31": "2.95650", "2012-10-31": "3.15990", "2012-07-31": "4.10280", "2012-04-30": "4.04420", "2012-01-31": "3.20100", "2011-10-31": "3.92590", "2011-07-31": "3.81020", "2011-04-30": "3.54870", "2011-01-31": "2.79470", "2010-10-31": "3.34070", "2010-07-31": "3.41250", "2010-04-30": "3.47270", "2010-01-31": "2.25300", "2009-10-31": "2.49360", "2009-07-31": "1.76570", "2009-04-30": "1.94140", "2009-01-31": "2.43100", "2008-10-31": "3.20840", "2008-07-31": "3.13650", "2008-04-30": "3.03840", "2008-01-31": "2.38710", "2007-10-31": "3.10940", "2007-07-31": "3.28200", "2007-04-30": "3.08600", "2007-01-31": "2.65530", "2006-10-31": "3.10020", "2006-07-31": "3.21940", "2006-04-30": "3.35700", "2006-01-31": "2.55550", "2005-10-31": "3.05780", "2005-07-31": "2.25860", "2005-04-30": "2.74130", "2005-01-31": "2.45920"}, "ROI - Return On Investment": {"2020-10-31": "3.80010", "2020-07-31": "3.98680", "2020-04-30": "3.77470", "2020-01-31": "4.19220", "2019-10-31": "4.29380", "2019-07-31": "3.93340", "2019-04-30": "4.73160", "2019-01-31": "3.99310", "2018-10-31": "4.96970", "2018-07-31": "7.54380", "2018-04-30": "4.58690", "2018-01-31": "-3.53940", "2017-10-31": "4.02590", "2017-07-31": "4.90010", "2017-04-30": "5.46310", "2017-01-31": "4.31150", "2016-10-31": "5.22810", "2016-07-31": "5.30490", "2016-04-30": "4.58420", "2016-01-31": "3.47100", "2015-10-31": "3.41040", "2015-07-31": "4.82920", "2015-04-30": "4.29580", "2015-01-31": "4.50410", "2014-10-31": "4.92740", "2014-07-31": "5.85230", "2014-04-30": "4.97340", "2014-01-31": "4.76120", "2013-10-31": "4.86570", "2013-07-31": "6.11210", "2013-04-30": "5.81720", "2013-01-31": "4.51850", "2012-10-31": "4.67440", "2012-07-31": "6.37460", "2012-04-30": "5.90450", "2012-01-31": "4.80270", "2011-10-31": "6.27160", "2011-07-31": "5.76670", "2011-04-30": "5.32900", "2011-01-31": "4.09520", "2010-10-31": "4.85770", "2010-07-31": "5.10260", "2010-04-30": "4.83500", "2010-01-31": "3.11200", "2009-10-31": "3.50670", "2009-07-31": "2.49970", "2009-04-30": "2.77610", "2009-01-31": "3.67250", "2008-10-31": "5.77210", "2008-07-31": "5.29980", "2008-04-30": "5.06990", "2008-01-31": "3.98500", "2007-10-31": "5.15870", "2007-07-31": "5.74360", "2007-04-30": "5.68120", "2007-01-31": "4.83470", "2006-10-31": "5.29270", "2006-07-31": "5.59060", "2006-04-30": "5.71060", "2006-01-31": "4.32240", "2005-10-31": "5.36780", "2005-07-31": "3.99910", "2005-04-30": "4.89300", "2005-01-31": "4.11830"}, "Book Value Per Share": {"2020-10-31": "8.33280", "2020-07-31": "7.85900", "2020-04-30": "7.48630", "2020-01-31": "7.41830", "2019-10-31": "7.25030", "2019-07-31": "7.01150", "2019-04-30": "7.39500", "2019-01-31": "6.84150", "2018-10-31": "6.68170", "2018-07-31": "6.66140", "2018-04-30": "6.48810", "2018-01-31": "6.36770", "2017-10-31": "6.78480", "2017-07-31": "6.54260", "2017-04-30": "6.11960", "2017-01-31": "5.91010", "2016-10-31": "5.94590", "2016-07-31": "5.80470", "2016-04-30": "6.03720", "2016-01-31": "5.30960", "2015-10-31": "5.57610", "2015-07-31": "5.78540", "2015-04-30": "6.22920", "2015-01-31": "6.03640", "2014-10-31": "6.50080", "2014-07-31": "7.13990", "2014-04-30": "7.75730", "2014-01-31": "7.72290", "2013-10-31": "7.94980", "2013-07-31": "7.42510", "2013-04-30": "7.35450", "2013-01-31": "6.83660", "2012-10-31": "6.50700", "2012-07-31": "6.16280", "2012-04-30": "6.69480", "2012-01-31": "6.13930", "2011-10-31": "5.98480", "2011-07-31": "12.39720", "2011-04-30": "6.24940", "2011-01-31": "5.69220", "2010-10-31": "5.46350", "2010-07-31": "4.88500", "2010-04-30": "4.99410", "2010-01-31": "4.80650", "2009-10-31": "4.75370", "2009-07-31": "4.45140", "2009-04-30": "4.59440", "2009-01-31": "4.29710", "2008-10-31": "4.26610", "2008-07-31": "4.76690", "2008-04-30": "4.68120", "2008-01-31": "4.32610", "2007-10-31": "4.35160", "2007-07-31": "3.94660", "2007-04-30": "3.84850", "2007-01-31": "3.47720", "2006-10-31": "3.61460", "2006-07-31": "3.39460", "2006-04-30": "3.34970", "2006-01-31": "3.18150", "2005-10-31": "3.04970", "2005-07-31": "3.15810", "2005-04-30": "3.23150", "2005-01-31": "3.21020"}, "Operating Cash Flow Per Share": {"2020-10-31": "1.00700", "2020-07-31": 0.9397, "2020-04-30": 0.7051, "2020-01-31": 0.7021, "2019-10-31": "0.66950", "2019-07-31": 0.937, "2019-04-30": 0.6184, "2019-01-31": 0.6153, "2018-10-31": "0.48320", "2018-07-31": 0.7855, "2018-04-30": 0.3625, "2018-01-31": 0.3592, "2017-10-31": "0.48150", "2017-07-31": 0.6488, "2017-04-30": 0.4599, "2017-01-31": 0.5071, "2016-10-31": "0.75410", "2016-07-31": 0.6621, "2016-04-30": 0.6857, "2016-01-31": 0.384, "2015-10-31": "0.42920", "2015-07-31": 0.3637, "2015-04-30": 0.5515, "2015-01-31": 0.2628, "2014-10-31": "0.34850", "2014-07-31": 0.5914, "2014-04-30": 0.5444, "2014-01-31": 0.355, "2013-10-31": "0.66230", "2013-07-31": 0.6528, "2013-04-30": 0.7191, "2013-01-31": 0.3051, "2012-10-31": "0.42280", "2012-07-31": 0.5076, "2012-04-30": 0.5218, "2012-01-31": 0.2918, "2011-10-31": "0.37690", "2011-07-31": 0.4946, "2011-04-30": 0.4815, "2011-01-31": 0.1894, "2010-10-31": "0.39980", "2010-07-31": 0.3431, "2010-04-30": 0.402, "2010-01-31": 0.0951, "2009-10-31": "0.44180", "2009-07-31": 0.4481, "2009-04-30": 0.7057, "2009-01-31": 0.2696, "2008-10-31": "0.32490", "2008-07-31": 0.4233, "2008-04-30": 0.3544, "2008-01-31": 0.1569, "2007-10-31": "0.13330", "2007-07-31": 0.4238, "2007-04-30": 0.1668, "2007-01-31": 0.0157, "2006-10-31": "0.10360", "2006-07-31": 0.3214, "2006-04-30": 0.2959, "2006-01-31": 0.1243, "2005-10-31": "0.17850", "2005-07-31": 0.27, "2005-04-30": 0.1772, "2005-01-31": 0.3734}, "Free Cash Flow Per Share": {"2020-10-31": "0.86020", "2020-07-31": 0.8173, "2020-04-30": 0.4918, "2020-01-31": 0.3723, "2019-10-31": "0.38100", "2019-07-31": 0.6473, "2019-04-30": 0.27, "2019-01-31": 0.3144, "2018-10-31": "0.26790", "2018-07-31": 0.6142, "2018-04-30": 0.159, "2018-01-31": 0.1584, "2017-10-31": "0.33160", "2017-07-31": 0.4824, "2017-04-30": 0.3388, "2017-01-31": 0.4131, "2016-10-31": "0.66200", "2016-07-31": 0.5786, "2016-04-30": 0.5631, "2016-01-31": 0.225, "2015-10-31": "0.26980", "2015-07-31": 0.2153, "2015-04-30": 0.3936, "2015-01-31": 0.0886, "2014-10-31": "0.15760", "2014-07-31": 0.3838, "2014-04-30": 0.3837, "2014-01-31": 0.205, "2013-10-31": "0.52480", "2013-07-31": -0.1602, "2013-04-30": 0.8201, "2013-01-31": 0.5314, "2012-10-31": "0.28150", "2012-07-31": 0.3814, "2012-04-30": 0.3812, "2012-01-31": 0.1748, "2011-10-31": "0.25610", "2011-07-31": 0.3831, "2011-04-30": 0.3645, "2011-01-31": 0.1011, "2010-10-31": "0.33580", "2010-07-31": 0.2455, "2010-04-30": 0.3443, "2010-01-31": 0.0298, "2009-10-31": "0.39300", "2009-07-31": 0.3773, "2009-04-30": 0.6361, "2009-01-31": 0.1942, "2008-10-31": "0.25300", "2008-07-31": 0.3111, "2008-04-30": 0.2086, "2008-01-31": 0.0492, "2007-10-31": "0.06320", "2007-07-31": 0.2827, "2007-04-30": 0.0619, "2007-01-31": -0.095, "2006-10-31": "-0.00420", "2006-07-31": 0.1522, "2006-04-30": 0.1776, "2006-01-31": 0.0336, "2005-10-31": "0.10110", "2005-07-31": 0.1787, "2005-04-30": 0.1086, "2005-01-31": 0.2444}}, "revenue": {"Donaldson Annual Revenue (Millions of US $)": {"2020": "$2,582", "2019": "$2,845", "2018": "$2,734", "2017": "$2,372", "2016": "$2,220", "2015": "$2,371", "2014": "$2,474", "2013": "$2,437", "2012": "$2,493", "2011": "$2,294", "2010": "$1,877", "2009": "$1,869", "2008": "$2,233", "2007": "$1,919", "2006": "$1,694", "2005": "$1,596"}, "Donaldson Quarterly Revenue (Millions of US $)": {"2020-10-31": "$637", "2020-07-31": "$617", "2020-04-30": "$630", "2020-01-31": "$662", "2019-10-31": "$673", "2019-07-31": "$727", "2019-04-30": "$713", "2019-01-31": "$704", "2018-10-31": "$701", "2018-07-31": "$725", "2018-04-30": "$700", "2018-01-31": "$665", "2017-10-31": "$645", "2017-07-31": "$660", "2017-04-30": "$608", "2017-01-31": "$551", "2016-10-31": "$553", "2016-07-31": "$594", "2016-04-30": "$571", "2016-01-31": "$517", "2015-10-31": "$538", "2015-07-31": "$611", "2015-04-30": "$576", "2015-01-31": "$589", "2014-10-31": "$597", "2014-07-31": "$668", "2014-04-30": "$624", "2014-01-31": "$582", "2013-10-31": "$599", "2013-07-31": "$633", "2013-04-30": "$619", "2013-01-31": "$596", "2012-10-31": "$589", "2012-07-31": "$657", "2012-04-30": "$647", "2012-01-31": "$581", "2011-10-31": "$608", "2011-07-31": "$625", "2011-04-30": "$595", "2011-01-31": "$537", "2010-10-31": "$537", "2010-07-31": "$515", "2010-04-30": "$498", "2010-01-31": "$436", "2009-10-31": "$428", "2009-07-31": "$421", "2009-04-30": "$413", "2009-01-31": "$461", "2008-10-31": "$573", "2008-07-31": "$607", "2008-04-30": "$588", "2008-01-31": "$512", "2007-10-31": "$526", "2007-07-31": "$525", "2007-04-30": "$484", "2007-01-31": "$464", "2006-10-31": "$446", "2006-07-31": "$468", "2006-04-30": "$430", "2006-01-31": "$393", "2005-10-31": "$403", "2005-07-31": "$423", "2005-04-30": "$412", "2005-01-31": "$388"}}, "gross-profit": {"Donaldson Annual Gross Profit (Millions of US $)": {"2020": "$872", "2019": "$948", "2018": "$936", "2017": "$821", "2016": "$755", "2015": "$809", "2014": "$878", "2013": "$847", "2012": "$874", "2011": "$814", "2010": "$659", "2009": "$590", "2008": "$726", "2007": "$605", "2006": "$557", "2005": "$506"}, "Donaldson Quarterly Gross Profit (Millions of US $)": {"2020-10-31": "$223", "2020-07-31": "$208", "2020-04-30": "$209", "2020-01-31": "$223", "2019-10-31": "$231", "2019-07-31": "$244", "2019-04-30": "$241", "2019-01-31": "$225", "2018-10-31": "$238", "2018-07-31": "$253", "2018-04-30": "$240", "2018-01-31": "$219", "2017-10-31": "$224", "2017-07-31": "$227", "2017-04-30": "$212", "2017-01-31": "$188", "2016-10-31": "$194", "2016-07-31": "$209", "2016-04-30": "$197", "2016-01-31": "$171", "2015-10-31": "$178", "2015-07-31": "$202", "2015-04-30": "$194", "2015-01-31": "$203", "2014-10-31": "$209", "2014-07-31": "$238", "2014-04-30": "$223", "2014-01-31": "$202", "2013-10-31": "$214", "2013-07-31": "$228", "2013-04-30": "$222", "2013-01-31": "$199", "2012-10-31": "$198", "2012-07-31": "$230", "2012-04-30": "$228", "2012-01-31": "$201", "2011-10-31": "$215", "2011-07-31": "$227", "2011-04-30": "$209", "2011-01-31": "$190", "2010-10-31": "$188", "2010-07-31": "$187", "2010-04-30": "$177", "2010-01-31": "$146", "2009-10-31": "$148", "2009-07-31": "$138", "2009-04-30": "$131", "2009-01-31": "$134", "2008-10-31": "$187", "2008-07-31": "$202", "2008-04-30": "$188", "2008-01-31": "$163", "2007-10-31": "$173", "2007-07-31": "$170", "2007-04-30": "$150", "2007-01-31": "$141", "2006-10-31": "$144", "2006-07-31": "$156", "2006-04-30": "$144", "2006-01-31": "$125", "2005-10-31": "$132", "2005-07-31": "$135", "2005-04-30": "$134", "2005-01-31": "$121"}}, "operating-income": {"Donaldson Annual Operating Income (Millions of US $)": {"2020": "$340", "2019": "$388", "2018": "$377", "2017": "$324", "2016": "$274", "2015": "$288", "2014": "$356", "2013": "$343", "2012": "$363", "2011": "$315", "2010": "$238", "2009": "$170", "2008": "$246", "2007": "$211", "2006": "$193", "2005": "$156"}, "Donaldson Quarterly Operating Income (Millions of US $)": {"2020-10-31": "$87", "2020-07-31": "$82", "2020-04-30": "$85", "2020-01-31": "$85", "2019-10-31": "$89", "2019-07-31": "$104", "2019-04-30": "$100", "2019-01-31": "$85", "2018-10-31": "$99", "2018-07-31": "$108", "2018-04-30": "$100", "2018-01-31": "$80", "2017-10-31": "$89", "2017-07-31": "$89", "2017-04-30": "$89", "2017-01-31": "$69", "2016-10-31": "$76", "2016-07-31": "$90", "2016-04-30": "$75", "2016-01-31": "$54", "2015-10-31": "$56", "2015-07-31": "$78", "2015-04-30": "$67", "2015-01-31": "$66", "2014-10-31": "$77", "2014-07-31": "$99", "2014-04-30": "$93", "2014-01-31": "$72", "2013-10-31": "$92", "2013-07-31": "$100", "2013-04-30": "$99", "2013-01-31": "$71", "2012-10-31": "$74", "2012-07-31": "$99", "2012-04-30": "$98", "2012-01-31": "$75", "2011-10-31": "$90", "2011-07-31": "$90", "2011-04-30": "$83", "2011-01-31": "$67", "2010-10-31": "$75", "2010-07-31": "$75", "2010-04-30": "$72", "2010-01-31": "$39", "2009-10-31": "$52", "2009-07-31": "$35", "2009-04-30": "$38", "2009-01-31": "$28", "2008-10-31": "$70", "2008-07-31": "$68", "2008-04-30": "$64", "2008-01-31": "$51", "2007-10-31": "$64", "2007-07-31": "$64", "2007-04-30": "$50", "2007-01-31": "$43", "2006-10-31": "$54", "2006-07-31": "$58", "2006-04-30": "$53", "2006-01-31": "$38", "2005-10-31": "$43", "2005-07-31": "$40", "2005-04-30": "$43", "2005-01-31": "$37"}}, "ebitda": {"Donaldson Annual EBITDA (Millions of US $)": {"2020": "$428", "2019": "$469", "2018": "$454", "2017": "$399", "2016": "$349", "2015": "$363", "2014": "$423", "2013": "$408", "2012": "$424", "2011": "$376", "2010": "$297", "2009": "$229", "2008": "$303", "2007": "$261", "2006": "$237", "2005": "$201"}, "Donaldson Quarterly EBITDA (Millions of US $)": {"2020-10-31": "$111", "2020-07-31": "$105", "2020-04-30": "$106", "2020-01-31": "$106", "2019-10-31": "$110", "2019-07-31": "$126", "2019-04-30": "$121", "2019-01-31": "$105", "2018-10-31": "$118", "2018-07-31": "$128", "2018-04-30": "$119", "2018-01-31": "$99", "2017-10-31": "$108", "2017-07-31": "$109", "2017-04-30": "$107", "2017-01-31": "$88", "2016-10-31": "$95", "2016-07-31": "$109", "2016-04-30": "$94", "2016-01-31": "$72", "2015-10-31": "$74", "2015-07-31": "$97", "2015-04-30": "$85", "2015-01-31": "$85", "2014-10-31": "$95", "2014-07-31": "$116", "2014-04-30": "$110", "2014-01-31": "$89", "2013-10-31": "$108", "2013-07-31": "$116", "2013-04-30": "$114", "2013-01-31": "$88", "2012-10-31": "$90", "2012-07-31": "$114", "2012-04-30": "$114", "2012-01-31": "$90", "2011-10-31": "$106", "2011-07-31": "$105", "2011-04-30": "$98", "2011-01-31": "$83", "2010-10-31": "$89", "2010-07-31": "$89", "2010-04-30": "$87", "2010-01-31": "$54", "2009-10-31": "$68", "2009-07-31": "$50", "2009-04-30": "$52", "2009-01-31": "$43", "2008-10-31": "$84", "2008-07-31": "$83", "2008-04-30": "$77", "2008-01-31": "$65", "2007-10-31": "$78", "2007-07-31": "$78", "2007-04-30": "$62", "2007-01-31": "$55", "2006-10-31": "$65", "2006-07-31": "$69", "2006-04-30": "$64", "2006-01-31": "$49", "2005-10-31": "$55", "2005-07-31": "$51", "2005-04-30": "$55", "2005-01-31": "$48"}}, "net-income": {"Donaldson Annual Net Income (Millions of US $)": {"2020": "$257", "2019": "$267", "2018": "$180", "2017": "$233", "2016": "$191", "2015": "$208", "2014": "$260", "2013": "$247", "2012": "$264", "2011": "$225", "2010": "$166", "2009": "$132", "2008": "$172", "2007": "$151", "2006": "$132", "2005": "$111"}, "Donaldson Quarterly Net Income (Millions of US $)": {"2020-10-31": "$62", "2020-07-31": "$64", "2020-04-30": "$63", "2020-01-31": "$64", "2019-10-31": "$65", "2019-07-31": "$58", "2019-04-30": "$75", "2019-01-31": "$60", "2018-10-31": "$74", "2018-07-31": "$102", "2018-04-30": "$70", "2018-01-31": "$-53", "2017-10-31": "$61", "2017-07-31": "$68", "2017-04-30": "$60", "2017-01-31": "$47", "2016-10-31": "$58", "2016-07-31": "$60", "2016-04-30": "$55", "2016-01-31": "$38", "2015-10-31": "$39", "2015-07-31": "$56", "2015-04-30": "$48", "2015-01-31": "$48", "2014-10-31": "$56", "2014-07-31": "$73", "2014-04-30": "$67", "2014-01-31": "$58", "2013-10-31": "$62", "2013-07-31": "$73", "2013-04-30": "$70", "2013-01-31": "$51", "2012-10-31": "$54", "2012-07-31": "$71", "2012-04-30": "$71", "2012-01-31": "$54", "2011-10-31": "$69", "2011-07-31": "$66", "2011-04-30": "$62", "2011-01-31": "$45", "2010-10-31": "$53", "2010-07-31": "$51", "2010-04-30": "$49", "2010-01-31": "$31", "2009-10-31": "$35", "2009-07-31": "$24", "2009-04-30": "$27", "2009-01-31": "$34", "2008-10-31": "$48", "2008-07-31": "$49", "2008-04-30": "$46", "2008-01-31": "$34", "2007-10-31": "$43", "2007-07-31": "$43", "2007-04-30": "$40", "2007-01-31": "$31", "2006-10-31": "$36", "2006-07-31": "$36", "2006-04-30": "$37", "2006-01-31": "$27", "2005-10-31": "$32", "2005-07-31": "$25", "2005-04-30": "$31", "2005-01-31": "$27"}}, "eps-earnings-per-share-diluted": {"Donaldson Annual EPS": {"2020": "$2.00", "2019": "$2.05", "2018": "$1.36", "2017": "$1.74", "2016": "$1.42", "2015": "$1.49", "2014": "$1.76", "2013": "$1.64", "2012": "$1.73", "2011": "$1.43", "2010": "$1.05", "2009": "$0.84", "2008": "$1.06", "2007": "$0.92", "2006": "$0.78", "2005": "$0.64"}, "Donaldson Quarterly EPS": {"2020-10-31": "$0.48", "2020-07-31": "$0.49", "2020-04-30": "$0.50", "2020-01-31": "$0.50", "2019-10-31": "$0.51", "2019-07-31": "$0.45", "2019-04-30": "$0.58", "2019-01-31": "$0.46", "2018-10-31": "$0.56", "2018-07-31": "$0.77", "2018-04-30": "$0.53", "2018-01-31": "$-0.40", "2017-10-31": "$0.46", "2017-07-31": "$0.51", "2017-04-30": "$0.45", "2017-01-31": "$0.35", "2016-10-31": "$0.43", "2016-07-31": "$0.44", "2016-04-30": "$0.41", "2016-01-31": "$0.28", "2015-10-31": "$0.29", "2015-07-31": "$0.41", "2015-04-30": "$0.34", "2015-01-31": "$0.34", "2014-10-31": "$0.40", "2014-07-31": "$0.50", "2014-04-30": "$0.46", "2014-01-31": "$0.39", "2013-10-31": "$0.41", "2013-07-31": "$0.48", "2013-04-30": "$0.46", "2013-01-31": "$0.34", "2012-10-31": "$0.36", "2012-07-31": "$0.47", "2012-04-30": "$0.46", "2012-01-31": "$0.35", "2011-10-31": "$0.45", "2011-07-31": "$0.42", "2011-04-30": "$0.39", "2011-01-31": "$0.28", "2010-10-31": "$0.34", "2010-07-31": "$0.33", "2010-04-30": "$0.31", "2010-01-31": "$0.20", "2009-10-31": "$0.22", "2009-07-31": "$0.15", "2009-04-30": "$0.17", "2009-01-31": "$0.22", "2008-10-31": "$0.30", "2008-07-31": "$0.30", "2008-04-30": "$0.29", "2008-01-31": "$0.21", "2007-10-31": "$0.27", "2007-07-31": "$0.27", "2007-04-30": "$0.25", "2007-01-31": "$0.19", "2006-10-31": "$0.22", "2006-07-31": "$0.22", "2006-04-30": "$0.22", "2006-01-31": "$0.16", "2005-10-31": "$0.19", "2005-07-31": "$0.15", "2005-04-30": "$0.18", "2005-01-31": "$0.16"}}, "shares-outstanding": {"Donaldson Annual Shares Outstanding (Millions of Shares)": {"2020": "128", "2019": "130", "2018": "132", "2017": "134", "2016": "135", "2015": "139", "2014": "148", "2013": "150", "2012": "153", "2011": "157", "2010": "158", "2009": "158", "2008": "162", "2007": "165", "2006": "170", "2005": "174"}, "Donaldson Quarterly Shares Outstanding (Millions of Shares)": {"2020-10-31": "128", "2020-07-31": "128", "2020-04-30": "128", "2020-01-31": "129", "2019-10-31": "129", "2019-07-31": "130", "2019-04-30": "130", "2019-01-31": "130", "2018-10-31": "131", "2018-07-31": "132", "2018-04-30": "132", "2018-01-31": "131", "2017-10-31": "133", "2017-07-31": "134", "2017-04-30": "134", "2017-01-31": "134", "2016-10-31": "135", "2016-07-31": "135", "2016-04-30": "135", "2016-01-31": "134", "2015-10-31": "135", "2015-07-31": "139", "2015-04-30": "139", "2015-01-31": "140", "2014-10-31": "141", "2014-07-31": "148", "2014-04-30": "147", "2014-01-31": "149", "2013-10-31": "149", "2013-07-31": "150", "2013-04-30": "150", "2013-01-31": "150", "2012-10-31": "152", "2012-07-31": "153", "2012-04-30": "153", "2012-01-31": "153", "2011-10-31": "153", "2011-07-31": "157", "2011-04-30": "157", "2011-01-31": "158", "2010-10-31": "157", "2010-07-31": "158", "2010-04-30": "158", "2010-01-31": "159", "2009-10-31": "159", "2009-07-31": "158", "2009-04-30": "157", "2009-01-31": "158", "2008-10-31": "159", "2008-07-31": "162", "2008-04-30": "161", "2008-01-31": "159", "2007-10-31": "164", "2007-07-31": "165", "2007-04-30": "164", "2007-01-31": "165", "2006-10-31": "167", "2006-07-31": "170", "2006-04-30": "170", "2006-01-31": "170", "2005-10-31": "172", "2005-07-31": "174", "2005-04-30": "174", "2005-01-31": "175"}}, "total-assets": {"Donaldson Annual Total Assets (Millions of US $)": {"2020": "$2,245", "2019": "$2,143", "2018": "$1,977", "2017": "$1,980", "2016": "$1,787", "2015": "$1,810", "2014": "$1,942", "2013": "$1,744", "2012": "$1,730", "2011": "$1,726", "2010": "$1,500", "2009": "$1,334", "2008": "$1,549", "2007": "$1,319", "2006": "$1,124", "2005": "$1,112"}, "Donaldson Quarterly Total Assets (Millions of US $)": {"2020-10-31": "$2,269", "2020-07-31": "$2,245", "2020-04-30": "$2,339", "2020-01-31": "$2,262", "2019-10-31": "$2,283", "2019-07-31": "$2,143", "2019-04-30": "$2,206", "2019-01-31": "$2,166", "2018-10-31": "$2,144", "2018-07-31": "$1,977", "2018-04-30": "$2,095", "2018-01-31": "$2,131", "2017-10-31": "$2,032", "2017-07-31": "$1,980", "2017-04-30": "$1,880", "2017-01-31": "$1,818", "2016-10-31": "$1,794", "2016-07-31": "$1,787", "2016-04-30": "$1,825", "2016-01-31": "$1,789", "2015-10-31": "$1,800", "2015-07-31": "$1,810", "2015-04-30": "$1,846", "2015-01-31": "$1,850", "2014-10-31": "$1,870", "2014-07-31": "$1,942", "2014-04-30": "$1,898", "2014-01-31": "$1,774", "2013-10-31": "$1,820", "2013-07-31": "$1,744", "2013-04-30": "$1,758", "2013-01-31": "$1,719", "2012-10-31": "$1,712", "2012-07-31": "$1,730", "2012-04-30": "$1,754", "2012-01-31": "$1,681", "2011-10-31": "$1,746", "2011-07-31": "$1,726", "2011-04-30": "$1,742", "2011-01-31": "$1,595", "2010-10-31": "$1,590", "2010-07-31": "$1,500", "2010-04-30": "$1,424", "2010-01-31": "$1,374", "2009-10-31": "$1,386", "2009-07-31": "$1,334", "2009-04-30": "$1,370", "2009-01-31": "$1,390", "2008-10-31": "$1,495", "2008-07-31": "$1,549", "2008-04-30": "$1,514", "2008-01-31": "$1,427", "2007-10-31": "$1,393", "2007-07-31": "$1,319", "2007-04-30": "$1,301", "2007-01-31": "$1,178", "2006-10-31": "$1,161", "2006-07-31": "$1,124", "2006-04-30": "$1,103", "2006-01-31": "$1,053", "2005-10-31": "$1,053", "2005-07-31": "$1,112", "2005-04-30": "$1,143", "2005-01-31": "$1,086"}}, "cash-on-hand": {"Donaldson Annual Cash on Hand (Millions of US $)": {"2020": "$237", "2019": "$178", "2018": "$205", "2017": "$308", "2016": "$243", "2015": "$217", "2014": "$424", "2013": "$324", "2012": "$318", "2011": "$273", "2010": "$232", "2009": "$144", "2008": "$83", "2007": "$55", "2006": "$45", "2005": "$134"}, "Donaldson Quarterly Cash on Hand (Millions of US $)": {"2020-10-31": "$270", "2020-07-31": "$237", "2020-04-30": "$327", "2020-01-31": "$211", "2019-10-31": "$210", "2019-07-31": "$178", "2019-04-30": "$204", "2019-01-31": "$191", "2018-10-31": "$200", "2018-07-31": "$205", "2018-04-30": "$317", "2018-01-31": "$362", "2017-10-31": "$350", "2017-07-31": "$308", "2017-04-30": "$296", "2017-01-31": "$296", "2016-10-31": "$262", "2016-07-31": "$243", "2016-04-30": "$247", "2016-01-31": "$232", "2015-10-31": "$208", "2015-07-31": "$217", "2015-04-30": "$250", "2015-01-31": "$257", "2014-10-31": "$268", "2014-07-31": "$424", "2014-04-30": "$391", "2014-01-31": "$360", "2013-10-31": "$383", "2013-07-31": "$324", "2013-04-30": "$330", "2013-01-31": "$284", "2012-10-31": "$289", "2012-07-31": "$318", "2012-04-30": "$308", "2012-01-31": "$272", "2011-10-31": "$302", "2011-07-31": "$273", "2011-04-30": "$335", "2011-01-31": "$286", "2010-10-31": "$268", "2010-07-31": "$232", "2010-04-30": "$208", "2010-01-31": "$181", "2009-10-31": "$188", "2009-07-31": "$144", "2009-04-30": "$133", "2009-01-31": "$76", "2008-10-31": "$69", "2008-07-31": "$83", "2008-04-30": "$53", "2008-01-31": "$49", "2007-10-31": "$40", "2007-07-31": "$55", "2007-04-30": "$48", "2007-01-31": "$35", "2006-10-31": "$50", "2006-07-31": "$45", "2006-04-30": "$73", "2006-01-31": "$76", "2005-10-31": "$93", "2005-07-31": "$134", "2005-04-30": "$146", "2005-01-31": "$129"}}, "long-term-debt": {"Donaldson Annual Long Term Debt (Millions of US $)": {"2020": "$617", "2019": "$584", "2018": "$500", "2017": "$537", "2016": "$350", "2015": "$389", "2014": "$244", "2013": "$103", "2012": "$203", "2011": "$206", "2010": "$256", "2009": "$254", "2008": "$176", "2007": "$129", "2006": "$100", "2005": "$103"}, "Donaldson Quarterly Long Term Debt (Millions of US $)": {"2020-10-31": "$576", "2020-07-31": "$617", "2020-04-30": "$735", "2020-01-31": "$596", "2019-10-31": "$597", "2019-07-31": "$584", "2019-04-30": "$644", "2019-01-31": "$633", "2018-10-31": "$631", "2018-07-31": "$500", "2018-04-30": "$688", "2018-01-31": "$668", "2017-10-31": "$632", "2017-07-31": "$537", "2017-04-30": "$298", "2017-01-31": "$298", "2016-10-31": "$325", "2016-07-31": "$350", "2016-04-30": "$392", "2016-01-31": "$389", "2015-10-31": "$389", "2015-07-31": "$389", "2015-04-30": "$265", "2015-01-31": "$241", "2014-10-31": "$242", "2014-07-31": "$244", "2014-04-30": "$228", "2014-01-31": "$103", "2013-10-31": "$103", "2013-07-31": "$103", "2013-04-30": "$119", "2013-01-31": "$120", "2012-10-31": "$202", "2012-07-31": "$203", "2012-04-30": "$204", "2012-01-31": "$205", "2011-10-31": "$205", "2011-07-31": "$206", "2011-04-30": "$205", "2011-01-31": "$212", "2010-10-31": "$257", "2010-07-31": "$256", "2010-04-30": "$252", "2010-01-31": "$252", "2009-10-31": "$252", "2009-07-31": "$254", "2009-04-30": "$253", "2009-01-31": "$257", "2008-10-31": "$174", "2008-07-31": "$176", "2008-04-30": "$177", "2008-01-31": "$177", "2007-10-31": "$150", "2007-07-31": "$129", "2007-04-30": "$96", "2007-01-31": "$96", "2006-10-31": "$96", "2006-07-31": "$100", "2006-04-30": "$100", "2006-01-31": "$97", "2005-10-31": "$98", "2005-07-31": "$103", "2005-04-30": "$104", "2005-01-31": "$112"}}, "total-liabilities": {"Donaldson Annual Total Liabilities (Millions of US $)": {"2020": "$1,252", "2019": "$1,250", "2018": "$1,119", "2017": "$1,125", "2016": "$1,016", "2015": "$1,031", "2014": "$940", "2013": "$658", "2012": "$820", "2011": "$791", "2010": "$753", "2009": "$645", "2008": "$809", "2007": "$694", "2006": "$577", "2005": "$587"}, "Donaldson Quarterly Total Liabilities (Millions of US $)": {"2020-10-31": "$1,217", "2020-07-31": "$1,252", "2020-04-30": "$1,394", "2020-01-31": "$1,322", "2019-10-31": "$1,366", "2019-07-31": "$1,250", "2019-04-30": "$1,261", "2019-01-31": "$1,294", "2018-10-31": "$1,290", "2018-07-31": "$1,119", "2018-04-30": "$1,259", "2018-01-31": "$1,304", "2017-10-31": "$1,151", "2017-07-31": "$1,125", "2017-04-30": "$1,078", "2017-01-31": "$1,037", "2016-10-31": "$1,009", "2016-07-31": "$1,016", "2016-04-30": "$1,021", "2016-01-31": "$1,083", "2015-10-31": "$1,061", "2015-07-31": "$1,031", "2015-04-30": "$998", "2015-01-31": "$1,025", "2014-10-31": "$977", "2014-07-31": "$940", "2014-04-30": "$772", "2014-01-31": "$651", "2013-10-31": "$657", "2013-07-31": "$658", "2013-04-30": "$676", "2013-01-31": "$714", "2012-10-31": "$757", "2012-07-31": "$820", "2012-04-30": "$756", "2012-01-31": "$766", "2011-10-31": "$858", "2011-07-31": "$791", "2011-04-30": "$787", "2011-01-31": "$719", "2010-10-31": "$754", "2010-07-31": "$753", "2010-04-30": "$653", "2010-01-31": "$631", "2009-10-31": "$652", "2009-07-31": "$645", "2009-04-30": "$665", "2009-01-31": "$727", "2008-10-31": "$838", "2008-07-31": "$809", "2008-04-30": "$784", "2008-01-31": "$749", "2007-10-31": "$703", "2007-07-31": "$694", "2007-04-30": "$690", "2007-01-31": "$626", "2006-10-31": "$577", "2006-07-31": "$577", "2006-04-30": "$554", "2006-01-31": "$528", "2005-10-31": "$551", "2005-07-31": "$587", "2005-04-30": "$607", "2005-01-31": "$549"}}, "total-share-holder-equity": {"Donaldson Annual Share Holder Equity (Millions of US $)": {"2020": "$993", "2019": "$893", "2018": "$858", "2017": "$855", "2016": "$771", "2015": "$779", "2014": "$1,002", "2013": "$1,085", "2012": "$910", "2011": "$935", "2010": "$747", "2009": "$689", "2008": "$740", "2007": "$625", "2006": "$547", "2005": "$525"}, "Donaldson Quarterly Share Holder Equity (Millions of US $)": {"2020-10-31": "$1,053", "2020-07-31": "$993", "2020-04-30": "$945", "2020-01-31": "$940", "2019-10-31": "$917", "2019-07-31": "$893", "2019-04-30": "$945", "2019-01-31": "$873", "2018-10-31": "$854", "2018-07-31": "$858", "2018-04-30": "$836", "2018-01-31": "$827", "2017-10-31": "$881", "2017-07-31": "$855", "2017-04-30": "$802", "2017-01-31": "$781", "2016-10-31": "$785", "2016-07-31": "$771", "2016-04-30": "$804", "2016-01-31": "$706", "2015-10-31": "$740", "2015-07-31": "$779", "2015-04-30": "$848", "2015-01-31": "$825", "2014-10-31": "$893", "2014-07-31": "$1,002", "2014-04-30": "$1,126", "2014-01-31": "$1,122", "2013-10-31": "$1,163", "2013-07-31": "$1,085", "2013-04-30": "$1,082", "2013-01-31": "$1,004", "2012-10-31": "$955", "2012-07-31": "$910", "2012-04-30": "$998", "2012-01-31": "$915", "2011-10-31": "$888", "2011-07-31": "$935", "2011-04-30": "$955", "2011-01-31": "$877", "2010-10-31": "$837", "2010-07-31": "$747", "2010-04-30": "$771", "2010-01-31": "$743", "2009-10-31": "$734", "2009-07-31": "$689", "2009-04-30": "$705", "2009-01-31": "$663", "2008-10-31": "$657", "2008-07-31": "$740", "2008-04-30": "$730", "2008-01-31": "$678", "2007-10-31": "$690", "2007-07-31": "$625", "2007-04-30": "$611", "2007-01-31": "$551", "2006-10-31": "$584", "2006-07-31": "$547", "2006-04-30": "$549", "2006-01-31": "$525", "2005-10-31": "$502", "2005-07-31": "$525", "2005-04-30": "$536", "2005-01-31": "$537"}}, "profit-margins": {"current": "9.97%"}, "gross margin": {"2020-10-31": "33.90%", "2020-07-31": "33.73%", "2020-04-30": "33.69%", "2020-01-31": "33.84%", "2019-10-31": "33.40%", "2019-07-31": "33.32%", "2019-04-30": "33.66%", "2019-01-31": "33.78%", "2018-10-31": "34.04%", "2018-07-31": "34.22%", "2018-04-30": "34.08%", "2018-01-31": "34.21%", "2017-10-31": "34.54%", "2017-07-31": "34.61%", "2017-04-30": "34.82%", "2017-01-31": "34.73%", "2016-10-31": "34.50%", "2016-07-31": "34.01%", "2016-04-30": "33.44%", "2016-01-31": "33.23%", "2015-10-31": "33.58%", "2015-07-31": "34.05%", "2015-04-30": "34.73%", "2015-01-31": "35.23%", "2014-10-31": "35.29%", "2014-07-31": "35.46%", "2014-04-30": "35.56%", "2014-01-31": "35.59%", "2013-10-31": "35.27%", "2013-07-31": "34.76%", "2013-04-30": "34.50%", "2013-01-31": "34.35%", "2012-10-31": "34.64%", "2012-07-31": "35.06%", "2012-04-30": "35.39%", "2012-01-31": "35.37%", "2011-10-31": "35.56%", "2011-07-31": "35.48%", "2011-04-30": "35.44%", "2011-01-31": "35.55%", "2010-10-31": "35.15%", "2010-07-31": "35.06%", "2010-04-30": "34.16%", "2010-01-31": "33.16%", "2009-10-31": "31.98%", "2009-07-31": "31.58%", "2009-04-30": "31.84%", "2009-01-31": "31.90%", "2008-10-31": "32.46%", "2008-07-31": "32.51%", "2008-04-30": "32.26%", "2008-01-31": "32.05%", "2007-10-31": "31.72%", "2007-07-31": "31.53%", "2007-04-30": "31.74%", "2007-01-31": "32.36%", "2006-10-31": "32.76%", "2006-07-31": "32.88%", "2006-04-30": "32.50%", "2006-01-31": "32.25%", "2005-10-31": "32.10%"}, "operating margin": {"2020-10-31": "13.32%", "2020-07-31": "13.21%", "2020-04-30": "13.48%", "2020-01-31": "13.62%", "2019-10-31": "13.42%", "2019-07-31": "13.64%", "2019-04-30": "13.79%", "2019-01-31": "13.85%", "2018-10-31": "13.87%", "2018-07-31": "13.78%", "2018-04-30": "13.41%", "2018-01-31": "13.46%", "2017-10-31": "13.64%", "2017-07-31": "13.62%", "2017-04-30": "14.05%", "2017-01-31": "13.66%", "2016-10-31": "13.20%", "2016-07-31": "12.39%", "2016-04-30": "11.76%", "2016-01-31": "11.37%", "2015-10-31": "11.54%", "2015-07-31": "12.14%", "2015-04-30": "12.72%", "2015-01-31": "13.52%", "2014-10-31": "13.80%", "2014-07-31": "14.40%", "2014-04-30": "14.64%", "2014-01-31": "14.92%", "2013-10-31": "14.79%", "2013-07-31": "14.12%", "2013-04-30": "13.94%", "2013-01-31": "13.74%", "2012-10-31": "13.99%", "2012-07-31": "14.52%", "2012-04-30": "14.34%", "2012-01-31": "14.03%", "2011-10-31": "13.95%", "2011-07-31": "13.73%", "2011-04-30": "13.74%", "2011-01-31": "13.85%", "2010-10-31": "13.14%", "2010-07-31": "12.68%", "2010-04-30": "11.10%", "2010-01-31": "9.66%", "2009-10-31": "8.88%", "2009-07-31": "9.15%", "2009-04-30": "9.93%", "2009-01-31": "10.32%", "2008-10-31": "11.10%", "2008-07-31": "11.06%", "2008-04-30": "11.30%", "2008-01-31": "11.19%", "2007-10-31": "11.06%", "2007-07-31": "11.00%", "2007-04-30": "11.01%", "2007-01-31": "11.50%", "2006-10-31": "11.69%", "2006-07-31": "11.33%", "2006-04-30": "10.55%", "2006-01-31": "10.06%", "2005-10-31": "10.02%"}, "ebitda margin": {"2020-10-31": "16.81%", "2020-07-31": "16.54%", "2020-04-30": "16.64%", "2020-01-31": "16.68%", "2019-10-31": "16.40%", "2019-07-31": "16.52%", "2019-04-30": "16.60%", "2019-01-31": "16.61%", "2018-10-31": "16.62%", "2018-07-31": "16.60%", "2018-04-30": "16.29%", "2018-01-31": "16.41%", "2017-10-31": "16.72%", "2017-07-31": "16.82%", "2017-04-30": "17.30%", "2017-01-31": "17.01%", "2016-10-31": "16.55%", "2016-07-31": "15.72%", "2016-04-30": "15.06%", "2016-01-31": "14.63%", "2015-10-31": "14.74%", "2015-07-31": "15.25%", "2015-04-30": "15.68%", "2015-01-31": "16.38%", "2014-10-31": "16.59%", "2014-07-31": "17.10%", "2014-04-30": "17.35%", "2014-01-31": "17.55%", "2013-10-31": "17.41%", "2013-07-31": "16.74%", "2013-04-30": "16.50%", "2013-01-31": "16.31%", "2012-10-31": "16.49%", "2012-07-31": "17.01%", "2012-04-30": "16.86%", "2012-01-31": "16.56%", "2011-10-31": "16.58%", "2011-07-31": "16.35%", "2011-04-30": "16.44%", "2011-01-31": "16.67%", "2010-10-31": "16.06%", "2010-07-31": "15.88%", "2010-04-30": "14.53%", "2010-01-31": "13.19%", "2009-10-31": "12.36%", "2009-07-31": "12.26%", "2009-04-30": "12.76%", "2009-01-31": "12.88%", "2008-10-31": "13.55%", "2008-07-31": "13.57%", "2008-04-30": "13.85%", "2008-01-31": "13.83%", "2007-10-31": "13.66%", "2007-07-31": "13.55%", "2007-04-30": "13.48%", "2007-01-31": "13.99%", "2006-10-31": "14.22%", "2006-07-31": "13.99%", "2006-04-30": "13.28%", "2006-01-31": "12.88%", "2005-10-31": "12.85%"}, "pre tax profit margin": {"2020-10-31": "12.96%", "2020-07-31": "12.97%", "2020-04-30": "13.11%", "2020-01-31": "13.30%", "2019-10-31": "13.03%", "2019-07-31": "13.22%", "2019-04-30": "13.40%", "2019-01-31": "13.43%", "2018-10-31": "13.44%", "2018-07-31": "13.31%", "2018-04-30": "13.18%", "2018-01-31": "13.07%", "2017-10-31": "13.27%", "2017-07-31": "13.58%", "2017-04-30": "13.57%", "2017-01-31": "13.27%", "2016-10-31": "12.71%", "2016-07-31": "11.58%", "2016-04-30": "11.27%", "2016-01-31": "11.06%", "2015-10-31": "11.41%", "2015-07-31": "12.14%", "2015-04-30": "12.80%", "2015-01-31": "13.60%", "2014-10-31": "14.04%", "2014-07-31": "14.60%", "2014-04-30": "14.81%", "2014-01-31": "15.04%", "2013-10-31": "14.79%", "2013-07-31": "14.28%", "2013-04-30": "14.18%", "2013-01-31": "14.06%", "2012-10-31": "14.35%", "2012-07-31": "14.84%", "2012-04-30": "14.55%", "2012-01-31": "14.11%", "2011-10-31": "14.04%", "2011-07-31": "13.60%", "2011-04-30": "13.51%", "2011-01-31": "13.56%", "2010-10-31": "12.74%", "2010-07-31": "12.31%", "2010-04-30": "10.66%", "2010-01-31": "9.13%", "2009-10-31": "8.30%", "2009-07-31": "8.67%", "2009-04-30": "9.54%", "2009-01-31": "10.00%", "2008-10-31": "10.79%", "2008-07-31": "10.57%", "2008-04-30": "10.83%", "2008-01-31": "10.70%", "2007-10-31": "10.61%", "2007-07-31": "10.68%", "2007-04-30": "10.63%", "2007-01-31": "11.17%", "2006-10-31": "11.40%", "2006-07-31": "11.22%", "2006-04-30": "10.49%", "2006-01-31": "9.99%", "2005-10-31": "9.96%"}, "net profit margin": {"2020-10-31": "9.94%", "2020-07-31": "9.91%", "2020-04-30": "9.29%", "2020-01-31": "9.44%", "2019-10-31": "9.16%", "2019-07-31": "9.38%", "2019-04-30": "10.94%", "2019-01-31": "10.81%", "2018-10-31": "6.92%", "2018-07-31": "6.58%", "2018-04-30": "5.47%", "2018-01-31": "5.28%", "2017-10-31": "9.58%", "2017-07-31": "9.82%", "2017-04-30": "9.76%", "2017-01-31": "9.70%", "2016-10-31": "9.44%", "2016-07-31": "8.65%", "2016-04-30": "8.40%", "2016-01-31": "8.07%", "2015-10-31": "8.25%", "2015-07-31": "8.77%", "2015-04-30": "9.26%", "2015-01-31": "9.85%", "2014-10-31": "10.28%", "2014-07-31": "10.51%", "2014-04-30": "10.66%", "2014-01-31": "10.81%", "2013-10-31": "10.46%", "2013-07-31": "10.18%", "2013-04-30": "10.00%", "2013-01-31": "9.92%", "2012-10-31": "10.11%", "2012-07-31": "10.63%", "2012-04-30": "10.56%", "2012-01-31": "10.42%", "2011-10-31": "10.23%", "2011-07-31": "9.85%", "2011-04-30": "9.66%", "2011-01-31": "9.49%", "2010-10-31": "9.26%", "2010-07-31": "8.84%", "2010-04-30": "7.80%", "2010-01-31": "6.89%", "2009-10-31": "6.96%", "2009-07-31": "7.12%", "2009-04-30": "7.69%", "2009-01-31": "7.94%", "2008-10-31": "7.76%", "2008-07-31": "7.70%", "2008-04-30": "7.72%", "2008-01-31": "7.82%", "2007-10-31": "7.85%", "2007-07-31": "7.82%", "2007-04-30": "7.68%", "2007-01-31": "7.74%", "2006-10-31": "7.83%", "2006-07-31": "7.79%", "2006-04-30": "7.34%", "2006-01-31": "7.05%", "2005-10-31": "7.07%"}, "pe ratio": {"current": "31.07", "2021-02-05": "31.07", "2020-10-31": "23.90", "2020-07-31": "23.86", "2020-04-30": "22.09", "2020-01-31": "25.00", "2019-10-31": "25.84", "2019-07-31": "23.77", "2019-04-30": "21.86", "2019-01-31": "19.64", "2018-10-31": "33.63", "2018-07-31": "33.43", "2018-04-30": "38.48", "2018-01-31": "47.31", "2017-10-31": "25.31", "2017-07-31": "25.80", "2017-04-30": "26.10", "2017-01-31": "24.31", "2016-10-31": "21.87", "2016-07-31": "23.66", "2016-04-30": "21.75", "2016-01-31": "19.78", "2015-10-31": "20.01", "2015-07-31": "20.52", "2015-04-30": "21.42", "2015-01-31": "19.27", "2014-10-31": "21.33", "2014-07-31": "19.70", "2014-04-30": "21.54", "2014-01-31": "21.04", "2013-10-31": "20.73", "2013-07-31": "19.48", "2013-04-30": "19.60", "2013-01-31": "20.21", "2012-10-31": "17.19", "2012-07-31": "17.19", "2012-04-30": "17.93", "2012-01-31": "19.41", "2011-10-31": "17.94", "2011-07-31": "16.65", "2011-04-30": "19.66", "2011-01-31": "20.04", "2010-10-31": "17.83", "2010-07-31": "19.30", "2010-04-30": "22.53", "2010-01-31": "22.09", "2009-10-31": "20.00", "2009-07-31": "19.22", "2009-04-30": "14.09", "2009-01-31": "11.86", "2008-10-31": "13.40", "2008-07-31": "17.73", "2008-04-30": "17.66", "2008-01-31": "17.63", "2007-10-31": "18.37", "2007-07-31": "16.40", "2007-04-30": "17.08", "2007-01-31": "17.31", "2006-10-31": "19.09"}, "price sales": {"2021-02-05": "3.10", "2020-10-31": "2.38", "2020-07-31": "2.38", "2020-04-30": "2.07", "2020-01-31": "2.38", "2019-10-31": "2.38", "2019-07-31": "2.23", "2019-04-30": "2.39", "2019-01-31": "2.12", "2018-10-31": "2.33", "2018-07-31": "2.21", "2018-04-30": "2.10", "2018-01-31": "2.49", "2017-10-31": "2.43", "2017-07-31": "2.54", "2017-04-30": "2.54", "2017-01-31": "2.35", "2016-10-31": "2.05", "2016-07-31": "2.04", "2016-04-30": "1.84", "2016-01-31": "1.58", "2015-10-31": "1.65", "2015-07-31": "1.80", "2015-04-30": "1.98", "2015-01-31": "1.92", "2014-10-31": "2.21", "2014-07-31": "2.08", "2014-04-30": "2.29", "2014-01-31": "2.25", "2013-10-31": "2.15", "2013-07-31": "1.97", "2013-04-30": "1.96", "2013-01-31": "2.01", "2012-10-31": "1.74", "2012-07-31": "1.83", "2012-04-30": "1.89", "2012-01-31": "2.02", "2011-10-31": "1.83", "2011-07-31": "1.64", "2011-04-30": "1.90", "2011-01-31": "1.90", "2010-10-31": "1.66", "2010-07-31": "1.71", "2010-04-30": "1.75", "2010-01-31": "1.51", "2009-10-31": "1.39", "2009-07-31": "1.36", "2009-04-30": "1.08", "2009-01-31": "0.94", "2008-10-31": "1.03", "2008-07-31": "1.36", "2008-04-30": "1.37", "2008-01-31": "1.38", "2007-10-31": "1.46", "2007-07-31": "1.29", "2007-04-30": "1.32", "2007-01-31": "1.34", "2006-10-31": "1.50"}, "price book": {"current": "7.39", "2021-02-05": "7.38", "2020-10-31": "5.68", "2020-07-31": "6.10", "2020-04-30": "5.78", "2020-01-31": "6.88", "2019-10-31": "7.13", "2019-07-31": "6.95", "2019-04-30": "7.03", "2019-01-31": "6.69", "2018-10-31": "7.40", "2018-07-31": "6.87", "2018-04-30": "6.52", "2018-01-31": "7.58", "2017-10-31": "6.60", "2017-07-31": "6.86", "2017-04-30": "7.12", "2017-01-31": "6.70", "2016-10-31": "5.74", "2016-07-31": "5.79", "2016-04-30": "5.01", "2016-01-31": "4.88", "2015-10-31": "4.95", "2015-07-31": "5.28", "2015-04-30": "5.43", "2015-01-31": "5.46", "2014-10-31": "5.74", "2014-07-31": "4.86", "2014-04-30": "4.83", "2014-01-31": "4.74", "2013-10-31": "4.41", "2013-07-31": "4.30", "2013-04-30": "4.34", "2013-01-31": "4.82", "2012-10-31": "4.33", "2012-07-31": "4.83", "2012-04-30": "4.50", "2012-01-31": "5.11", "2011-10-31": "4.63", "2011-07-31": "1.93", "2011-04-30": "4.21", "2011-01-31": "4.42", "2010-10-31": "3.82", "2010-07-31": "4.15", "2010-04-30": "3.95", "2010-01-31": "3.38", "2009-10-31": "3.18", "2009-07-31": "3.60", "2009-04-30": "3.02", "2009-01-31": "3.03", "2008-10-31": "3.44", "2008-07-31": "3.94", "2008-04-30": "3.87", "2008-01-31": "4.01", "2007-10-31": "4.07", "2007-07-31": "3.80", "2007-04-30": "3.84", "2007-01-31": "4.16", "2006-10-31": "4.25", "2006-07-31": "3.96", "2006-04-30": "4.04", "2006-01-31": "4.41"}, "price fcf": {"2021-02-05": "", "2020-10-31": "$2.54", "2020-07-31": "$2.06", "2020-04-30": "$1.89", "2020-01-31": "$1.67", "2019-10-31": "$1.61", "2019-07-31": "$1.50", "2019-04-30": "$1.47", "2019-01-31": "$1.36", "2018-10-31": "$1.20", "2018-07-31": "$1.26", "2018-04-30": "$1.13", "2018-01-31": "$1.31", "2017-10-31": "$1.57", "2017-07-31": "$1.90", "2017-04-30": "$1.99", "2017-01-31": "$2.22", "2016-10-31": "$2.03", "2016-07-31": "$1.64", "2016-04-30": "$1.27", "2016-01-31": "$1.10", "2015-10-31": "$0.97", "2015-07-31": "$0.86", "2015-04-30": "$1.02", "2015-01-31": "$1.01", "2014-10-31": "$1.13", "2014-07-31": "$1.50", "2014-04-30": "$0.95", "2014-01-31": "$1.39", "2013-10-31": "$1.72", "2013-07-31": "$1.47", "2013-04-30": "$2.01", "2013-01-31": "$1.58", "2012-10-31": "$1.22", "2012-07-31": "$1.19", "2012-04-30": "$1.20", "2012-01-31": "$1.18", "2011-10-31": "$1.10", "2011-07-31": "$1.18", "2011-04-30": "$1.05", "2011-01-31": "$1.03", "2010-10-31": "$0.96", "2010-07-31": "$1.01", "2010-04-30": "$1.14", "2010-01-31": "$1.44", "2009-10-31": "$1.60", "2009-07-31": "$1.46", "2009-04-30": "$1.39", "2009-01-31": "$0.97", "2008-10-31": "$0.82", "2008-07-31": "$0.63", "2008-04-30": "$0.60", "2008-01-31": "$0.46", "2007-10-31": "$0.31", "2007-07-31": "$0.25", "2007-04-30": "$0.11", "2007-01-31": "$0.23", "2006-10-31": "$0.46"}, "net worth": {"value": "$7.77B"}, "current ratio": {"current": "2.73", "2020-10-31": "2.73", "2020-07-31": "2.70", "2020-04-30": "2.82", "2020-01-31": "2.25", "2019-10-31": "2.18", "2019-07-31": "2.33", "2019-04-30": "2.63", "2019-01-31": "2.35", "2018-10-31": "2.40", "2018-07-31": "2.40", "2018-04-30": "3.14", "2018-01-31": "2.94", "2017-10-31": "2.90", "2017-07-31": "2.38", "2017-04-30": "1.66", "2017-01-31": "1.67", "2016-10-31": "1.76", "2016-07-31": "1.86", "2016-04-30": "1.97", "2016-01-31": "1.71", "2015-10-31": "1.73", "2015-07-31": "1.84", "2015-04-30": "1.64", "2015-01-31": "1.52", "2014-10-31": "1.65", "2014-07-31": "2.01", "2014-04-30": "2.54", "2014-01-31": "2.29", "2013-10-31": "2.37", "2013-07-31": "2.22", "2013-04-30": "2.34", "2013-01-31": "2.13", "2012-10-31": "2.36", "2012-07-31": "2.18", "2012-04-30": "2.31", "2012-01-31": "2.23", "2011-10-31": "2.01", "2011-07-31": "2.15", "2011-04-30": "2.19", "2011-01-31": "2.29", "2010-10-31": "2.42", "2010-07-31": "2.21", "2010-04-30": "2.49", "2010-01-31": "2.48", "2009-10-31": "2.36", "2009-07-31": "2.26", "2009-04-30": "2.10", "2009-01-31": "1.84", "2008-10-31": "1.42", "2008-07-31": "1.65", "2008-04-30": "1.62", "2008-01-31": "1.63", "2007-10-31": "1.65", "2007-07-31": "1.47", "2007-04-30": "1.32", "2007-01-31": "1.42", "2006-10-31": "1.61", "2006-07-31": "1.56", "2006-04-30": "1.68", "2006-01-31": "1.74", "2005-10-31": "1.64", "2005-07-31": "1.75", "2005-04-30": "1.64", "2005-01-31": "1.90"}, "quick ratio": {"2020-10-31": "1.94", "2020-07-31": "1.90", "2020-04-30": "2.02", "2020-01-31": "1.55", "2019-10-31": "1.50", "2019-07-31": "1.64", "2019-04-30": "1.82", "2019-01-31": "1.61", "2018-10-31": "1.66", "2018-07-31": "1.69", "2018-04-30": "2.28", "2018-01-31": "2.15", "2017-10-31": "2.13", "2017-07-31": "1.77", "2017-04-30": "1.24", "2017-01-31": "1.24", "2016-10-31": "1.32", "2016-07-31": "1.43", "2016-04-30": "1.45", "2016-01-31": "1.25", "2015-10-31": "1.24", "2015-07-31": "1.37", "2015-04-30": "1.19", "2015-01-31": "1.13", "2014-10-31": "1.22", "2014-07-31": "1.59", "2014-04-30": "1.99", "2014-01-31": "1.78", "2013-10-31": "1.86", "2013-07-31": "1.72", "2013-04-30": "1.82", "2013-01-31": "1.59", "2012-10-31": "1.74", "2012-07-31": "1.66", "2012-04-30": "1.75", "2012-01-31": "1.65", "2011-10-31": "1.50", "2011-07-31": "1.60", "2011-04-30": "1.67", "2011-01-31": "1.74", "2010-10-31": "1.84", "2010-07-31": "1.69", "2010-04-30": "1.89", "2010-01-31": "1.83", "2009-10-31": "1.74", "2009-07-31": "1.66", "2009-04-30": "1.51", "2009-01-31": "1.29", "2008-10-31": "0.99", "2008-07-31": "1.14", "2008-04-30": "1.10", "2008-01-31": "1.10", "2007-10-31": "1.16", "2007-07-31": "1.03", "2007-04-30": "0.95", "2007-01-31": "1.00", "2006-10-31": "1.14", "2006-07-31": "1.13", "2006-04-30": "1.24", "2006-01-31": "1.27", "2005-10-31": "1.21", "2005-07-31": "1.32", "2005-04-30": "1.23", "2005-01-31": "1.41"}, "debt equity ratio": {"current": "0.55", "2020-10-31": "1.16", "2020-07-31": "1.26", "2020-04-30": "1.48", "2020-01-31": "1.41", "2019-10-31": "1.49", "2019-07-31": "1.40", "2019-04-30": "1.34", "2019-01-31": "1.48", "2018-10-31": "1.51", "2018-07-31": "1.30", "2018-04-30": "1.51", "2018-01-31": "1.58", "2017-10-31": "1.31", "2017-07-31": "1.32", "2017-04-30": "1.35", "2017-01-31": "1.33", "2016-10-31": "1.29", "2016-07-31": "1.32", "2016-04-30": "1.27", "2016-01-31": "1.54", "2015-10-31": "1.43", "2015-07-31": "1.32", "2015-04-30": "1.18", "2015-01-31": "1.24", "2014-10-31": "1.10", "2014-07-31": "0.94", "2014-04-30": "0.69", "2014-01-31": "0.58", "2013-10-31": "0.56", "2013-07-31": "0.61", "2013-04-30": "0.63", "2013-01-31": "0.71", "2012-10-31": "0.79", "2012-07-31": "0.90", "2012-04-30": "0.76", "2012-01-31": "0.84", "2011-10-31": "0.97", "2011-07-31": "0.85", "2011-04-30": "0.82", "2011-01-31": "0.82", "2010-10-31": "0.90", "2010-07-31": "1.01", "2010-04-30": "0.85", "2010-01-31": "0.85", "2009-10-31": "0.89", "2009-07-31": "0.94", "2009-04-30": "0.94", "2009-01-31": "1.10", "2008-10-31": "1.27", "2008-07-31": "1.09", "2008-04-30": "1.07", "2008-01-31": "1.11", "2007-10-31": "1.02", "2007-07-31": "1.11", "2007-04-30": "1.13", "2007-01-31": "1.14", "2006-10-31": "0.99", "2006-07-31": "1.06", "2006-04-30": "1.01", "2006-01-31": "1.01", "2005-10-31": "1.10", "2005-07-31": "1.12", "2005-04-30": "1.13", "2005-01-31": "1.02"}, "return on equity": {"2020-10-31": "25.74%", "2020-07-31": "26.98%", "2020-04-30": "27.06%", "2020-01-31": "28.36%", "2019-10-31": "28.45%", "2019-07-31": "29.96%", "2019-04-30": "35.24%", "2019-01-31": "35.78%", "2018-10-31": "22.87%", "2018-07-31": "21.16%", "2018-04-30": "17.18%", "2018-01-31": "16.17%", "2017-10-31": "28.44%", "2017-07-31": "28.92%", "2017-04-30": "28.67%", "2017-01-31": "28.02%", "2016-10-31": "27.53%", "2016-07-31": "25.42%", "2016-04-30": "24.83%", "2016-01-31": "23.56%", "2015-10-31": "23.93%", "2015-07-31": "24.87%", "2015-04-30": "25.22%", "2015-01-31": "25.38%", "2014-10-31": "24.52%", "2014-07-31": "23.57%", "2014-04-30": "23.13%", "2014-01-31": "23.63%", "2013-10-31": "23.63%", "2013-07-31": "24.04%", "2013-04-30": "24.91%", "2013-01-31": "25.55%", "2012-10-31": "26.47%", "2012-07-31": "28.56%", "2012-04-30": "27.84%", "2012-01-31": "27.19%", "2011-10-31": "26.48%", "2011-07-31": "25.08%", "2011-04-30": "24.71%", "2011-01-31": "24.50%", "2010-10-31": "23.76%", "2010-07-31": "22.17%", "2010-04-30": "18.93%", "2010-01-31": "16.30%", "2009-10-31": "17.20%", "2009-07-31": "19.60%", "2009-04-30": "22.86%", "2009-01-31": "25.38%", "2008-10-31": "25.24%", "2008-07-31": "24.24%", "2008-04-30": "24.38%", "2008-01-31": "24.58%", "2007-10-31": "25.35%", "2007-07-31": "25.31%", "2007-04-30": "24.95%", "2007-01-31": "25.10%", "2006-10-31": "24.67%", "2006-07-31": "24.87%", "2006-04-30": "23.04%", "2006-01-31": "22.03%", "2005-10-31": "21.90%"}, "return on assets": {"2020-10-31": "11.10%", "2020-07-31": "11.22%", "2020-04-30": "11.08%", "2020-01-31": "11.78%", "2019-10-31": "11.73%", "2019-07-31": "12.33%", "2019-04-30": "14.65%", "2019-01-31": "14.60%", "2018-10-31": "9.25%", "2018-07-31": "8.74%", "2018-04-30": "7.09%", "2018-01-31": "6.78%", "2017-10-31": "12.24%", "2017-07-31": "12.47%", "2017-04-30": "12.36%", "2017-01-31": "12.18%", "2016-10-31": "11.73%", "2016-07-31": "10.67%", "2016-04-30": "10.41%", "2016-01-31": "9.99%", "2015-10-31": "10.46%", "2015-07-31": "11.28%", "2015-04-30": "11.99%", "2015-01-31": "12.91%", "2014-10-31": "13.58%", "2014-07-31": "13.99%", "2014-04-30": "14.37%", "2014-01-31": "14.83%", "2013-10-31": "14.54%", "2013-07-31": "14.31%", "2013-04-30": "14.22%", "2013-01-31": "14.29%", "2012-10-31": "14.54%", "2012-07-31": "15.34%", "2012-04-30": "15.06%", "2012-01-31": "14.56%", "2011-10-31": "14.22%", "2011-07-31": "13.59%", "2011-04-30": "13.13%", "2011-01-31": "12.96%", "2010-10-31": "12.50%", "2010-07-31": "11.68%", "2010-04-30": "10.08%", "2010-01-31": "8.57%", "2009-10-31": "8.76%", "2009-07-31": "9.52%", "2009-04-30": "10.89%", "2009-01-31": "11.90%", "2008-10-31": "11.83%", "2008-07-31": "11.69%", "2008-04-30": "11.75%", "2008-01-31": "11.76%", "2007-10-31": "12.10%", "2007-07-31": "12.10%", "2007-04-30": "12.01%", "2007-01-31": "12.26%", "2006-10-31": "12.25%", "2006-07-31": "12.19%", "2006-04-30": "11.20%", "2006-01-31": "10.55%", "2005-10-31": "10.47%"}, "return on investments": {"2020-10-31": "21.01%", "2020-07-31": "21.51%", "2020-04-30": "23.39%", "2020-01-31": "24.72%", "2019-10-31": "24.85%", "2019-07-31": "25.63%", "2019-04-30": "26.42%", "2019-01-31": "26.71%", "2018-10-31": "26.41%", "2018-07-31": "25.61%", "2018-04-30": "24.17%", "2018-01-31": "25.24%", "2017-10-31": "26.44%", "2017-07-31": "27.61%", "2017-04-30": "29.39%", "2017-01-31": "27.52%", "2016-10-31": "26.10%", "2016-07-31": "24.22%", "2016-04-30": "22.93%", "2016-01-31": "22.64%", "2015-10-31": "23.86%", "2015-07-31": "25.71%", "2015-04-30": "27.11%", "2015-01-31": "27.92%", "2014-10-31": "27.51%", "2014-07-31": "27.97%", "2014-04-30": "28.37%", "2014-01-31": "29.75%", "2013-10-31": "30.29%", "2013-07-31": "29.45%", "2013-04-30": "29.85%", "2013-01-31": "29.75%", "2012-10-31": "30.13%", "2012-07-31": "31.97%", "2012-04-30": "30.99%", "2012-01-31": "29.95%", "2011-10-31": "29.45%", "2011-07-31": "28.11%", "2011-04-30": "27.61%", "2011-01-31": "27.46%", "2010-10-31": "25.37%", "2010-07-31": "23.76%", "2010-04-30": "20.07%", "2010-01-31": "16.90%", "2009-10-31": "16.08%", "2009-07-31": "18.73%", "2009-04-30": "22.50%", "2009-01-31": "25.73%", "2008-10-31": "28.83%", "2008-07-31": "28.08%", "2008-04-30": "28.96%", "2008-01-31": "29.02%", "2007-10-31": "29.99%", "2007-07-31": "30.27%", "2007-04-30": "30.59%", "2007-01-31": "31.73%", "2006-10-31": "31.25%", "2006-07-31": "30.50%", "2006-04-30": "27.85%", "2006-01-31": "26.33%", "2005-10-31": "25.90%"}, "return on tangible equity": {"2020-10-31": "39.67%", "2020-07-31": "43.56%", "2020-04-30": "45.58%", "2020-01-31": "48.07%", "2019-10-31": "49.07%", "2019-07-31": "52.53%", "2019-04-30": "59.29%", "2019-01-31": "58.40%", "2018-10-31": "35.77%", "2018-07-31": "31.39%", "2018-04-30": "25.55%", "2018-01-31": "24.06%", "2017-10-31": "42.41%", "2017-07-31": "43.63%", "2017-04-30": "43.60%", "2017-01-31": "42.66%", "2016-10-31": "42.48%", "2016-07-31": "39.57%", "2016-04-30": "38.49%", "2016-01-31": "35.95%", "2015-10-31": "35.58%", "2015-07-31": "36.05%", "2015-04-30": "34.74%", "2015-01-31": "33.44%", "2014-10-31": "31.10%", "2014-07-31": "28.94%", "2014-04-30": "28.32%", "2014-01-31": "29.03%", "2013-10-31": "29.26%", "2013-07-31": "30.17%", "2013-04-30": "31.63%", "2013-01-31": "32.70%", "2012-10-31": "34.15%", "2012-07-31": "37.17%", "2012-04-30": "36.36%", "2012-01-31": "35.81%", "2011-10-31": "35.12%", "2011-07-31": "33.51%", "2011-04-30": "33.60%", "2011-01-31": "33.99%", "2010-10-31": "33.59%", "2010-07-31": "31.92%", "2010-04-30": "27.65%", "2010-01-31": "24.11%", "2009-10-31": "25.78%", "2009-07-31": "29.75%", "2009-04-30": "33.37%", "2009-01-31": "35.98%", "2008-10-31": "34.74%", "2008-07-31": "32.32%", "2008-04-30": "32.82%", "2008-01-31": "33.44%", "2007-10-31": "34.35%", "2007-07-31": "34.03%", "2007-04-30": "33.20%", "2007-01-31": "32.98%", "2006-10-31": "32.46%", "2006-07-31": "33.02%", "2006-04-30": "30.61%", "2006-01-31": "29.34%", "2005-10-31": "29.08%"}, "dividend yield history": {"last payout": "$0.84", "last yield": "1.37%"}}