{"ticker": "DEI", "price": {"title": "Douglas Emmett Historical Annual Stock Price Data", "value": 29.37, "historical": {"2020": {"Average Stock Price": "31.3298", "Year Open": "43.5000", "Year High": "45.3200", "Year Low": "23.2500", "Year Close": "29.1800", "Annual % Change": "-33.53%"}, "2019": {"Average Stock Price": "40.9296", "Year Open": "32.9400", "Year High": "44.8000", "Year Low": "32.8200", "Year Close": "43.9000", "Annual % Change": "28.63%"}, "2018": {"Average Stock Price": "37.5352", "Year Open": "41.0800", "Year High": "41.0800", "Year Low": "32.5400", "Year Close": "34.1300", "Annual % Change": "-16.88%"}, "2017": {"Average Stock Price": "38.8965", "Year Open": "36.7500", "Year High": "41.3900", "Year Low": "36.4600", "Year Close": "41.0600", "Annual % Change": "12.31%"}, "2016": {"Average Stock Price": "33.6515", "Year Open": "30.3400", "Year High": "38.7000", "Year Low": "24.9500", "Year Close": "36.5600", "Annual % Change": "17.25%"}, "2015": {"Average Stock Price": "29.4014", "Year Open": "29.0300", "Year High": "31.7900", "Year Low": "26.8500", "Year Close": "31.1800", "Annual % Change": "9.79%"}, "2014": {"Average Stock Price": "27.3708", "Year Open": "23.4000", "Year High": "29.3800", "Year Low": "23.4000", "Year Close": "28.4000", "Annual % Change": "21.94%"}, "2013": {"Average Stock Price": "24.5356", "Year Open": "23.4300", "Year High": "28.1800", "Year Low": "22.2700", "Year Close": "23.2900", "Annual % Change": "-0.04%"}, "2012": {"Average Stock Price": "22.6161", "Year Open": "18.4600", "Year High": "24.4800", "Year Low": "18.4600", "Year Close": "23.3000", "Annual % Change": "27.74%"}, "2011": {"Average Stock Price": "18.6233", "Year Open": "17.3300", "Year High": "21.0500", "Year Low": "15.5400", "Year Close": "18.2400", "Annual % Change": "9.88%"}, "2010": {"Average Stock Price": "15.9273", "Year Open": "14.1200", "Year High": "18.5600", "Year Low": "13.0000", "Year Close": "16.6000", "Annual % Change": "16.49%"}, "2009": {"Average Stock Price": "10.7110", "Year Open": "12.5700", "Year High": "14.8500", "Year Low": "6.3600", "Year Close": "14.2500", "Annual % Change": "9.11%"}, "2008": {"Average Stock Price": "20.3534", "Year Open": "22.7200", "Year High": "24.9700", "Year Low": "8.2600", "Year Close": "13.0600", "Annual % Change": "-42.24%"}, "2007": {"Average Stock Price": "25.5484", "Year Open": "26.6800", "Year High": "29.0100", "Year Low": "22.6100", "Year Close": "22.6100", "Annual % Change": "-14.97%"}, "2006": {"Average Stock Price": "25.2241", "Year Open": "23.8300", "Year High": "26.6000", "Year Low": "23.0300", "Year Close": "26.5900", "Annual % Change": "0.00%"}}}, "market cap": {"value": "$5.15B"}, "income statement": {"Revenue": {"2019-12-31": "936.68200", "2018-12-31": "881.31600", "2017-12-31": "812.05200", "2016-12-31": "742.55100", "2015-12-31": "635.77400", "2014-12-31": "599.52200", "2013-12-31": "591.51900", "2012-12-31": "578.99900", "2011-12-31": "575.33700", "2010-12-31": "570.84400", "2009-12-31": "571.06000", "2008-12-31": "608.09400", "2007-12-31": "539.62800", "2006-12-31": "435.60800", "2005-12-31": "393.78800"}, "Cost Of Goods Sold": {"2019-12-31": "298.16300", "2018-12-31": "280.86700", "2017-12-31": "258.03400", "2016-12-31": "237.86300", "2015-12-31": "210.41800", "2014-12-31": "201.82400", "2013-12-31": "194.86300", "2012-12-31": "190.39700", "2011-12-31": "187.88100", "2010-12-31": "177.48200", "2009-12-31": "172.19500", "2008-12-31": "183.20300", "2007-12-31": "167.31700", "2006-12-31": "149.20000", "2005-12-31": "135.22600"}, "Gross Profit": {"2019-12-31": "638.51900", "2018-12-31": "600.44900", "2017-12-31": "554.01800", "2016-12-31": "504.68800", "2015-12-31": "425.35600", "2014-12-31": "397.69800", "2013-12-31": "396.65600", "2012-12-31": "388.60200", "2011-12-31": "387.45600", "2010-12-31": "393.36200", "2009-12-31": "398.86500", "2008-12-31": "424.89100", "2007-12-31": "372.31100", "2006-12-31": "286.40800", "2005-12-31": "258.56200"}, "Research And Development Expenses": {"2019-12-31": "", "2018-12-31": "", "2017-12-31": "", "2016-12-31": "", "2015-12-31": "", "2014-12-31": "", "2013-12-31": "", "2012-12-31": "", "2011-12-31": "", "2010-12-31": "", "2009-12-31": "", "2008-12-31": "", "2007-12-31": "", "2006-12-31": "", "2005-12-31": ""}, "SG&A Expenses": {"2019-12-31": "38.06800", "2018-12-31": "38.64100", "2017-12-31": "36.23400", "2016-12-31": "34.95700", "2015-12-31": "30.49600", "2014-12-31": "27.33200", "2013-12-31": "26.61400", "2012-12-31": "27.94300", "2011-12-31": "29.28600", "2010-12-31": "28.30500", "2009-12-31": "23.88700", "2008-12-31": "22.64600", "2007-12-31": "21.48600", "2006-12-31": "48.06400", "2005-12-31": "6.45700"}, "Other Operating Income Or Expenses": {"2019-12-31": "", "2018-12-31": "", "2017-12-31": "", "2016-12-31": "", "2015-12-31": "", "2014-12-31": "", "2013-12-31": "", "2012-12-31": "", "2011-12-31": "", "2010-12-31": "", "2009-12-31": "", "2008-12-31": "", "2007-12-31": "", "2006-12-31": "", "2005-12-31": ""}, "Operating Expenses": {"2019-12-31": "693.97400", "2018-12-31": "629.37200", "2017-12-31": "571.02900", "2016-12-31": "521.73400", "2015-12-31": "446.24700", "2014-12-31": "431.66800", "2013-12-31": "412.82800", "2012-12-31": "403.18900", "2011-12-31": "422.86300", "2010-12-31": "430.81700", "2009-12-31": "422.70200", "2008-12-31": "453.86000", "2007-12-31": "398.39600", "2006-12-31": "325.24100", "2005-12-31": "254.85300"}, "Operating Income": {"2019-12-31": "242.70800", "2018-12-31": "251.94400", "2017-12-31": "241.02300", "2016-12-31": "220.81700", "2015-12-31": "189.52700", "2014-12-31": "167.85400", "2013-12-31": "178.69100", "2012-12-31": "175.81000", "2011-12-31": "152.47400", "2010-12-31": "140.02700", "2009-12-31": "148.35800", "2008-12-31": "154.23400", "2007-12-31": "141.23200", "2006-12-31": "110.36700", "2005-12-31": "138.93500"}, "Total Non-Operating Income/Expense": {"2019-12-31": "175.99000", "2018-12-31": "-123.33200", "2017-12-31": "-136.59600", "2016-12-31": "-124.72700", "2015-12-31": "-120.77200", "2014-12-31": "-115.00000", "2013-12-31": "-125.85400", "2012-12-31": "-147.46500", "2011-12-31": "-150.21600", "2010-12-31": "-172.98300", "2009-12-31": "-182.51500", "2008-12-31": "-190.14700", "2007-12-31": "-159.92100", "2006-12-31": "-121.39600", "2005-12-31": "-59.89400"}, "Pre-Tax Income": {"2019-12-31": "418.69800", "2018-12-31": "128.61200", "2017-12-31": "104.42700", "2016-12-31": "96.09000", "2015-12-31": "68.75500", "2014-12-31": "52.85400", "2013-12-31": "52.83700", "2012-12-31": "28.34500", "2011-12-31": "2.25800", "2010-12-31": "-32.95600", "2009-12-31": "-34.15700", "2008-12-31": "-35.91300", "2007-12-31": "-18.68900", "2006-12-31": "-11.02900", "2005-12-31": "79.04100"}, "Income Taxes": {"2019-12-31": "", "2018-12-31": "", "2017-12-31": "", "2016-12-31": "", "2015-12-31": "", "2014-12-31": "", "2013-12-31": "", "2012-12-31": "", "2011-12-31": "", "2010-12-31": "", "2009-12-31": "", "2008-12-31": "", "2007-12-31": "", "2006-12-31": "", "2005-12-31": ""}, "Income After Taxes": {"2019-12-31": "418.69800", "2018-12-31": "128.61200", "2017-12-31": "104.42700", "2016-12-31": "96.09000", "2015-12-31": "68.75500", "2014-12-31": "52.85400", "2013-12-31": "52.83700", "2012-12-31": "28.34500", "2011-12-31": "2.25800", "2010-12-31": "-32.95600", "2009-12-31": "-34.15700", "2008-12-31": "-35.91300", "2007-12-31": "-18.68900", "2006-12-31": "-11.02900", "2005-12-31": "79.04100"}, "Other Income": {"2019-12-31": "", "2018-12-31": "", "2017-12-31": "", "2016-12-31": "", "2015-12-31": "", "2014-12-31": "", "2013-12-31": "", "2012-12-31": "", "2011-12-31": "", "2010-12-31": "", "2009-12-31": "", "2008-12-31": "", "2007-12-31": "", "2006-12-31": "", "2005-12-31": ""}, "Income From Continuous Operations": {"2019-12-31": "418.69800", "2018-12-31": "128.61200", "2017-12-31": "104.42700", "2016-12-31": "96.09000", "2015-12-31": "68.75500", "2014-12-31": "52.85400", "2013-12-31": "52.83700", "2012-12-31": "28.34500", "2011-12-31": "2.25800", "2010-12-31": "-32.95600", "2009-12-31": "-34.15700", "2008-12-31": "-35.91300", "2007-12-31": "-18.68900", "2006-12-31": "-36.95300", "2005-12-31": "-16.52000"}, "Income From Discontinued Operations": {"2019-12-31": "", "2018-12-31": "", "2017-12-31": "", "2016-12-31": "", "2015-12-31": "", "2014-12-31": "", "2013-12-31": "", "2012-12-31": "", "2011-12-31": "", "2010-12-31": "", "2009-12-31": "", "2008-12-31": "", "2007-12-31": "", "2006-12-31": "", "2005-12-31": ""}, "Net Income": {"2019-12-31": "363.71300", "2018-12-31": "116.08600", "2017-12-31": "94.44300", "2016-12-31": "85.39700", "2015-12-31": "58.38400", "2014-12-31": "44.62100", "2013-12-31": "45.31100", "2012-12-31": "22.94200", "2011-12-31": "1.45100", "2010-12-31": "-26.42300", "2009-12-31": "-27.06400", "2008-12-31": "-27.99300", "2007-12-31": "-13.00800", "2006-12-31": "-36.95300", "2005-12-31": "-16.52000"}, "EBITDA": {"2019-12-31": "598.24000", "2018-12-31": "547.87000", "2017-12-31": "510.61200", "2016-12-31": "460.46000", "2015-12-31": "382.72900", "2014-12-31": "358.37900", "2013-12-31": "358.56300", "2012-12-31": "345.71600", "2011-12-31": "333.14300", "2010-12-31": "362.15500", "2009-12-31": "371.97000", "2008-12-31": "356.68100", "2007-12-31": "347.48600", "2006-12-31": "240.10900", "2005-12-31": "262.58700"}, "EBIT": {"2019-12-31": "242.70800", "2018-12-31": "251.94400", "2017-12-31": "241.02300", "2016-12-31": "220.81700", "2015-12-31": "189.52700", "2014-12-31": "167.85400", "2013-12-31": "178.69100", "2012-12-31": "175.81000", "2011-12-31": "152.47400", "2010-12-31": "140.02700", "2009-12-31": "148.35800", "2008-12-31": "154.23400", "2007-12-31": "141.23200", "2006-12-31": "110.36700", "2005-12-31": "138.93500"}, "Basic Shares Outstanding": {"2019-12-31": "173.35800", "2018-12-31": "169.89300", "2017-12-31": "160.90500", "2016-12-31": "149.29900", "2015-12-31": "146.08900", "2014-12-31": "144.01300", "2013-12-31": "142.55600", "2012-12-31": "139.79100", "2011-12-31": "126.18700", "2010-12-31": "122.71500", "2009-12-31": "121.55300", "2008-12-31": "120.72600", "2007-12-31": "112.64600", "2006-12-31": "115.00600", "2005-12-31": "0.00010"}, "Shares Outstanding": {"2019-12-31": "173.35800", "2018-12-31": "169.90200", "2017-12-31": "161.23000", "2016-12-31": "153.19000", "2015-12-31": "150.60400", "2014-12-31": "148.12100", "2013-12-31": "145.84400", "2012-12-31": "173.12000", "2011-12-31": "159.96600", "2010-12-31": "122.71500", "2009-12-31": "121.55300", "2008-12-31": "120.72600", "2007-12-31": "112.64600", "2006-12-31": "115.00600", "2005-12-31": "0.00010"}, "Basic EPS": {"2019-12-31": "2.09000", "2018-12-31": "0.68000", "2017-12-31": "0.58000", "2016-12-31": "0.57000", "2015-12-31": "0.40000", "2014-12-31": "0.30900", "2013-12-31": "0.31700", "2012-12-31": "0.16000", "2011-12-31": "0.01000", "2010-12-31": "-0.22000", "2009-12-31": "-0.22000", "2008-12-31": "-0.23000", "2007-12-31": "-0.12000", "2006-12-31": "-0.32000", "2005-12-31": "-254154.00000"}, "EPS - Earnings Per Share": {"2019-12-31": "2.09000", "2018-12-31": "0.68000", "2017-12-31": "0.58000", "2016-12-31": "0.55000", "2015-12-31": "0.39000", "2014-12-31": "0.30000", "2013-12-31": "0.30900", "2012-12-31": "0.16000", "2011-12-31": "0.01000", "2010-12-31": "-0.22000", "2009-12-31": "-0.22000", "2008-12-31": "-0.23000", "2007-12-31": "-0.12000", "2006-12-31": "-0.32000", "2005-12-31": "-254154.00000"}}, "income statement, quarterly": {"Revenue": {"2020-09-30": "216.98700", "2020-06-30": "207.79600", "2020-03-31": "251.35000", "2019-12-31": "243.89300", "2019-09-30": "238.06900", "2019-06-30": "230.53400", "2019-03-31": "224.18600", "2018-12-31": "226.26400", "2018-09-30": "223.33600", "2018-06-30": "219.46900", "2018-03-31": "212.24700", "2017-12-31": "209.19000", "2017-09-30": "208.74900", "2017-06-30": "199.63200", "2017-03-31": "194.48100", "2016-12-31": "194.64310", "2016-09-30": "192.12100", "2016-06-30": "187.21500", "2016-03-31": "168.57200", "2015-12-31": "160.43100", "2015-09-30": "160.07700", "2015-06-30": "160.45700", "2015-03-31": "154.80900", "2014-12-31": "151.08300", "2014-09-30": "148.14100", "2014-06-30": "151.42200", "2014-03-31": "148.87600", "2013-12-31": "147.65900", "2013-09-30": "149.68600", "2013-06-30": "148.71600", "2013-03-31": "145.45800", "2012-12-31": "143.15000", "2012-09-30": "145.99300", "2012-06-30": "146.46800", "2012-03-31": "143.38800", "2011-12-31": "143.27890", "2011-09-30": "144.05900", "2011-06-30": "145.40800", "2011-03-31": "142.59100", "2010-12-31": "145.77800", "2010-09-30": "148.07000", "2010-06-30": "139.20900", "2010-03-31": "137.78700", "2009-12-31": "139.42100", "2009-09-30": "140.42700", "2009-06-30": "139.79500", "2009-03-31": "151.41700", "2008-12-31": "155.57000", "2008-09-30": "157.65300", "2008-06-30": "155.06300", "2008-03-31": "139.80800", "2007-12-31": "152.30200", "2007-09-30": "132.46100", "2007-06-30": "126.96200", "2007-03-31": "127.90300", "2006-12-31": "124.56700", "2006-10-31": "", "2006-09-30": "104.86400", "2006-06-30": "103.56700", "2006-03-31": "102.61000", "2005-12-31": "", "2005-09-30": "95.82400"}, "Cost Of Goods Sold": {"2020-09-30": "78.26900", "2020-06-30": "69.15700", "2020-03-31": "79.02000", "2019-12-31": "77.25800", "2019-09-30": "77.88100", "2019-06-30": "72.02000", "2019-03-31": "71.00400", "2018-12-31": "71.65700", "2018-09-30": "73.43000", "2018-06-30": "68.72600", "2018-03-31": "67.05400", "2017-12-31": "64.92800", "2017-09-30": "68.50900", "2017-06-30": "63.76500", "2017-03-31": "60.83200", "2016-12-31": "62.35100", "2016-09-30": "62.87600", "2016-06-30": "58.72200", "2016-03-31": "53.91400", "2015-12-31": "52.54100", "2015-09-30": "55.38600", "2015-06-30": "52.47200", "2015-03-31": "50.01900", "2014-12-31": "50.68600", "2014-09-30": "52.89200", "2014-06-30": "49.75700", "2014-03-31": "48.48900", "2013-12-31": "49.23000", "2013-09-30": "51.65100", "2013-06-30": "47.66400", "2013-03-31": "46.31800", "2012-12-31": "47.85300", "2012-09-30": "49.29200", "2012-06-30": "47.37500", "2012-03-31": "45.87700", "2011-12-31": "46.48300", "2011-09-30": "49.12600", "2011-06-30": "46.91900", "2011-03-31": "45.35300", "2010-12-31": "47.13100", "2010-09-30": "48.03700", "2010-06-30": "41.63200", "2010-03-31": "40.68200", "2009-12-31": "43.16400", "2009-09-30": "43.25100", "2009-06-30": "40.95100", "2009-03-31": "44.82900", "2008-12-31": "48.39100", "2008-09-30": "48.57000", "2008-06-30": "46.02100", "2008-03-31": "40.22100", "2007-12-31": "55.21300", "2007-09-30": "38.67800", "2007-06-30": "35.20900", "2007-03-31": "38.21700", "2006-12-31": "40.11900", "2006-10-31": "", "2006-09-30": "39.25300", "2006-06-30": "36.16500", "2006-03-31": "33.66300", "2005-12-31": "", "2005-09-30": "35.89400"}, "Gross Profit": {"2020-09-30": "138.71800", "2020-06-30": "138.63900", "2020-03-31": "172.33000", "2019-12-31": "166.63500", "2019-09-30": "160.18800", "2019-06-30": "158.51400", "2019-03-31": "153.18200", "2018-12-31": "154.60700", "2018-09-30": "149.90600", "2018-06-30": "150.74300", "2018-03-31": "145.19300", "2017-12-31": "144.26200", "2017-09-30": "140.24000", "2017-06-30": "135.86700", "2017-03-31": "133.64900", "2016-12-31": "132.29210", "2016-09-30": "129.24500", "2016-06-30": "128.49300", "2016-03-31": "114.65800", "2015-12-31": "107.89000", "2015-09-30": "104.69100", "2015-06-30": "107.98500", "2015-03-31": "104.79000", "2014-12-31": "100.39700", "2014-09-30": "95.24900", "2014-06-30": "101.66500", "2014-03-31": "100.38700", "2013-12-31": "98.42900", "2013-09-30": "98.03500", "2013-06-30": "101.05200", "2013-03-31": "99.14000", "2012-12-31": "95.29700", "2012-09-30": "96.70100", "2012-06-30": "99.09300", "2012-03-31": "97.51100", "2011-12-31": "96.79590", "2011-09-30": "94.93300", "2011-06-30": "98.48900", "2011-03-31": "97.23800", "2010-12-31": "98.64700", "2010-09-30": "100.03300", "2010-06-30": "97.57700", "2010-03-31": "97.10500", "2009-12-31": "96.25700", "2009-09-30": "97.17600", "2009-06-30": "98.84400", "2009-03-31": "106.58800", "2008-12-31": "107.17900", "2008-09-30": "109.08300", "2008-06-30": "109.04200", "2008-03-31": "99.58700", "2007-12-31": "97.08900", "2007-09-30": "93.78300", "2007-06-30": "91.75300", "2007-03-31": "89.68600", "2006-12-31": "84.44800", "2006-10-31": "", "2006-09-30": "65.61100", "2006-06-30": "67.40200", "2006-03-31": "68.94700", "2005-12-31": "", "2005-09-30": "59.93000"}, "Research And Development Expenses": {"2020-09-30": "", "2020-06-30": "", "2020-03-31": "", "2019-12-31": "", "2019-09-30": "", "2019-06-30": "", "2019-03-31": "", "2018-12-31": "", "2018-09-30": "", "2018-06-30": "", "2018-03-31": "", "2017-12-31": "", "2017-09-30": "", "2017-06-30": "", "2017-03-31": "", "2016-12-31": "", "2016-09-30": "", "2016-06-30": "", "2016-03-31": "", "2015-12-31": "", "2015-09-30": "", "2015-06-30": "", "2015-03-31": "", "2014-12-31": "", "2014-09-30": "", "2014-06-30": "", "2014-03-31": "", "2013-12-31": "", "2013-09-30": "", "2013-06-30": "", "2013-03-31": "", "2012-12-31": "", "2012-09-30": "", "2012-06-30": "", "2012-03-31": "", "2011-12-31": "", "2011-09-30": "", "2011-06-30": "", "2011-03-31": "", "2010-12-31": "", "2010-09-30": "", "2010-06-30": "", "2010-03-31": "", "2009-12-31": "", "2009-09-30": "", "2009-06-30": "", "2009-03-31": "", "2008-12-31": "", "2008-09-30": "", "2008-06-30": "", "2008-03-31": "", "2007-12-31": "", "2007-09-30": "", "2007-06-30": "", "2007-03-31": "", "2006-12-31": "", "2006-10-31": "", "2006-09-30": "", "2006-06-30": "", "2006-03-31": "", "2005-12-31": "", "2005-09-30": ""}, "SG&A Expenses": {"2020-09-30": "9.46900", "2020-06-30": "9.86300", "2020-03-31": "10.33500", "2019-12-31": "9.85900", "2019-09-30": "9.21800", "2019-06-30": "9.15900", "2019-03-31": "9.83200", "2018-12-31": "10.19700", "2018-09-30": "9.44000", "2018-06-30": "9.43700", "2018-03-31": "9.56700", "2017-12-31": "9.04500", "2017-09-30": "8.44100", "2017-06-30": "8.59200", "2017-03-31": "10.15600", "2016-12-31": "9.38400", "2016-09-30": "8.09900", "2016-06-30": "9.40300", "2016-03-31": "8.07100", "2015-12-31": "8.79500", "2015-09-30": "6.86700", "2015-06-30": "7.47300", "2015-03-31": "7.36100", "2014-12-31": "7.15100", "2014-09-30": "6.65800", "2014-06-30": "6.71200", "2014-03-31": "6.81100", "2013-12-31": "5.89000", "2013-09-30": "6.54600", "2013-06-30": "7.08200", "2013-03-31": "7.09600", "2012-12-31": "7.89200", "2012-09-30": "6.61000", "2012-06-30": "6.74100", "2012-03-31": "6.70000", "2011-12-31": "8.02600", "2011-09-30": "6.95400", "2011-06-30": "6.82000", "2011-03-31": "7.48600", "2010-12-31": "9.41000", "2010-09-30": "7.10100", "2010-06-30": "5.94400", "2010-03-31": "5.85000", "2009-12-31": "5.99200", "2009-09-30": "5.58500", "2009-06-30": "5.95900", "2009-03-31": "6.35100", "2008-12-31": "6.38900", "2008-09-30": "5.24300", "2008-06-30": "5.72900", "2008-03-31": "5.28500", "2007-12-31": "5.46200", "2007-09-30": "5.86200", "2007-06-30": "5.12000", "2007-03-31": "5.04200", "2006-12-31": "34.51300", "2006-10-31": "", "2006-09-30": "10.41500", "2006-06-30": "1.43100", "2006-03-31": "1.70500", "2005-12-31": "", "2005-09-30": "1.65200"}, "Other Operating Income Or Expenses": {"2020-09-30": "", "2020-06-30": "", "2020-03-31": "", "2019-12-31": "", "2019-09-30": "", "2019-06-30": "", "2019-03-31": "", "2018-12-31": "", "2018-09-30": "", "2018-06-30": "", "2018-03-31": "", "2017-12-31": "", "2017-09-30": "", "2017-06-30": "", "2017-03-31": "", "2016-12-31": "", "2016-09-30": "", "2016-06-30": "", "2016-03-31": "", "2015-12-31": "", "2015-09-30": "", "2015-06-30": "", "2015-03-31": "", "2014-12-31": "", "2014-09-30": "", "2014-06-30": "", "2014-03-31": "", "2013-12-31": "", "2013-09-30": "", "2013-06-30": "", "2013-03-31": "", "2012-12-31": "", "2012-09-30": "", "2012-06-30": "", "2012-03-31": "", "2011-12-31": "", "2011-09-30": "", "2011-06-30": "", "2011-03-31": "", "2010-12-31": "", "2010-09-30": "", "2010-06-30": "", "2010-03-31": "", "2009-12-31": "", "2009-09-30": "", "2009-06-30": "", "2009-03-31": "", "2008-12-31": "", "2008-09-30": "", "2008-06-30": "", "2008-03-31": "", "2007-12-31": "", "2007-09-30": "", "2007-06-30": "", "2007-03-31": "", "2006-12-31": "", "2006-10-31": "", "2006-09-30": "", "2006-06-30": "", "2006-03-31": "", "2005-12-31": "", "2005-09-30": ""}, "Operating Expenses": {"2020-09-30": "182.69000", "2020-06-30": "177.78500", "2020-03-31": "187.13200", "2019-12-31": "195.98400", "2019-09-30": "177.37800", "2019-06-30": "159.90300", "2019-03-31": "160.70900", "2018-12-31": "171.77400", "2018-09-30": "156.93700", "2018-06-30": "151.54200", "2018-03-31": "149.11900", "2017-12-31": "144.59300", "2017-09-30": "146.92400", "2017-06-30": "141.15000", "2017-03-31": "138.36200", "2016-12-31": "138.70200", "2016-09-30": "134.80200", "2016-06-30": "130.69300", "2016-03-31": "117.53700", "2015-12-31": "113.36000", "2015-09-30": "114.48200", "2015-06-30": "111.19100", "2015-03-31": "107.21400", "2014-12-31": "109.10000", "2014-09-30": "109.66100", "2014-06-30": "107.40800", "2014-03-31": "105.49900", "2013-12-31": "104.94300", "2013-09-30": "105.59900", "2013-06-30": "102.84800", "2013-03-31": "99.43800", "2012-12-31": "101.52300", "2012-09-30": "102.44800", "2012-06-30": "100.84400", "2012-03-31": "98.37400", "2011-12-31": "100.06600", "2011-09-30": "101.95200", "2011-06-30": "110.85300", "2011-03-31": "109.99200", "2010-12-31": "113.69700", "2010-09-30": "112.75900", "2010-06-30": "102.49700", "2010-03-31": "101.86400", "2009-12-31": "103.44400", "2009-09-30": "104.36500", "2009-06-30": "102.63900", "2009-03-31": "112.25400", "2008-12-31": "118.57300", "2008-09-30": "117.42400", "2008-06-30": "115.60800", "2008-03-31": "102.25500", "2007-12-31": "118.02400", "2007-09-30": "95.16900", "2007-06-30": "90.82300", "2007-03-31": "94.38000", "2006-12-31": "117.38900", "2006-10-31": "", "2006-09-30": "81.27200", "2006-06-30": "65.42900", "2006-03-31": "61.15100", "2005-12-31": "", "2005-09-30": "63.58300"}, "Operating Income": {"2020-09-30": "34.29700", "2020-06-30": "30.01100", "2020-03-31": "64.21800", "2019-12-31": "47.90900", "2019-09-30": "60.69100", "2019-06-30": "70.63100", "2019-03-31": "63.47700", "2018-12-31": "54.49000", "2018-09-30": "66.39900", "2018-06-30": "67.92700", "2018-03-31": "63.12800", "2017-12-31": "64.59700", "2017-09-30": "61.82500", "2017-06-30": "58.48200", "2017-03-31": "56.11900", "2016-12-31": "55.94100", "2016-09-30": "57.31900", "2016-06-30": "56.52200", "2016-03-31": "51.03500", "2015-12-31": "47.07100", "2015-09-30": "45.59500", "2015-06-30": "49.26600", "2015-03-31": "47.59500", "2014-12-31": "41.98300", "2014-09-30": "38.48000", "2014-06-30": "44.01400", "2014-03-31": "43.37700", "2013-12-31": "42.71600", "2013-09-30": "44.08700", "2013-06-30": "45.86800", "2013-03-31": "46.02000", "2012-12-31": "41.62700", "2012-09-30": "43.54500", "2012-06-30": "45.62400", "2012-03-31": "45.01400", "2011-12-31": "43.21290", "2011-09-30": "42.10700", "2011-06-30": "34.55500", "2011-03-31": "32.59900", "2010-12-31": "32.08100", "2010-09-30": "35.31100", "2010-06-30": "36.71200", "2010-03-31": "35.92300", "2009-12-31": "35.97700", "2009-09-30": "36.06200", "2009-06-30": "37.15600", "2009-03-31": "39.16300", "2008-12-31": "36.99700", "2008-09-30": "40.22900", "2008-06-30": "39.45500", "2008-03-31": "37.55300", "2007-12-31": "34.27800", "2007-09-30": "37.29200", "2007-06-30": "36.13900", "2007-03-31": "33.52300", "2006-12-31": "7.17800", "2006-10-31": "", "2006-09-30": "23.59200", "2006-06-30": "38.13800", "2006-03-31": "41.45900", "2005-12-31": "", "2005-09-30": "32.24100"}, "Total Non-Operating Income/Expense": {"2020-09-30": "-36.15600", "2020-06-30": "-35.48300", "2020-03-31": "-34.50400", "2019-12-31": "274.72000", "2019-09-30": "-37.27000", "2019-06-30": "-30.77100", "2019-03-31": "-30.68900", "2018-12-31": "-30.95800", "2018-09-30": "-30.98300", "2018-06-30": "-30.89400", "2018-03-31": "-30.49700", "2017-12-31": "-32.61100", "2017-09-30": "-33.31700", "2017-06-30": "-36.32900", "2017-03-31": "-34.33900", "2016-12-31": "-33.47500", "2016-09-30": "-21.52100", "2016-06-30": "-34.74200", "2016-03-31": "-34.98900", "2015-12-31": "-30.46500", "2015-09-30": "-31.43600", "2015-06-30": "-33.37200", "2015-03-31": "-25.49900", "2014-12-31": "-29.18500", "2014-09-30": "-29.79900", "2014-06-30": "-28.09700", "2014-03-31": "-27.91900", "2013-12-31": "-32.21200", "2013-09-30": "-31.34400", "2013-06-30": "-30.89000", "2013-03-31": "-31.40800", "2012-12-31": "-34.28700", "2012-09-30": "-37.31700", "2012-06-30": "-37.54900", "2012-03-31": "-38.31200", "2011-12-31": "-38.80500", "2011-09-30": "-37.70300", "2011-06-30": "-40.76400", "2011-03-31": "-32.94400", "2010-12-31": "-38.52000", "2010-09-30": "-40.05400", "2010-06-30": "-48.01700", "2010-03-31": "-46.39200", "2009-12-31": "-47.25400", "2009-09-30": "-47.17400", "2009-06-30": "-46.67400", "2009-03-31": "-41.41300", "2008-12-31": "-45.05600", "2008-09-30": "-52.62900", "2008-06-30": "-51.66800", "2008-03-31": "-40.79400", "2007-12-31": "-42.46100", "2007-09-30": "-41.29900", "2007-06-30": "-37.94100", "2007-03-31": "-38.22000", "2006-12-31": "-39.49300", "2006-10-31": "", "2006-09-30": "-92.61100", "2006-06-30": "-5.17100", "2006-03-31": "15.87900", "2005-12-31": "", "2005-09-30": "35.12100"}, "Pre-Tax Income": {"2020-09-30": "-1.85900", "2020-06-30": "-5.47200", "2020-03-31": "29.71400", "2019-12-31": "322.62900", "2019-09-30": "23.42100", "2019-06-30": "39.86000", "2019-03-31": "32.78800", "2018-12-31": "23.53200", "2018-09-30": "35.41600", "2018-06-30": "37.03300", "2018-03-31": "32.63100", "2017-12-31": "31.98600", "2017-09-30": "28.50800", "2017-06-30": "22.15300", "2017-03-31": "21.78000", "2016-12-31": "22.46600", "2016-09-30": "35.79800", "2016-06-30": "21.78000", "2016-03-31": "16.04600", "2015-12-31": "16.60600", "2015-09-30": "14.15900", "2015-06-30": "15.89400", "2015-03-31": "22.09600", "2014-12-31": "12.79800", "2014-09-30": "8.68100", "2014-06-30": "15.91700", "2014-03-31": "15.45800", "2013-12-31": "10.50400", "2013-09-30": "12.74300", "2013-06-30": "14.97800", "2013-03-31": "14.61200", "2012-12-31": "7.34000", "2012-09-30": "6.22800", "2012-06-30": "8.07500", "2012-03-31": "6.70200", "2011-12-31": "4.40800", "2011-09-30": "4.40400", "2011-06-30": "-6.20900", "2011-03-31": "-0.34500", "2010-12-31": "-6.43900", "2010-09-30": "-4.74300", "2010-06-30": "-11.30500", "2010-03-31": "-10.46900", "2009-12-31": "-11.27700", "2009-09-30": "-11.11200", "2009-06-30": "-9.51800", "2009-03-31": "-2.25000", "2008-12-31": "-8.05900", "2008-09-30": "-12.40000", "2008-06-30": "-12.21300", "2008-03-31": "-3.24100", "2007-12-31": "-8.18300", "2007-09-30": "-4.00700", "2007-06-30": "-1.80200", "2007-03-31": "-4.69700", "2006-12-31": "-32.31500", "2006-10-31": "", "2006-09-30": "-69.01900", "2006-06-30": "32.96700", "2006-03-31": "57.33800", "2005-12-31": "", "2005-09-30": "67.36200"}, "Income Taxes": {"2020-09-30": "", "2020-06-30": "", "2020-03-31": "", "2019-12-31": "", "2019-09-30": "", "2019-06-30": "", "2019-03-31": "", "2018-12-31": "", "2018-09-30": "", "2018-06-30": "", "2018-03-31": "", "2017-12-31": "", "2017-09-30": "", "2017-06-30": "", "2017-03-31": "", "2016-12-31": "", "2016-09-30": "", "2016-06-30": "", "2016-03-31": "", "2015-12-31": "", "2015-09-30": "", "2015-06-30": "", "2015-03-31": "", "2014-12-31": "", "2014-09-30": "", "2014-06-30": "", "2014-03-31": "", "2013-12-31": "", "2013-09-30": "", "2013-06-30": "", "2013-03-31": "", "2012-12-31": "", "2012-09-30": "", "2012-06-30": "", "2012-03-31": "", "2011-12-31": "", "2011-09-30": "", "2011-06-30": "", "2011-03-31": "", "2010-12-31": "", "2010-09-30": "", "2010-06-30": "", "2010-03-31": "", "2009-12-31": "", "2009-09-30": "", "2009-06-30": "", "2009-03-31": "", "2008-12-31": "", "2008-09-30": "", "2008-06-30": "", "2008-03-31": "", "2007-12-31": "", "2007-09-30": "", "2007-06-30": "", "2007-03-31": "", "2006-12-31": "", "2006-10-31": "", "2006-09-30": "", "2006-06-30": "", "2006-03-31": "", "2005-12-31": "", "2005-09-30": ""}, "Income After Taxes": {"2020-09-30": "-1.85900", "2020-06-30": "-5.47200", "2020-03-31": "29.71400", "2019-12-31": "322.62900", "2019-09-30": "23.42100", "2019-06-30": "39.86000", "2019-03-31": "32.78800", "2018-12-31": "23.53200", "2018-09-30": "35.41600", "2018-06-30": "37.03300", "2018-03-31": "32.63100", "2017-12-31": "31.98600", "2017-09-30": "28.50800", "2017-06-30": "22.15300", "2017-03-31": "21.78000", "2016-12-31": "22.46600", "2016-09-30": "35.79800", "2016-06-30": "21.78000", "2016-03-31": "16.04600", "2015-12-31": "16.60600", "2015-09-30": "14.15900", "2015-06-30": "15.89400", "2015-03-31": "22.09600", "2014-12-31": "12.79800", "2014-09-30": "8.68100", "2014-06-30": "15.91700", "2014-03-31": "15.45800", "2013-12-31": "10.50400", "2013-09-30": "12.74300", "2013-06-30": "14.97800", "2013-03-31": "14.61200", "2012-12-31": "7.34000", "2012-09-30": "6.22800", "2012-06-30": "8.07500", "2012-03-31": "6.70200", "2011-12-31": "4.40800", "2011-09-30": "4.40400", "2011-06-30": "-6.20900", "2011-03-31": "-0.34500", "2010-12-31": "-6.43900", "2010-09-30": "-4.74300", "2010-06-30": "-11.30500", "2010-03-31": "-10.46900", "2009-12-31": "-11.27700", "2009-09-30": "-11.11200", "2009-06-30": "-9.51800", "2009-03-31": "-2.25000", "2008-12-31": "-8.05900", "2008-09-30": "-12.40000", "2008-06-30": "-12.21300", "2008-03-31": "-3.24100", "2007-12-31": "-8.18300", "2007-09-30": "-4.00700", "2007-06-30": "-1.80200", "2007-03-31": "-4.69700", "2006-12-31": "-32.31500", "2006-10-31": "", "2006-09-30": "-69.01900", "2006-06-30": "32.96700", "2006-03-31": "57.33800", "2005-12-31": "", "2005-09-30": "67.36200"}, "Other Income": {"2020-09-30": "", "2020-06-30": "", "2020-03-31": "", "2019-12-31": "", "2019-09-30": "", "2019-06-30": "", "2019-03-31": "", "2018-12-31": "", "2018-09-30": "", "2018-06-30": "", "2018-03-31": "", "2017-12-31": "", "2017-09-30": "", "2017-06-30": "", "2017-03-31": "", "2016-12-31": "", "2016-09-30": "", "2016-06-30": "", "2016-03-31": "", "2015-12-31": "", "2015-09-30": "", "2015-06-30": "", "2015-03-31": "", "2014-12-31": "", "2014-09-30": "", "2014-06-30": "", "2014-03-31": "", "2013-12-31": "", "2013-09-30": "", "2013-06-30": "", "2013-03-31": "", "2012-12-31": "", "2012-09-30": "", "2012-06-30": "", "2012-03-31": "", "2011-12-31": "", "2011-09-30": "", "2011-06-30": "", "2011-03-31": "", "2010-12-31": "", "2010-09-30": "", "2010-06-30": "", "2010-03-31": "", "2009-12-31": "", "2009-09-30": "", "2009-06-30": "", "2009-03-31": "", "2008-12-31": "", "2008-09-30": "", "2008-06-30": "", "2008-03-31": "", "2007-12-31": "", "2007-09-30": "", "2007-06-30": "", "2007-03-31": "", "2006-12-31": "", "2006-10-31": "", "2006-09-30": "", "2006-06-30": "", "2006-03-31": "", "2005-12-31": "", "2005-09-30": ""}, "Income From Continuous Operations": {"2020-09-30": "-1.85900", "2020-06-30": "-5.47200", "2020-03-31": "29.71400", "2019-12-31": "322.62900", "2019-09-30": "23.42100", "2019-06-30": "39.86000", "2019-03-31": "32.78800", "2018-12-31": "23.53200", "2018-09-30": "35.41600", "2018-06-30": "37.03300", "2018-03-31": "32.63100", "2017-12-31": "31.98600", "2017-09-30": "28.50800", "2017-06-30": "22.15300", "2017-03-31": "21.78000", "2016-12-31": "22.46600", "2016-09-30": "35.79800", "2016-06-30": "21.78000", "2016-03-31": "16.04600", "2015-12-31": "16.60600", "2015-09-30": "14.15900", "2015-06-30": "15.89400", "2015-03-31": "22.09600", "2014-12-31": "12.79800", "2014-09-30": "8.68100", "2014-06-30": "15.91700", "2014-03-31": "15.45800", "2013-12-31": "10.50400", "2013-09-30": "12.74300", "2013-06-30": "14.97800", "2013-03-31": "14.61200", "2012-12-31": "7.34000", "2012-09-30": "6.22800", "2012-06-30": "8.07500", "2012-03-31": "6.70200", "2011-12-31": "4.40800", "2011-09-30": "4.40400", "2011-06-30": "-6.20900", "2011-03-31": "-0.34500", "2010-12-31": "-6.43900", "2010-09-30": "-4.74300", "2010-06-30": "-11.30500", "2010-03-31": "-10.46900", "2009-12-31": "-11.27700", "2009-09-30": "-11.11200", "2009-06-30": "-9.51800", "2009-03-31": "-2.25000", "2008-12-31": "-8.05900", "2008-09-30": "-12.40000", "2008-06-30": "-12.21300", "2008-03-31": "-3.24100", "2007-12-31": "-11.37100", "2007-09-30": "-2.78500", "2007-06-30": "-1.26000", "2007-03-31": "-3.27300", "2006-12-31": "-29.06800", "2006-10-31": "", "2006-09-30": "-25.70600", "2006-06-30": "5.32900", "2006-03-31": "12.49200", "2005-12-31": "", "2005-09-30": "16.31700"}, "Income From Discontinued Operations": {"2020-09-30": "", "2020-06-30": "", "2020-03-31": "", "2019-12-31": "", "2019-09-30": "", "2019-06-30": "", "2019-03-31": "", "2018-12-31": "", "2018-09-30": "", "2018-06-30": "", "2018-03-31": "", "2017-12-31": "", "2017-09-30": "", "2017-06-30": "", "2017-03-31": "", "2016-12-31": "", "2016-09-30": "", "2016-06-30": "", "2016-03-31": "", "2015-12-31": "", "2015-09-30": "", "2015-06-30": "", "2015-03-31": "", "2014-12-31": "", "2014-09-30": "", "2014-06-30": "", "2014-03-31": "", "2013-12-31": "", "2013-09-30": "", "2013-06-30": "", "2013-03-31": "", "2012-12-31": "", "2012-09-30": "", "2012-06-30": "", "2012-03-31": "", "2011-12-31": "", "2011-09-30": "", "2011-06-30": "", "2011-03-31": "", "2010-12-31": "", "2010-09-30": "", "2010-06-30": "", "2010-03-31": "", "2009-12-31": "", "2009-09-30": "", "2009-06-30": "", "2009-03-31": "", "2008-12-31": "", "2008-09-30": "", "2008-06-30": "", "2008-03-31": "", "2007-12-31": "", "2007-09-30": "", "2007-06-30": "", "2007-03-31": "", "2006-12-31": "", "2006-10-31": "", "2006-09-30": "", "2006-06-30": "", "2006-03-31": "", "2005-12-31": "", "2005-09-30": ""}, "Net Income": {"2020-09-30": "3.77300", "2020-06-30": "2.03000", "2020-03-31": "26.92300", "2019-12-31": "278.55800", "2019-09-30": "22.48800", "2019-06-30": "33.96600", "2019-03-31": "28.70100", "2018-12-31": "25.63500", "2018-09-30": "30.56100", "2018-06-30": "31.68400", "2018-03-31": "28.20600", "2017-12-31": "29.53600", "2017-09-30": "25.61400", "2017-06-30": "20.24400", "2017-03-31": "19.04900", "2016-12-31": "19.70100", "2016-09-30": "31.84800", "2016-06-30": "18.48200", "2016-03-31": "15.36600", "2015-12-31": "14.16700", "2015-09-30": "12.07000", "2015-06-30": "13.44800", "2015-03-31": "18.69900", "2014-12-31": "10.89300", "2014-09-30": "7.38900", "2014-06-30": "13.36300", "2014-03-31": "12.97600", "2013-12-31": "8.84300", "2013-09-30": "10.75100", "2013-06-30": "13.63500", "2013-03-31": "12.08200", "2012-12-31": "5.97400", "2012-09-30": "5.05500", "2012-06-30": "6.52700", "2012-03-31": "5.38600", "2011-12-31": "3.41900", "2011-09-30": "3.39700", "2011-06-30": "-5.01600", "2011-03-31": "-0.34900", "2010-12-31": "-5.24900", "2010-09-30": "-3.89600", "2010-06-30": "-8.99100", "2010-03-31": "-8.28700", "2009-12-31": "-8.90900", "2009-09-30": "-8.80600", "2009-06-30": "-7.48200", "2009-03-31": "-1.86700", "2008-12-31": "-6.36900", "2008-09-30": "-9.69600", "2008-06-30": "-9.42800", "2008-03-31": "-2.50000", "2007-12-31": "-5.69000", "2007-09-30": "-2.78500", "2007-06-30": "-1.26000", "2007-03-31": "-3.27300", "2006-12-31": "-29.06800", "2006-10-31": "", "2006-09-30": "-25.70600", "2006-06-30": "5.32900", "2006-03-31": "12.49200", "2005-12-31": "", "2005-09-30": "16.31700"}, "EBITDA": {"2020-09-30": "127.19100", "2020-06-30": "124.54800", "2020-03-31": "159.40000", "2019-12-31": "156.63400", "2019-09-30": "153.13900", "2019-06-30": "147.37100", "2019-03-31": "141.09600", "2018-12-31": "141.58300", "2018-09-30": "137.47300", "2018-06-30": "137.08200", "2018-03-31": "131.73200", "2017-12-31": "134.47000", "2017-09-30": "129.32800", "2017-06-30": "125.41500", "2017-03-31": "121.39900", "2016-12-31": "121.58200", "2016-09-30": "113.54100", "2016-06-30": "120.73500", "2016-03-31": "104.60200", "2015-12-31": "97.63400", "2015-09-30": "96.12000", "2015-06-30": "99.57300", "2015-03-31": "89.40200", "2014-12-31": "88.73800", "2014-09-30": "86.20100", "2014-06-30": "92.41500", "2014-03-31": "91.02500", "2013-12-31": "90.05800", "2013-09-30": "88.45400", "2013-06-30": "90.91500", "2013-03-31": "89.13600", "2012-12-31": "84.19600", "2012-09-30": "77.36600", "2012-06-30": "93.24800", "2012-03-31": "90.90600", "2011-12-31": "84.65690", "2011-09-30": "70.41100", "2011-06-30": "97.10300", "2011-03-31": "80.97200", "2010-12-31": "88.96400", "2010-09-30": "106.02400", "2010-06-30": "76.79300", "2010-03-31": "90.37400", "2009-12-31": "114.89600", "2009-09-30": "83.27800", "2009-06-30": "74.18100", "2009-03-31": "99.61500", "2008-12-31": "89.66900", "2008-09-30": "92.58300", "2008-06-30": "91.12300", "2008-03-31": "83.30600", "2007-12-31": "90.83700", "2007-09-30": "87.07700", "2007-06-30": "85.77400", "2007-03-31": "83.79800", "2006-12-31": "49.39600", "2006-10-31": "", "2006-09-30": "55.82100", "2006-06-30": "67.00000", "2006-03-31": "67.89200", "2005-12-31": "", "2005-09-30": "32.24100"}, "EBIT": {"2020-09-30": "34.29700", "2020-06-30": "30.01100", "2020-03-31": "64.21800", "2019-12-31": "47.90900", "2019-09-30": "60.69100", "2019-06-30": "70.63100", "2019-03-31": "63.47700", "2018-12-31": "54.49000", "2018-09-30": "66.39900", "2018-06-30": "67.92700", "2018-03-31": "63.12800", "2017-12-31": "64.59700", "2017-09-30": "61.82500", "2017-06-30": "58.48200", "2017-03-31": "56.11900", "2016-12-31": "55.94100", "2016-09-30": "57.31900", "2016-06-30": "56.52200", "2016-03-31": "51.03500", "2015-12-31": "47.07100", "2015-09-30": "45.59500", "2015-06-30": "49.26600", "2015-03-31": "47.59500", "2014-12-31": "41.98300", "2014-09-30": "38.48000", "2014-06-30": "44.01400", "2014-03-31": "43.37700", "2013-12-31": "42.71600", "2013-09-30": "44.08700", "2013-06-30": "45.86800", "2013-03-31": "46.02000", "2012-12-31": "41.62700", "2012-09-30": "43.54500", "2012-06-30": "45.62400", "2012-03-31": "45.01400", "2011-12-31": "43.21300", "2011-09-30": "42.10700", "2011-06-30": "34.55500", "2011-03-31": "32.59900", "2010-12-31": "32.08100", "2010-09-30": "35.31100", "2010-06-30": "36.71200", "2010-03-31": "35.92300", "2009-12-31": "35.97700", "2009-09-30": "36.06200", "2009-06-30": "37.15600", "2009-03-31": "39.16300", "2008-12-31": "36.99700", "2008-09-30": "40.22900", "2008-06-30": "39.45500", "2008-03-31": "37.55300", "2007-12-31": "34.27800", "2007-09-30": "37.29200", "2007-06-30": "36.13900", "2007-03-31": "33.52300", "2006-12-31": "7.17800", "2006-10-31": "", "2006-09-30": "23.59200", "2006-06-30": "38.13800", "2006-03-31": "41.45900", "2005-12-31": "", "2005-09-30": "32.24100"}, "Basic Shares Outstanding": {"2020-09-30": "175.37500", "2020-06-30": "175.37500", "2020-03-31": "175.37300", "2019-12-31": "173.35800", "2019-09-30": "175.27800", "2019-06-30": "172.49800", "2019-03-31": "170.22100", "2018-12-31": "169.89300", "2018-09-30": "169.92600", "2018-06-30": "169.91600", "2018-03-31": "169.60100", "2017-12-31": "160.90500", "2017-09-30": "165.47100", "2017-06-30": "155.89800", "2017-03-31": "152.49000", "2016-12-31": "149.29900", "2016-09-30": "150.75300", "2016-06-30": "147.72200", "2016-03-31": "147.23600", "2015-12-31": "146.08900", "2015-09-30": "146.33100", "2015-06-30": "145.89800", "2015-03-31": "145.32700", "2014-12-31": "144.01300", "2014-09-30": "144.36100", "2014-06-30": "143.71700", "2014-03-31": "143.14000", "2013-12-31": "142.55600", "2013-09-30": "142.59800", "2013-06-30": "142.58100", "2013-03-31": "142.44000", "2012-12-31": "139.79100", "2012-09-30": "140.30100", "2012-06-30": "139.65100", "2012-03-31": "138.39900", "2011-12-31": "126.18700", "2011-09-30": "127.46200", "2011-06-30": "124.61000", "2011-03-31": "124.21000", "2010-12-31": "122.71500", "2010-09-30": "123.07700", "2010-06-30": "122.33200", "2010-03-31": "121.64400", "2009-12-31": "121.55300", "2009-09-30": "121.48600", "2009-06-30": "121.31900", "2009-03-31": "121.84200", "2008-12-31": "120.72600", "2008-09-30": "121.50900", "2008-06-30": "121.31350", "2008-03-31": "118.28400", "2007-12-31": "112.64600", "2007-09-30": "110.95600", "2007-06-30": "114.86200", "2007-03-31": "115.00590", "2006-12-31": "115.00600", "2006-10-31": "", "2006-09-30": "0.00010", "2006-06-30": "0.00010", "2006-03-31": "0.00010", "2005-12-31": "", "2005-09-30": "0.00010"}, "Shares Outstanding": {"2020-09-30": "175.37500", "2020-06-30": "175.37500", "2020-03-31": "175.37300", "2019-12-31": "173.35800", "2019-09-30": "175.27800", "2019-06-30": "172.49800", "2019-03-31": "170.22100", "2018-12-31": "169.90200", "2018-09-30": "169.93100", "2018-06-30": "169.92600", "2018-03-31": "169.62500", "2017-12-31": "161.23000", "2017-09-30": "165.52000", "2017-06-30": "155.95200", "2017-03-31": "153.65500", "2016-12-31": "153.19000", "2016-09-30": "153.41900", "2016-06-30": "152.80500", "2016-03-31": "151.45100", "2015-12-31": "150.60400", "2015-09-30": "150.74000", "2015-06-30": "150.30400", "2015-03-31": "149.80200", "2014-12-31": "148.12100", "2014-09-30": "148.64100", "2014-06-30": "147.94500", "2014-03-31": "146.86100", "2013-12-31": "145.84400", "2013-09-30": "174.75600", "2013-06-30": "175.25200", "2013-03-31": "174.57900", "2012-12-31": "173.12000", "2012-09-30": "173.82500", "2012-06-30": "173.19300", "2012-03-31": "171.81600", "2011-12-31": "159.96600", "2011-09-30": "161.18600", "2011-06-30": "124.61000", "2011-03-31": "124.21000", "2010-12-31": "122.71500", "2010-09-30": "123.07700", "2010-06-30": "122.33200", "2010-03-31": "121.64400", "2009-12-31": "121.55300", "2009-09-30": "121.48600", "2009-06-30": "121.31900", "2009-03-31": "121.84200", "2008-12-31": "120.72600", "2008-09-30": "121.50900", "2008-06-30": "121.31350", "2008-03-31": "118.28400", "2007-12-31": "112.64600", "2007-09-30": "110.95600", "2007-06-30": "114.86200", "2007-03-31": "115.00590", "2006-12-31": "115.00600", "2006-10-31": "", "2006-09-30": "0.00010", "2006-06-30": "0.00010", "2006-03-31": "0.00010", "2005-12-31": "", "2005-09-30": "0.00010"}, "Basic EPS": {"2020-09-30": "0.02000", "2020-06-30": "0.01000", "2020-03-31": "0.15000", "2019-12-31": "1.59000", "2019-09-30": "0.13000", "2019-06-30": "0.20000", "2019-03-31": "0.17000", "2018-12-31": "0.14000", "2018-09-30": "0.18000", "2018-06-30": "0.19000", "2018-03-31": "0.17000", "2017-12-31": "0.18000", "2017-09-30": "0.15000", "2017-06-30": "0.13000", "2017-03-31": "0.12000", "2016-12-31": "0.13200", "2016-09-30": "0.21000", "2016-06-30": "0.12400", "2016-03-31": "0.10400", "2015-12-31": "0.09800", "2015-09-30": "0.08200", "2015-06-30": "0.09200", "2015-03-31": "0.12800", "2014-12-31": "0.07500", "2014-09-30": "0.05100", "2014-06-30": "0.09300", "2014-03-31": "0.09000", "2013-12-31": "0.05700", "2013-09-30": "0.08000", "2013-06-30": "0.10000", "2013-03-31": "0.08000", "2012-12-31": "0.03000", "2012-09-30": "0.04000", "2012-06-30": "0.05000", "2012-03-31": "0.04000", "2011-12-31": "0.02000", "2011-09-30": "0.03000", "2011-06-30": "-0.04000", "2011-03-31": "0.00000", "2010-12-31": "-0.05000", "2010-09-30": "-0.03000", "2010-06-30": "-0.07000", "2010-03-31": "-0.07000", "2009-12-31": "-0.07000", "2009-09-30": "-0.07000", "2009-06-30": "-0.06000", "2009-03-31": "-0.02000", "2008-12-31": "-0.05000", "2008-09-30": "-0.08000", "2008-06-30": "-0.08000", "2008-03-31": "-0.02000", "2007-12-31": "-0.05000", "2007-09-30": "-0.03000", "2007-06-30": "-0.01000", "2007-03-31": "-0.03000", "2006-12-31": "121306.70000", "2006-10-31": "", "2006-09-30": "-395477.00000", "2006-06-30": "81985.00000", "2006-03-31": "192185.00000", "2005-12-31": "", "2005-09-30": "251031.00000"}, "EPS - Earnings Per Share": {"2020-09-30": "0.02000", "2020-06-30": "0.01000", "2020-03-31": "0.15000", "2019-12-31": "1.59000", "2019-09-30": "0.13000", "2019-06-30": "0.20000", "2019-03-31": "0.17000", "2018-12-31": "0.14000", "2018-09-30": "0.18000", "2018-06-30": "0.19000", "2018-03-31": "0.17000", "2017-12-31": "0.18000", "2017-09-30": "0.15000", "2017-06-30": "0.13000", "2017-03-31": "0.12000", "2016-12-31": "0.12300", "2016-09-30": "0.20600", "2016-06-30": "0.12000", "2016-03-31": "0.10100", "2015-12-31": "0.09700", "2015-09-30": "0.08000", "2015-06-30": "0.08900", "2015-03-31": "0.12400", "2014-12-31": "0.07200", "2014-09-30": "0.05000", "2014-06-30": "0.09000", "2014-03-31": "0.08800", "2013-12-31": "0.06900", "2013-09-30": "0.07000", "2013-06-30": "0.09000", "2013-03-31": "0.08000", "2012-12-31": "0.03000", "2012-09-30": "0.04000", "2012-06-30": "0.05000", "2012-03-31": "0.04000", "2011-12-31": "0.02000", "2011-09-30": "0.03000", "2011-06-30": "-0.04000", "2011-03-31": "0.00000", "2010-12-31": "-0.05000", "2010-09-30": "-0.03000", "2010-06-30": "-0.07000", "2010-03-31": "-0.07000", "2009-12-31": "-0.07000", "2009-09-30": "-0.07000", "2009-06-30": "-0.06000", "2009-03-31": "-0.02000", "2008-12-31": "-0.05000", "2008-09-30": "-0.08000", "2008-06-30": "-0.08000", "2008-03-31": "-0.02000", "2007-12-31": "-0.05000", "2007-09-30": "-0.03000", "2007-06-30": "-0.01000", "2007-03-31": "-0.03000", "2006-12-31": "121306.70000", "2006-10-31": "0.00000", "2006-09-30": "-395477.00000", "2006-06-30": "81985.00000", "2006-03-31": "192185.00000", "2005-12-31": "0.00000", "2005-09-30": "251031.00000"}}, "balance sheet": {"Cash On Hand": {"2019-12-31": "153.68300", "2018-12-31": "146.22700", "2017-12-31": "176.64500", "2016-12-31": "112.92700", "2015-12-31": "101.79800", "2014-12-31": "18.82300", "2013-12-31": "44.20600", "2012-12-31": "373.20300", "2011-12-31": "406.97700", "2010-12-31": "272.41900", "2009-12-31": "72.74000", "2008-12-31": "8.65500", "2007-12-31": "5.84300", "2006-12-31": "4.53600", "2005-12-31": "108.28200"}, "Receivables": {"2019-12-31": "140.27000", "2018-12-31": "129.20500", "2017-12-31": "109.00100", "2016-12-31": "95.33000", "2015-12-31": "81.74400", "2014-12-31": "77.14000", "2013-12-31": "71.42200", "2012-12-31": "64.52300", "2011-12-31": "60.40300", "2010-12-31": "50.52400", "2009-12-31": "42.75200", "2008-12-31": "35.46600", "2007-12-31": "21.76000", "2006-12-31": "7.74700", "2005-12-31": "65.80300"}, "Inventory": {"2019-12-31": "", "2018-12-31": "", "2017-12-31": "", "2016-12-31": "", "2015-12-31": "", "2014-12-31": "", "2013-12-31": "", "2012-12-31": "", "2011-12-31": "", "2010-12-31": "", "2009-12-31": "", "2008-12-31": "", "2007-12-31": "", "2006-12-31": "", "2005-12-31": ""}, "Pre-Paid Expenses": {"2019-12-31": "", "2018-12-31": "", "2017-12-31": "", "2016-12-31": "", "2015-12-31": "", "2014-12-31": "", "2013-12-31": "", "2012-12-31": "", "2011-12-31": "", "2010-12-31": "", "2009-12-31": "", "2008-12-31": "", "2007-12-31": "", "2006-12-31": "", "2005-12-31": ""}, "Other Current Assets": {"2019-12-31": "", "2018-12-31": "", "2017-12-31": "", "2016-12-31": "", "2015-12-31": "", "2014-12-31": "", "2013-12-31": "", "2012-12-31": "", "2011-12-31": "", "2010-12-31": "", "2009-12-31": "", "2008-12-31": "", "2007-12-31": "", "2006-12-31": "", "2005-12-31": ""}, "Total Current Assets": {"2019-12-31": "293.95300", "2018-12-31": "275.43200", "2017-12-31": "285.64600", "2016-12-31": "208.25700", "2015-12-31": "183.54200", "2014-12-31": "95.96300", "2013-12-31": "115.62800", "2012-12-31": "437.72600", "2011-12-31": "467.38000", "2010-12-31": "322.94300", "2009-12-31": "115.49200", "2008-12-31": "44.12100", "2007-12-31": "27.60300", "2006-12-31": "12.28300", "2005-12-31": "174.08500"}, "Property, Plant, And Equipment": {"2019-12-31": "8960.21800", "2018-12-31": "7783.82100", "2017-12-31": "7816.45600", "2016-12-31": "7208.44200", "2015-12-31": "5578.01100", "2014-12-31": "5626.44600", "2013-12-31": "5516.91400", "2012-12-31": "5482.06900", "2011-12-31": "5606.39900", "2010-12-31": "5756.76000", "2009-12-31": "5698.16700", "2008-12-31": "6491.19100", "2007-12-31": "6022.05600", "2006-12-31": "6056.09600", "2005-12-31": "2622.48400"}, "Long-Term Investments": {"2019-12-31": "", "2018-12-31": "", "2017-12-31": "", "2016-12-31": "", "2015-12-31": "", "2014-12-31": "", "2013-12-31": "", "2012-12-31": "", "2011-12-31": "", "2010-12-31": "", "2009-12-31": "", "2008-12-31": "", "2007-12-31": "", "2006-12-31": "", "2005-12-31": ""}, "Goodwill And Intangible Assets": {"2019-12-31": "6.40700", "2018-12-31": "3.25100", "2017-12-31": "4.29300", "2016-12-31": "5.14700", "2015-12-31": "4.48400", "2014-12-31": "3.52700", "2013-12-31": "3.74400", "2012-12-31": "4.70700", "2011-12-31": "6.37900", "2010-12-31": "9.35600", "2009-12-31": "11.69100", "2008-12-31": "18.16300", "2007-12-31": "24.31300", "2006-12-31": "34.13700", "2005-12-31": "5.56200"}, "Other Long-Term Assets": {"2019-12-31": "81.24400", "2018-12-31": "199.20500", "2017-12-31": "186.24600", "2016-12-31": "191.85900", "2015-12-31": "300.12400", "2014-12-31": "213.03700", "2013-12-31": "211.50300", "2012-12-31": "179.30500", "2011-12-31": "151.44400", "2010-12-31": "190.23000", "2009-12-31": "234.58200", "2008-12-31": "207.55900", "2007-12-31": "115.99600", "2006-12-31": "97.60200", "2005-12-31": "102.51600"}, "Total Long-Term Assets": {"2019-12-31": "9047.86900", "2018-12-31": "7986.27700", "2017-12-31": "8006.99500", "2016-12-31": "7405.44800", "2015-12-31": "5882.61900", "2014-12-31": "5843.01000", "2013-12-31": "5732.16100", "2012-12-31": "5666.08100", "2011-12-31": "5764.22200", "2010-12-31": "5956.34600", "2009-12-31": "5944.44000", "2008-12-31": "6716.91300", "2007-12-31": "6162.36500", "2006-12-31": "6187.83500", "2005-12-31": "2730.56200"}, "Total Assets": {"2019-12-31": "9349.30100", "2018-12-31": "8261.70900", "2017-12-31": "8292.64100", "2016-12-31": "7613.70500", "2015-12-31": "6066.16100", "2014-12-31": "5938.97300", "2013-12-31": "5847.78900", "2012-12-31": "6103.80700", "2011-12-31": "6231.60200", "2010-12-31": "6279.28900", "2009-12-31": "6059.93200", "2008-12-31": "6761.03400", "2007-12-31": "6189.96800", "2006-12-31": "6200.11800", "2005-12-31": "2904.64700"}, "Total Current Liabilities": {"2019-12-31": "131.41000", "2018-12-31": "130.15400", "2017-12-31": "103.94700", "2016-12-31": "75.22900", "2015-12-31": "57.41700", "2014-12-31": "54.36400", "2013-12-31": "52.76300", "2012-12-31": "45.17100", "2011-12-31": "55.28000", "2010-12-31": "57.79300", "2009-12-31": "72.89300", "2008-12-31": "69.44500", "2007-12-31": "62.70400", "2006-12-31": "51.73600", "2005-12-31": "31.88100"}, "Long Term Debt": {"2019-12-31": "4619.05800", "2018-12-31": "4134.03000", "2017-12-31": "4117.39000", "2016-12-31": "4369.53700", "2015-12-31": "3611.27600", "2014-12-31": "3419.66700", "2013-12-31": "3241.14000", "2012-12-31": "3441.14000", "2011-12-31": "3624.15600", "2010-12-31": "3668.13300", "2009-12-31": "3273.45900", "2008-12-31": "3692.78500", "2007-12-31": "3105.67700", "2006-12-31": "2789.70200", "2005-12-31": "2223.50000"}, "Other Non-Current Liabilities": {"2019-12-31": "217.01700", "2018-12-31": "149.09500", "2017-12-31": "169.25500", "2016-12-31": "154.86800", "2015-12-31": "115.92000", "2014-12-31": "151.21800", "2013-12-31": "186.67800", "2012-12-31": "227.03700", "2011-12-31": "236.21100", "2010-12-31": "254.19400", "2009-12-31": "421.19500", "2008-12-31": "718.59000", "2007-12-31": "397.98400", "2006-12-31": "312.39800", "2005-12-31": "58.54100"}, "Total Long Term Liabilities": {"2019-12-31": "4836.07500", "2018-12-31": "4283.12500", "2017-12-31": "4286.64500", "2016-12-31": "4524.40500", "2015-12-31": "3727.19600", "2014-12-31": "3570.88500", "2013-12-31": "3427.81800", "2012-12-31": "3668.17700", "2011-12-31": "3860.36700", "2010-12-31": "3922.32700", "2009-12-31": "3694.65400", "2008-12-31": "4411.37500", "2007-12-31": "4297.42500", "2006-12-31": "4036.60900", "2005-12-31": "2970.55700"}, "Total Liabilities": {"2019-12-31": "4978.36700", "2018-12-31": "4413.27900", "2017-12-31": "4390.59200", "2016-12-31": "4599.63400", "2015-12-31": "3784.61300", "2014-12-31": "3625.24900", "2013-12-31": "3480.58100", "2012-12-31": "3713.34800", "2011-12-31": "3915.64700", "2010-12-31": "3980.12000", "2009-12-31": "3767.54700", "2008-12-31": "4480.82000", "2007-12-31": "4360.12900", "2006-12-31": "4088.34500", "2005-12-31": "3002.43800"}, "Common Stock Net": {"2019-12-31": "1.75400", "2018-12-31": "1.70200", "2017-12-31": "1.69600", "2016-12-31": "1.51500", "2015-12-31": "1.46900", "2014-12-31": "1.44900", "2013-12-31": "1.42600", "2012-12-31": "1.41200", "2011-12-31": "1.31100", "2010-12-31": "1.24100", "2009-12-31": "1.21600", "2008-12-31": "1.21900", "2007-12-31": "1.09800", "2006-12-31": "1.15000", "2005-12-31": ""}, "Retained Earnings (Accumulated Deficit)": {"2019-12-31": "-758.57600", "2018-12-31": "-935.63000", "2017-12-31": "-879.81000", "2016-12-31": "-820.68500", "2015-12-31": "-772.72600", "2014-12-31": "-706.70000", "2013-12-31": "-634.38000", "2012-12-31": "-574.17300", "2011-12-31": "-508.67400", "2010-12-31": "-447.72200", "2009-12-31": "-372.07000", "2008-12-31": "-236.34800", "2007-12-31": "-89.81200", "2006-12-31": "-34.39200", "2005-12-31": "-97.79100"}, "Comprehensive Income": {"2019-12-31": "-17.46200", "2018-12-31": "53.94400", "2017-12-31": "43.09900", "2016-12-31": "15.15600", "2015-12-31": "-9.28500", "2014-12-31": "-30.08900", "2013-12-31": "-50.55400", "2012-12-31": "-82.99100", "2011-12-31": "-89.18000", "2010-12-31": "-58.76500", "2009-12-31": "-126.20200", "2008-12-31": "-274.11100", "2007-12-31": "-101.16300", "2006-12-31": "0.41500", "2005-12-31": ""}, "Other Share Holders Equity": {"2019-12-31": "", "2018-12-31": "", "2017-12-31": "", "2016-12-31": "", "2015-12-31": "", "2014-12-31": "", "2013-12-31": "", "2012-12-31": "", "2011-12-31": "", "2010-12-31": "", "2009-12-31": "", "2008-12-31": "", "2007-12-31": "", "2006-12-31": "", "2005-12-31": ""}, "Share Holder Equity": {"2019-12-31": "4370.93400", "2018-12-31": "3848.43000", "2017-12-31": "3902.04900", "2016-12-31": "3014.07100", "2015-12-31": "2281.54800", "2014-12-31": "2313.72400", "2013-12-31": "2367.20800", "2012-12-31": "2390.45900", "2011-12-31": "2315.95500", "2010-12-31": "2299.16900", "2009-12-31": "2292.38500", "2008-12-31": "2280.21400", "2007-12-31": "1829.83900", "2006-12-31": "2111.77300", "2005-12-31": "-97.79100"}, "Total Liabilities And Share Holders Equity": {"2019-12-31": "9349.30100", "2018-12-31": "8261.70900", "2017-12-31": "8292.64100", "2016-12-31": "7613.70500", "2015-12-31": "6066.16100", "2014-12-31": "5938.97300", "2013-12-31": "5847.78900", "2012-12-31": "6103.80700", "2011-12-31": "6231.60200", "2010-12-31": "6279.28900", "2009-12-31": "6059.93200", "2008-12-31": "6761.03400", "2007-12-31": "6189.96800", "2006-12-31": "6200.11800", "2005-12-31": "2904.64700"}}, "balance sheet, quarterly": {"Cash On Hand": {"2020-09-30": "202.16600", "2020-06-30": "176.39300", "2020-03-31": "174.69600", "2019-12-31": "153.68300", "2019-09-30": "181.51000", "2019-06-30": "303.96200", "2019-03-31": "149.72200", "2018-12-31": "146.22700", "2018-09-30": "172.36200", "2018-06-30": "170.39100", "2018-03-31": "183.55600", "2017-12-31": "176.64500", "2017-09-30": "167.74200", "2017-06-30": "173.15100", "2017-03-31": "85.53300", "2016-12-31": "112.92700", "2016-09-30": "158.41500", "2016-06-30": "77.16600", "2016-03-31": "72.19100", "2015-12-31": "101.79800", "2015-09-30": "9.93000", "2015-06-30": "74.53000", "2015-03-31": "16.63900", "2014-12-31": "18.82300", "2014-09-30": "12.46700", "2014-06-30": "12.78500", "2014-03-31": "12.42000", "2013-12-31": "44.20600", "2013-09-30": "148.81100", "2013-06-30": "184.41300", "2013-03-31": "292.63500", "2012-12-31": "373.20300", "2012-09-30": "369.02400", "2012-06-30": "162.02500", "2012-03-31": "155.52800", "2011-12-31": "406.97700", "2011-09-30": "349.60700", "2011-06-30": "332.13900", "2011-03-31": "308.53600", "2010-12-31": "272.41900", "2010-09-30": "281.68100", "2010-06-30": "21.24900", "2010-03-31": "94.30000", "2009-12-31": "72.74000", "2009-09-30": "63.83400", "2009-06-30": "43.26100", "2009-03-31": "29.82700", "2008-12-31": "8.65500", "2008-09-30": "2.15500", "2008-06-30": "2.76400", "2008-03-31": "4.49300", "2007-12-31": "5.84300", "2007-09-30": "2.04900", "2007-06-30": "65.96100", "2007-03-31": "3.85000", "2006-12-31": "4.53600", "2006-10-31": "", "2006-09-30": "119.31100", "2006-06-30": "", "2006-03-31": "", "2005-12-31": "", "2005-09-30": ""}, "Receivables": {"2020-09-30": "134.39000", "2020-06-30": "135.20600", "2020-03-31": "139.36400", "2019-12-31": "140.27000", "2019-09-30": "139.24500", "2019-06-30": "136.71700", "2019-03-31": "134.48400", "2018-12-31": "129.20500", "2018-09-30": "123.77600", "2018-06-30": "118.47200", "2018-03-31": "113.87600", "2017-12-31": "109.00100", "2017-09-30": "105.03400", "2017-06-30": "101.72400", "2017-03-31": "100.14500", "2016-12-31": "95.33000", "2016-09-30": "92.64800", "2016-06-30": "89.75100", "2016-03-31": "86.42400", "2015-12-31": "81.74400", "2015-09-30": "81.50000", "2015-06-30": "80.74500", "2015-03-31": "79.04200", "2014-12-31": "77.14000", "2014-09-30": "74.76300", "2014-06-30": "73.61900", "2014-03-31": "72.70900", "2013-12-31": "71.42200", "2013-09-30": "69.50300", "2013-06-30": "67.14300", "2013-03-31": "66.49000", "2012-12-31": "64.52300", "2012-09-30": "64.32100", "2012-06-30": "63.51100", "2012-03-31": "62.23400", "2011-12-31": "60.40300", "2011-09-30": "57.44700", "2011-06-30": "55.51900", "2011-03-31": "54.30100", "2010-12-31": "50.52400", "2010-09-30": "48.85800", "2010-06-30": "46.05900", "2010-03-31": "43.55800", "2009-12-31": "42.75200", "2009-09-30": "39.63800", "2009-06-30": "37.07300", "2009-03-31": "34.62500", "2008-12-31": "35.46600", "2008-09-30": "32.37900", "2008-06-30": "29.00000", "2008-03-31": "25.32800", "2007-12-31": "21.76000", "2007-09-30": "17.46300", "2007-06-30": "13.45100", "2007-03-31": "12.00700", "2006-12-31": "7.74700", "2006-10-31": "", "2006-09-30": "72.03400", "2006-06-30": "", "2006-03-31": "", "2005-12-31": "", "2005-09-30": ""}, "Inventory": {"2020-09-30": "", "2020-06-30": "", "2020-03-31": "", "2019-12-31": "", "2019-09-30": "", "2019-06-30": "", "2019-03-31": "", "2018-12-31": "", "2018-09-30": "", "2018-06-30": "", "2018-03-31": "", "2017-12-31": "", "2017-09-30": "", "2017-06-30": "", "2017-03-31": "", "2016-12-31": "", "2016-09-30": "", "2016-06-30": "", "2016-03-31": "", "2015-12-31": "", "2015-09-30": "", "2015-06-30": "", "2015-03-31": "", "2014-12-31": "", "2014-09-30": "", "2014-06-30": "", "2014-03-31": "", "2013-12-31": "", "2013-09-30": "", "2013-06-30": "", "2013-03-31": "", "2012-12-31": "", "2012-09-30": "", "2012-06-30": "", "2012-03-31": "", "2011-12-31": "", "2011-09-30": "", "2011-06-30": "", "2011-03-31": "", "2010-12-31": "", "2010-09-30": "", "2010-06-30": "", "2010-03-31": "", "2009-12-31": "", "2009-09-30": "", "2009-06-30": "", "2009-03-31": "", "2008-12-31": "", "2008-09-30": "", "2008-06-30": "", "2008-03-31": "", "2007-12-31": "", "2007-09-30": "", "2007-06-30": "", "2007-03-31": "", "2006-12-31": "", "2006-10-31": "", "2006-09-30": "", "2006-06-30": "", "2006-03-31": "", "2005-12-31": "", "2005-09-30": ""}, "Pre-Paid Expenses": {"2020-09-30": "", "2020-06-30": "", "2020-03-31": "", "2019-12-31": "", "2019-09-30": "", "2019-06-30": "", "2019-03-31": "", "2018-12-31": "", "2018-09-30": "", "2018-06-30": "", "2018-03-31": "", "2017-12-31": "", "2017-09-30": "", "2017-06-30": "", "2017-03-31": "", "2016-12-31": "", "2016-09-30": "", "2016-06-30": "", "2016-03-31": "", "2015-12-31": "", "2015-09-30": "", "2015-06-30": "", "2015-03-31": "", "2014-12-31": "", "2014-09-30": "", "2014-06-30": "", "2014-03-31": "", "2013-12-31": "", "2013-09-30": "", "2013-06-30": "", "2013-03-31": "", "2012-12-31": "", "2012-09-30": "", "2012-06-30": "", "2012-03-31": "", "2011-12-31": "", "2011-09-30": "", "2011-06-30": "", "2011-03-31": "", "2010-12-31": "", "2010-09-30": "", "2010-06-30": "", "2010-03-31": "", "2009-12-31": "", "2009-09-30": "", "2009-06-30": "", "2009-03-31": "", "2008-12-31": "", "2008-09-30": "", "2008-06-30": "", "2008-03-31": "", "2007-12-31": "", "2007-09-30": "", "2007-06-30": "", "2007-03-31": "", "2006-12-31": "", "2006-10-31": "", "2006-09-30": "", "2006-06-30": "", "2006-03-31": "", "2005-12-31": "", "2005-09-30": ""}, "Other Current Assets": {"2020-09-30": "", "2020-06-30": "", "2020-03-31": "", "2019-12-31": "", "2019-09-30": "", "2019-06-30": "", "2019-03-31": "", "2018-12-31": "", "2018-09-30": "", "2018-06-30": "", "2018-03-31": "", "2017-12-31": "", "2017-09-30": "", "2017-06-30": "", "2017-03-31": "", "2016-12-31": "", "2016-09-30": "", "2016-06-30": "", "2016-03-31": "", "2015-12-31": "", "2015-09-30": "", "2015-06-30": "", "2015-03-31": "", "2014-12-31": "", "2014-09-30": "", "2014-06-30": "", "2014-03-31": "", "2013-12-31": "", "2013-09-30": "", "2013-06-30": "", "2013-03-31": "", "2012-12-31": "", "2012-09-30": "", "2012-06-30": "", "2012-03-31": "", "2011-12-31": "", "2011-09-30": "", "2011-06-30": "", "2011-03-31": "", "2010-12-31": "", "2010-09-30": "", "2010-06-30": "", "2010-03-31": "", "2009-12-31": "", "2009-09-30": "", "2009-06-30": "", "2009-03-31": "", "2008-12-31": "", "2008-09-30": "", "2008-06-30": "", "2008-03-31": "", "2007-12-31": "", "2007-09-30": "", "2007-06-30": "", "2007-03-31": "", "2006-12-31": "", "2006-10-31": "", "2006-09-30": "", "2006-06-30": "", "2006-03-31": "", "2005-12-31": "", "2005-09-30": ""}, "Total Current Assets": {"2020-09-30": "336.55600", "2020-06-30": "311.59900", "2020-03-31": "314.06000", "2019-12-31": "293.95300", "2019-09-30": "320.75500", "2019-06-30": "440.67900", "2019-03-31": "284.20600", "2018-12-31": "275.43200", "2018-09-30": "296.13800", "2018-06-30": "288.86300", "2018-03-31": "297.43200", "2017-12-31": "285.64600", "2017-09-30": "272.77600", "2017-06-30": "274.87500", "2017-03-31": "185.67800", "2016-12-31": "208.25700", "2016-09-30": "251.06300", "2016-06-30": "166.91700", "2016-03-31": "158.61500", "2015-12-31": "183.54200", "2015-09-30": "91.43000", "2015-06-30": "155.27500", "2015-03-31": "95.68100", "2014-12-31": "95.96300", "2014-09-30": "87.23000", "2014-06-30": "86.40400", "2014-03-31": "85.12900", "2013-12-31": "115.62800", "2013-09-30": "218.31400", "2013-06-30": "251.55600", "2013-03-31": "359.12500", "2012-12-31": "437.72600", "2012-09-30": "433.34500", "2012-06-30": "225.53600", "2012-03-31": "217.76200", "2011-12-31": "467.38000", "2011-09-30": "407.05400", "2011-06-30": "387.65800", "2011-03-31": "362.83700", "2010-12-31": "322.94300", "2010-09-30": "330.53900", "2010-06-30": "67.30800", "2010-03-31": "137.85800", "2009-12-31": "115.49200", "2009-09-30": "103.47200", "2009-06-30": "80.33400", "2009-03-31": "64.45200", "2008-12-31": "44.12100", "2008-09-30": "34.53400", "2008-06-30": "31.76400", "2008-03-31": "29.82100", "2007-12-31": "27.60300", "2007-09-30": "19.51200", "2007-06-30": "79.41200", "2007-03-31": "15.85700", "2006-12-31": "12.28300", "2006-10-31": "", "2006-09-30": "191.34500", "2006-06-30": "", "2006-03-31": "", "2005-12-31": "", "2005-09-30": ""}, "Property, Plant, And Equipment": {"2020-09-30": "8876.75200", "2020-06-30": "8884.93900", "2020-03-31": "8917.75700", "2019-12-31": "8960.21800", "2019-09-30": "8056.84100", "2019-06-30": "8092.51400", "2019-03-31": "7751.63500", "2018-12-31": "7783.82100", "2018-09-30": "7787.12300", "2018-06-30": "7787.45600", "2018-03-31": "7779.60400", "2017-12-31": "7816.45600", "2017-09-30": "7676.37100", "2017-06-30": "7513.61000", "2017-03-31": "7175.92800", "2016-12-31": "7208.44200", "2016-09-30": "7226.72200", "2016-06-30": "6885.44900", "2016-03-31": "6923.54800", "2015-12-31": "5578.01100", "2015-09-30": "5648.50400", "2015-06-30": "5684.77900", "2015-03-31": "5717.76700", "2014-12-31": "5626.44600", "2014-09-30": "5431.34500", "2014-06-30": "5457.54700", "2014-03-31": "5486.55900", "2013-12-31": "5516.91400", "2013-09-30": "5547.86000", "2013-06-30": "5514.38100", "2013-03-31": "5454.24200", "2012-12-31": "5482.06900", "2012-09-30": "5510.42700", "2012-06-30": "5542.64000", "2012-03-31": "5577.65300", "2011-12-31": "5606.39900", "2011-09-30": "5634.22000", "2011-06-30": "5666.45800", "2011-03-31": "5711.09600", "2010-12-31": "5756.76000", "2010-09-30": "5794.13500", "2010-06-30": "5837.31700", "2010-03-31": "5651.69600", "2009-12-31": "5698.16700", "2009-09-30": "5738.08700", "2009-06-30": "5784.03800", "2009-03-31": "5830.53100", "2008-12-31": "6491.19100", "2008-09-30": "6523.86300", "2008-06-30": "6573.35600", "2008-03-31": "6595.67200", "2007-12-31": "6022.05600", "2007-09-30": "5973.18800", "2007-06-30": "6009.78900", "2007-03-31": "6015.20800", "2006-12-31": "6056.09600", "2006-10-31": "", "2006-09-30": "2690.83600", "2006-06-30": "", "2006-03-31": "", "2005-12-31": "", "2005-09-30": ""}, "Long-Term Investments": {"2020-09-30": "", "2020-06-30": "", "2020-03-31": "", "2019-12-31": "", "2019-09-30": "", "2019-06-30": "", "2019-03-31": "", "2018-12-31": "", "2018-09-30": "", "2018-06-30": "", "2018-03-31": "", "2017-12-31": "", "2017-09-30": "", "2017-06-30": "", "2017-03-31": "", "2016-12-31": "", "2016-09-30": "", "2016-06-30": "", "2016-03-31": "", "2015-12-31": "", "2015-09-30": "", "2015-06-30": "", "2015-03-31": "", "2014-12-31": "", "2014-09-30": "", "2014-06-30": "", "2014-03-31": "", "2013-12-31": "", "2013-09-30": "", "2013-06-30": "", "2013-03-31": "", "2012-12-31": "", "2012-09-30": "", "2012-06-30": "", "2012-03-31": "", "2011-12-31": "", "2011-09-30": "", "2011-06-30": "", "2011-03-31": "", "2010-12-31": "", "2010-09-30": "", "2010-06-30": "", "2010-03-31": "", "2009-12-31": "", "2009-09-30": "", "2009-06-30": "", "2009-03-31": "", "2008-12-31": "", "2008-09-30": "", "2008-06-30": "", "2008-03-31": "", "2007-12-31": "", "2007-09-30": "", "2007-06-30": "", "2007-03-31": "", "2006-12-31": "", "2006-10-31": "", "2006-09-30": "", "2006-06-30": "", "2006-03-31": "", "2005-12-31": "", "2005-09-30": ""}, "Goodwill And Intangible Assets": {"2020-09-30": "5.43700", "2020-06-30": "5.73600", "2020-03-31": "6.06400", "2019-12-31": "6.40700", "2019-09-30": "2.87700", "2019-06-30": "2.99300", "2019-03-31": "3.09200", "2018-12-31": "3.25100", "2018-09-30": "3.49200", "2018-06-30": "3.74100", "2018-03-31": "3.99800", "2017-12-31": "4.29300", "2017-09-30": "4.61600", "2017-06-30": "4.67300", "2017-03-31": "4.83300", "2016-12-31": "5.14700", "2016-09-30": "4.99000", "2016-06-30": "4.39400", "2016-03-31": "4.66100", "2015-12-31": "4.48400", "2015-09-30": "4.72900", "2015-06-30": "4.98300", "2015-03-31": "5.23800", "2014-12-31": "3.52700", "2014-09-30": "3.37600", "2014-06-30": "3.48800", "2014-03-31": "3.60700", "2013-12-31": "3.74400", "2013-09-30": "3.89900", "2013-06-30": "4.11700", "2013-03-31": "4.37600", "2012-12-31": "4.70700", "2012-09-30": "5.07800", "2012-06-30": "5.48100", "2012-03-31": "5.92900", "2011-12-31": "6.37900", "2011-09-30": "6.95800", "2011-06-30": "7.60400", "2011-03-31": "8.37700", "2010-12-31": "9.35600", "2010-09-30": "10.39600", "2010-06-30": "11.59200", "2010-03-31": "10.52300", "2009-12-31": "11.69100", "2009-09-30": "12.90100", "2009-06-30": "14.24000", "2009-03-31": "15.63200", "2008-12-31": "18.16300", "2008-09-30": "19.73500", "2008-06-30": "21.70100", "2008-03-31": "22.21000", "2007-12-31": "24.31300", "2007-09-30": "26.93600", "2007-06-30": "29.04200", "2007-03-31": "31.41300", "2006-12-31": "34.13700", "2006-10-31": "", "2006-09-30": "", "2006-06-30": "", "2006-03-31": "", "2005-12-31": "", "2005-09-30": ""}, "Other Long-Term Assets": {"2020-09-30": "63.15300", "2020-06-30": "61.62800", "2020-03-31": "67.69600", "2019-12-31": "81.24400", "2019-09-30": "132.94100", "2019-06-30": "134.04400", "2019-03-31": "169.49300", "2018-12-31": "199.20500", "2018-09-30": "261.02600", "2018-06-30": "237.92400", "2018-03-31": "242.86600", "2017-12-31": "186.24600", "2017-09-30": "159.40900", "2017-06-30": "162.23500", "2017-03-31": "220.26000", "2016-12-31": "191.85900", "2016-09-30": "162.49800", "2016-06-30": "201.74300", "2016-03-31": "204.60000", "2015-12-31": "300.12400", "2015-09-30": "199.19300", "2015-06-30": "193.69400", "2015-03-31": "194.11900", "2014-12-31": "213.03700", "2014-09-30": "238.70000", "2014-06-30": "228.60700", "2014-03-31": "236.16100", "2013-12-31": "211.50300", "2013-09-30": "216.33700", "2013-06-30": "215.45600", "2013-03-31": "189.94100", "2012-12-31": "179.30500", "2012-09-30": "183.89500", "2012-06-30": "183.80400", "2012-03-31": "181.03200", "2011-12-31": "151.44400", "2011-09-30": "168.44800", "2011-06-30": "181.64100", "2011-03-31": "192.33500", "2010-12-31": "190.23000", "2010-09-30": "185.25900", "2010-06-30": "195.06600", "2010-03-31": "216.57000", "2009-12-31": "234.58200", "2009-09-30": "258.43900", "2009-06-30": "267.21700", "2009-03-31": "294.97700", "2008-12-31": "207.55900", "2008-09-30": "126.20100", "2008-06-30": "120.56800", "2008-03-31": "176.67000", "2007-12-31": "115.99600", "2007-09-30": "102.68700", "2007-06-30": "164.02500", "2007-03-31": "91.36300", "2006-12-31": "97.60200", "2006-10-31": "", "2006-09-30": "119.98300", "2006-06-30": "", "2006-03-31": "", "2005-12-31": "", "2005-09-30": ""}, "Total Long-Term Assets": {"2020-09-30": "8945.34200", "2020-06-30": "8952.30400", "2020-03-31": "8991.51800", "2019-12-31": "9047.86900", "2019-09-30": "8192.65900", "2019-06-30": "8229.55200", "2019-03-31": "7924.22000", "2018-12-31": "7986.27700", "2018-09-30": "8051.64100", "2018-06-30": "8029.12100", "2018-03-31": "8026.46800", "2017-12-31": "8006.99500", "2017-09-30": "7840.39600", "2017-06-30": "7680.51800", "2017-03-31": "7401.02100", "2016-12-31": "7405.44800", "2016-09-30": "7394.21000", "2016-06-30": "7091.58600", "2016-03-31": "7132.80900", "2015-12-31": "5882.61900", "2015-09-30": "5852.42600", "2015-06-30": "5883.45600", "2015-03-31": "5917.12400", "2014-12-31": "5843.01000", "2014-09-30": "5673.42100", "2014-06-30": "5689.64200", "2014-03-31": "5726.32700", "2013-12-31": "5732.16100", "2013-09-30": "5768.09600", "2013-06-30": "5733.95400", "2013-03-31": "5648.55900", "2012-12-31": "5666.08100", "2012-09-30": "5699.40000", "2012-06-30": "5731.92500", "2012-03-31": "5764.61400", "2011-12-31": "5764.22200", "2011-09-30": "5809.62600", "2011-06-30": "5855.70300", "2011-03-31": "5911.80800", "2010-12-31": "5956.34600", "2010-09-30": "5989.79000", "2010-06-30": "6043.97500", "2010-03-31": "5878.78900", "2009-12-31": "5944.44000", "2009-09-30": "6009.42700", "2009-06-30": "6065.49500", "2009-03-31": "6141.14000", "2008-12-31": "6716.91300", "2008-09-30": "6669.79900", "2008-06-30": "6715.62500", "2008-03-31": "6794.55200", "2007-12-31": "6162.36500", "2007-09-30": "6102.81100", "2007-06-30": "6202.85600", "2007-03-31": "6137.98400", "2006-12-31": "6187.83500", "2006-10-31": "", "2006-09-30": "2810.81900", "2006-06-30": "", "2006-03-31": "", "2005-12-31": "", "2005-09-30": ""}, "Total Assets": {"2020-09-30": "9289.37300", "2020-06-30": "9271.37700", "2020-03-31": "9313.05400", "2019-12-31": "9349.30100", "2019-09-30": "8520.89500", "2019-06-30": "8677.71100", "2019-03-31": "8215.90900", "2018-12-31": "8261.70900", "2018-09-30": "8347.77900", "2018-06-30": "8317.98400", "2018-03-31": "8323.90000", "2017-12-31": "8292.64100", "2017-09-30": "8113.17200", "2017-06-30": "7955.39300", "2017-03-31": "7586.69900", "2016-12-31": "7613.70500", "2016-09-30": "7645.27300", "2016-06-30": "7258.50300", "2016-03-31": "7291.42400", "2015-12-31": "6066.16100", "2015-09-30": "5943.85600", "2015-06-30": "6038.73100", "2015-03-31": "6012.80500", "2014-12-31": "5938.97300", "2014-09-30": "5760.65100", "2014-06-30": "5776.04600", "2014-03-31": "5811.45600", "2013-12-31": "5847.78900", "2013-09-30": "5986.41000", "2013-06-30": "5985.51000", "2013-03-31": "6007.68400", "2012-12-31": "6103.80700", "2012-09-30": "6132.74500", "2012-06-30": "5957.46100", "2012-03-31": "5982.37600", "2011-12-31": "6231.60200", "2011-09-30": "6216.68000", "2011-06-30": "6243.36100", "2011-03-31": "6274.64500", "2010-12-31": "6279.28900", "2010-09-30": "6320.32900", "2010-06-30": "6111.28300", "2010-03-31": "6016.64700", "2009-12-31": "6059.93200", "2009-09-30": "6112.89900", "2009-06-30": "6145.82900", "2009-03-31": "6205.59200", "2008-12-31": "6761.03400", "2008-09-30": "6704.33300", "2008-06-30": "6747.38900", "2008-03-31": "6824.37300", "2007-12-31": "6189.96800", "2007-09-30": "6122.32300", "2007-06-30": "6282.26800", "2007-03-31": "6153.84100", "2006-12-31": "6200.11800", "2006-10-31": "0.00000", "2006-09-30": "3002.16400", "2006-06-30": "0.00000", "2006-03-31": "0.00000", "2005-12-31": "0.00000", "2005-09-30": "0.00000"}, "Total Current Liabilities": {"2020-09-30": "182.51600", "2020-06-30": "139.60700", "2020-03-31": "156.19500", "2019-12-31": "131.41000", "2019-09-30": "134.94400", "2019-06-30": "117.67200", "2019-03-31": "142.33900", "2018-12-31": "130.15400", "2018-09-30": "151.10600", "2018-06-30": "125.41900", "2018-03-31": "136.87400", "2017-12-31": "103.94700", "2017-09-30": "118.36300", "2017-06-30": "92.36400", "2017-03-31": "97.31600", "2016-12-31": "75.22900", "2016-09-30": "94.79200", "2016-06-30": "69.69100", "2016-03-31": "75.58700", "2015-12-31": "57.41700", "2015-09-30": "67.52600", "2015-06-30": "56.12800", "2015-03-31": "63.14000", "2014-12-31": "54.36400", "2014-09-30": "72.92900", "2014-06-30": "51.47100", "2014-03-31": "63.70600", "2013-12-31": "52.76300", "2013-09-30": "63.40200", "2013-06-30": "46.37700", "2013-03-31": "57.76800", "2012-12-31": "45.17100", "2012-09-30": "57.50000", "2012-06-30": "47.30500", "2012-03-31": "56.67300", "2011-12-31": "55.28000", "2011-09-30": "60.32800", "2011-06-30": "50.83400", "2011-03-31": "60.56100", "2010-12-31": "57.79300", "2010-09-30": "62.62700", "2010-06-30": "62.42600", "2010-03-31": "73.48400", "2009-12-31": "72.89300", "2009-09-30": "75.91600", "2009-06-30": "65.42000", "2009-03-31": "71.29800", "2008-12-31": "69.44500", "2008-09-30": "65.84400", "2008-06-30": "58.26200", "2008-03-31": "66.88200", "2007-12-31": "62.70400", "2007-09-30": "64.51400", "2007-06-30": "51.06500", "2007-03-31": "54.50800", "2006-12-31": "51.73600", "2006-10-31": "", "2006-09-30": "97.27000", "2006-06-30": "", "2006-03-31": "", "2005-12-31": "", "2005-09-30": ""}, "Long Term Debt": {"2020-09-30": "4708.31200", "2020-06-30": "4666.60300", "2020-03-31": "4620.21500", "2019-12-31": "4619.05800", "2019-09-30": "4176.96700", "2019-06-30": "4304.91300", "2019-03-31": "4129.27100", "2018-12-31": "4134.03000", "2018-09-30": "4122.27700", "2018-06-30": "4106.49500", "2018-03-31": "4098.90000", "2017-12-31": "4117.39000", "2017-09-30": "4048.82800", "2017-06-30": "4314.13700", "2017-03-31": "4391.41000", "2016-12-31": "4369.53700", "2016-09-30": "4401.85100", "2016-06-30": "4280.92500", "2016-03-31": "4469.95700", "2015-12-31": "3611.27600", "2015-09-30": "3474.11100", "2015-06-30": "3554.41400", "2015-03-31": "3503.46600", "2014-12-31": "3419.66700", "2014-09-30": "3210.21000", "2014-06-30": "3220.21000", "2014-03-31": "3220.64000", "2013-12-31": "3241.14000", "2013-09-30": "3351.14000", "2013-06-30": "3351.14000", "2013-03-31": "3351.14000", "2012-12-31": "3441.14000", "2012-09-30": "3441.14000", "2012-06-30": "3256.14000", "2012-03-31": "3256.14000", "2011-12-31": "3624.15600", "2011-09-30": "3624.49700", "2011-06-30": "3669.22200", "2011-03-31": "3670.07600", "2010-12-31": "3668.13300", "2010-09-30": "3669.49400", "2010-06-30": "3425.33500", "2010-03-31": "3272.15700", "2009-12-31": "3273.45900", "2009-09-30": "3274.74300", "2009-06-30": "3276.00900", "2009-03-31": "3277.25600", "2008-12-31": "3692.78500", "2008-09-30": "3733.87200", "2008-06-30": "3734.94100", "2008-03-31": "3729.36800", "2007-12-31": "3105.67700", "2007-09-30": "2965.47100", "2007-06-30": "2927.49700", "2007-03-31": "2778.60700", "2006-12-31": "2789.70200", "2006-10-31": "", "2006-09-30": "2305.50000", "2006-06-30": "", "2006-03-31": "", "2005-12-31": "", "2005-09-30": ""}, "Other Non-Current Liabilities": {"2020-09-30": "387.30200", "2020-06-30": "409.95100", "2020-03-31": "396.05900", "2019-12-31": "217.01700", "2019-09-30": "214.03800", "2019-06-30": "191.88100", "2019-03-31": "145.23000", "2018-12-31": "149.09500", "2018-09-30": "150.85500", "2018-06-30": "155.78400", "2018-03-31": "161.65900", "2017-12-31": "169.25500", "2017-09-30": "158.90400", "2017-06-30": "158.35700", "2017-03-31": "146.66600", "2016-12-31": "154.86800", "2016-09-30": "181.58900", "2016-06-30": "194.16600", "2016-03-31": "185.26500", "2015-12-31": "115.92000", "2015-09-30": "132.40800", "2015-06-30": "130.07800", "2015-03-31": "141.00800", "2014-12-31": "151.21800", "2014-09-30": "156.49600", "2014-06-30": "170.99200", "2014-03-31": "177.62000", "2013-12-31": "186.67800", "2013-09-30": "195.61200", "2013-06-30": "194.38100", "2013-03-31": "216.16200", "2012-12-31": "227.03700", "2012-09-30": "237.86600", "2012-06-30": "239.07000", "2012-03-31": "229.16400", "2011-12-31": "236.21100", "2011-09-30": "265.48500", "2011-06-30": "221.72700", "2011-03-31": "225.37200", "2010-12-31": "254.19400", "2010-09-30": "321.70000", "2010-06-30": "344.02600", "2010-03-31": "381.71600", "2009-12-31": "421.19500", "2009-09-30": "475.32800", "2009-06-30": "497.63800", "2009-03-31": "569.65900", "2008-12-31": "718.59000", "2008-09-30": "410.38500", "2008-06-30": "411.55700", "2008-03-31": "549.84700", "2007-12-31": "397.98400", "2007-09-30": "326.02500", "2007-06-30": "336.14000", "2007-03-31": "316.56400", "2006-12-31": "312.39800", "2006-10-31": "", "2006-09-30": "6.53000", "2006-06-30": "", "2006-03-31": "", "2005-12-31": "", "2005-09-30": ""}, "Total Long Term Liabilities": {"2020-09-30": "5095.61400", "2020-06-30": "5076.55400", "2020-03-31": "5016.27400", "2019-12-31": "4836.07500", "2019-09-30": "4391.00500", "2019-06-30": "4496.79400", "2019-03-31": "4274.50100", "2018-12-31": "4283.12500", "2018-09-30": "4273.13200", "2018-06-30": "4262.27900", "2018-03-31": "4260.55900", "2017-12-31": "4286.64500", "2017-09-30": "4207.73200", "2017-06-30": "4472.49400", "2017-03-31": "4538.07600", "2016-12-31": "4524.40500", "2016-09-30": "4583.44000", "2016-06-30": "4475.09100", "2016-03-31": "4655.22200", "2015-12-31": "3727.19600", "2015-09-30": "3606.51900", "2015-06-30": "3684.49200", "2015-03-31": "3644.47400", "2014-12-31": "3570.88500", "2014-09-30": "3366.70600", "2014-06-30": "3391.20200", "2014-03-31": "3398.26000", "2013-12-31": "3427.81800", "2013-09-30": "3546.75200", "2013-06-30": "3545.52100", "2013-03-31": "3567.30200", "2012-12-31": "3668.17700", "2012-09-30": "3679.00600", "2012-06-30": "3495.21000", "2012-03-31": "3485.30400", "2011-12-31": "3860.36700", "2011-09-30": "3889.98200", "2011-06-30": "3890.94900", "2011-03-31": "3895.44800", "2010-12-31": "3922.32700", "2010-09-30": "3991.19400", "2010-06-30": "3769.36100", "2010-03-31": "3653.87300", "2009-12-31": "3694.65400", "2009-09-30": "3750.07100", "2009-06-30": "3773.64700", "2009-03-31": "3846.91500", "2008-12-31": "4411.37500", "2008-09-30": "4698.30500", "2008-06-30": "4715.34200", "2008-03-31": "4835.34000", "2007-12-31": "4297.42500", "2007-09-30": "4148.90300", "2007-06-30": "4158.61900", "2007-03-31": "4022.85600", "2006-12-31": "4036.60900", "2006-10-31": "", "2006-09-30": "3017.66600", "2006-06-30": "", "2006-03-31": "", "2005-12-31": "", "2005-09-30": ""}, "Total Liabilities": {"2020-09-30": "5289.00500", "2020-06-30": "5227.03800", "2020-03-31": "5183.34700", "2019-12-31": "4978.36700", "2019-09-30": "4536.83300", "2019-06-30": "4625.35100", "2019-03-31": "4427.72700", "2018-12-31": "4413.27900", "2018-09-30": "4424.23800", "2018-06-30": "4387.69800", "2018-03-31": "4397.43300", "2017-12-31": "4390.59200", "2017-09-30": "4326.09500", "2017-06-30": "4564.85800", "2017-03-31": "4635.39200", "2016-12-31": "4599.63400", "2016-09-30": "4678.23200", "2016-06-30": "4544.78200", "2016-03-31": "4730.80900", "2015-12-31": "3784.61300", "2015-09-30": "3674.04500", "2015-06-30": "3740.62000", "2015-03-31": "3707.61400", "2014-12-31": "3625.24900", "2014-09-30": "3439.63500", "2014-06-30": "3442.67300", "2014-03-31": "3461.96600", "2013-12-31": "3480.58100", "2013-09-30": "3610.15400", "2013-06-30": "3591.89800", "2013-03-31": "3625.07000", "2012-12-31": "3713.34800", "2012-09-30": "3736.50600", "2012-06-30": "3542.51500", "2012-03-31": "3541.97700", "2011-12-31": "3915.64700", "2011-09-30": "3950.31000", "2011-06-30": "3941.78300", "2011-03-31": "3956.00900", "2010-12-31": "3980.12000", "2010-09-30": "4053.82100", "2010-06-30": "3831.78700", "2010-03-31": "3727.35700", "2009-12-31": "3767.54700", "2009-09-30": "3825.98700", "2009-06-30": "3839.06700", "2009-03-31": "3918.21300", "2008-12-31": "4480.82000", "2008-09-30": "4764.14900", "2008-06-30": "4773.60400", "2008-03-31": "4902.22200", "2007-12-31": "4360.12900", "2007-09-30": "4213.41700", "2007-06-30": "4209.68400", "2007-03-31": "4077.36400", "2006-12-31": "4088.34500", "2006-10-31": "", "2006-09-30": "3114.93600", "2006-06-30": "", "2006-03-31": "", "2005-12-31": "", "2005-09-30": ""}, "Common Stock Net": {"2020-09-30": "1.75400", "2020-06-30": "1.75400", "2020-03-31": "1.75400", "2019-12-31": "1.75400", "2019-09-30": "1.75300", "2019-06-30": "1.75200", "2019-03-31": "1.70200", "2018-12-31": "1.70200", "2018-09-30": "1.69900", "2018-06-30": "1.69900", "2018-03-31": "1.69900", "2017-12-31": "1.69600", "2017-09-30": "1.69500", "2017-06-30": "1.60700", "2017-03-31": "1.53100", "2016-12-31": "1.51500", "2016-09-30": "1.51100", "2016-06-30": "1.49200", "2016-03-31": "1.47400", "2015-12-31": "1.46900", "2015-09-30": "1.46400", "2015-06-30": "1.46300", "2015-03-31": "1.45900", "2014-12-31": "1.44900", "2014-09-30": "1.44800", "2014-06-30": "1.44100", "2014-03-31": "1.43700", "2013-12-31": "1.42600", "2013-09-30": "1.42600", "2013-06-30": "1.42600", "2013-03-31": "1.42600", "2012-12-31": "1.41200", "2012-09-30": "1.40800", "2012-06-30": "1.39700", "2012-03-31": "1.39600", "2011-12-31": "1.31100", "2011-09-30": "1.27800", "2011-06-30": "1.25500", "2011-03-31": "1.24300", "2010-12-31": "1.24100", "2010-09-30": "1.23500", "2010-06-30": "1.22600", "2010-03-31": "1.22000", "2009-12-31": "1.21600", "2009-09-30": "1.21600", "2009-06-30": "1.21400", "2009-03-31": "1.21500", "2008-12-31": "1.21900", "2008-09-30": "1.21700", "2008-06-30": "1.21400", "2008-03-31": "1.21300", "2007-12-31": "1.09800", "2007-09-30": "1.09800", "2007-06-30": "1.14200", "2007-03-31": "1.15000", "2006-12-31": "1.15000", "2006-10-31": "", "2006-09-30": "", "2006-06-30": "", "2006-03-31": "", "2005-12-31": "", "2005-09-30": ""}, "Retained Earnings (Accumulated Deficit)": {"2020-09-30": "-873.08000", "2020-06-30": "-827.74800", "2020-03-31": "-780.56200", "2019-12-31": "-758.57600", "2019-09-30": "-988.03000", "2019-06-30": "-964.92700", "2019-03-31": "-953.33500", "2018-12-31": "-935.63000", "2018-09-30": "-917.00900", "2018-06-30": "-905.08500", "2018-03-31": "-894.28900", "2017-12-31": "-879.81000", "2017-09-30": "-866.95400", "2017-06-30": "-853.58600", "2017-03-31": "-836.85900", "2016-12-31": "-820.68500", "2016-09-30": "-805.52900", "2016-06-30": "-804.12900", "2016-03-31": "-789.78400", "2015-12-31": "-772.72600", "2015-09-30": "-754.57100", "2015-06-30": "-735.90400", "2015-03-31": "-718.63200", "2014-12-31": "-706.70000", "2014-09-30": "-687.17000", "2014-06-30": "-665.60000", "2014-03-31": "-650.13900", "2013-12-31": "-634.38000", "2013-09-30": "-614.70300", "2013-06-30": "-599.78500", "2013-03-31": "-587.75300", "2012-12-31": "-574.17300", "2012-09-30": "-554.72300", "2012-06-30": "-538.66500", "2012-03-31": "-524.23200", "2011-12-31": "-508.67400", "2011-09-30": "-495.05400", "2011-06-30": "-481.83500", "2011-03-31": "-460.50100", "2010-12-31": "-447.72200", "2010-09-30": "-370.00700", "2010-06-30": "-353.76100", "2010-03-31": "-332.50700", "2009-12-31": "-372.07000", "2009-09-30": "-290.94800", "2009-06-30": "-269.98700", "2009-03-31": "-250.36400", "2008-12-31": "-236.34800", "2008-09-30": "-245.38400", "2008-06-30": "-214.61500", "2008-03-31": "-159.28700", "2007-12-31": "-89.81200", "2007-09-30": "-203.07500", "2007-06-30": "-104.31400", "2007-03-31": "-57.79100", "2006-12-31": "-34.39200", "2006-10-31": "", "2006-09-30": "-52.77200", "2006-06-30": "", "2006-03-31": "", "2005-12-31": "", "2005-09-30": ""}, "Comprehensive Income": {"2020-09-30": "-167.59100", "2020-06-30": "-179.47100", "2020-03-31": "-165.87200", "2019-12-31": "-17.46200", "2019-09-30": "-48.87800", "2019-06-30": "-25.85300", "2019-03-31": "30.94300", "2018-12-31": "53.94400", "2018-09-30": "94.64300", "2018-06-30": "87.48600", "2018-03-31": "74.02100", "2017-12-31": "43.09900", "2017-09-30": "22.53900", "2017-06-30": "20.87100", "2017-03-31": "22.85800", "2016-12-31": "15.15600", "2016-09-30": "-23.66100", "2016-06-30": "-36.99200", "2016-03-31": "-27.31300", "2015-12-31": "-9.28500", "2015-09-30": "-26.85000", "2015-06-30": "-19.85900", "2015-03-31": "-29.40400", "2014-12-31": "-30.08900", "2014-09-30": "-34.25700", "2014-06-30": "-44.27100", "2014-03-31": "-46.40200", "2013-12-31": "-50.55400", "2013-09-30": "-57.62400", "2013-06-30": "-56.73800", "2013-03-31": "-77.89800", "2012-12-31": "-82.99100", "2012-09-30": "-91.90900", "2012-06-30": "-90.57000", "2012-03-31": "-82.74300", "2011-12-31": "-89.18000", "2011-09-30": "-93.90700", "2011-06-30": "-46.33400", "2011-03-31": "-34.35100", "2010-12-31": "-58.76500", "2010-09-30": "-153.48200", "2010-06-30": "-158.91900", "2010-03-31": "-171.66200", "2009-12-31": "-126.20200", "2009-09-30": "-210.15200", "2009-06-30": "-216.87400", "2009-03-31": "-251.66600", "2008-12-31": "-274.11100", "2008-09-30": "-96.04500", "2008-06-30": "-88.17800", "2008-03-31": "-192.00900", "2007-12-31": "-101.16300", "2007-09-30": "-33.90300", "2007-06-30": "31.20000", "2007-03-31": "-11.47300", "2006-12-31": "0.41500", "2006-10-31": "", "2006-09-30": "", "2006-06-30": "", "2006-03-31": "", "2005-12-31": "", "2005-09-30": ""}, "Other Share Holders Equity": {"2020-09-30": "", "2020-06-30": "", "2020-03-31": "", "2019-12-31": "", "2019-09-30": "", "2019-06-30": "", "2019-03-31": "", "2018-12-31": "", "2018-09-30": "", "2018-06-30": "", "2018-03-31": "", "2017-12-31": "", "2017-09-30": "", "2017-06-30": "", "2017-03-31": "", "2016-12-31": "", "2016-09-30": "", "2016-06-30": "", "2016-03-31": "", "2015-12-31": "", "2015-09-30": "", "2015-06-30": "", "2015-03-31": "", "2014-12-31": "", "2014-09-30": "", "2014-06-30": "", "2014-03-31": "", "2013-12-31": "", "2013-09-30": "", "2013-06-30": "", "2013-03-31": "", "2012-12-31": "", "2012-09-30": "", "2012-06-30": "", "2012-03-31": "", "2011-12-31": "", "2011-09-30": "", "2011-06-30": "", "2011-03-31": "", "2010-12-31": "", "2010-09-30": "", "2010-06-30": "", "2010-03-31": "", "2009-12-31": "", "2009-09-30": "", "2009-06-30": "", "2009-03-31": "", "2008-12-31": "", "2008-09-30": "", "2008-06-30": "", "2008-03-31": "", "2007-12-31": "", "2007-09-30": "", "2007-06-30": "", "2007-03-31": "", "2006-12-31": "", "2006-10-31": "", "2006-09-30": "-60.00000", "2006-06-30": "", "2006-03-31": "", "2005-12-31": "", "2005-09-30": ""}, "Share Holder Equity": {"2020-09-30": "4000.36800", "2020-06-30": "4044.33900", "2020-03-31": "4129.70700", "2019-12-31": "4370.93400", "2019-09-30": "3984.06200", "2019-06-30": "4052.36000", "2019-03-31": "3788.18200", "2018-12-31": "3848.43000", "2018-09-30": "3923.54100", "2018-06-30": "3930.28600", "2018-03-31": "3926.46700", "2017-12-31": "3902.04900", "2017-09-30": "3787.07700", "2017-06-30": "3390.53500", "2017-03-31": "2951.30700", "2016-12-31": "3014.07100", "2016-09-30": "2967.04100", "2016-06-30": "2713.72100", "2016-03-31": "2560.61500", "2015-12-31": "2281.54800", "2015-09-30": "2269.81100", "2015-06-30": "2298.11100", "2015-03-31": "2305.19100", "2014-12-31": "2313.72400", "2014-09-30": "2321.01600", "2014-06-30": "2333.37300", "2014-03-31": "2349.49000", "2013-12-31": "2367.20800", "2013-09-30": "2376.25600", "2013-06-30": "2393.61200", "2013-03-31": "2382.61400", "2012-12-31": "2390.45900", "2012-09-30": "2396.23900", "2012-06-30": "2414.94600", "2012-03-31": "2440.39900", "2011-12-31": "2315.95500", "2011-09-30": "2266.37000", "2011-06-30": "2301.57800", "2011-03-31": "2318.63600", "2010-12-31": "2299.16900", "2010-09-30": "2266.50800", "2010-06-30": "2279.49600", "2010-03-31": "2289.29000", "2009-12-31": "2292.38500", "2009-09-30": "2286.91200", "2009-06-30": "2306.76200", "2009-03-31": "2287.37900", "2008-12-31": "2280.21400", "2008-09-30": "1940.18400", "2008-06-30": "1973.78500", "2008-03-31": "1922.15100", "2007-12-31": "1829.83900", "2007-09-30": "1908.90600", "2007-06-30": "2072.58400", "2007-03-31": "2076.47700", "2006-12-31": "2111.77300", "2006-10-31": "", "2006-09-30": "-112.77200", "2006-06-30": "", "2006-03-31": "", "2005-12-31": "", "2005-09-30": ""}, "Total Liabilities And Share Holders Equity": {"2020-09-30": "9289.37300", "2020-06-30": "9271.37700", "2020-03-31": "9313.05400", "2019-12-31": "9349.30100", "2019-09-30": "8520.89500", "2019-06-30": "8677.71100", "2019-03-31": "8215.90900", "2018-12-31": "8261.70900", "2018-09-30": "8347.77900", "2018-06-30": "8317.98400", "2018-03-31": "8323.90000", "2017-12-31": "8292.64100", "2017-09-30": "8113.17200", "2017-06-30": "7955.39300", "2017-03-31": "7586.69900", "2016-12-31": "7613.70500", "2016-09-30": "7645.27300", "2016-06-30": "7258.50300", "2016-03-31": "7291.42400", "2015-12-31": "6066.16100", "2015-09-30": "5943.85600", "2015-06-30": "6038.73100", "2015-03-31": "6012.80500", "2014-12-31": "5938.97300", "2014-09-30": "5760.65100", "2014-06-30": "5776.04600", "2014-03-31": "5811.45600", "2013-12-31": "5847.78900", "2013-09-30": "5986.41000", "2013-06-30": "5985.51000", "2013-03-31": "6007.68400", "2012-12-31": "6103.80700", "2012-09-30": "6132.74500", "2012-06-30": "5957.46100", "2012-03-31": "5982.37600", "2011-12-31": "6231.60200", "2011-09-30": "6216.68000", "2011-06-30": "6243.36100", "2011-03-31": "6274.64500", "2010-12-31": "6279.28900", "2010-09-30": "6320.32900", "2010-06-30": "6111.28300", "2010-03-31": "6016.64700", "2009-12-31": "6059.93200", "2009-09-30": "6112.89900", "2009-06-30": "6145.82900", "2009-03-31": "6205.59200", "2008-12-31": "6761.03400", "2008-09-30": "6704.33300", "2008-06-30": "6747.38900", "2008-03-31": "6824.37300", "2007-12-31": "6189.96800", "2007-09-30": "6122.32300", "2007-06-30": "6282.26800", "2007-03-31": "6153.84100", "2006-12-31": "6200.11800", "2006-10-31": "", "2006-09-30": "3002.16400", "2006-06-30": "", "2006-03-31": "", "2005-12-31": "", "2005-09-30": ""}}, "cash flow statement": {"Net Income/Loss": {"2019-12-31": "418.69800", "2018-12-31": "128.61200", "2017-12-31": "104.42700", "2016-12-31": "96.09000", "2015-12-31": "68.75500", "2014-12-31": "52.85400", "2013-12-31": "52.83700", "2012-12-31": "28.34500", "2011-12-31": "2.25800", "2010-12-31": "-32.95600", "2009-12-31": "-34.15700", "2008-12-31": "-35.91300", "2007-12-31": "-18.68900", "2006-12-31": "-36.95300", "2005-12-31": "-16.52000"}, "Total Depreciation And Amortization - Cash Flow": {"2019-12-31": "355.53200", "2018-12-31": "295.92600", "2017-12-31": "269.58900", "2016-12-31": "239.64300", "2015-12-31": "193.20200", "2014-12-31": "190.52500", "2013-12-31": "179.87200", "2012-12-31": "169.90600", "2011-12-31": "180.66900", "2010-12-31": "222.12800", "2009-12-31": "223.61200", "2008-12-31": "202.44700", "2007-12-31": "206.25400", "2006-12-31": "129.74200", "2005-12-31": "123.65200"}, "Other Non-Cash Items": {"2019-12-31": "-295.71300", "2018-12-31": "5.64000", "2017-12-31": "6.08000", "2016-12-31": "-15.39600", "2015-12-31": "2.77500", "2014-12-31": "-2.35800", "2013-12-31": "0.77900", "2012-12-31": "17.60700", "2011-12-31": "28.44300", "2010-12-31": "8.44800", "2009-12-31": "-8.93900", "2008-12-31": "17.77400", "2007-12-31": "16.44400", "2006-12-31": "48.29000", "2005-12-31": "13.89500"}, "Total Non-Cash Items": {"2019-12-31": "59.81900", "2018-12-31": "301.56600", "2017-12-31": "275.66900", "2016-12-31": "224.24700", "2015-12-31": "195.97700", "2014-12-31": "188.16700", "2013-12-31": "180.65100", "2012-12-31": "187.51300", "2011-12-31": "209.11200", "2010-12-31": "230.57600", "2009-12-31": "214.67300", "2008-12-31": "220.22100", "2007-12-31": "222.69800", "2006-12-31": "178.03200", "2005-12-31": "137.54700"}, "Change In Accounts Receivable": {"2019-12-31": "", "2018-12-31": "", "2017-12-31": "", "2016-12-31": "", "2015-12-31": "", "2014-12-31": "", "2013-12-31": "", "2012-12-31": "", "2011-12-31": "", "2010-12-31": "", "2009-12-31": "", "2008-12-31": "", "2007-12-31": "", "2006-12-31": "", "2005-12-31": ""}, "Change In Inventories": {"2019-12-31": "", "2018-12-31": "", "2017-12-31": "", "2016-12-31": "", "2015-12-31": "", "2014-12-31": "", "2013-12-31": "", "2012-12-31": "", "2011-12-31": "", "2010-12-31": "", "2009-12-31": "", "2008-12-31": "", "2007-12-31": "", "2006-12-31": "", "2005-12-31": ""}, "Change In Accounts Payable": {"2019-12-31": "", "2018-12-31": "", "2017-12-31": "", "2016-12-31": "", "2015-12-31": "", "2014-12-31": "", "2013-12-31": "", "2012-12-31": "", "2011-12-31": "", "2010-12-31": "", "2009-12-31": "", "2008-12-31": "", "2007-12-31": "", "2006-12-31": "", "2005-12-31": ""}, "Change In Assets/Liabilities": {"2019-12-31": "-2.08700", "2018-12-31": "1.42800", "2017-12-31": "-2.34100", "2016-12-31": "8.40000", "2015-12-31": "1.24600", "2014-12-31": "2.11700", "2013-12-31": "1.23800", "2012-12-31": "0.60200", "2011-12-31": "-7.77500", "2010-12-31": "-8.70700", "2009-12-31": "-9.16800", "2008-12-31": "-4.88000", "2007-12-31": "-54.55200", "2006-12-31": "-17.44300", "2005-12-31": "-18.86500"}, "Total Change In Assets/Liabilities": {"2019-12-31": "-8.93100", "2018-12-31": "2.80400", "2017-12-31": "22.60100", "2016-12-31": "19.11200", "2015-12-31": "5.80300", "2014-12-31": "4.78500", "2013-12-31": "10.05400", "2012-12-31": "-6.27100", "2011-12-31": "-6.27700", "2010-12-31": "-19.98300", "2009-12-31": "0.57100", "2008-12-31": "-1.47700", "2007-12-31": "-39.34100", "2006-12-31": "24.29300", "2005-12-31": "-18.43100"}, "Cash Flow From Operating Activities": {"2019-12-31": "469.58600", "2018-12-31": "432.98200", "2017-12-31": "402.69700", "2016-12-31": "339.44900", "2015-12-31": "271.42700", "2014-12-31": "246.71500", "2013-12-31": "243.54200", "2012-12-31": "210.37300", "2011-12-31": "208.89200", "2010-12-31": "188.94200", "2009-12-31": "180.34300", "2008-12-31": "182.83100", "2007-12-31": "154.80500", "2006-12-31": "146.62000", "2005-12-31": "127.81100"}, "Net Change In Property, Plant, And Equipment": {"2019-12-31": "-603.99300", "2018-12-31": "-247.52100", "2017-12-31": "-709.01300", "2016-12-31": "-1391.10200", "2015-12-31": "-169.16700", "2014-12-31": "-309.17200", "2013-12-31": "-225.46000", "2012-12-31": "-93.61200", "2011-12-31": "-55.96300", "2010-12-31": "-283.39800", "2009-12-31": "-42.15100", "2008-12-31": "-684.62300", "2007-12-31": "-172.80400", "2006-12-31": "-2101.44600", "2005-12-31": "-231.15700"}, "Net Change In Intangible Assets": {"2019-12-31": "", "2018-12-31": "", "2017-12-31": "", "2016-12-31": "", "2015-12-31": "", "2014-12-31": "", "2013-12-31": "", "2012-12-31": "", "2011-12-31": "", "2010-12-31": "", "2009-12-31": "", "2008-12-31": "", "2007-12-31": "", "2006-12-31": "", "2005-12-31": ""}, "Net Acquisitions/Divestitures": {"2019-12-31": "-90.75400", "2018-12-31": "-9.37900", "2017-12-31": "-4.14200", "2016-12-31": "", "2015-12-31": "", "2014-12-31": "", "2013-12-31": "", "2012-12-31": "", "2011-12-31": "", "2010-12-31": "", "2009-12-31": "-6.62500", "2008-12-31": "", "2007-12-31": "", "2006-12-31": "", "2005-12-31": ""}, "Net Change In Short-term Investments": {"2019-12-31": "", "2018-12-31": "", "2017-12-31": "", "2016-12-31": "", "2015-12-31": "", "2014-12-31": "", "2013-12-31": "", "2012-12-31": "", "2011-12-31": "", "2010-12-31": "", "2009-12-31": "", "2008-12-31": "", "2007-12-31": "", "2006-12-31": "", "2005-12-31": ""}, "Net Change In Long-Term Investments": {"2019-12-31": "", "2018-12-31": "", "2017-12-31": "", "2016-12-31": "", "2015-12-31": "", "2014-12-31": "", "2013-12-31": "", "2012-12-31": "", "2011-12-31": "", "2010-12-31": "", "2009-12-31": "", "2008-12-31": "", "2007-12-31": "", "2006-12-31": "", "2005-12-31": ""}, "Net Change In Investments - Total": {"2019-12-31": "", "2018-12-31": "", "2017-12-31": "", "2016-12-31": "", "2015-12-31": "", "2014-12-31": "", "2013-12-31": "", "2012-12-31": "", "2011-12-31": "", "2010-12-31": "", "2009-12-31": "", "2008-12-31": "", "2007-12-31": "", "2006-12-31": "", "2005-12-31": ""}, "Investing Activities - Other": {"2019-12-31": "45.07900", "2018-12-31": "7.34900", "2017-12-31": "43.56000", "2016-12-31": "24.93300", "2015-12-31": "-62.42200", "2014-12-31": "-10.79300", "2013-12-31": "-21.12500", "2012-12-31": "2.09500", "2011-12-31": "-5.04700", "2010-12-31": "-21.28000", "2009-12-31": "", "2008-12-31": "", "2007-12-31": "", "2006-12-31": "", "2005-12-31": ""}, "Cash Flow From Investing Activities": {"2019-12-31": "-649.66800", "2018-12-31": "-249.55100", "2017-12-31": "-669.59500", "2016-12-31": "-1366.16900", "2015-12-31": "-231.58900", "2014-12-31": "-319.96500", "2013-12-31": "-246.58500", "2012-12-31": "-91.51700", "2011-12-31": "-61.01000", "2010-12-31": "-304.67800", "2009-12-31": "-48.77600", "2008-12-31": "-684.62300", "2007-12-31": "-172.80400", "2006-12-31": "-2101.44600", "2005-12-31": "-231.15700"}, "Net Long-Term Debt": {"2019-12-31": "89.28200", "2018-12-31": "11.67400", "2017-12-31": "-288.04390", "2016-12-31": "773.92000", "2015-12-31": "198.87210", "2014-12-31": "194.15000", "2013-12-31": "-200.00000", "2012-12-31": "-181.95600", "2011-12-31": "-34.90410", "2010-12-31": "400.00000", "2009-12-31": "-24.02500", "2008-12-31": "616.87500", "2007-12-31": "280.15000", "2006-12-31": "536.50000", "2005-12-31": "140.34500"}, "Net Current Debt": {"2019-12-31": "", "2018-12-31": "", "2017-12-31": "", "2016-12-31": "", "2015-12-31": "", "2014-12-31": "", "2013-12-31": "", "2012-12-31": "", "2011-12-31": "", "2010-12-31": "", "2009-12-31": "-25.27500", "2008-12-31": "-25.02500", "2007-12-31": "40.30000", "2006-12-31": "", "2005-12-31": "9.70100"}, "Debt Issuance/Retirement Net - Total": {"2019-12-31": "89.28200", "2018-12-31": "11.67400", "2017-12-31": "-288.04390", "2016-12-31": "773.92000", "2015-12-31": "198.87210", "2014-12-31": "194.15000", "2013-12-31": "-200.00000", "2012-12-31": "-181.95600", "2011-12-31": "-34.90410", "2010-12-31": "400.00000", "2009-12-31": "-49.30000", "2008-12-31": "591.85000", "2007-12-31": "320.45000", "2006-12-31": "536.50000", "2005-12-31": "150.04600"}, "Net Common Equity Issued/Repurchased": {"2019-12-31": "200.24900", "2018-12-31": "-0.10800", "2017-12-31": "583.06500", "2016-12-31": "48.55300", "2015-12-31": "4.27200", "2014-12-31": "-6.74700", "2013-12-31": "-0.35200", "2012-12-31": "128.25700", "2011-12-31": "117.75200", "2010-12-31": "", "2009-12-31": "-5.33700", "2008-12-31": "0.66800", "2007-12-31": "-125.18500", "2006-12-31": "1557.44600", "2005-12-31": ""}, "Net Total Equity Issued/Repurchased": {"2019-12-31": "200.24900", "2018-12-31": "-0.10800", "2017-12-31": "583.06500", "2016-12-31": "48.55300", "2015-12-31": "4.27200", "2014-12-31": "-6.74700", "2013-12-31": "-0.35200", "2012-12-31": "128.25700", "2011-12-31": "117.75200", "2010-12-31": "", "2009-12-31": "-5.33700", "2008-12-31": "0.66800", "2007-12-31": "-125.18500", "2006-12-31": "1557.44600", "2005-12-31": ""}, "Total Common And Preferred Stock Dividends Paid": {"2019-12-31": "-244.20100", "2018-12-31": "-221.97300", "2017-12-31": "-184.12700", "2016-12-31": "-166.29900", "2015-12-31": "-145.77500", "2014-12-31": "-137.85200", "2013-12-31": "-123.65900", "2012-12-31": "-98.38100", "2011-12-31": "-72.86700", "2010-12-31": "-62.77600", "2009-12-31": "-76.04300", "2008-12-31": "-115.41100", "2007-12-31": "-104.98100", "2006-12-31": "-82.22500", "2005-12-31": "-174.32000"}, "Financial Activities - Other": {"2019-12-31": "142.20800", "2018-12-31": "-3.44200", "2017-12-31": "219.72200", "2016-12-31": "381.67500", "2015-12-31": "-14.23200", "2014-12-31": "-1.68400", "2013-12-31": "-1.94300", "2012-12-31": "-0.55000", "2011-12-31": "-23.30500", "2010-12-31": "-21.80900", "2009-12-31": "63.19800", "2008-12-31": "27.49700", "2007-12-31": "-70.97800", "2006-12-31": "-160.64100", "2005-12-31": "128.04200"}, "Cash Flow From Financial Activities": {"2019-12-31": "187.53800", "2018-12-31": "-213.84900", "2017-12-31": "330.61600", "2016-12-31": "1037.84900", "2015-12-31": "43.13700", "2014-12-31": "47.86700", "2013-12-31": "-325.95400", "2012-12-31": "-152.63000", "2011-12-31": "-13.32400", "2010-12-31": "315.41500", "2009-12-31": "-67.48200", "2008-12-31": "504.60400", "2007-12-31": "19.30600", "2006-12-31": "1851.08000", "2005-12-31": "103.76800"}, "Net Cash Flow": {"2019-12-31": "7.45600", "2018-12-31": "-30.41800", "2017-12-31": "63.71800", "2016-12-31": "11.12900", "2015-12-31": "82.97500", "2014-12-31": "-25.38300", "2013-12-31": "-328.99700", "2012-12-31": "-33.77400", "2011-12-31": "134.55800", "2010-12-31": "199.67900", "2009-12-31": "64.08500", "2008-12-31": "2.81200", "2007-12-31": "1.30700", "2006-12-31": "-103.74600", "2005-12-31": "0.42200"}, "Stock-Based Compensation": {"2019-12-31": "18.35900", "2018-12-31": "22.29900", "2017-12-31": "18.47800", "2016-12-31": "17.44800", "2015-12-31": "15.23400", "2014-12-31": "13.72200", "2013-12-31": "10.00500", "2012-12-31": "", "2011-12-31": "", "2010-12-31": "-26.26000", "2009-12-31": "-32.46800", "2008-12-31": "4.40000", "2007-12-31": "2.17800", "2006-12-31": "26.60000", "2005-12-31": ""}, "Common Stock Dividends Paid": {"2019-12-31": "-244.20100", "2018-12-31": "-221.97300", "2017-12-31": "-184.12700", "2016-12-31": "-166.29900", "2015-12-31": "-145.77500", "2014-12-31": "-137.85200", "2013-12-31": "-123.65900", "2012-12-31": "-98.38100", "2011-12-31": "-72.86700", "2010-12-31": "-62.77600", "2009-12-31": "-76.04300", "2008-12-31": "-115.41100", "2007-12-31": "-104.98100", "2006-12-31": "-82.22500", "2005-12-31": "-174.32000"}}, "cash flow statement, quarterly": {"Net Income/Loss": {"2020-09-30": -1.859, "2020-06-30": -5.472, "2020-03-31": "29.71400", "2019-12-31": 322.629, "2019-09-30": 23.421, "2019-06-30": 39.86, "2019-03-31": "32.78800", "2018-12-31": 23.532, "2018-09-30": 35.416, "2018-06-30": 37.033, "2018-03-31": "32.63100", "2017-12-31": 31.986, "2017-09-30": 28.508, "2017-06-30": 22.153, "2017-03-31": "21.78000", "2016-12-31": 22.466, "2016-09-30": 35.798, "2016-06-30": 21.78, "2016-03-31": "16.04600", "2015-12-31": 16.606, "2015-09-30": 14.159, "2015-06-30": 15.894, "2015-03-31": "22.09600", "2014-12-31": 12.798, "2014-09-30": 8.681, "2014-06-30": 15.917, "2014-03-31": "15.45800", "2013-12-31": 10.504, "2013-09-30": 12.743, "2013-06-30": 14.978, "2013-03-31": "14.61200", "2012-12-31": 7.34, "2012-09-30": 6.228, "2012-06-30": 8.075, "2012-03-31": "6.70200", "2011-12-31": 4.408, "2011-09-30": 4.404, "2011-06-30": -6.209, "2011-03-31": "-0.34500", "2010-12-31": -6.439, "2010-09-30": -4.743, "2010-06-30": -11.305, "2010-03-31": "-10.46900", "2009-12-31": -11.277, "2009-09-30": -11.112, "2009-06-30": -9.518, "2009-03-31": "-2.25000", "2008-12-31": -8.059, "2008-09-30": -12.4, "2008-06-30": -12.213, "2008-03-31": "-3.24100", "2007-12-31": -11.371, "2007-09-30": -2.785, "2007-06-30": -1.26, "2007-03-31": "-3.27300", "2006-12-31": -36.953, "2006-10-31": 7.885, "2006-09-30": -25.706, "2006-06-30": 5.329, "2006-03-31": "12.49200", "2005-12-31": 29.077, "2005-09-30": -29.077}, "Total Depreciation And Amortization - Cash Flow": {"2020-09-30": 92.894, "2020-06-30": 94.537, "2020-03-31": "95.18200", "2019-12-31": 108.725, "2019-09-30": 92.448, "2019-06-30": 76.74, "2019-03-31": "77.61900", "2018-12-31": 87.093, "2018-09-30": 71.074, "2018-06-30": 69.155, "2018-03-31": "68.60400", "2017-12-31": 69.873, "2017-09-30": 67.503, "2017-06-30": 66.933, "2017-03-31": "65.28000", "2016-12-31": 65.641, "2016-09-30": 56.222, "2016-06-30": 64.213, "2016-03-31": "53.56700", "2015-12-31": 50.563, "2015-09-30": 50.525, "2015-06-30": 50.307, "2015-03-31": "41.80700", "2014-12-31": 46.755, "2014-09-30": 47.721, "2014-06-30": 48.401, "2014-03-31": "47.64800", "2013-12-31": 47.342, "2013-09-30": 44.367, "2013-06-30": 45.047, "2013-03-31": "43.11600", "2012-12-31": 42.569, "2012-09-30": 33.821, "2012-06-30": 47.624, "2012-03-31": "45.89200", "2011-12-31": 41.444, "2011-09-30": 28.304, "2011-06-30": 62.548, "2011-03-31": "48.37300", "2010-12-31": 56.883, "2010-09-30": 70.713, "2010-06-30": 40.081, "2010-03-31": "54.45100", "2009-12-31": 78.919, "2009-09-30": 47.216, "2009-06-30": 37.025, "2009-03-31": "60.45200", "2008-12-31": 52.672, "2008-09-30": 52.354, "2008-06-30": 51.668, "2008-03-31": "45.75300", "2007-12-31": 56.559, "2007-09-30": 49.785, "2007-06-30": 49.635, "2007-03-31": "50.27500", "2006-12-31": 129.742, "2006-10-31": -87.524, "2006-09-30": 32.229, "2006-06-30": 28.862, "2006-03-31": "26.43300", "2005-12-31": -93.587, "2005-09-30": 93.587}, "Other Non-Cash Items": {"2020-09-30": -11.829, "2020-06-30": 32.206, "2020-03-31": "6.11400", "2019-12-31": -293.81, "2019-09-30": 3.524, "2019-06-30": -5.376, "2019-03-31": "-0.05100", "2018-12-31": 7.911, "2018-09-30": 2.795, "2018-06-30": -4.636, "2018-03-31": "-0.43000", "2017-12-31": 11.432, "2017-09-30": -1.872, "2017-06-30": -0.43, "2017-03-31": "-3.05000", "2016-12-31": 7.143, "2016-09-30": -11.707, "2016-06-30": -9.385, "2016-03-31": "-1.44700", "2015-12-31": 3.982, "2015-09-30": 0.637, "2015-06-30": 0.012, "2015-03-31": "-1.85600", "2014-12-31": 1.736, "2014-09-30": 1.57, "2014-06-30": -3.463, "2014-03-31": "-2.20100", "2013-12-31": -1.071, "2013-09-30": 1.298, "2013-06-30": 0.155, "2013-03-31": "0.39700", "2012-12-31": 0.709, "2012-09-30": 13.315, "2012-06-30": 1.615, "2012-03-31": "1.96800", "2011-12-31": 6.009, "2011-09-30": 15.48, "2011-06-30": -2.411, "2011-03-31": "9.36500", "2010-12-31": 6.542, "2010-09-30": -5.296, "2010-06-30": 6.757, "2010-03-31": "0.44500", "2009-12-31": -8.813, "2009-09-30": 3.129, "2009-06-30": 3.405, "2009-03-31": "-6.66000", "2008-12-31": 14.511, "2008-09-30": 1.119, "2008-06-30": -1.147, "2008-03-31": "3.29100", "2007-12-31": 17.748, "2007-09-30": -0.7, "2007-06-30": -1.274, "2007-03-31": "0.67000", "2006-12-31": -12.106, "2006-10-31": -1.09, "2006-09-30": -43.313, "2006-06-30": 62.581, "2006-03-31": "9.90300", "2005-12-31": 8.843, "2005-09-30": 5.052}, "Total Non-Cash Items": {"2020-09-30": 81.065, "2020-06-30": 126.743, "2020-03-31": "101.29600", "2019-12-31": -185.085, "2019-09-30": 95.972, "2019-06-30": 71.364, "2019-03-31": "77.56800", "2018-12-31": 95.004, "2018-09-30": 73.869, "2018-06-30": 64.519, "2018-03-31": "68.17400", "2017-12-31": 81.305, "2017-09-30": 65.631, "2017-06-30": 66.503, "2017-03-31": "62.23000", "2016-12-31": 72.784, "2016-09-30": 44.515, "2016-06-30": 54.828, "2016-03-31": "52.12000", "2015-12-31": 54.545, "2015-09-30": 51.162, "2015-06-30": 50.319, "2015-03-31": "39.95100", "2014-12-31": 48.491, "2014-09-30": 49.291, "2014-06-30": 44.938, "2014-03-31": "45.44700", "2013-12-31": 46.271, "2013-09-30": 45.665, "2013-06-30": 45.202, "2013-03-31": "43.51300", "2012-12-31": 43.278, "2012-09-30": 47.136, "2012-06-30": 49.239, "2012-03-31": "47.86000", "2011-12-31": 47.453, "2011-09-30": 43.784, "2011-06-30": 60.137, "2011-03-31": "57.73800", "2010-12-31": 63.425, "2010-09-30": 65.417, "2010-06-30": 46.838, "2010-03-31": "54.89600", "2009-12-31": 70.106, "2009-09-30": 50.345, "2009-06-30": 40.43, "2009-03-31": "53.79200", "2008-12-31": 67.183, "2008-09-30": 53.473, "2008-06-30": 50.521, "2008-03-31": "49.04400", "2007-12-31": 74.307, "2007-09-30": 49.085, "2007-06-30": 48.361, "2007-03-31": "50.94500", "2006-12-31": -7.872, "2006-10-31": -88.614, "2006-09-30": -11.084, "2006-06-30": 91.443, "2006-03-31": "36.33600", "2005-12-31": -84.744, "2005-09-30": 98.639}, "Change In Accounts Receivable": {"2020-09-30": 0, "2020-06-30": 0, "2020-03-31": "", "2019-12-31": 0, "2019-09-30": 0, "2019-06-30": 0, "2019-03-31": "", "2018-12-31": 0, "2018-09-30": 0, "2018-06-30": 0, "2018-03-31": "", "2017-12-31": 0, "2017-09-30": 0, "2017-06-30": 0, "2017-03-31": "", "2016-12-31": 0, "2016-09-30": 0, "2016-06-30": 0, "2016-03-31": "", "2015-12-31": 0, "2015-09-30": 0, "2015-06-30": 0, "2015-03-31": "", "2014-12-31": 0, "2014-09-30": 0, "2014-06-30": 0, "2014-03-31": "", "2013-12-31": 0, "2013-09-30": 0, "2013-06-30": 0, "2013-03-31": "", "2012-12-31": 0, "2012-09-30": 0, "2012-06-30": 0, "2012-03-31": "", "2011-12-31": 0, "2011-09-30": 0, "2011-06-30": 0, "2011-03-31": "", "2010-12-31": 0, "2010-09-30": 0, "2010-06-30": 0, "2010-03-31": "", "2009-12-31": 0, "2009-09-30": 0, "2009-06-30": 0, "2009-03-31": "", "2008-12-31": 0, "2008-09-30": 0, "2008-06-30": 0, "2008-03-31": "", "2007-12-31": 0, "2007-09-30": 0, "2007-06-30": 0, "2007-03-31": "", "2006-12-31": 0, "2006-10-31": 0, "2006-09-30": 0, "2006-06-30": 0, "2006-03-31": "", "2005-12-31": 0, "2005-09-30": 0}, "Change In Inventories": {"2020-09-30": 0, "2020-06-30": 0, "2020-03-31": "", "2019-12-31": 0, "2019-09-30": 0, "2019-06-30": 0, "2019-03-31": "", "2018-12-31": 0, "2018-09-30": 0, "2018-06-30": 0, "2018-03-31": "", "2017-12-31": 0, "2017-09-30": 0, "2017-06-30": 0, "2017-03-31": "", "2016-12-31": 0, "2016-09-30": 0, "2016-06-30": 0, "2016-03-31": "", "2015-12-31": 0, "2015-09-30": 0, "2015-06-30": 0, "2015-03-31": "", "2014-12-31": 0, "2014-09-30": 0, "2014-06-30": 0, "2014-03-31": "", "2013-12-31": 0, "2013-09-30": 0, "2013-06-30": 0, "2013-03-31": "", "2012-12-31": 0, "2012-09-30": 0, "2012-06-30": 0, "2012-03-31": "", "2011-12-31": 0, "2011-09-30": 0, "2011-06-30": 0, "2011-03-31": "", "2010-12-31": 0, "2010-09-30": 0, "2010-06-30": 0, "2010-03-31": "", "2009-12-31": 0, "2009-09-30": 0, "2009-06-30": 0, "2009-03-31": "", "2008-12-31": 0, "2008-09-30": 0, "2008-06-30": 0, "2008-03-31": "", "2007-12-31": 0, "2007-09-30": 0, "2007-06-30": 0, "2007-03-31": "", "2006-12-31": 0, "2006-10-31": 0, "2006-09-30": 0, "2006-06-30": 0, "2006-03-31": "", "2005-12-31": 0, "2005-09-30": 0}, "Change In Accounts Payable": {"2020-09-30": 0, "2020-06-30": 0, "2020-03-31": "", "2019-12-31": 0, "2019-09-30": 0, "2019-06-30": 0, "2019-03-31": "", "2018-12-31": 0, "2018-09-30": 0, "2018-06-30": 0, "2018-03-31": "", "2017-12-31": 0, "2017-09-30": 0, "2017-06-30": 0, "2017-03-31": "", "2016-12-31": 0, "2016-09-30": 0, "2016-06-30": 0, "2016-03-31": "", "2015-12-31": 0, "2015-09-30": 0, "2015-06-30": 0, "2015-03-31": "", "2014-12-31": 0, "2014-09-30": 0, "2014-06-30": 0, "2014-03-31": "", "2013-12-31": 0, "2013-09-30": 0, "2013-06-30": 0, "2013-03-31": "", "2012-12-31": 0, "2012-09-30": 0, "2012-06-30": 0, "2012-03-31": "", "2011-12-31": 0, "2011-09-30": 0, "2011-06-30": 0, "2011-03-31": "", "2010-12-31": 0, "2010-09-30": 0, "2010-06-30": 0, "2010-03-31": "", "2009-12-31": 0, "2009-09-30": 0, "2009-06-30": 0, "2009-03-31": "", "2008-12-31": 0, "2008-09-30": 0, "2008-06-30": 0, "2008-03-31": "", "2007-12-31": 0, "2007-09-30": 0, "2007-06-30": 0, "2007-03-31": "", "2006-12-31": 0, "2006-10-31": 0, "2006-09-30": 0, "2006-06-30": 0, "2006-03-31": "", "2005-12-31": 0, "2005-09-30": 0}, "Change In Assets/Liabilities": {"2020-09-30": 13.559, "2020-06-30": -23.39, "2020-03-31": "-2.28700", "2019-12-31": 0.202, "2019-09-30": -7.351, "2019-06-30": 8.298, "2019-03-31": "-3.23600", "2018-12-31": 3.576, "2018-09-30": -7.523, "2018-06-30": 5.507, "2018-03-31": "-0.13200", "2017-12-31": 0.319, "2017-09-30": -8.588, "2017-06-30": 7.204, "2017-03-31": "-1.27600", "2016-12-31": 6.569, "2016-09-30": -6.818, "2016-06-30": 5.793, "2016-03-31": "2.85600", "2015-12-31": 3.765, "2015-09-30": -6.786, "2015-06-30": 3.393, "2015-03-31": "0.87400", "2014-12-31": 8.37, "2014-09-30": -9.926, "2014-06-30": 3.597, "2014-03-31": "0.07600", "2013-12-31": 5.092, "2013-09-30": -2.435, "2013-06-30": 0.262, "2013-03-31": "-1.68100", "2012-12-31": 4.252, "2012-09-30": -0.661, "2012-06-30": -1.404, "2012-03-31": "-1.58500", "2011-12-31": -2.666, "2011-09-30": -1.259, "2011-06-30": -0.552, "2011-03-31": "-3.29800", "2010-12-31": -2.135, "2010-09-30": -12.719, "2010-06-30": 7.345, "2010-03-31": "-1.19800", "2009-12-31": -17.446, "2009-09-30": 2.134, "2009-06-30": 13.222, "2009-03-31": "-7.07800", "2008-12-31": -7.169, "2008-09-30": 2.19, "2008-06-30": 1.867, "2008-03-31": "-1.76800", "2007-12-31": -24.369, "2007-09-30": -11.071, "2007-06-30": -8.757, "2007-03-31": "-10.35500", "2006-12-31": -17.443, "2006-10-31": 13.669, "2006-09-30": 52.663, "2006-06-30": -63.876, "2006-03-31": "-2.45600", "2005-12-31": 9.146, "2005-09-30": -9.146}, "Total Change In Assets/Liabilities": {"2020-09-30": 41.108, "2020-06-30": -38.366, "2020-03-31": "22.50000", "2019-12-31": -26.926, "2019-09-30": 15.155, "2019-06-30": -19.293, "2019-03-31": "22.13300", "2018-12-31": -17.397, "2018-09-30": 9.852, "2018-06-30": -6.463, "2018-03-31": "16.81200", "2017-12-31": -14.849, "2017-09-30": 14.804, "2017-06-30": 1.281, "2017-03-31": "21.36500", "2016-12-31": -20.108, "2016-09-30": 18.116, "2016-06-30": -0.196, "2016-03-31": "21.30000", "2015-12-31": -6.267, "2015-09-30": 4.67, "2015-06-30": -3.193, "2015-03-31": "10.59300", "2014-12-31": -10.192, "2014-09-30": 10.418, "2014-06-30": -7.721, "2014-03-31": "12.28000", "2013-12-31": -6.38, "2013-09-30": 14.668, "2013-06-30": -10.595, "2013-03-31": "12.36100", "2012-12-31": -9.528, "2012-09-30": 9.803, "2012-06-30": -10.119, "2012-03-31": "3.57300", "2011-12-31": -9.268, "2011-09-30": 8.604, "2011-06-30": -8.647, "2011-03-31": "3.03400", "2010-12-31": -10.434, "2010-09-30": -10.572, "2010-06-30": -4.177, "2010-03-31": "5.20000", "2009-12-31": -22.822, "2009-09-30": 13.173, "2009-06-30": 5.83, "2009-03-31": "4.39000", "2008-12-31": -10.365, "2008-09-30": 10.365, "2008-06-30": -2.991, "2008-03-31": "1.51400", "2007-12-31": -27.495, "2007-09-30": 3.695, "2007-06-30": -11.613, "2007-03-31": "-3.92800", "2006-12-31": 24.293, "2006-10-31": -0.618, "2006-09-30": 65.934, "2006-06-30": -68.055, "2006-03-31": "2.73900", "2005-12-31": -25.734, "2005-09-30": 25.734}, "Cash Flow From Operating Activities": {"2020-09-30": 119.92, "2020-06-30": 83.299, "2020-03-31": "153.51000", "2019-12-31": 110.618, "2019-09-30": 130.792, "2019-06-30": 95.687, "2019-03-31": "132.48900", "2018-12-31": 101.139, "2018-09-30": 115.963, "2018-06-30": 98.263, "2018-03-31": "117.61700", "2017-12-31": 94.015, "2017-09-30": 110.08, "2017-06-30": 91.05, "2017-03-31": "107.55200", "2016-12-31": 73.786, "2016-09-30": 98.892, "2016-06-30": 76.93, "2016-03-31": "89.84100", "2015-12-31": 65.776, "2015-09-30": 69.456, "2015-06-30": 63.269, "2015-03-31": "72.92600", "2014-12-31": 52.006, "2014-09-30": 67.907, "2014-06-30": 53.367, "2014-03-31": "73.43500", "2013-12-31": 52.818, "2013-09-30": 67.703, "2013-06-30": 51.126, "2013-03-31": "71.89500", "2012-12-31": 44.391, "2012-09-30": 56.118, "2012-06-30": 49.729, "2012-03-31": "60.13500", "2011-12-31": 46.317, "2011-09-30": 53.477, "2011-06-30": 47.925, "2011-03-31": "61.17300", "2010-12-31": 52.007, "2010-09-30": 53.34, "2010-06-30": 34.877, "2010-03-31": "48.71800", "2009-12-31": 35.687, "2009-09-30": 48.992, "2009-06-30": 40.007, "2009-03-31": "55.65700", "2008-12-31": 46.013, "2008-09-30": 46.039, "2008-06-30": 36.736, "2008-03-31": "54.04300", "2007-12-31": 30.533, "2007-09-30": 45.173, "2007-06-30": 36.51, "2007-03-31": "42.58900", "2006-12-31": -7.872, "2006-10-31": -79.957, "2006-09-30": 38.071, "2006-06-30": 26.861, "2006-03-31": "43.10600", "2005-12-31": -84.603, "2005-09-30": 98.498}, "Net Change In Property, Plant, And Equipment": {"2020-09-30": -71.671, "2020-06-30": -69.518, "2020-03-31": "-58.41300", "2019-12-31": -65.187, "2019-09-30": -60.011, "2019-06-30": -414.732, "2019-03-31": "-64.06300", "2018-12-31": -83.051, "2018-09-30": -64.869, "2018-06-30": -63.324, "2018-03-31": "-36.27700", "2017-12-31": -586.768, "2017-09-30": 306.794, "2017-06-30": -393.854, "2017-03-31": "-35.18500", "2016-12-31": -43.139, "2016-09-30": -290.353, "2016-06-30": 216.871, "2016-03-31": "-1274.48100", "2015-12-31": -23.792, "2015-09-30": -15.805, "2015-06-30": -108.377, "2015-03-31": "-21.19300", "2014-12-31": -242.795, "2014-09-30": -22.697, "2014-06-30": -22.708, "2014-03-31": "-20.97200", "2013-12-31": -17.548, "2013-09-30": -164.203, "2013-06-30": -17.321, "2013-03-31": "-26.38800", "2012-12-31": -15.795, "2012-09-30": -14.476, "2012-06-30": -13.486, "2012-03-31": "-49.85500", "2011-12-31": -16.013, "2011-09-30": -13.747, "2011-06-30": -14.085, "2011-03-31": "-12.11800", "2010-12-31": -15.985, "2010-09-30": -15.187, "2010-06-30": -241.05, "2010-03-31": "-11.17600", "2009-12-31": -10.885, "2009-09-30": -9.927, "2009-06-30": -9.493, "2009-03-31": "-11.84600", "2008-12-31": -27.865, "2008-09-30": -14.008, "2008-06-30": -15.647, "2008-03-31": "-627.10300", "2007-12-31": -100.226, "2007-09-30": -14.143, "2007-06-30": -44.964, "2007-03-31": "-13.47100", "2006-12-31": -1769.506, "2006-10-31": -12.667, "2006-09-30": -14.963, "2006-06-30": -16.024, "2006-03-31": "-122.31600", "2005-12-31": -19.861, "2005-09-30": -211.296}, "Net Change In Intangible Assets": {"2020-09-30": 0, "2020-06-30": 0, "2020-03-31": "", "2019-12-31": 0, "2019-09-30": 0, "2019-06-30": 0, "2019-03-31": "", "2018-12-31": 0, "2018-09-30": 0, "2018-06-30": 0, "2018-03-31": "", "2017-12-31": 0, "2017-09-30": 0, "2017-06-30": 0, "2017-03-31": "", "2016-12-31": 0, "2016-09-30": 0, "2016-06-30": 0, "2016-03-31": "", "2015-12-31": 0, "2015-09-30": 0, "2015-06-30": 0, "2015-03-31": "", "2014-12-31": 0, "2014-09-30": 0, "2014-06-30": 0, "2014-03-31": "", "2013-12-31": 0, "2013-09-30": 0, "2013-06-30": 0, "2013-03-31": "", "2012-12-31": 0, "2012-09-30": 0, "2012-06-30": 0, "2012-03-31": "", "2011-12-31": 0, "2011-09-30": 0, "2011-06-30": 0, "2011-03-31": "", "2010-12-31": 0, "2010-09-30": 0, "2010-06-30": 0, "2010-03-31": "", "2009-12-31": 0, "2009-09-30": 0, "2009-06-30": 0, "2009-03-31": "", "2008-12-31": 0, "2008-09-30": 0, "2008-06-30": 0, "2008-03-31": "", "2007-12-31": 0, "2007-09-30": 0, "2007-06-30": 0, "2007-03-31": "", "2006-12-31": 0, "2006-10-31": 0, "2006-09-30": 0, "2006-06-30": 0, "2006-03-31": "", "2005-12-31": 0, "2005-09-30": 0}, "Net Acquisitions/Divestitures": {"2020-09-30": -6.591, "2020-06-30": 6.591, "2020-03-31": "-6.59100", "2019-12-31": -83.236, "2019-09-30": -7.518, "2019-06-30": 0, "2019-03-31": "", "2018-12-31": 0, "2018-09-30": -9.379, "2018-06-30": 0, "2018-03-31": "", "2017-12-31": -1.571, "2017-09-30": 0, "2017-06-30": -2.571, "2017-03-31": "", "2016-12-31": 0, "2016-09-30": 0, "2016-06-30": 0, "2016-03-31": "", "2015-12-31": 0, "2015-09-30": 0, "2015-06-30": 0, "2015-03-31": "", "2014-12-31": 0, "2014-09-30": 0, "2014-06-30": 0, "2014-03-31": "", "2013-12-31": 0, "2013-09-30": 0, "2013-06-30": 0, "2013-03-31": "", "2012-12-31": 0, "2012-09-30": 0, "2012-06-30": 0, "2012-03-31": "", "2011-12-31": 0, "2011-09-30": 0, "2011-06-30": 0, "2011-03-31": "", "2010-12-31": 0, "2010-09-30": 0, "2010-06-30": 0, "2010-03-31": "", "2009-12-31": 0, "2009-09-30": 0, "2009-06-30": 0, "2009-03-31": "-6.62500", "2008-12-31": 0, "2008-09-30": 0, "2008-06-30": 0, "2008-03-31": "", "2007-12-31": 0, "2007-09-30": 0, "2007-06-30": 0, "2007-03-31": "", "2006-12-31": 0, "2006-10-31": 0, "2006-09-30": 0, "2006-06-30": 0, "2006-03-31": "", "2005-12-31": 0, "2005-09-30": 0}, "Net Change In Short-term Investments": {"2020-09-30": 0, "2020-06-30": 0, "2020-03-31": "", "2019-12-31": 0, "2019-09-30": 0, "2019-06-30": 0, "2019-03-31": "", "2018-12-31": 0, "2018-09-30": 0, "2018-06-30": 0, "2018-03-31": "", "2017-12-31": 0, "2017-09-30": 0, "2017-06-30": 0, "2017-03-31": "", "2016-12-31": 0, "2016-09-30": 0, "2016-06-30": 0, "2016-03-31": "", "2015-12-31": 0, "2015-09-30": 0, "2015-06-30": 0, "2015-03-31": "", "2014-12-31": 0, "2014-09-30": 0, "2014-06-30": 0, "2014-03-31": "", "2013-12-31": 0, "2013-09-30": 0, "2013-06-30": 0, "2013-03-31": "", "2012-12-31": 0, "2012-09-30": 0, "2012-06-30": 0, "2012-03-31": "", "2011-12-31": 0, "2011-09-30": 0, "2011-06-30": 0, "2011-03-31": "", "2010-12-31": 0, "2010-09-30": 0, "2010-06-30": 0, "2010-03-31": "", "2009-12-31": 0, "2009-09-30": 0, "2009-06-30": 0, "2009-03-31": "", "2008-12-31": 0, "2008-09-30": 0, "2008-06-30": 0, "2008-03-31": "", "2007-12-31": 0, "2007-09-30": 0, "2007-06-30": 0, "2007-03-31": "", "2006-12-31": 0, "2006-10-31": 0, "2006-09-30": 0, "2006-06-30": 0, "2006-03-31": "", "2005-12-31": 0, "2005-09-30": 0}, "Net Change In Long-Term Investments": {"2020-09-30": 0, "2020-06-30": 0, "2020-03-31": "", "2019-12-31": 0, "2019-09-30": 0, "2019-06-30": 0, "2019-03-31": "", "2018-12-31": 0, "2018-09-30": 0, "2018-06-30": 0, "2018-03-31": "", "2017-12-31": 0, "2017-09-30": 0, "2017-06-30": 0, "2017-03-31": "", "2016-12-31": 0, "2016-09-30": 0, "2016-06-30": 0, "2016-03-31": "", "2015-12-31": 0, "2015-09-30": 0, "2015-06-30": 0, "2015-03-31": "", "2014-12-31": 0, "2014-09-30": 0, "2014-06-30": 0, "2014-03-31": "", "2013-12-31": 0, "2013-09-30": 0, "2013-06-30": 0, "2013-03-31": "", "2012-12-31": 0, "2012-09-30": 0, "2012-06-30": 0, "2012-03-31": "", "2011-12-31": 0, "2011-09-30": 0, "2011-06-30": 0, "2011-03-31": "", "2010-12-31": 0, "2010-09-30": 5.681, "2010-06-30": -5.681, "2010-03-31": "", "2009-12-31": 0, "2009-09-30": 0, "2009-06-30": 0, "2009-03-31": "", "2008-12-31": 0, "2008-09-30": 0, "2008-06-30": 0, "2008-03-31": "", "2007-12-31": 0, "2007-09-30": 0, "2007-06-30": 0, "2007-03-31": "", "2006-12-31": 0, "2006-10-31": 0, "2006-09-30": 0, "2006-06-30": 0, "2006-03-31": "", "2005-12-31": 0, "2005-09-30": 0}, "Net Change In Investments - Total": {"2020-09-30": 0, "2020-06-30": 0, "2020-03-31": "", "2019-12-31": 0, "2019-09-30": 0, "2019-06-30": 0, "2019-03-31": "", "2018-12-31": 0, "2018-09-30": 0, "2018-06-30": 0, "2018-03-31": "", "2017-12-31": 0, "2017-09-30": 0, "2017-06-30": 0, "2017-03-31": "", "2016-12-31": 0, "2016-09-30": 0, "2016-06-30": 0, "2016-03-31": "", "2015-12-31": 0, "2015-09-30": 0, "2015-06-30": 0, "2015-03-31": "", "2014-12-31": 0, "2014-09-30": 0, "2014-06-30": 0, "2014-03-31": "", "2013-12-31": 0, "2013-09-30": 0, "2013-06-30": 0, "2013-03-31": "", "2012-12-31": 0, "2012-09-30": 0, "2012-06-30": 0, "2012-03-31": "", "2011-12-31": 0, "2011-09-30": 0, "2011-06-30": 0, "2011-03-31": "", "2010-12-31": 0, "2010-09-30": 5.681, "2010-06-30": -5.681, "2010-03-31": "", "2009-12-31": 0, "2009-09-30": 0, "2009-06-30": 0, "2009-03-31": "", "2008-12-31": 0, "2008-09-30": 0, "2008-06-30": 0, "2008-03-31": "", "2007-12-31": 0, "2007-09-30": 0, "2007-06-30": 0, "2007-03-31": "", "2006-12-31": 0, "2006-10-31": 0, "2006-09-30": 0, "2006-06-30": 0, "2006-03-31": "", "2005-12-31": 0, "2005-09-30": 0}, "Investing Activities - Other": {"2020-09-30": 6.927, "2020-06-30": -2.247, "2020-03-31": "0.21900", "2019-12-31": 37.822, "2019-09-30": 10.906, "2019-06-30": -5.874, "2019-03-31": "2.22500", "2018-12-31": 1.483, "2018-09-30": 2.092, "2018-06-30": 1.821, "2018-03-31": "1.95300", "2017-12-31": 533.919, "2017-09-30": -520.321, "2017-06-30": 52.555, "2017-03-31": "-22.59300", "2016-12-31": 2.197, "2016-09-30": 8.134, "2016-06-30": -1.934, "2016-03-31": "16.53600", "2015-12-31": -70.097, "2015-09-30": 2.028, "2015-06-30": 92.186, "2015-03-31": "-86.53900", "2014-12-31": 5.925, "2014-09-30": 0.545, "2014-06-30": 6.494, "2014-03-31": "-23.75700", "2013-12-31": 3.407, "2013-09-30": 91.563, "2013-06-30": -111.089, "2013-03-31": "-5.00600", "2012-12-31": 1.246, "2012-09-30": 1.112, "2012-06-30": 2.351, "2012-03-31": "-2.61400", "2011-12-31": 0.138, "2011-09-30": 1.191, "2011-06-30": -7.436, "2011-03-31": "1.06000", "2010-12-31": -12.549, "2010-09-30": -8.731, "2010-06-30": 0, "2010-03-31": "", "2009-12-31": 0, "2009-09-30": 0, "2009-06-30": 0, "2009-03-31": "", "2008-12-31": 0, "2008-09-30": 0, "2008-06-30": 0, "2008-03-31": "", "2007-12-31": 0, "2007-09-30": 0, "2007-06-30": 0, "2007-03-31": "", "2006-12-31": 0, "2006-10-31": 0, "2006-09-30": 0, "2006-06-30": 0, "2006-03-31": "", "2005-12-31": 0, "2005-09-30": 0}, "Cash Flow From Investing Activities": {"2020-09-30": -71.335, "2020-06-30": -65.174, "2020-03-31": "-64.78500", "2019-12-31": -110.601, "2019-09-30": -56.623, "2019-06-30": -420.606, "2019-03-31": "-61.83800", "2018-12-31": -81.568, "2018-09-30": -72.156, "2018-06-30": -61.503, "2018-03-31": "-34.32400", "2017-12-31": -54.42, "2017-09-30": -213.527, "2017-06-30": -343.87, "2017-03-31": "-57.77800", "2016-12-31": -40.942, "2016-09-30": -282.219, "2016-06-30": 214.937, "2016-03-31": "-1257.94500", "2015-12-31": -93.889, "2015-09-30": -13.777, "2015-06-30": -16.191, "2015-03-31": "-107.73200", "2014-12-31": -236.87, "2014-09-30": -22.152, "2014-06-30": -16.214, "2014-03-31": "-44.72900", "2013-12-31": -14.141, "2013-09-30": -72.64, "2013-06-30": -128.41, "2013-03-31": "-31.39400", "2012-12-31": -14.549, "2012-09-30": -13.364, "2012-06-30": -11.135, "2012-03-31": "-52.46900", "2011-12-31": -15.875, "2011-09-30": -12.556, "2011-06-30": -21.521, "2011-03-31": "-11.05800", "2010-12-31": -28.534, "2010-09-30": -18.237, "2010-06-30": -246.731, "2010-03-31": "-11.17600", "2009-12-31": -10.885, "2009-09-30": -9.927, "2009-06-30": -9.493, "2009-03-31": "-18.47100", "2008-12-31": -27.865, "2008-09-30": -14.008, "2008-06-30": -15.647, "2008-03-31": "-627.10300", "2007-12-31": -100.226, "2007-09-30": -14.143, "2007-06-30": -44.964, "2007-03-31": "-13.47100", "2006-12-31": -1769.506, "2006-10-31": -12.667, "2006-09-30": -14.963, "2006-06-30": -16.024, "2006-03-31": "-122.31600", "2005-12-31": -19.861, "2005-09-30": -211.296}, "Net Long-Term Debt": {"2020-09-30": 39.811, "2020-06-30": 49.813, "2020-03-31": "-0.18500", "2019-12-31": 39.817, "2019-09-30": -125.18, "2019-06-30": 179.822, "2019-03-31": "-5.17700", "2018-12-31": 9.825, "2018-09-30": 13.828, "2018-06-30": 5.829, "2018-03-31": "-17.80800", "2017-12-31": 32.401, "2017-09-30": -267.3759, "2017-06-30": -72.924, "2017-03-31": "19.85500", "2016-12-31": -29.424, "2016-09-30": 122.355, "2016-06-30": -187.817, "2016-03-31": "868.80600", "2015-12-31": 160.0511, "2015-09-30": -80.303, "2015-06-30": 50.948, "2015-03-31": "68.17600", "2014-12-31": 225.08, "2014-09-30": -10, "2014-06-30": -0.43, "2014-03-31": "-20.50000", "2013-12-31": -110, "2013-09-30": 0, "2013-06-30": 0, "2013-03-31": "-90.00000", "2012-12-31": 0, "2012-09-30": 185, "2012-06-30": 0, "2012-03-31": "-366.95600", "2011-12-31": 0, "2011-09-30": -41.6441, "2011-06-30": 0, "2011-03-31": "6.74000", "2010-12-31": 0, "2010-09-30": 400, "2010-06-30": 0, "2010-03-31": "", "2009-12-31": 0, "2009-09-30": 0, "2009-06-30": 0, "2009-03-31": "-24.02500", "2008-12-31": -35.15, "2008-09-30": -17.075, "2008-06-30": 40.25, "2008-03-31": "628.85000", "2007-12-31": 103.35, "2007-09-30": 36.8, "2007-06-30": 150, "2007-03-31": "-10.00000", "2006-12-31": 536.5, "2006-10-31": -82, "2006-09-30": 0, "2006-06-30": 0, "2006-03-31": "82.00000", "2005-12-31": -140.345, "2005-09-30": 140.345}, "Net Current Debt": {"2020-09-30": 0, "2020-06-30": 0, "2020-03-31": "", "2019-12-31": 0, "2019-09-30": 0, "2019-06-30": 0, "2019-03-31": "", "2018-12-31": 0, "2018-09-30": 0, "2018-06-30": 0, "2018-03-31": "", "2017-12-31": 0, "2017-09-30": 0, "2017-06-30": 0, "2017-03-31": "", "2016-12-31": 0, "2016-09-30": 0, "2016-06-30": 0, "2016-03-31": "", "2015-12-31": 0, "2015-09-30": 0, "2015-06-30": 0, "2015-03-31": "", "2014-12-31": 0, "2014-09-30": 0, "2014-06-30": 0, "2014-03-31": "", "2013-12-31": 0, "2013-09-30": 0, "2013-06-30": 0, "2013-03-31": "", "2012-12-31": 0, "2012-09-30": 0, "2012-06-30": 0, "2012-03-31": "", "2011-12-31": 0, "2011-09-30": 0, "2011-06-30": 0, "2011-03-31": "", "2010-12-31": 0, "2010-09-30": -154.5, "2010-06-30": 154.5, "2010-03-31": "", "2009-12-31": 0, "2009-09-30": 0, "2009-06-30": 0, "2009-03-31": "-25.27500", "2008-12-31": -4.725, "2008-09-30": 17.2, "2008-06-30": -33.5, "2008-03-31": "-4.00000", "2007-12-31": 38, "2007-09-30": 2.3, "2007-06-30": 0, "2007-03-31": "", "2006-12-31": 0, "2006-10-31": 0, "2006-09-30": 0, "2006-06-30": 0, "2006-03-31": "", "2005-12-31": 0, "2005-09-30": 9.701}, "Debt Issuance/Retirement Net - Total": {"2020-09-30": 39.811, "2020-06-30": 49.813, "2020-03-31": "-0.18500", "2019-12-31": 39.817, "2019-09-30": -125.18, "2019-06-30": 179.822, "2019-03-31": "-5.17700", "2018-12-31": 9.825, "2018-09-30": 13.828, "2018-06-30": 5.829, "2018-03-31": "-17.80800", "2017-12-31": 32.401, "2017-09-30": -267.3759, "2017-06-30": -72.924, "2017-03-31": "19.85500", "2016-12-31": -29.424, "2016-09-30": 122.355, "2016-06-30": -187.817, "2016-03-31": "868.80600", "2015-12-31": 160.0511, "2015-09-30": -80.303, "2015-06-30": 50.948, "2015-03-31": "68.17600", "2014-12-31": 225.08, "2014-09-30": -10, "2014-06-30": -0.43, "2014-03-31": "-20.50000", "2013-12-31": -110, "2013-09-30": 0, "2013-06-30": 0, "2013-03-31": "-90.00000", "2012-12-31": 0, "2012-09-30": 185, "2012-06-30": 0, "2012-03-31": "-366.95600", "2011-12-31": 0, "2011-09-30": -41.6441, "2011-06-30": 0, "2011-03-31": "6.74000", "2010-12-31": 0, "2010-09-30": 245.5, "2010-06-30": 154.5, "2010-03-31": "", "2009-12-31": 0, "2009-09-30": 0, "2009-06-30": 0, "2009-03-31": "-49.30000", "2008-12-31": -39.875, "2008-09-30": 0.125, "2008-06-30": 6.75, "2008-03-31": "624.85000", "2007-12-31": 141.35, "2007-09-30": 39.1, "2007-06-30": 150, "2007-03-31": "-10.00000", "2006-12-31": 536.5, "2006-10-31": -82, "2006-09-30": 0, "2006-06-30": 0, "2006-03-31": "82.00000", "2005-12-31": -140.345, "2005-09-30": 150.046}, "Net Common Equity Issued/Repurchased": {"2020-09-30": 0, "2020-06-30": 0, "2020-03-31": "-0.00700", "2019-12-31": 0.001, "2019-09-30": -0.227, "2019-06-30": 200.982, "2019-03-31": "-0.50700", "2018-12-31": 0, "2018-09-30": 0, "2018-06-30": -0.108, "2018-03-31": "", "2017-12-31": -10.207, "2017-09-30": 316.311, "2017-06-30": 276.961, "2017-03-31": "", "2016-12-31": 0, "2016-09-30": 49.379, "2016-06-30": -0.826, "2016-03-31": "", "2015-12-31": 2.449, "2015-09-30": 0, "2015-06-30": 0, "2015-03-31": "1.82300", "2014-12-31": 0.604, "2014-09-30": 0, "2014-06-30": -1.67, "2014-03-31": "-5.68100", "2013-12-31": 0, "2013-09-30": 0.001, "2013-06-30": -0.353, "2013-03-31": "", "2012-12-31": 0, "2012-09-30": 0, "2012-06-30": 0, "2012-03-31": "128.25700", "2011-12-31": 57.798, "2011-09-30": 38.045, "2011-06-30": 21.909, "2011-03-31": "", "2010-12-31": 0, "2010-09-30": 0, "2010-06-30": 0, "2010-03-31": "", "2009-12-31": 0, "2009-09-30": 0.001, "2009-06-30": -1.437, "2009-03-31": "-3.90100", "2008-12-31": 0.001, "2008-09-30": 0, "2008-06-30": 0.667, "2008-03-31": "", "2007-12-31": 0, "2007-09-30": -105.03, "2007-06-30": -20.155, "2007-03-31": "", "2006-12-31": 1557.446, "2006-10-31": 0, "2006-09-30": 0, "2006-06-30": -0.336, "2006-03-31": "0.33600", "2005-12-31": 0, "2005-09-30": 0}, "Net Total Equity Issued/Repurchased": {"2020-09-30": 0, "2020-06-30": 0, "2020-03-31": "-0.00700", "2019-12-31": 0.001, "2019-09-30": -0.227, "2019-06-30": 200.982, "2019-03-31": "-0.50700", "2018-12-31": 0, "2018-09-30": 0, "2018-06-30": -0.108, "2018-03-31": "", "2017-12-31": -10.207, "2017-09-30": 316.311, "2017-06-30": 276.961, "2017-03-31": "", "2016-12-31": 0, "2016-09-30": 49.379, "2016-06-30": -0.826, "2016-03-31": "", "2015-12-31": 2.449, "2015-09-30": 0, "2015-06-30": 0, "2015-03-31": "1.82300", "2014-12-31": 0.604, "2014-09-30": 0, "2014-06-30": -1.67, "2014-03-31": "-5.68100", "2013-12-31": 0, "2013-09-30": 0.001, "2013-06-30": -0.353, "2013-03-31": "", "2012-12-31": 0, "2012-09-30": 0, "2012-06-30": 0, "2012-03-31": "128.25700", "2011-12-31": 57.798, "2011-09-30": 38.045, "2011-06-30": 21.909, "2011-03-31": "", "2010-12-31": 0, "2010-09-30": 0, "2010-06-30": 0, "2010-03-31": "", "2009-12-31": 0, "2009-09-30": 0.001, "2009-06-30": -1.437, "2009-03-31": "-3.90100", "2008-12-31": 0.001, "2008-09-30": 0, "2008-06-30": 0.667, "2008-03-31": "", "2007-12-31": 0, "2007-09-30": -105.03, "2007-06-30": -20.155, "2007-03-31": "", "2006-12-31": 1557.446, "2006-10-31": 0, "2006-09-30": 0, "2006-06-30": -0.336, "2006-03-31": "0.33600", "2005-12-31": 0, "2005-09-30": 0}, "Total Common And Preferred Stock Dividends Paid": {"2020-09-30": -62.535, "2020-06-30": -62.664, "2020-03-31": "-67.27300", "2019-12-31": -62.869, "2019-09-30": -61.284, "2019-06-30": -60.025, "2019-03-31": "-60.02300", "2018-12-31": -55.503, "2018-09-30": -55.488, "2018-06-30": -55.506, "2018-03-31": "-55.47600", "2017-12-31": -48.4, "2017-09-30": -46.45, "2017-06-30": -44.793, "2017-03-31": "-44.48400", "2016-12-31": -42.539, "2016-09-30": -42.226, "2016-06-30": -43.114, "2016-03-31": "-38.42000", "2015-12-31": -36.451, "2015-09-30": -36.453, "2015-06-30": -36.454, "2015-03-31": "-36.41700", "2014-12-31": -34.457, "2014-09-30": -34.458, "2014-06-30": -34.458, "2014-03-31": "-34.47900", "2013-12-31": -30.912, "2013-09-30": -30.914, "2013-06-30": -30.916, "2013-03-31": "-30.91700", "2012-12-31": -25.66, "2012-09-30": -25.66, "2012-06-30": -25.784, "2012-03-31": "-21.27700", "2011-12-31": -20.742, "2011-09-30": -20.712, "2011-06-30": -15.738, "2011-03-31": "-15.67500", "2010-12-31": -15.609, "2010-09-30": -15.593, "2010-06-30": -15.594, "2010-03-31": "-15.98000", "2009-12-31": -15.471, "2009-09-30": -15.61, "2009-06-30": -15.628, "2009-03-31": "-29.33400", "2008-12-31": -29.455, "2008-09-30": -29.245, "2008-06-30": -29.239, "2008-03-31": "-27.47200", "2007-12-31": -27.768, "2007-09-30": -28.462, "2007-06-30": -28.947, "2007-03-31": "-19.80400", "2006-12-31": 0, "2006-10-31": -24.508, "2006-09-30": -4.299, "2006-06-30": -24.583, "2006-03-31": "-28.83500", "2005-12-31": -18.894, "2005-09-30": -155.426}, "Financial Activities - Other": {"2020-09-30": -0.015, "2020-06-30": -3.577, "2020-03-31": "-0.24700", "2019-12-31": -4.793, "2019-09-30": -9.93, "2019-06-30": 158.38, "2019-03-31": "-1.44900", "2018-12-31": -0.028, "2018-09-30": -0.176, "2018-06-30": -0.14, "2018-03-31": "-3.09800", "2017-12-31": -4.486, "2017-09-30": 95.553, "2017-06-30": 181.194, "2017-03-31": "-52.53900", "2016-12-31": -6.369, "2016-09-30": 135.068, "2016-06-30": -55.135, "2016-03-31": "308.11100", "2015-12-31": -6.068, "2015-09-30": -3.523, "2015-06-30": -3.681, "2015-03-31": "-0.96000", "2014-12-31": -0.007, "2014-09-30": -1.615, "2014-06-30": -0.23, "2014-03-31": "0.16800", "2013-12-31": -2.37, "2013-09-30": 0.248, "2013-06-30": 0.331, "2013-03-31": "-0.15200", "2012-12-31": -0.003, "2012-09-30": 4.905, "2012-06-30": -6.313, "2012-03-31": "0.86100", "2011-12-31": -10.128, "2011-09-30": 0.858, "2011-06-30": -8.972, "2011-03-31": "-5.06300", "2010-12-31": -17.126, "2010-09-30": -4.578, "2010-06-30": -0.103, "2010-03-31": "-0.00200", "2009-12-31": -0.425, "2009-09-30": -2.883, "2009-06-30": -0.015, "2009-03-31": "66.52100", "2008-12-31": 57.681, "2008-09-30": -3.52, "2008-06-30": -0.996, "2008-03-31": "-25.66800", "2007-12-31": -40.095, "2007-09-30": -0.55, "2007-06-30": -30.333, "2007-03-31": "", "2006-12-31": -160.641, "2006-10-31": -32.011, "2006-09-30": 0, "2006-06-30": -0.38, "2006-03-31": "32.39100", "2005-12-31": -127.094, "2005-09-30": 127.094}, "Cash Flow From Financial Activities": {"2020-09-30": -22.739, "2020-06-30": -16.428, "2020-03-31": "-67.71200", "2019-12-31": -27.844, "2019-09-30": -196.621, "2019-06-30": 479.159, "2019-03-31": "-67.15600", "2018-12-31": -45.706, "2018-09-30": -41.836, "2018-06-30": -49.925, "2018-03-31": "-76.38200", "2017-12-31": -30.692, "2017-09-30": 98.038, "2017-06-30": 340.438, "2017-03-31": "-77.16800", "2016-12-31": -78.332, "2016-09-30": 264.576, "2016-06-30": -286.892, "2016-03-31": "1138.49700", "2015-12-31": 119.981, "2015-09-30": -120.279, "2015-06-30": 10.813, "2015-03-31": "32.62200", "2014-12-31": 191.22, "2014-09-30": -46.073, "2014-06-30": -36.788, "2014-03-31": "-60.49200", "2013-12-31": -143.282, "2013-09-30": -30.665, "2013-06-30": -30.938, "2013-03-31": "-121.06900", "2012-12-31": -25.663, "2012-09-30": 164.245, "2012-06-30": -32.097, "2012-03-31": "-259.11500", "2011-12-31": 26.928, "2011-09-30": -23.453, "2011-06-30": -2.801, "2011-03-31": "-13.99800", "2010-12-31": -32.735, "2010-09-30": 225.329, "2010-06-30": 138.803, "2010-03-31": "-15.98200", "2009-12-31": -15.896, "2009-09-30": -18.492, "2009-06-30": -17.08, "2009-03-31": "-16.01400", "2008-12-31": -11.648, "2008-09-30": -32.64, "2008-06-30": -22.818, "2008-03-31": "571.71000", "2007-12-31": 73.487, "2007-09-30": -94.942, "2007-06-30": 70.565, "2007-03-31": "-29.80400", "2006-12-31": 1933.305, "2006-10-31": -138.519, "2006-09-30": -4.299, "2006-06-30": -25.299, "2006-03-31": "85.89200", "2005-12-31": -286.333, "2005-09-30": 121.714}, "Net Cash Flow": {"2020-09-30": 25.846, "2020-06-30": 1.697, "2020-03-31": "21.01300", "2019-12-31": -27.827, "2019-09-30": -122.452, "2019-06-30": 154.24, "2019-03-31": "3.49500", "2018-12-31": -26.135, "2018-09-30": 1.971, "2018-06-30": -13.165, "2018-03-31": "6.91100", "2017-12-31": 8.903, "2017-09-30": -5.409, "2017-06-30": 87.618, "2017-03-31": "-27.39400", "2016-12-31": -45.488, "2016-09-30": 81.249, "2016-06-30": 4.975, "2016-03-31": "-29.60700", "2015-12-31": 91.868, "2015-09-30": -64.6, "2015-06-30": 57.891, "2015-03-31": "-2.18400", "2014-12-31": 6.356, "2014-09-30": -0.318, "2014-06-30": 0.365, "2014-03-31": "-31.78600", "2013-12-31": -104.605, "2013-09-30": -35.602, "2013-06-30": -108.222, "2013-03-31": "-80.56800", "2012-12-31": 4.179, "2012-09-30": 206.999, "2012-06-30": 6.497, "2012-03-31": "-251.44900", "2011-12-31": 57.37, "2011-09-30": 17.468, "2011-06-30": 23.603, "2011-03-31": "36.11700", "2010-12-31": -9.262, "2010-09-30": 260.432, "2010-06-30": -73.051, "2010-03-31": "21.56000", "2009-12-31": 8.906, "2009-09-30": 20.573, "2009-06-30": 13.434, "2009-03-31": "21.17200", "2008-12-31": 6.5, "2008-09-30": -0.609, "2008-06-30": -1.729, "2008-03-31": "-1.35000", "2007-12-31": 3.794, "2007-09-30": -63.912, "2007-06-30": 62.111, "2007-03-31": "-0.68600", "2006-12-31": -1695.153, "2006-10-31": -231.143, "2006-09-30": 18.809, "2006-06-30": -14.462, "2006-03-31": "6.68200", "2005-12-31": -390.797, "2005-09-30": 8.916}, "Stock-Based Compensation": {"2020-09-30": 2.611, "2020-06-30": 2.812, "2020-03-31": "2.94100", "2019-12-31": 10.964, "2019-09-30": 2.382, "2019-06-30": 2.383, "2019-03-31": "2.63000", "2018-12-31": 13.42, "2018-09-30": 2.915, "2018-06-30": 2.913, "2018-03-31": "3.05100", "2017-12-31": 10.568, "2017-09-30": 2.599, "2017-06-30": 2.603, "2017-03-31": "2.70800", "2016-12-31": 10.371, "2016-09-30": 10.307, "2016-06-30": -5.609, "2016-03-31": "2.37900", "2015-12-31": 9.261, "2015-09-30": 2.038, "2015-06-30": 1.988, "2015-03-31": "1.94700", "2014-12-31": 9.673, "2014-09-30": 1.347, "2014-06-30": 1.338, "2014-03-31": "1.36400", "2013-12-31": 5.445, "2013-09-30": 1.528, "2013-06-30": 1.47, "2013-03-31": "1.56200", "2012-12-31": 0, "2012-09-30": 9.336, "2012-06-30": -4.459, "2012-03-31": "-4.87700", "2011-12-31": -5.708, "2011-09-30": 16.389, "2011-06-30": -12.484, "2011-03-31": "1.80300", "2010-12-31": -5.829, "2010-09-30": -23.929, "2010-06-30": 10.788, "2010-03-31": "-7.29000", "2009-12-31": -36.026, "2009-09-30": 1.225, "2009-06-30": 1.277, "2009-03-31": "1.05600", "2008-12-31": 1.137, "2008-09-30": 1.119, "2008-06-30": -1.147, "2008-03-31": "3.29100", "2007-12-31": 0.294, "2007-09-30": 0.522, "2007-06-30": 0.692, "2007-03-31": "0.67000", "2006-12-31": 26.6, "2006-10-31": 0, "2006-09-30": 0, "2006-06-30": 0, "2006-03-31": "", "2005-12-31": 0, "2005-09-30": 0}, "Common Stock Dividends Paid": {"2020-09-30": -62.535, "2020-06-30": -62.664, "2020-03-31": "-67.27300", "2019-12-31": -62.869, "2019-09-30": -61.284, "2019-06-30": -60.025, "2019-03-31": "-60.02300", "2018-12-31": -55.503, "2018-09-30": -55.488, "2018-06-30": -55.506, "2018-03-31": "-55.47600", "2017-12-31": -48.4, "2017-09-30": -46.45, "2017-06-30": -44.793, "2017-03-31": "-44.48400", "2016-12-31": -42.539, "2016-09-30": -42.226, "2016-06-30": -43.114, "2016-03-31": "-38.42000", "2015-12-31": -36.451, "2015-09-30": -36.453, "2015-06-30": -36.454, "2015-03-31": "-36.41700", "2014-12-31": -34.457, "2014-09-30": -34.458, "2014-06-30": -34.458, "2014-03-31": "-34.47900", "2013-12-31": -30.912, "2013-09-30": -30.914, "2013-06-30": -30.916, "2013-03-31": "-30.91700", "2012-12-31": -25.66, "2012-09-30": -25.66, "2012-06-30": -25.784, "2012-03-31": "-21.27700", "2011-12-31": -20.742, "2011-09-30": -20.712, "2011-06-30": -15.738, "2011-03-31": "-15.67500", "2010-12-31": -15.609, "2010-09-30": -15.593, "2010-06-30": -15.594, "2010-03-31": "-15.98000", "2009-12-31": -15.471, "2009-09-30": -15.61, "2009-06-30": -15.628, "2009-03-31": "-29.33400", "2008-12-31": -29.455, "2008-09-30": -29.245, "2008-06-30": -29.239, "2008-03-31": "-27.47200", "2007-12-31": -27.768, "2007-09-30": -28.462, "2007-06-30": -28.947, "2007-03-31": "-19.80400", "2006-12-31": 0, "2006-10-31": -24.508, "2006-09-30": -4.299, "2006-06-30": -24.583, "2006-03-31": "-28.83500", "2005-12-31": -18.894, "2005-09-30": -155.426}}, "financial ratios": {"Current Ratio": {"2019-12-31": "", "2018-12-31": "", "2017-12-31": "", "2016-12-31": "", "2015-12-31": "", "2014-12-31": "", "2013-12-31": "", "2012-12-31": "", "2011-12-31": "", "2010-12-31": "", "2009-12-31": "", "2008-12-31": "", "2007-12-31": "", "2006-12-31": "", "2005-12-31": ""}, "Long-term Debt / Capital": {"2019-12-31": "0.51380", "2018-12-31": "0.51790", "2017-12-31": "0.51340", "2016-12-31": "0.59180", "2015-12-31": "0.61280", "2014-12-31": "0.59640", "2013-12-31": "0.57790", "2012-12-31": "0.59010", "2011-12-31": "0.61010", "2010-12-31": "0.61470", "2009-12-31": "0.58810", "2008-12-31": "0.61820", "2007-12-31": "0.62930", "2006-12-31": "0.56920", "2005-12-31": "1.04600"}, "Debt/Equity Ratio": {"2019-12-31": "1.05680", "2018-12-31": "1.07420", "2017-12-31": "1.05520", "2016-12-31": "1.44970", "2015-12-31": "1.58280", "2014-12-31": "1.47800", "2013-12-31": "1.36920", "2012-12-31": "1.43950", "2011-12-31": "1.56490", "2010-12-31": "1.59540", "2009-12-31": "1.42800", "2008-12-31": "1.61950", "2007-12-31": "1.69720", "2006-12-31": "1.32100", "2005-12-31": "-22.73730"}, "Gross Margin": {"2019-12-31": "", "2018-12-31": "", "2017-12-31": "", "2016-12-31": "", "2015-12-31": "", "2014-12-31": "", "2013-12-31": "", "2012-12-31": "", "2011-12-31": "", "2010-12-31": "", "2009-12-31": "", "2008-12-31": "", "2007-12-31": "", "2006-12-31": "", "2005-12-31": ""}, "Operating Margin": {"2019-12-31": "25.91150", "2018-12-31": "28.58730", "2017-12-31": "29.68070", "2016-12-31": "29.73760", "2015-12-31": "29.81040", "2014-12-31": "27.99800", "2013-12-31": "30.20880", "2012-12-31": "30.36450", "2011-12-31": "26.50170", "2010-12-31": "24.52980", "2009-12-31": "25.97940", "2008-12-31": "25.36350", "2007-12-31": "26.17210", "2006-12-31": "25.33630", "2005-12-31": "35.28170"}, "EBIT Margin": {"2019-12-31": "25.91150", "2018-12-31": "28.58730", "2017-12-31": "29.68070", "2016-12-31": "29.73760", "2015-12-31": "29.81040", "2014-12-31": "27.99800", "2013-12-31": "30.20880", "2012-12-31": "30.36450", "2011-12-31": "26.50170", "2010-12-31": "24.52980", "2009-12-31": "25.97940", "2008-12-31": "25.36350", "2007-12-31": "26.17210", "2006-12-31": "25.33630", "2005-12-31": "35.28170"}, "EBITDA Margin": {"2019-12-31": "63.86800", "2018-12-31": "62.16500", "2017-12-31": "62.87920", "2016-12-31": "62.01060", "2015-12-31": "60.19890", "2014-12-31": "59.77750", "2013-12-31": "60.61730", "2012-12-31": "59.70930", "2011-12-31": "57.90400", "2010-12-31": "63.44200", "2009-12-31": "65.13680", "2008-12-31": "58.65560", "2007-12-31": "64.39360", "2006-12-31": "55.12040", "2005-12-31": "66.68230"}, "Pre-Tax Profit Margin": {"2019-12-31": "44.70010", "2018-12-31": "14.59320", "2017-12-31": "12.85970", "2016-12-31": "12.94050", "2015-12-31": "10.81440", "2014-12-31": "8.81600", "2013-12-31": "8.93240", "2012-12-31": "4.89550", "2011-12-31": "0.39250", "2010-12-31": "-5.77320", "2009-12-31": "-5.98130", "2008-12-31": "-5.90580", "2007-12-31": "-3.46330", "2006-12-31": "-2.53190", "2005-12-31": "20.07200"}, "Net Profit Margin": {"2019-12-31": "38.82990", "2018-12-31": "13.17190", "2017-12-31": "11.63020", "2016-12-31": "11.50050", "2015-12-31": "9.18310", "2014-12-31": "7.44280", "2013-12-31": "7.66010", "2012-12-31": "3.96240", "2011-12-31": "0.25220", "2010-12-31": "-4.62880", "2009-12-31": "-4.73930", "2008-12-31": "-4.60340", "2007-12-31": "-2.41060", "2006-12-31": "-8.48310", "2005-12-31": "-4.19520"}, "Asset Turnover": {"2019-12-31": "0.10020", "2018-12-31": "0.10670", "2017-12-31": "0.09790", "2016-12-31": "0.09750", "2015-12-31": "0.10480", "2014-12-31": "0.10090", "2013-12-31": "0.10120", "2012-12-31": "0.09490", "2011-12-31": "0.09230", "2010-12-31": "0.09090", "2009-12-31": "0.09420", "2008-12-31": "0.08990", "2007-12-31": "0.08720", "2006-12-31": "0.07030", "2005-12-31": "0.13560"}, "Inventory Turnover Ratio": {"2019-12-31": "", "2018-12-31": "", "2017-12-31": "", "2016-12-31": "", "2015-12-31": "", "2014-12-31": "", "2013-12-31": "", "2012-12-31": "", "2011-12-31": "", "2010-12-31": "", "2009-12-31": "", "2008-12-31": "", "2007-12-31": "", "2006-12-31": "", "2005-12-31": ""}, "Receiveable Turnover": {"2019-12-31": "", "2018-12-31": "", "2017-12-31": "", "2016-12-31": "", "2015-12-31": "", "2014-12-31": "", "2013-12-31": "", "2012-12-31": "", "2011-12-31": "", "2010-12-31": "", "2009-12-31": "", "2008-12-31": "", "2007-12-31": "", "2006-12-31": "", "2005-12-31": ""}, "Days Sales In Receivables": {"2019-12-31": "", "2018-12-31": "", "2017-12-31": "", "2016-12-31": "", "2015-12-31": "", "2014-12-31": "", "2013-12-31": "", "2012-12-31": "", "2011-12-31": "", "2010-12-31": "", "2009-12-31": "", "2008-12-31": "", "2007-12-31": "", "2006-12-31": "", "2005-12-31": ""}, "ROE - Return On Equity": {"2019-12-31": "9.57910", "2018-12-31": "3.34190", "2017-12-31": "2.67620", "2016-12-31": "3.18800", "2015-12-31": "3.01350", "2014-12-31": "2.28440", "2013-12-31": "2.23200", "2012-12-31": "1.18580", "2011-12-31": "0.09750", "2010-12-31": "-1.43340", "2009-12-31": "-1.49000", "2008-12-31": "-1.57500", "2007-12-31": "-1.02130", "2006-12-31": "-1.74990", "2005-12-31": "16.89320"}, "Return On Tangible Equity": {"2019-12-31": "9.59320", "2018-12-31": "3.34480", "2017-12-31": "2.67920", "2016-12-31": "3.19350", "2015-12-31": "3.01950", "2014-12-31": "2.28790", "2013-12-31": "2.23560", "2012-12-31": "1.18810", "2011-12-31": "0.09780", "2010-12-31": "-1.43920", "2009-12-31": "-1.49770", "2008-12-31": "-1.58760", "2007-12-31": "-1.03510", "2006-12-31": "-1.77860", "2005-12-31": "15.98410"}, "ROA - Return On Assets": {"2019-12-31": "4.47840", "2018-12-31": "1.55670", "2017-12-31": "1.25930", "2016-12-31": "1.26210", "2015-12-31": "1.13340", "2014-12-31": "0.89000", "2013-12-31": "0.90350", "2012-12-31": "0.46440", "2011-12-31": "0.03620", "2010-12-31": "-0.52480", "2009-12-31": "-0.56370", "2008-12-31": "-0.53120", "2007-12-31": "-0.30190", "2006-12-31": "-0.59600", "2005-12-31": "-0.56870"}, "ROI - Return On Investment": {"2019-12-31": "4.65740", "2018-12-31": "1.61120", "2017-12-31": "1.30220", "2016-12-31": "1.30140", "2015-12-31": "1.16680", "2014-12-31": "0.92190", "2013-12-31": "0.94210", "2012-12-31": "0.48610", "2011-12-31": "0.03800", "2010-12-31": "-0.55230", "2009-12-31": "-0.61370", "2008-12-31": "-0.60130", "2007-12-31": "-0.37870", "2006-12-31": "-0.75390", "2005-12-31": "-0.77720"}, "Book Value Per Share": {"2019-12-31": "24.92410", "2018-12-31": "22.60940", "2017-12-31": "23.01210", "2016-12-31": "19.89090", "2015-12-31": "15.52930", "2014-12-31": "15.97110", "2013-12-31": "16.59980", "2012-12-31": "16.92410", "2011-12-31": "17.66960", "2010-12-31": "18.52200", "2009-12-31": "18.85250", "2008-12-31": "18.70610", "2007-12-31": "16.66010", "2006-12-31": "18.36230", "2005-12-31": ""}, "Operating Cash Flow Per Share": {"2019-12-31": 0.1604, "2018-12-31": 0.0507, "2017-12-31": 0.2818, "2016-12-31": 0.4136, "2015-12-31": 0.1367, "2014-12-31": -0.0043, "2013-12-31": 0.4547, "2012-12-31": -0.0907, "2011-12-31": -0.2338, "2010-12-31": 0.056, "2009-12-31": -0.0307, "2008-12-31": 0.1401, "2007-12-31": 0.0994, "2006-12-31": 1.2749, "2005-12-31": 0}, "Free Cash Flow Per Share": {"2019-12-31": -1.8669, "2018-12-31": 2.9915, "2017-12-31": 4.9651, "2016-12-31": -7.544, "2015-12-31": 1.1007, "2014-12-31": -0.5457, "2013-12-31": -0.5505, "2012-12-31": -0.2815, "2011-12-31": 1.7257, "2010-12-31": -1.9066, "2009-12-31": 5.2934, "2008-12-31": -3.9967, "2007-12-31": 16.8378, "2006-12-31": -16.9976, "2005-12-31": 0}}, "financial ratios, quarterly": {"Current Ratio": {"2020-09-30": "", "2020-06-30": "", "2020-03-31": "", "2019-12-31": "", "2019-09-30": "", "2019-06-30": "", "2019-03-31": "", "2018-12-31": "", "2018-09-30": "", "2018-06-30": "", "2018-03-31": "", "2017-12-31": "", "2017-09-30": "", "2017-06-30": "", "2017-03-31": "", "2016-12-31": "", "2016-09-30": "", "2016-06-30": "", "2016-03-31": "", "2015-12-31": "", "2015-09-30": "", "2015-06-30": "", "2015-03-31": "", "2014-12-31": "", "2014-09-30": "", "2014-06-30": "", "2014-03-31": "", "2013-12-31": "", "2013-09-30": "", "2013-06-30": "", "2013-03-31": "", "2012-12-31": "", "2012-09-30": "", "2012-06-30": "", "2012-03-31": "", "2011-12-31": "", "2011-09-30": "", "2011-06-30": "", "2011-03-31": "", "2010-12-31": "", "2010-09-30": "", "2010-06-30": "", "2010-03-31": "", "2009-12-31": "", "2009-09-30": "", "2009-06-30": "", "2009-03-31": "", "2008-12-31": "", "2008-09-30": "", "2008-06-30": "", "2008-03-31": "", "2007-12-31": "", "2007-09-30": "", "2007-06-30": "", "2007-03-31": "", "2006-12-31": "", "2006-10-31": "", "2006-09-30": "", "2006-06-30": "", "2006-03-31": "", "2005-12-31": "", "2005-09-30": ""}, "Long-term Debt / Capital": {"2020-09-30": "0.54060", "2020-06-30": "0.53570", "2020-03-31": "0.52800", "2019-12-31": "0.51380", "2019-09-30": "0.51180", "2019-06-30": "0.51510", "2019-03-31": "0.52150", "2018-12-31": "0.51790", "2018-09-30": "0.51240", "2018-06-30": "0.51100", "2018-03-31": "0.51070", "2017-12-31": "0.51340", "2017-09-30": "0.51670", "2017-06-30": "0.55990", "2017-03-31": "0.59810", "2016-12-31": "0.59180", "2016-09-30": "0.59740", "2016-06-30": "0.61200", "2016-03-31": "0.63580", "2015-12-31": "0.61280", "2015-09-30": "0.60480", "2015-06-30": "0.60730", "2015-03-31": "0.60310", "2014-12-31": "0.59640", "2014-09-30": "0.58040", "2014-06-30": "0.57980", "2014-03-31": "0.57820", "2013-12-31": "0.57790", "2013-09-30": "0.58510", "2013-06-30": "0.58330", "2013-03-31": "0.58450", "2012-12-31": "0.59010", "2012-09-30": "0.58950", "2012-06-30": "0.57420", "2012-03-31": "0.57160", "2011-12-31": "0.61010", "2011-09-30": "0.61530", "2011-06-30": "0.61450", "2011-03-31": "0.61280", "2010-12-31": "0.61470", "2010-09-30": "0.61820", "2010-06-30": "0.60040", "2010-03-31": "0.58840", "2009-12-31": "0.58810", "2009-09-30": "0.58880", "2009-06-30": "0.58680", "2009-03-31": "0.58890", "2008-12-31": "0.61820", "2008-09-30": "0.65810", "2008-06-30": "0.65430", "2008-03-31": "0.65990", "2007-12-31": "0.62930", "2007-09-30": "0.60840", "2007-06-30": "0.58550", "2007-03-31": "0.57230", "2006-12-31": "0.56920", "2006-10-31": "", "2006-09-30": "1.05140", "2006-06-30": "", "2006-03-31": "", "2005-12-31": "", "2005-09-30": ""}, "Debt/Equity Ratio": {"2020-09-30": "1.17700", "2020-06-30": "1.15390", "2020-03-31": "1.11880", "2019-12-31": "1.05680", "2019-09-30": "1.04840", "2019-06-30": "1.06230", "2019-03-31": "1.09000", "2018-12-31": "1.07420", "2018-09-30": "1.05070", "2018-06-30": "1.04480", "2018-03-31": "1.04390", "2017-12-31": "1.05520", "2017-09-30": "1.06910", "2017-06-30": "1.27240", "2017-03-31": "1.48800", "2016-12-31": "1.44970", "2016-09-30": "1.48360", "2016-06-30": "1.57750", "2016-03-31": "1.74570", "2015-12-31": "1.58280", "2015-09-30": "1.53060", "2015-06-30": "1.54670", "2015-03-31": "1.51980", "2014-12-31": "1.47800", "2014-09-30": "1.38310", "2014-06-30": "1.38010", "2014-03-31": "1.37080", "2013-12-31": "1.36920", "2013-09-30": "1.41030", "2013-06-30": "1.40000", "2013-03-31": "1.40650", "2012-12-31": "1.43950", "2012-09-30": "1.43610", "2012-06-30": "1.34830", "2012-03-31": "1.33430", "2011-12-31": "1.56490", "2011-09-30": "1.59930", "2011-06-30": "1.59420", "2011-03-31": "1.58290", "2010-12-31": "1.59540", "2010-09-30": "1.61900", "2010-06-30": "1.50270", "2010-03-31": "1.42930", "2009-12-31": "1.42800", "2009-09-30": "1.43200", "2009-06-30": "1.42020", "2009-03-31": "1.43280", "2008-12-31": "1.61950", "2008-09-30": "1.92450", "2008-06-30": "1.89230", "2008-03-31": "1.94020", "2007-12-31": "1.69720", "2007-09-30": "1.55350", "2007-06-30": "1.41250", "2007-03-31": "1.33810", "2006-12-31": "1.32100", "2006-10-31": "", "2006-09-30": "-20.44390", "2006-06-30": "", "2006-03-31": "", "2005-12-31": "", "2005-09-30": ""}, "Gross Margin": {"2020-09-30": "", "2020-06-30": "", "2020-03-31": "", "2019-12-31": "", "2019-09-30": "", "2019-06-30": "", "2019-03-31": "", "2018-12-31": "", "2018-09-30": "", "2018-06-30": "", "2018-03-31": "", "2017-12-31": "", "2017-09-30": "", "2017-06-30": "", "2017-03-31": "", "2016-12-31": "", "2016-09-30": "", "2016-06-30": "", "2016-03-31": "", "2015-12-31": "", "2015-09-30": "", "2015-06-30": "", "2015-03-31": "", "2014-12-31": "", "2014-09-30": "", "2014-06-30": "", "2014-03-31": "", "2013-12-31": "", "2013-09-30": "", "2013-06-30": "", "2013-03-31": "", "2012-12-31": "", "2012-09-30": "", "2012-06-30": "", "2012-03-31": "", "2011-12-31": "", "2011-09-30": "", "2011-06-30": "", "2011-03-31": "", "2010-12-31": "", "2010-09-30": "", "2010-06-30": "", "2010-03-31": "", "2009-12-31": "", "2009-09-30": "", "2009-06-30": "", "2009-03-31": "", "2008-12-31": "", "2008-09-30": "", "2008-06-30": "", "2008-03-31": "", "2007-12-31": "", "2007-09-30": "", "2007-06-30": "", "2007-03-31": "", "2006-12-31": "", "2006-10-31": "", "2006-09-30": "", "2006-06-30": "", "2006-03-31": "", "2005-12-31": "", "2005-09-30": ""}, "Operating Margin": {"2020-09-30": "15.80600", "2020-06-30": "14.44250", "2020-03-31": "25.54920", "2019-12-31": "19.64350", "2019-09-30": "25.49300", "2019-06-30": "30.63800", "2019-03-31": "28.31440", "2018-12-31": "24.08250", "2018-09-30": "29.73050", "2018-06-30": "30.95060", "2018-03-31": "29.74270", "2017-12-31": "30.87960", "2017-09-30": "29.61690", "2017-06-30": "29.29490", "2017-03-31": "28.85580", "2016-12-31": "28.74030", "2016-09-30": "29.83480", "2016-06-30": "30.19100", "2016-03-31": "30.27490", "2015-12-31": "29.34040", "2015-09-30": "28.48320", "2015-06-30": "30.70360", "2015-03-31": "30.74430", "2014-12-31": "27.78800", "2014-09-30": "25.97530", "2014-06-30": "29.06710", "2014-03-31": "29.13630", "2013-12-31": "28.92880", "2013-09-30": "29.45300", "2013-06-30": "30.84270", "2013-03-31": "31.63800", "2012-12-31": "29.07930", "2012-09-30": "29.82680", "2012-06-30": "31.14950", "2012-03-31": "31.39320", "2011-12-31": "30.16000", "2011-09-30": "29.22900", "2011-06-30": "23.76420", "2011-03-31": "22.86190", "2010-12-31": "22.00680", "2010-09-30": "23.84750", "2010-06-30": "26.37190", "2010-03-31": "26.07140", "2009-12-31": "25.80460", "2009-09-30": "25.68030", "2009-06-30": "26.57890", "2009-03-31": "25.86430", "2008-12-31": "23.78160", "2008-09-30": "25.51740", "2008-06-30": "25.44450", "2008-03-31": "26.86040", "2007-12-31": "22.50660", "2007-09-30": "28.15320", "2007-06-30": "28.46440", "2007-03-31": "26.20970", "2006-12-31": "5.76240", "2006-10-31": "", "2006-09-30": "22.49770", "2006-06-30": "36.82450", "2006-03-31": "40.40440", "2005-12-31": "", "2005-09-30": "33.64610"}, "EBIT Margin": {"2020-09-30": "15.80600", "2020-06-30": "14.44250", "2020-03-31": "25.54920", "2019-12-31": "19.64350", "2019-09-30": "25.49300", "2019-06-30": "30.63800", "2019-03-31": "28.31440", "2018-12-31": "24.08250", "2018-09-30": "29.73050", "2018-06-30": "30.95060", "2018-03-31": "29.74270", "2017-12-31": "30.87960", "2017-09-30": "29.61690", "2017-06-30": "29.29490", "2017-03-31": "28.85580", "2016-12-31": "28.74030", "2016-09-30": "29.83480", "2016-06-30": "30.19100", "2016-03-31": "30.27490", "2015-12-31": "29.34030", "2015-09-30": "28.48320", "2015-06-30": "30.70360", "2015-03-31": "30.74430", "2014-12-31": "27.78800", "2014-09-30": "25.97530", "2014-06-30": "29.06710", "2014-03-31": "29.13630", "2013-12-31": "28.92880", "2013-09-30": "29.45300", "2013-06-30": "30.84270", "2013-03-31": "31.63800", "2012-12-31": "29.07930", "2012-09-30": "29.82680", "2012-06-30": "31.14950", "2012-03-31": "31.39320", "2011-12-31": "30.16000", "2011-09-30": "29.22900", "2011-06-30": "23.76420", "2011-03-31": "22.86190", "2010-12-31": "22.00680", "2010-09-30": "23.84750", "2010-06-30": "26.37190", "2010-03-31": "26.07140", "2009-12-31": "25.80460", "2009-09-30": "25.68030", "2009-06-30": "26.57890", "2009-03-31": "25.86430", "2008-12-31": "23.78160", "2008-09-30": "25.51740", "2008-06-30": "25.44450", "2008-03-31": "26.86040", "2007-12-31": "22.50660", "2007-09-30": "28.15320", "2007-06-30": "28.46440", "2007-03-31": "26.20970", "2006-12-31": "5.76240", "2006-10-31": "", "2006-09-30": "22.49770", "2006-06-30": "36.82450", "2006-03-31": "40.40440", "2005-12-31": "", "2005-09-30": "33.64610"}, "EBITDA Margin": {"2020-09-30": "", "2020-06-30": "", "2020-03-31": "", "2019-12-31": "", "2019-09-30": "", "2019-06-30": "", "2019-03-31": "", "2018-12-31": "", "2018-09-30": "", "2018-06-30": "", "2018-03-31": "", "2017-12-31": "", "2017-09-30": "", "2017-06-30": "", "2017-03-31": "", "2016-12-31": "", "2016-09-30": "", "2016-06-30": "", "2016-03-31": "", "2015-12-31": "", "2015-09-30": "", "2015-06-30": "", "2015-03-31": "", "2014-12-31": "", "2014-09-30": "", "2014-06-30": "", "2014-03-31": "", "2013-12-31": "", "2013-09-30": "", "2013-06-30": "", "2013-03-31": "", "2012-12-31": "", "2012-09-30": "", "2012-06-30": "", "2012-03-31": "", "2011-12-31": "", "2011-09-30": "", "2011-06-30": "", "2011-03-31": "", "2010-12-31": "", "2010-09-30": "", "2010-06-30": "", "2010-03-31": "", "2009-12-31": "", "2009-09-30": "", "2009-06-30": "", "2009-03-31": "", "2008-12-31": "", "2008-09-30": "", "2008-06-30": "", "2008-03-31": "", "2007-12-31": "", "2007-09-30": "", "2007-06-30": "", "2007-03-31": "", "2006-12-31": "", "2006-10-31": "", "2006-09-30": "", "2006-06-30": "", "2006-03-31": "", "2005-12-31": "", "2005-09-30": ""}, "Pre-Tax Profit Margin": {"2020-09-30": "-0.85670", "2020-06-30": "-2.63340", "2020-03-31": "11.82180", "2019-12-31": "132.28300", "2019-09-30": "9.83790", "2019-06-30": "17.29030", "2019-03-31": "14.62540", "2018-12-31": "10.40020", "2018-09-30": "15.85770", "2018-06-30": "16.87390", "2018-03-31": "15.37410", "2017-12-31": "15.29040", "2017-09-30": "13.65660", "2017-06-30": "11.09690", "2017-03-31": "11.19900", "2016-12-31": "11.54220", "2016-09-30": "18.63310", "2016-06-30": "11.63370", "2016-03-31": "9.51880", "2015-12-31": "10.35090", "2015-09-30": "8.84510", "2015-06-30": "9.90550", "2015-03-31": "14.27310", "2014-12-31": "8.47080", "2014-09-30": "5.86000", "2014-06-30": "10.51170", "2014-03-31": "10.38310", "2013-12-31": "7.11370", "2013-09-30": "8.51320", "2013-06-30": "10.07150", "2013-03-31": "10.04550", "2012-12-31": "5.12750", "2012-09-30": "4.26600", "2012-06-30": "5.51320", "2012-03-31": "4.67400", "2011-12-31": "3.07650", "2011-09-30": "3.05710", "2011-06-30": "-4.27010", "2011-03-31": "-0.24190", "2010-12-31": "-4.41700", "2010-09-30": "-3.20320", "2010-06-30": "-8.12090", "2010-03-31": "-7.59800", "2009-12-31": "-8.08850", "2009-09-30": "-7.91300", "2009-06-30": "-6.80850", "2009-03-31": "-1.48600", "2008-12-31": "-5.18030", "2008-09-30": "-7.86540", "2008-06-30": "-7.87620", "2008-03-31": "-2.31820", "2007-12-31": "-5.37290", "2007-09-30": "-3.02500", "2007-06-30": "-1.41930", "2007-03-31": "-3.67230", "2006-12-31": "-25.94190", "2006-10-31": "", "2006-09-30": "-65.81760", "2006-06-30": "31.83160", "2006-03-31": "55.87950", "2005-12-31": "", "2005-09-30": "70.29760"}, "Net Profit Margin": {"2020-09-30": "1.73880", "2020-06-30": "0.97690", "2020-03-31": "10.71140", "2019-12-31": "114.21320", "2019-09-30": "9.44600", "2019-06-30": "14.73360", "2019-03-31": "12.80230", "2018-12-31": "11.32970", "2018-09-30": "13.68390", "2018-06-30": "14.43670", "2018-03-31": "13.28920", "2017-12-31": "14.11920", "2017-09-30": "12.27020", "2017-06-30": "10.14070", "2017-03-31": "9.79480", "2016-12-31": "10.12160", "2016-09-30": "16.57710", "2016-06-30": "9.87210", "2016-03-31": "9.11540", "2015-12-31": "8.83060", "2015-09-30": "7.54010", "2015-06-30": "8.38110", "2015-03-31": "12.07880", "2014-12-31": "7.20990", "2014-09-30": "4.98780", "2014-06-30": "8.82500", "2014-03-31": "8.71600", "2013-12-31": "5.98880", "2013-09-30": "7.18240", "2013-06-30": "9.16850", "2013-03-31": "8.30620", "2012-12-31": "4.17320", "2012-09-30": "3.46250", "2012-06-30": "4.45630", "2012-03-31": "3.75620", "2011-12-31": "2.38630", "2011-09-30": "2.35810", "2011-06-30": "-3.44960", "2011-03-31": "-0.24480", "2010-12-31": "-3.60070", "2010-09-30": "-2.63120", "2010-06-30": "-6.45860", "2010-03-31": "-6.01440", "2009-12-31": "-6.39000", "2009-09-30": "-6.27090", "2009-06-30": "-5.35210", "2009-03-31": "-1.23300", "2008-12-31": "-4.09400", "2008-09-30": "-6.15020", "2008-06-30": "-6.08010", "2008-03-31": "-1.78820", "2007-12-31": "-3.73600", "2007-09-30": "-2.10250", "2007-06-30": "-0.99240", "2007-03-31": "-2.55900", "2006-12-31": "-23.33520", "2006-10-31": "", "2006-09-30": "-24.51370", "2006-06-30": "5.14550", "2006-03-31": "12.17430", "2005-12-31": "", "2005-09-30": "17.02810"}, "Asset Turnover": {"2020-09-30": "0.02340", "2020-06-30": "0.02240", "2020-03-31": "0.02700", "2019-12-31": "0.02610", "2019-09-30": "0.02790", "2019-06-30": "0.02660", "2019-03-31": "0.02730", "2018-12-31": "0.02740", "2018-09-30": "0.02680", "2018-06-30": "0.02640", "2018-03-31": "0.02550", "2017-12-31": "0.02520", "2017-09-30": "0.02570", "2017-06-30": "0.02510", "2017-03-31": "0.02560", "2016-12-31": "0.02560", "2016-09-30": "0.02510", "2016-06-30": "0.02580", "2016-03-31": "0.02310", "2015-12-31": "0.02640", "2015-09-30": "0.02690", "2015-06-30": "0.02660", "2015-03-31": "0.02570", "2014-12-31": "0.02540", "2014-09-30": "0.02570", "2014-06-30": "0.02620", "2014-03-31": "0.02560", "2013-12-31": "0.02530", "2013-09-30": "0.02500", "2013-06-30": "0.02480", "2013-03-31": "0.02420", "2012-12-31": "0.02350", "2012-09-30": "0.02380", "2012-06-30": "0.02460", "2012-03-31": "0.02400", "2011-12-31": "0.02300", "2011-09-30": "0.02320", "2011-06-30": "0.02330", "2011-03-31": "0.02270", "2010-12-31": "0.02320", "2010-09-30": "0.02340", "2010-06-30": "0.02280", "2010-03-31": "0.02290", "2009-12-31": "0.02300", "2009-09-30": "0.02300", "2009-06-30": "0.02270", "2009-03-31": "0.02440", "2008-12-31": "0.02300", "2008-09-30": "0.02350", "2008-06-30": "0.02300", "2008-03-31": "0.02050", "2007-12-31": "0.02460", "2007-09-30": "0.02160", "2007-06-30": "0.02020", "2007-03-31": "0.02080", "2006-12-31": "0.02010", "2006-10-31": "", "2006-09-30": "0.03490", "2006-06-30": "", "2006-03-31": "", "2005-12-31": "", "2005-09-30": ""}, "Inventory Turnover Ratio": {"2020-09-30": "", "2020-06-30": "", "2020-03-31": "", "2019-12-31": "", "2019-09-30": "", "2019-06-30": "", "2019-03-31": "", "2018-12-31": "", "2018-09-30": "", "2018-06-30": "", "2018-03-31": "", "2017-12-31": "", "2017-09-30": "", "2017-06-30": "", "2017-03-31": "", "2016-12-31": "", "2016-09-30": "", "2016-06-30": "", "2016-03-31": "", "2015-12-31": "", "2015-09-30": "", "2015-06-30": "", "2015-03-31": "", "2014-12-31": "", "2014-09-30": "", "2014-06-30": "", "2014-03-31": "", "2013-12-31": "", "2013-09-30": "", "2013-06-30": "", "2013-03-31": "", "2012-12-31": "", "2012-09-30": "", "2012-06-30": "", "2012-03-31": "", "2011-12-31": "", "2011-09-30": "", "2011-06-30": "", "2011-03-31": "", "2010-12-31": "", "2010-09-30": "", "2010-06-30": "", "2010-03-31": "", "2009-12-31": "", "2009-09-30": "", "2009-06-30": "", "2009-03-31": "", "2008-12-31": "", "2008-09-30": "", "2008-06-30": "", "2008-03-31": "", "2007-12-31": "", "2007-09-30": "", "2007-06-30": "", "2007-03-31": "", "2006-12-31": "", "2006-10-31": "", "2006-09-30": "", "2006-06-30": "", "2006-03-31": "", "2005-12-31": "", "2005-09-30": ""}, "Receiveable Turnover": {"2020-09-30": "", "2020-06-30": "", "2020-03-31": "", "2019-12-31": "", "2019-09-30": "", "2019-06-30": "", "2019-03-31": "", "2018-12-31": "", "2018-09-30": "", "2018-06-30": "", "2018-03-31": "", "2017-12-31": "", "2017-09-30": "", "2017-06-30": "", "2017-03-31": "", "2016-12-31": "", "2016-09-30": "", "2016-06-30": "", "2016-03-31": "", "2015-12-31": "", "2015-09-30": "", "2015-06-30": "", "2015-03-31": "", "2014-12-31": "", "2014-09-30": "", "2014-06-30": "", "2014-03-31": "", "2013-12-31": "", "2013-09-30": "", "2013-06-30": "", "2013-03-31": "", "2012-12-31": "", "2012-09-30": "", "2012-06-30": "", "2012-03-31": "", "2011-12-31": "", "2011-09-30": "", "2011-06-30": "", "2011-03-31": "", "2010-12-31": "", "2010-09-30": "", "2010-06-30": "", "2010-03-31": "", "2009-12-31": "", "2009-09-30": "", "2009-06-30": "", "2009-03-31": "", "2008-12-31": "", "2008-09-30": "", "2008-06-30": "", "2008-03-31": "", "2007-12-31": "", "2007-09-30": "", "2007-06-30": "", "2007-03-31": "", "2006-12-31": "", "2006-10-31": "", "2006-09-30": "", "2006-06-30": "", "2006-03-31": "", "2005-12-31": "", "2005-09-30": ""}, "Days Sales In Receivables": {"2020-09-30": "", "2020-06-30": "", "2020-03-31": "", "2019-12-31": "", "2019-09-30": "", "2019-06-30": "", "2019-03-31": "", "2018-12-31": "", "2018-09-30": "", "2018-06-30": "", "2018-03-31": "", "2017-12-31": "", "2017-09-30": "", "2017-06-30": "", "2017-03-31": "", "2016-12-31": "", "2016-09-30": "", "2016-06-30": "", "2016-03-31": "", "2015-12-31": "", "2015-09-30": "", "2015-06-30": "", "2015-03-31": "", "2014-12-31": "", "2014-09-30": "", "2014-06-30": "", "2014-03-31": "", "2013-12-31": "", "2013-09-30": "", "2013-06-30": "", "2013-03-31": "", "2012-12-31": "", "2012-09-30": "", "2012-06-30": "", "2012-03-31": "", "2011-12-31": "", "2011-09-30": "", "2011-06-30": "", "2011-03-31": "", "2010-12-31": "", "2010-09-30": "", "2010-06-30": "", "2010-03-31": "", "2009-12-31": "", "2009-09-30": "", "2009-06-30": "", "2009-03-31": "", "2008-12-31": "", "2008-09-30": "", "2008-06-30": "", "2008-03-31": "", "2007-12-31": "", "2007-09-30": "", "2007-06-30": "", "2007-03-31": "", "2006-12-31": "", "2006-10-31": "", "2006-09-30": "", "2006-06-30": "", "2006-03-31": "", "2005-12-31": "", "2005-09-30": ""}, "ROE - Return On Equity": {"2020-09-30": "-0.04650", "2020-06-30": "-0.13530", "2020-03-31": "0.71950", "2019-12-31": "7.38120", "2019-09-30": "0.58790", "2019-06-30": "0.98360", "2019-03-31": "0.86550", "2018-12-31": "0.61150", "2018-09-30": "0.90270", "2018-06-30": "0.94220", "2018-03-31": "0.83110", "2017-12-31": "0.81970", "2017-09-30": "0.75280", "2017-06-30": "0.65340", "2017-03-31": "0.73800", "2016-12-31": "0.74540", "2016-09-30": "1.20650", "2016-06-30": "0.80260", "2016-03-31": "0.62660", "2015-12-31": "0.72780", "2015-09-30": "0.62380", "2015-06-30": "0.69160", "2015-03-31": "0.95850", "2014-12-31": "0.55310", "2014-09-30": "0.37400", "2014-06-30": "0.68210", "2014-03-31": "0.65790", "2013-12-31": "0.44370", "2013-09-30": "0.53630", "2013-06-30": "0.62570", "2013-03-31": "0.61330", "2012-12-31": "0.30710", "2012-09-30": "0.25990", "2012-06-30": "0.33440", "2012-03-31": "0.27460", "2011-12-31": "0.19030", "2011-09-30": "0.19430", "2011-06-30": "-0.26980", "2011-03-31": "-0.01490", "2010-12-31": "-0.28010", "2010-09-30": "-0.20930", "2010-06-30": "-0.49590", "2010-03-31": "-0.45730", "2009-12-31": "-0.49190", "2009-09-30": "-0.48590", "2009-06-30": "-0.41260", "2009-03-31": "-0.09840", "2008-12-31": "-0.35340", "2008-09-30": "-0.63910", "2008-06-30": "-0.61880", "2008-03-31": "-0.16860", "2007-12-31": "-0.62140", "2007-09-30": "-0.14590", "2007-06-30": "-0.06080", "2007-03-31": "-0.15760", "2006-12-31": "-1.37650", "2006-10-31": "", "2006-09-30": "22.79470", "2006-06-30": "", "2006-03-31": "", "2005-12-31": "", "2005-09-30": ""}, "Return On Tangible Equity": {"2020-09-30": "-0.04650", "2020-06-30": "-0.13550", "2020-03-31": "0.72060", "2019-12-31": "7.39210", "2019-09-30": "0.58830", "2019-06-30": "0.98440", "2019-03-31": "0.86620", "2018-12-31": "0.61200", "2018-09-30": "0.90350", "2018-06-30": "0.94310", "2018-03-31": "0.83190", "2017-12-31": "0.82060", "2017-09-30": "0.75370", "2017-06-30": "0.65430", "2017-03-31": "0.73920", "2016-12-31": "0.74660", "2016-09-30": "1.20860", "2016-06-30": "0.80390", "2016-03-31": "0.62780", "2015-12-31": "0.72930", "2015-09-30": "0.62510", "2015-06-30": "0.69310", "2015-03-31": "0.96070", "2014-12-31": "0.55400", "2014-09-30": "0.37460", "2014-06-30": "0.68320", "2014-03-31": "0.65890", "2013-12-31": "0.44440", "2013-09-30": "0.53710", "2013-06-30": "0.62680", "2013-03-31": "0.61440", "2012-12-31": "0.30770", "2012-09-30": "0.26050", "2012-06-30": "0.33510", "2012-03-31": "0.27530", "2011-12-31": "0.19090", "2011-09-30": "0.19490", "2011-06-30": "-0.27070", "2011-03-31": "-0.01490", "2010-12-31": "-0.28120", "2010-09-30": "-0.21020", "2010-06-30": "-0.49850", "2010-03-31": "-0.45940", "2009-12-31": "-0.49450", "2009-09-30": "-0.48870", "2009-06-30": "-0.41520", "2009-03-31": "-0.09900", "2008-12-31": "-0.35630", "2008-09-30": "-0.64570", "2008-06-30": "-0.62560", "2008-03-31": "-0.17060", "2007-12-31": "-0.62980", "2007-09-30": "-0.14800", "2007-06-30": "-0.06170", "2007-03-31": "-0.16000", "2006-12-31": "-1.39910", "2006-10-31": "", "2006-09-30": "22.79470", "2006-06-30": "", "2006-03-31": "", "2005-12-31": "", "2005-09-30": ""}, "ROA - Return On Assets": {"2020-09-30": "-0.02000", "2020-06-30": "-0.05900", "2020-03-31": "0.31910", "2019-12-31": "3.45080", "2019-09-30": "0.27490", "2019-06-30": "0.45930", "2019-03-31": "0.39910", "2018-12-31": "0.28480", "2018-09-30": "0.42430", "2018-06-30": "0.44520", "2018-03-31": "0.39200", "2017-12-31": "0.38570", "2017-09-30": "0.35140", "2017-06-30": "0.27850", "2017-03-31": "0.28710", "2016-12-31": "0.29510", "2016-09-30": "0.46820", "2016-06-30": "0.30010", "2016-03-31": "0.22010", "2015-12-31": "0.27370", "2015-09-30": "0.23820", "2015-06-30": "0.26320", "2015-03-31": "0.36750", "2014-12-31": "0.21550", "2014-09-30": "0.15070", "2014-06-30": "0.27560", "2014-03-31": "0.26600", "2013-12-31": "0.17960", "2013-09-30": "0.21290", "2013-06-30": "0.25020", "2013-03-31": "0.24320", "2012-12-31": "0.12030", "2012-09-30": "0.10160", "2012-06-30": "0.13550", "2012-03-31": "0.11200", "2011-12-31": "0.07070", "2011-09-30": "0.07080", "2011-06-30": "-0.09940", "2011-03-31": "-0.00550", "2010-12-31": "-0.10250", "2010-09-30": "-0.07500", "2010-06-30": "-0.18500", "2010-03-31": "-0.17400", "2009-12-31": "-0.18610", "2009-09-30": "-0.18180", "2009-06-30": "-0.15490", "2009-03-31": "-0.03630", "2008-12-31": "-0.11920", "2008-09-30": "-0.18500", "2008-06-30": "-0.18100", "2008-03-31": "-0.04750", "2007-12-31": "-0.18370", "2007-09-30": "-0.04550", "2007-06-30": "-0.02010", "2007-03-31": "-0.05320", "2006-12-31": "-0.46880", "2006-10-31": "", "2006-09-30": "-0.85620", "2006-06-30": "", "2006-03-31": "", "2005-12-31": "", "2005-09-30": ""}, "ROI - Return On Investment": {"2020-09-30": "-0.02130", "2020-06-30": "-0.06280", "2020-03-31": "0.33960", "2019-12-31": "3.58880", "2019-09-30": "0.28700", "2019-06-30": "0.47690", "2019-03-31": "0.41410", "2018-12-31": "0.29480", "2018-09-30": "0.44020", "2018-06-30": "0.46080", "2018-03-31": "0.40660", "2017-12-31": "0.39890", "2017-09-30": "0.36380", "2017-06-30": "0.28750", "2017-03-31": "0.29660", "2016-12-31": "0.30430", "2016-09-30": "0.48580", "2016-06-30": "0.31140", "2016-03-31": "0.22820", "2015-12-31": "0.28180", "2015-09-30": "0.24650", "2015-06-30": "0.27160", "2015-03-31": "0.38040", "2014-12-31": "0.22320", "2014-09-30": "0.15690", "2014-06-30": "0.28660", "2014-03-31": "0.27750", "2013-12-31": "0.18730", "2013-09-30": "0.22250", "2013-06-30": "0.26070", "2013-03-31": "0.25480", "2012-12-31": "0.12590", "2012-09-30": "0.10670", "2012-06-30": "0.14240", "2012-03-31": "0.11770", "2011-12-31": "0.07420", "2011-09-30": "0.07480", "2011-06-30": "-0.10400", "2011-03-31": "-0.00580", "2010-12-31": "-0.10790", "2010-09-30": "-0.07990", "2010-06-30": "-0.19820", "2010-03-31": "-0.18820", "2009-12-31": "-0.20260", "2009-09-30": "-0.19980", "2009-06-30": "-0.17050", "2009-03-31": "-0.04040", "2008-12-31": "-0.13490", "2008-09-30": "-0.21850", "2008-06-30": "-0.21390", "2008-03-31": "-0.05730", "2007-12-31": "-0.23040", "2007-09-30": "-0.05710", "2007-06-30": "-0.02520", "2007-03-31": "-0.06740", "2006-12-31": "-0.59300", "2006-10-31": "", "2006-09-30": "-1.17230", "2006-06-30": "", "2006-03-31": "", "2005-12-31": "", "2005-09-30": ""}, "Book Value Per Share": {"2020-09-30": "22.81040", "2020-06-30": "23.06110", "2020-03-31": "23.54790", "2019-12-31": "24.92410", "2019-09-30": "22.72090", "2019-06-30": "23.12690", "2019-03-31": "22.25240", "2018-12-31": "22.60940", "2018-09-30": "23.08790", "2018-06-30": "23.13050", "2018-03-31": "23.11040", "2017-12-31": "23.01210", "2017-09-30": "22.34440", "2017-06-30": "21.09290", "2017-03-31": "19.27150", "2016-12-31": "19.89090", "2016-09-30": "19.63290", "2016-06-30": "18.18670", "2016-03-31": "17.37380", "2015-12-31": "15.52930", "2015-09-30": "15.19700", "2015-06-30": "15.70910", "2015-03-31": "15.80420", "2014-12-31": "15.97110", "2014-09-30": "16.02980", "2014-06-30": "16.19000", "2014-03-31": "16.35300", "2013-12-31": "16.59980", "2013-09-30": "16.66370", "2013-06-30": "16.78620", "2013-03-31": "16.71200", "2012-12-31": "16.92410", "2012-09-30": "17.02480", "2012-06-30": "17.28270", "2012-03-31": "17.47750", "2011-12-31": "17.66960", "2011-09-30": "17.73150", "2011-06-30": "18.33590", "2011-03-31": "18.65360", "2010-12-31": "18.52200", "2010-09-30": "18.35270", "2010-06-30": "18.58770", "2010-03-31": "18.76020", "2009-12-31": "18.85250", "2009-09-30": "18.81400", "2009-06-30": "19.00140", "2009-03-31": "18.82630", "2008-12-31": "18.70610", "2008-09-30": "15.94600", "2008-06-30": "16.26040", "2008-03-31": "15.85100", "2007-12-31": "16.66010", "2007-09-30": "17.37990", "2007-06-30": "18.15140", "2007-03-31": "18.05630", "2006-12-31": "18.36230", "2006-10-31": "", "2006-09-30": "", "2006-06-30": "", "2006-03-31": "", "2005-12-31": "", "2005-09-30": ""}, "Operating Cash Flow Per Share": {"2020-09-30": 0.6838, "2020-06-30": 0.475, "2020-03-31": "0.87530", "2019-12-31": 0.6608, "2019-09-30": 0.7252, "2019-06-30": 0.5445, "2019-03-31": "0.77830", "2018-12-31": 0.5956, "2018-09-30": 0.6824, "2018-06-30": 0.577, "2018-03-31": "0.69340", "2017-12-31": 0.6328, "2017-09-30": 0.5914, "2017-06-30": 0.5735, "2017-03-31": "0.70000", "2016-12-31": 0.4843, "2016-09-30": 0.6402, "2016-06-30": 0.4982, "2016-03-31": "0.59320", "2015-12-31": 0.438, "2015-09-30": 0.4582, "2015-06-30": 0.4193, "2015-03-31": "0.48680", "2014-12-31": 0.3557, "2014-09-30": 0.4528, "2014-06-30": 0.3571, "2014-03-31": "0.50000", "2013-12-31": 0.5785, "2013-09-30": 0.3894, "2013-06-30": 0.2902, "2013-03-31": "0.41180", "2012-12-31": 0.2603, "2012-09-30": 0.3206, "2012-06-30": 0.2843, "2012-03-31": "0.35000", "2011-12-31": 0.2973, "2011-09-30": 0.1331, "2011-06-30": 0.383, "2011-03-31": "0.49250", "2010-12-31": 0.4271, "2010-09-30": 0.4293, "2010-06-30": 0.2828, "2010-03-31": "0.40050", "2009-12-31": 0.293, "2009-09-30": 0.4022, "2009-06-30": 0.3317, "2009-03-31": "0.45680", "2008-12-31": 0.3884, "2008-09-30": 0.3777, "2008-06-30": 0.2914, "2008-03-31": "0.45690", "2007-12-31": 0.2543, "2007-09-30": 0.4314, "2007-06-30": 0.3183, "2007-03-31": "0.37030", "2006-12-31": 0.1757, "2006-10-31": 0, "2006-09-30": 0, "2006-06-30": 0, "2006-03-31": "", "2005-12-31": 0, "2005-09-30": 0}, "Free Cash Flow Per Share": {"2020-09-30": 0.2751, "2020-06-30": 0.0785, "2020-03-31": "0.54230", "2019-12-31": 0.2507, "2019-09-30": 0.4269, "2019-06-30": -1.8549, "2019-03-31": "0.40200", "2018-12-31": 0.1067, "2018-09-30": 0.3006, "2018-06-30": 0.2048, "2018-03-31": "0.47950", "2017-12-31": -3.0263, "2017-09-30": 2.604, "2017-06-30": -1.9486, "2017-03-31": "0.47100", "2016-12-31": 0.1895, "2016-09-30": -1.2246, "2016-06-30": 1.992, "2016-03-31": "-7.82190", "2015-12-31": 0.2791, "2015-09-30": 0.3558, "2015-06-30": -0.3012, "2015-03-31": "0.34530", "2014-12-31": -1.2851, "2014-09-30": 0.3016, "2014-06-30": 0.2046, "2014-03-31": "0.35720", "2013-12-31": 0.2224, "2013-09-30": -0.551, "2013-06-30": 0.1919, "2013-03-31": "0.26070", "2012-12-31": 0.1673, "2012-09-30": 0.2386, "2012-06-30": 0.2088, "2012-03-31": "0.05980", "2011-12-31": 0.1952, "2011-09-30": 0.0956, "2011-06-30": 0.2703, "2011-03-31": "0.39490", "2010-12-31": 0.2904, "2010-09-30": 0.3184, "2010-06-30": -1.6871, "2010-03-31": "0.30860", "2009-12-31": 0.2035, "2009-09-30": 0.3208, "2009-06-30": 0.253, "2009-03-31": "0.35960", "2008-12-31": 0.1225, "2008-09-30": 0.271, "2008-06-30": 0.2948, "2008-03-31": "-4.84480", "2007-12-31": -0.6257, "2007-09-30": 0.286, "2007-06-30": -0.0733, "2007-03-31": "0.25320", "2006-12-31": -16.6536, "2006-10-31": 0, "2006-09-30": 0, "2006-06-30": 0, "2006-03-31": "", "2005-12-31": 0, "2005-09-30": 0}}, "revenue": {"Douglas Emmett Annual Revenue (Millions of US $)": {"2019": "$937", "2018": "$881", "2017": "$812", "2016": "$743", "2015": "$636", "2014": "$600", "2013": "$592", "2012": "$579", "2011": "$575", "2010": "$571", "2009": "$571", "2008": "$608", "2007": "$540", "2006": "$436", "2005": "$394"}, "Douglas Emmett Quarterly Revenue (Millions of US $)": {"2020-09-30": "$217", "2020-06-30": "$208", "2020-03-31": "$251", "2019-12-31": "$244", "2019-09-30": "$238", "2019-06-30": "$231", "2019-03-31": "$224", "2018-12-31": "$226", "2018-09-30": "$223", "2018-06-30": "$219", "2018-03-31": "$212", "2017-12-31": "$209", "2017-09-30": "$209", "2017-06-30": "$200", "2017-03-31": "$194", "2016-12-31": "$195", "2016-09-30": "$192", "2016-06-30": "$187", "2016-03-31": "$169", "2015-12-31": "$160", "2015-09-30": "$160", "2015-06-30": "$160", "2015-03-31": "$155", "2014-12-31": "$151", "2014-09-30": "$148", "2014-06-30": "$151", "2014-03-31": "$149", "2013-12-31": "$148", "2013-09-30": "$150", "2013-06-30": "$149", "2013-03-31": "$145", "2012-12-31": "$143", "2012-09-30": "$146", "2012-06-30": "$146", "2012-03-31": "$143", "2011-12-31": "$143", "2011-09-30": "$144", "2011-06-30": "$145", "2011-03-31": "$143", "2010-12-31": "$146", "2010-09-30": "$148", "2010-06-30": "$139", "2010-03-31": "$138", "2009-12-31": "$139", "2009-09-30": "$140", "2009-06-30": "$140", "2009-03-31": "$151", "2008-12-31": "$156", "2008-09-30": "$158", "2008-06-30": "$155", "2008-03-31": "$140", "2007-12-31": "$152", "2007-09-30": "$132", "2007-06-30": "$127", "2007-03-31": "$128", "2006-12-31": "$125", "2006-10-31": "", "2006-09-30": "$105", "2006-06-30": "$104", "2006-03-31": "$103", "2005-12-31": "", "2005-09-30": "$96"}}, "gross-profit": {"Douglas Emmett Annual Gross Profit (Millions of US $)": {"2019": "$639", "2018": "$600", "2017": "$554", "2016": "$505", "2015": "$425", "2014": "$398", "2013": "$397", "2012": "$389", "2011": "$387", "2010": "$393", "2009": "$399", "2008": "$425", "2007": "$372", "2006": "$286", "2005": "$259"}, "Douglas Emmett Quarterly Gross Profit (Millions of US $)": {"2020-09-30": "$139", "2020-06-30": "$139", "2020-03-31": "$172", "2019-12-31": "$167", "2019-09-30": "$160", "2019-06-30": "$159", "2019-03-31": "$153", "2018-12-31": "$155", "2018-09-30": "$150", "2018-06-30": "$151", "2018-03-31": "$145", "2017-12-31": "$144", "2017-09-30": "$140", "2017-06-30": "$136", "2017-03-31": "$134", "2016-12-31": "$132", "2016-09-30": "$129", "2016-06-30": "$128", "2016-03-31": "$115", "2015-12-31": "$108", "2015-09-30": "$105", "2015-06-30": "$108", "2015-03-31": "$105", "2014-12-31": "$100", "2014-09-30": "$95", "2014-06-30": "$102", "2014-03-31": "$100", "2013-12-31": "$98", "2013-09-30": "$98", "2013-06-30": "$101", "2013-03-31": "$99", "2012-12-31": "$95", "2012-09-30": "$97", "2012-06-30": "$99", "2012-03-31": "$98", "2011-12-31": "$97", "2011-09-30": "$95", "2011-06-30": "$98", "2011-03-31": "$97", "2010-12-31": "$99", "2010-09-30": "$100", "2010-06-30": "$98", "2010-03-31": "$97", "2009-12-31": "$96", "2009-09-30": "$97", "2009-06-30": "$99", "2009-03-31": "$107", "2008-12-31": "$107", "2008-09-30": "$109", "2008-06-30": "$109", "2008-03-31": "$100", "2007-12-31": "$97", "2007-09-30": "$94", "2007-06-30": "$92", "2007-03-31": "$90", "2006-12-31": "$84", "2006-10-31": "", "2006-09-30": "$66", "2006-06-30": "$67", "2006-03-31": "$69", "2005-12-31": "", "2005-09-30": "$60"}}, "operating-income": {"Douglas Emmett Annual Operating Income (Millions of US $)": {"2019": "$243", "2018": "$252", "2017": "$241", "2016": "$221", "2015": "$190", "2014": "$168", "2013": "$179", "2012": "$176", "2011": "$152", "2010": "$140", "2009": "$148", "2008": "$154", "2007": "$141", "2006": "$110", "2005": "$139"}, "Douglas Emmett Quarterly Operating Income (Millions of US $)": {"2020-09-30": "$34", "2020-06-30": "$30", "2020-03-31": "$64", "2019-12-31": "$48", "2019-09-30": "$61", "2019-06-30": "$71", "2019-03-31": "$63", "2018-12-31": "$54", "2018-09-30": "$66", "2018-06-30": "$68", "2018-03-31": "$63", "2017-12-31": "$65", "2017-09-30": "$62", "2017-06-30": "$58", "2017-03-31": "$56", "2016-12-31": "$56", "2016-09-30": "$57", "2016-06-30": "$57", "2016-03-31": "$51", "2015-12-31": "$47", "2015-09-30": "$46", "2015-06-30": "$49", "2015-03-31": "$48", "2014-12-31": "$42", "2014-09-30": "$38", "2014-06-30": "$44", "2014-03-31": "$43", "2013-12-31": "$43", "2013-09-30": "$44", "2013-06-30": "$46", "2013-03-31": "$46", "2012-12-31": "$42", "2012-09-30": "$44", "2012-06-30": "$46", "2012-03-31": "$45", "2011-12-31": "$43", "2011-09-30": "$42", "2011-06-30": "$35", "2011-03-31": "$33", "2010-12-31": "$32", "2010-09-30": "$35", "2010-06-30": "$37", "2010-03-31": "$36", "2009-12-31": "$36", "2009-09-30": "$36", "2009-06-30": "$37", "2009-03-31": "$39", "2008-12-31": "$37", "2008-09-30": "$40", "2008-06-30": "$39", "2008-03-31": "$38", "2007-12-31": "$34", "2007-09-30": "$37", "2007-06-30": "$36", "2007-03-31": "$34", "2006-12-31": "$7", "2006-10-31": "", "2006-09-30": "$24", "2006-06-30": "$38", "2006-03-31": "$41", "2005-12-31": "", "2005-09-30": "$32"}}, "ebitda": {"Douglas Emmett Annual EBITDA (Millions of US $)": {"2019": "$598", "2018": "$548", "2017": "$511", "2016": "$460", "2015": "$383", "2014": "$358", "2013": "$359", "2012": "$346", "2011": "$333", "2010": "$362", "2009": "$372", "2008": "$357", "2007": "$347", "2006": "$240", "2005": "$263"}, "Douglas Emmett Quarterly EBITDA (Millions of US $)": {"2020-09-30": "$127", "2020-06-30": "$125", "2020-03-31": "$159", "2019-12-31": "$157", "2019-09-30": "$153", "2019-06-30": "$147", "2019-03-31": "$141", "2018-12-31": "$142", "2018-09-30": "$137", "2018-06-30": "$137", "2018-03-31": "$132", "2017-12-31": "$134", "2017-09-30": "$129", "2017-06-30": "$125", "2017-03-31": "$121", "2016-12-31": "$122", "2016-09-30": "$114", "2016-06-30": "$121", "2016-03-31": "$105", "2015-12-31": "$98", "2015-09-30": "$96", "2015-06-30": "$100", "2015-03-31": "$89", "2014-12-31": "$89", "2014-09-30": "$86", "2014-06-30": "$92", "2014-03-31": "$91", "2013-12-31": "$90", "2013-09-30": "$88", "2013-06-30": "$91", "2013-03-31": "$89", "2012-12-31": "$84", "2012-09-30": "$77", "2012-06-30": "$93", "2012-03-31": "$91", "2011-12-31": "$85", "2011-09-30": "$70", "2011-06-30": "$97", "2011-03-31": "$81", "2010-12-31": "$89", "2010-09-30": "$106", "2010-06-30": "$77", "2010-03-31": "$90", "2009-12-31": "$115", "2009-09-30": "$83", "2009-06-30": "$74", "2009-03-31": "$100", "2008-12-31": "$90", "2008-09-30": "$93", "2008-06-30": "$91", "2008-03-31": "$83", "2007-12-31": "$91", "2007-09-30": "$87", "2007-06-30": "$86", "2007-03-31": "$84", "2006-12-31": "$49", "2006-10-31": "", "2006-09-30": "$56", "2006-06-30": "$67", "2006-03-31": "$68", "2005-12-31": "", "2005-09-30": "$32"}}, "net-income": {"Douglas Emmett Annual Net Income (Millions of US $)": {"2019": "$364", "2018": "$116", "2017": "$94", "2016": "$85", "2015": "$58", "2014": "$45", "2013": "$45", "2012": "$23", "2011": "$1", "2010": "$-26", "2009": "$-27", "2008": "$-28", "2007": "$-13", "2006": "$-37", "2005": "$-17"}, "Douglas Emmett Quarterly Net Income (Millions of US $)": {"2020-09-30": "$4", "2020-06-30": "$2", "2020-03-31": "$27", "2019-12-31": "$279", "2019-09-30": "$22", "2019-06-30": "$34", "2019-03-31": "$29", "2018-12-31": "$26", "2018-09-30": "$31", "2018-06-30": "$32", "2018-03-31": "$28", "2017-12-31": "$30", "2017-09-30": "$26", "2017-06-30": "$20", "2017-03-31": "$19", "2016-12-31": "$20", "2016-09-30": "$32", "2016-06-30": "$18", "2016-03-31": "$15", "2015-12-31": "$14", "2015-09-30": "$12", "2015-06-30": "$13", "2015-03-31": "$19", "2014-12-31": "$11", "2014-09-30": "$7", "2014-06-30": "$13", "2014-03-31": "$13", "2013-12-31": "$9", "2013-09-30": "$11", "2013-06-30": "$14", "2013-03-31": "$12", "2012-12-31": "$6", "2012-09-30": "$5", "2012-06-30": "$7", "2012-03-31": "$5", "2011-12-31": "$3", "2011-09-30": "$3", "2011-06-30": "$-5", "2011-03-31": "$-0", "2010-12-31": "$-5", "2010-09-30": "$-4", "2010-06-30": "$-9", "2010-03-31": "$-8", "2009-12-31": "$-9", "2009-09-30": "$-9", "2009-06-30": "$-7", "2009-03-31": "$-2", "2008-12-31": "$-6", "2008-09-30": "$-10", "2008-06-30": "$-9", "2008-03-31": "$-3", "2007-12-31": "$-6", "2007-09-30": "$-3", "2007-06-30": "$-1", "2007-03-31": "$-3", "2006-12-31": "$-29", "2006-10-31": "", "2006-09-30": "$-26", "2006-06-30": "$5", "2006-03-31": "$12", "2005-12-31": "", "2005-09-30": "$16"}}, "eps-earnings-per-share-diluted": {"Douglas Emmett Annual EPS": {"2019": "$2.09", "2018": "$0.68", "2017": "$0.58", "2016": "$0.55", "2015": "$0.39", "2014": "$0.30", "2013": "$0.31", "2012": "$0.16", "2011": "$0.01", "2010": "$-0.22", "2009": "$-0.22", "2008": "$-0.23", "2007": "$-0.12", "2006": "$-0.32", "2005": "$-254,154.00"}, "Douglas Emmett Quarterly EPS": {"2020-09-30": "$0.02", "2020-06-30": "$0.01", "2020-03-31": "$0.15", "2019-12-31": "$1.59", "2019-09-30": "$0.13", "2019-06-30": "$0.20", "2019-03-31": "$0.17", "2018-12-31": "$0.14", "2018-09-30": "$0.18", "2018-06-30": "$0.19", "2018-03-31": "$0.17", "2017-12-31": "$0.18", "2017-09-30": "$0.15", "2017-06-30": "$0.13", "2017-03-31": "$0.12", "2016-12-31": "$0.12", "2016-09-30": "$0.21", "2016-06-30": "$0.12", "2016-03-31": "$0.10", "2015-12-31": "$0.10", "2015-09-30": "$0.08", "2015-06-30": "$0.09", "2015-03-31": "$0.12", "2014-12-31": "$0.07", "2014-09-30": "$0.05", "2014-06-30": "$0.09", "2014-03-31": "$0.09", "2013-12-31": "$0.07", "2013-09-30": "$0.07", "2013-06-30": "$0.09", "2013-03-31": "$0.08", "2012-12-31": "$0.03", "2012-09-30": "$0.04", "2012-06-30": "$0.05", "2012-03-31": "$0.04", "2011-12-31": "$0.02", "2011-09-30": "$0.03", "2011-06-30": "$-0.04", "2011-03-31": "$0.00", "2010-12-31": "$-0.05", "2010-09-30": "$-0.03", "2010-06-30": "$-0.07", "2010-03-31": "$-0.07", "2009-12-31": "$-0.07", "2009-09-30": "$-0.07", "2009-06-30": "$-0.06", "2009-03-31": "$-0.02", "2008-12-31": "$-0.05", "2008-09-30": "$-0.08", "2008-06-30": "$-0.08", "2008-03-31": "$-0.02", "2007-12-31": "$-0.05", "2007-09-30": "$-0.03", "2007-06-30": "$-0.01", "2007-03-31": "$-0.03", "2006-12-31": "$121,306.70", "2006-10-31": "$0.00", "2006-09-30": "$-395,477.00", "2006-06-30": "$81,985.00", "2006-03-31": "$192,185.00", "2005-12-31": "$0.00", "2005-09-30": "$251,031.00"}}, "shares-outstanding": {"Douglas Emmett Annual Shares Outstanding (Millions of Shares)": {"2019": "173", "2018": "170", "2017": "161", "2016": "153", "2015": "151", "2014": "148", "2013": "146", "2012": "173", "2011": "160", "2010": "123", "2009": "122", "2008": "121", "2007": "113", "2006": "115", "2005": "0"}, "Douglas Emmett Quarterly Shares Outstanding (Millions of Shares)": {"2020-09-30": "175", "2020-06-30": "175", "2020-03-31": "175", "2019-12-31": "173", "2019-09-30": "175", "2019-06-30": "172", "2019-03-31": "170", "2018-12-31": "170", "2018-09-30": "170", "2018-06-30": "170", "2018-03-31": "170", "2017-12-31": "161", "2017-09-30": "166", "2017-06-30": "156", "2017-03-31": "154", "2016-12-31": "153", "2016-09-30": "153", "2016-06-30": "153", "2016-03-31": "151", "2015-12-31": "151", "2015-09-30": "151", "2015-06-30": "150", "2015-03-31": "150", "2014-12-31": "148", "2014-09-30": "149", "2014-06-30": "148", "2014-03-31": "147", "2013-12-31": "146", "2013-09-30": "175", "2013-06-30": "175", "2013-03-31": "175", "2012-12-31": "173", "2012-09-30": "174", "2012-06-30": "173", "2012-03-31": "172", "2011-12-31": "160", "2011-09-30": "161", "2011-06-30": "125", "2011-03-31": "124", "2010-12-31": "123", "2010-09-30": "123", "2010-06-30": "122", "2010-03-31": "122", "2009-12-31": "122", "2009-09-30": "121", "2009-06-30": "121", "2009-03-31": "122", "2008-12-31": "121", "2008-09-30": "122", "2008-06-30": "121", "2008-03-31": "118", "2007-12-31": "113", "2007-09-30": "111", "2007-06-30": "115", "2007-03-31": "115", "2006-12-31": "115", "2006-10-31": "", "2006-09-30": "0", "2006-06-30": "0", "2006-03-31": "0", "2005-12-31": "", "2005-09-30": "0"}}, "total-assets": {"Douglas Emmett Annual Total Assets (Millions of US $)": {"2019": "$9,349", "2018": "$8,262", "2017": "$8,293", "2016": "$7,614", "2015": "$6,066", "2014": "$5,939", "2013": "$5,848", "2012": "$6,104", "2011": "$6,232", "2010": "$6,279", "2009": "$6,060", "2008": "$6,761", "2007": "$6,190", "2006": "$6,200", "2005": "$2,905"}, "Douglas Emmett Quarterly Total Assets (Millions of US $)": {"2020-09-30": "$9,289", "2020-06-30": "$9,271", "2020-03-31": "$9,313", "2019-12-31": "$9,349", "2019-09-30": "$8,521", "2019-06-30": "$8,678", "2019-03-31": "$8,216", "2018-12-31": "$8,262", "2018-09-30": "$8,348", "2018-06-30": "$8,318", "2018-03-31": "$8,324", "2017-12-31": "$8,293", "2017-09-30": "$8,113", "2017-06-30": "$7,955", "2017-03-31": "$7,587", "2016-12-31": "$7,614", "2016-09-30": "$7,645", "2016-06-30": "$7,259", "2016-03-31": "$7,291", "2015-12-31": "$6,066", "2015-09-30": "$5,944", "2015-06-30": "$6,039", "2015-03-31": "$6,013", "2014-12-31": "$5,939", "2014-09-30": "$5,761", "2014-06-30": "$5,776", "2014-03-31": "$5,811", "2013-12-31": "$5,848", "2013-09-30": "$5,986", "2013-06-30": "$5,986", "2013-03-31": "$6,008", "2012-12-31": "$6,104", "2012-09-30": "$6,133", "2012-06-30": "$5,957", "2012-03-31": "$5,982", "2011-12-31": "$6,232", "2011-09-30": "$6,217", "2011-06-30": "$6,243", "2011-03-31": "$6,275", "2010-12-31": "$6,279", "2010-09-30": "$6,320", "2010-06-30": "$6,111", "2010-03-31": "$6,017", "2009-12-31": "$6,060", "2009-09-30": "$6,113", "2009-06-30": "$6,146", "2009-03-31": "$6,206", "2008-12-31": "$6,761", "2008-09-30": "$6,704", "2008-06-30": "$6,747", "2008-03-31": "$6,824", "2007-12-31": "$6,190", "2007-09-30": "$6,122", "2007-06-30": "$6,282", "2007-03-31": "$6,154", "2006-12-31": "$6,200", "2006-10-31": "$0", "2006-09-30": "$3,002", "2006-06-30": "$0", "2006-03-31": "$0", "2005-12-31": "$0", "2005-09-30": "$0"}}, "cash-on-hand": {"Douglas Emmett Annual Cash on Hand (Millions of US $)": {"2019": "$154", "2018": "$146", "2017": "$177", "2016": "$113", "2015": "$102", "2014": "$19", "2013": "$44", "2012": "$373", "2011": "$407", "2010": "$272", "2009": "$73", "2008": "$9", "2007": "$6", "2006": "$5", "2005": "$108"}, "Douglas Emmett Quarterly Cash on Hand (Millions of US $)": {"2020-09-30": "$202", "2020-06-30": "$176", "2020-03-31": "$175", "2019-12-31": "$154", "2019-09-30": "$182", "2019-06-30": "$304", "2019-03-31": "$150", "2018-12-31": "$146", "2018-09-30": "$172", "2018-06-30": "$170", "2018-03-31": "$184", "2017-12-31": "$177", "2017-09-30": "$168", "2017-06-30": "$173", "2017-03-31": "$86", "2016-12-31": "$113", "2016-09-30": "$158", "2016-06-30": "$77", "2016-03-31": "$72", "2015-12-31": "$102", "2015-09-30": "$10", "2015-06-30": "$75", "2015-03-31": "$17", "2014-12-31": "$19", "2014-09-30": "$12", "2014-06-30": "$13", "2014-03-31": "$12", "2013-12-31": "$44", "2013-09-30": "$149", "2013-06-30": "$184", "2013-03-31": "$293", "2012-12-31": "$373", "2012-09-30": "$369", "2012-06-30": "$162", "2012-03-31": "$156", "2011-12-31": "$407", "2011-09-30": "$350", "2011-06-30": "$332", "2011-03-31": "$309", "2010-12-31": "$272", "2010-09-30": "$282", "2010-06-30": "$21", "2010-03-31": "$94", "2009-12-31": "$73", "2009-09-30": "$64", "2009-06-30": "$43", "2009-03-31": "$30", "2008-12-31": "$9", "2008-09-30": "$2", "2008-06-30": "$3", "2008-03-31": "$4", "2007-12-31": "$6", "2007-09-30": "$2", "2007-06-30": "$66", "2007-03-31": "$4", "2006-12-31": "$5", "2006-10-31": "", "2006-09-30": "$119", "2006-06-30": "", "2006-03-31": "", "2005-12-31": "", "2005-09-30": ""}}, "long-term-debt": {"Douglas Emmett Annual Long Term Debt (Millions of US $)": {"2019": "$4,619", "2018": "$4,134", "2017": "$4,117", "2016": "$4,370", "2015": "$3,611", "2014": "$3,420", "2013": "$3,241", "2012": "$3,441", "2011": "$3,624", "2010": "$3,668", "2009": "$3,273", "2008": "$3,693", "2007": "$3,106", "2006": "$2,790", "2005": "$2,224"}, "Douglas Emmett Quarterly Long Term Debt (Millions of US $)": {"2020-09-30": "$4,708", "2020-06-30": "$4,667", "2020-03-31": "$4,620", "2019-12-31": "$4,619", "2019-09-30": "$4,177", "2019-06-30": "$4,305", "2019-03-31": "$4,129", "2018-12-31": "$4,134", "2018-09-30": "$4,122", "2018-06-30": "$4,106", "2018-03-31": "$4,099", "2017-12-31": "$4,117", "2017-09-30": "$4,049", "2017-06-30": "$4,314", "2017-03-31": "$4,391", "2016-12-31": "$4,370", "2016-09-30": "$4,402", "2016-06-30": "$4,281", "2016-03-31": "$4,470", "2015-12-31": "$3,611", "2015-09-30": "$3,474", "2015-06-30": "$3,554", "2015-03-31": "$3,503", "2014-12-31": "$3,420", "2014-09-30": "$3,210", "2014-06-30": "$3,220", "2014-03-31": "$3,221", "2013-12-31": "$3,241", "2013-09-30": "$3,351", "2013-06-30": "$3,351", "2013-03-31": "$3,351", "2012-12-31": "$3,441", "2012-09-30": "$3,441", "2012-06-30": "$3,256", "2012-03-31": "$3,256", "2011-12-31": "$3,624", "2011-09-30": "$3,624", "2011-06-30": "$3,669", "2011-03-31": "$3,670", "2010-12-31": "$3,668", "2010-09-30": "$3,669", "2010-06-30": "$3,425", "2010-03-31": "$3,272", "2009-12-31": "$3,273", "2009-09-30": "$3,275", "2009-06-30": "$3,276", "2009-03-31": "$3,277", "2008-12-31": "$3,693", "2008-09-30": "$3,734", "2008-06-30": "$3,735", "2008-03-31": "$3,729", "2007-12-31": "$3,106", "2007-09-30": "$2,965", "2007-06-30": "$2,927", "2007-03-31": "$2,779", "2006-12-31": "$2,790", "2006-10-31": "", "2006-09-30": "$2,306", "2006-06-30": "", "2006-03-31": "", "2005-12-31": "", "2005-09-30": ""}}, "total-liabilities": {"Douglas Emmett Annual Total Liabilities (Millions of US $)": {"2019": "$4,978", "2018": "$4,413", "2017": "$4,391", "2016": "$4,600", "2015": "$3,785", "2014": "$3,625", "2013": "$3,481", "2012": "$3,713", "2011": "$3,916", "2010": "$3,980", "2009": "$3,768", "2008": "$4,481", "2007": "$4,360", "2006": "$4,088", "2005": "$3,002"}, "Douglas Emmett Quarterly Total Liabilities (Millions of US $)": {"2020-09-30": "$5,289", "2020-06-30": "$5,227", "2020-03-31": "$5,183", "2019-12-31": "$4,978", "2019-09-30": "$4,537", "2019-06-30": "$4,625", "2019-03-31": "$4,428", "2018-12-31": "$4,413", "2018-09-30": "$4,424", "2018-06-30": "$4,388", "2018-03-31": "$4,397", "2017-12-31": "$4,391", "2017-09-30": "$4,326", "2017-06-30": "$4,565", "2017-03-31": "$4,635", "2016-12-31": "$4,600", "2016-09-30": "$4,678", "2016-06-30": "$4,545", "2016-03-31": "$4,731", "2015-12-31": "$3,785", "2015-09-30": "$3,674", "2015-06-30": "$3,741", "2015-03-31": "$3,708", "2014-12-31": "$3,625", "2014-09-30": "$3,440", "2014-06-30": "$3,443", "2014-03-31": "$3,462", "2013-12-31": "$3,481", "2013-09-30": "$3,610", "2013-06-30": "$3,592", "2013-03-31": "$3,625", "2012-12-31": "$3,713", "2012-09-30": "$3,737", "2012-06-30": "$3,543", "2012-03-31": "$3,542", "2011-12-31": "$3,916", "2011-09-30": "$3,950", "2011-06-30": "$3,942", "2011-03-31": "$3,956", "2010-12-31": "$3,980", "2010-09-30": "$4,054", "2010-06-30": "$3,832", "2010-03-31": "$3,727", "2009-12-31": "$3,768", "2009-09-30": "$3,826", "2009-06-30": "$3,839", "2009-03-31": "$3,918", "2008-12-31": "$4,481", "2008-09-30": "$4,764", "2008-06-30": "$4,774", "2008-03-31": "$4,902", "2007-12-31": "$4,360", "2007-09-30": "$4,213", "2007-06-30": "$4,210", "2007-03-31": "$4,077", "2006-12-31": "$4,088", "2006-10-31": "", "2006-09-30": "$3,115", "2006-06-30": "", "2006-03-31": "", "2005-12-31": "", "2005-09-30": ""}}, "total-share-holder-equity": {"Douglas Emmett Annual Share Holder Equity (Millions of US $)": {"2019": "$4,371", "2018": "$3,848", "2017": "$3,902", "2016": "$3,014", "2015": "$2,282", "2014": "$2,314", "2013": "$2,367", "2012": "$2,390", "2011": "$2,316", "2010": "$2,299", "2009": "$2,292", "2008": "$2,280", "2007": "$1,830", "2006": "$2,112", "2005": "$-98"}, "Douglas Emmett Quarterly Share Holder Equity (Millions of US $)": {"2020-09-30": "$4,000", "2020-06-30": "$4,044", "2020-03-31": "$4,130", "2019-12-31": "$4,371", "2019-09-30": "$3,984", "2019-06-30": "$4,052", "2019-03-31": "$3,788", "2018-12-31": "$3,848", "2018-09-30": "$3,924", "2018-06-30": "$3,930", "2018-03-31": "$3,926", "2017-12-31": "$3,902", "2017-09-30": "$3,787", "2017-06-30": "$3,391", "2017-03-31": "$2,951", "2016-12-31": "$3,014", "2016-09-30": "$2,967", "2016-06-30": "$2,714", "2016-03-31": "$2,561", "2015-12-31": "$2,282", "2015-09-30": "$2,270", "2015-06-30": "$2,298", "2015-03-31": "$2,305", "2014-12-31": "$2,314", "2014-09-30": "$2,321", "2014-06-30": "$2,333", "2014-03-31": "$2,349", "2013-12-31": "$2,367", "2013-09-30": "$2,376", "2013-06-30": "$2,394", "2013-03-31": "$2,383", "2012-12-31": "$2,390", "2012-09-30": "$2,396", "2012-06-30": "$2,415", "2012-03-31": "$2,440", "2011-12-31": "$2,316", "2011-09-30": "$2,266", "2011-06-30": "$2,302", "2011-03-31": "$2,319", "2010-12-31": "$2,299", "2010-09-30": "$2,267", "2010-06-30": "$2,279", "2010-03-31": "$2,289", "2009-12-31": "$2,292", "2009-09-30": "$2,287", "2009-06-30": "$2,307", "2009-03-31": "$2,287", "2008-12-31": "$2,280", "2008-09-30": "$1,940", "2008-06-30": "$1,974", "2008-03-31": "$1,922", "2007-12-31": "$1,830", "2007-09-30": "$1,909", "2007-06-30": "$2,073", "2007-03-31": "$2,076", "2006-12-31": "$2,112", "2006-10-31": "", "2006-09-30": "$-113", "2006-06-30": "", "2006-03-31": "", "2005-12-31": "", "2005-09-30": ""}}, "profit-margins": {"current": "34.9%"}, "gross margin": {"2020-09-30": "67.07%", "2020-06-30": "67.80%", "2020-03-31": "68.26%", "2019-12-31": "68.20%", "2019-09-30": "68.23%", "2019-06-30": "68.25%", "2019-03-31": "68.27%", "2018-12-31": "68.30%", "2018-09-30": "68.37%", "2018-06-30": "68.32%", "2018-03-31": "68.07%", "2017-12-31": "68.23%", "2017-09-30": "67.92%", "2017-06-30": "67.99%", "2017-03-31": "68.10%", "2016-12-31": "67.83%", "2016-09-30": "67.80%", "2016-06-30": "67.46%", "2016-03-31": "67.18%", "2015-12-31": "67.09%", "2015-09-30": "66.77%", "2015-06-30": "66.45%", "2015-03-31": "66.45%", "2014-12-31": "66.28%", "2014-09-30": "66.28%", "2014-06-30": "66.56%", "2014-03-31": "66.61%", "2013-12-31": "66.89%", "2013-09-30": "66.95%", "2013-06-30": "67.24%", "2013-03-31": "67.24%", "2012-12-31": "67.30%", "2012-09-30": "67.65%", "2012-06-30": "67.53%", "2012-03-31": "67.48%", "2011-12-31": "67.30%", "2011-09-30": "67.30%", "2011-06-30": "67.70%", "2011-03-31": "68.40%", "2010-12-31": "69.00%", "2010-09-30": "69.33%", "2010-06-30": "69.78%", "2010-03-31": "69.84%", "2009-12-31": "70.00%", "2009-09-30": "69.85%", "2009-06-30": "69.75%", "2009-03-31": "69.68%", "2008-12-31": "69.79%", "2008-09-30": "68.60%", "2008-06-30": "69.08%", "2008-03-31": "69.51%", "2007-12-31": "69.20%", "2007-09-30": "70.31%", "2007-03-31": "67.04%", "2006-12-31": "64.97%", "2006-06-30": "64.69%"}, "operating margin": {"2020-09-30": "19.13%", "2020-06-30": "21.57%", "2020-03-31": "25.31%", "2019-12-31": "25.93%", "2019-09-30": "27.09%", "2019-06-30": "28.10%", "2019-03-31": "28.14%", "2018-12-31": "28.52%", "2018-09-30": "30.36%", "2018-06-30": "30.39%", "2018-03-31": "29.88%", "2017-12-31": "29.68%", "2017-09-30": "29.07%", "2017-06-30": "29.07%", "2017-03-31": "29.43%", "2016-12-31": "29.74%", "2016-09-30": "29.94%", "2016-06-30": "29.73%", "2016-03-31": "29.74%", "2015-12-31": "29.92%", "2015-09-30": "29.55%", "2015-06-30": "28.83%", "2015-03-31": "28.43%", "2014-12-31": "27.88%", "2014-09-30": "28.19%", "2014-06-30": "29.10%", "2014-03-31": "29.53%", "2013-12-31": "30.24%", "2013-09-30": "30.32%", "2013-06-30": "30.53%", "2013-03-31": "30.69%", "2012-12-31": "30.62%", "2012-09-30": "30.80%", "2012-06-30": "30.56%", "2012-03-31": "28.70%", "2011-12-31": "26.61%", "2011-09-30": "24.57%", "2011-06-30": "23.20%", "2011-03-31": "23.78%", "2010-12-31": "24.52%", "2010-09-30": "25.53%", "2010-06-30": "26.08%", "2010-03-31": "26.03%", "2009-12-31": "25.96%", "2009-09-30": "25.38%", "2009-06-30": "25.29%", "2009-03-31": "25.00%", "2008-12-31": "25.29%", "2008-09-30": "24.96%", "2008-06-30": "25.56%", "2008-03-31": "26.32%", "2007-12-31": "26.16%", "2007-09-30": "22.27%", "2007-03-31": "18.16%", "2006-12-31": "20.66%", "2006-06-30": "36.63%"}, "ebitda margin": {"2020-09-30": "61.74%", "2020-06-30": "63.12%", "2020-03-31": "63.90%", "2019-12-31": "63.82%", "2019-09-30": "63.44%", "2019-06-30": "62.72%", "2019-03-31": "62.44%", "2018-12-31": "62.27%", "2018-09-30": "62.57%", "2018-06-30": "62.66%", "2018-03-31": "62.65%", "2017-12-31": "62.68%", "2017-09-30": "62.28%", "2017-06-30": "61.72%", "2017-03-31": "62.24%", "2016-12-31": "62.18%", "2016-09-30": "61.86%", "2016-06-30": "62.13%", "2016-03-31": "61.48%", "2015-12-31": "60.31%", "2015-09-30": "59.74%", "2015-06-30": "59.28%", "2015-03-31": "58.84%", "2014-12-31": "59.77%", "2014-09-30": "60.23%", "2014-06-30": "60.37%", "2014-03-31": "60.40%", "2013-12-31": "60.47%", "2013-09-30": "59.97%", "2013-06-30": "58.49%", "2013-03-31": "59.14%", "2012-12-31": "59.69%", "2012-09-30": "59.86%", "2012-06-30": "58.85%", "2012-03-31": "59.65%", "2011-12-31": "57.91%", "2011-09-30": "58.30%", "2011-06-30": "64.09%", "2011-03-31": "61.28%", "2010-12-31": "63.40%", "2010-09-30": "68.79%", "2010-06-30": "65.65%", "2010-03-31": "64.99%", "2009-12-31": "65.26%", "2009-09-30": "59.11%", "2009-06-30": "59.01%", "2009-03-31": "60.32%", "2008-12-31": "58.62%", "2008-09-30": "59.17%", "2008-06-30": "60.79%", "2008-03-31": "62.98%", "2007-12-31": "64.56%", "2007-09-30": "59.77%", "2007-03-31": "52.79%", "2006-12-31": "51.50%", "2006-06-30": "55.12%"}, "pre tax profit margin": {"2020-09-30": "37.61%", "2020-06-30": "39.43%", "2020-03-31": "43.15%", "2019-12-31": "44.72%", "2019-09-30": "13.06%", "2019-06-30": "14.60%", "2019-03-31": "14.46%", "2018-12-31": "14.66%", "2018-09-30": "15.87%", "2018-06-30": "15.43%", "2018-03-31": "13.98%", "2017-12-31": "12.93%", "2017-09-30": "11.90%", "2017-06-30": "13.06%", "2017-03-31": "13.28%", "2016-12-31": "12.92%", "2016-09-30": "12.85%", "2016-06-30": "10.21%", "2016-03-31": "9.71%", "2015-12-31": "10.87%", "2015-09-30": "10.38%", "2015-06-30": "9.77%", "2015-03-31": "9.92%", "2014-12-31": "8.85%", "2014-09-30": "8.56%", "2014-06-30": "9.20%", "2014-03-31": "9.06%", "2013-12-31": "9.12%", "2013-09-30": "8.52%", "2013-06-30": "7.38%", "2013-03-31": "6.21%", "2012-12-31": "4.84%", "2012-09-30": "4.33%", "2012-06-30": "3.99%", "2012-03-31": "1.57%", "2011-12-31": "0.35%", "2011-09-30": "-1.38%", "2011-06-30": "-2.92%", "2011-03-31": "-3.82%", "2010-12-31": "-5.60%", "2010-09-30": "-6.56%", "2010-06-30": "-7.73%", "2010-03-31": "-7.54%", "2009-12-31": "-5.96%", "2009-09-30": "-5.28%", "2009-06-30": "-5.29%", "2009-03-31": "-5.48%", "2008-12-31": "-5.75%", "2008-09-30": "-5.79%", "2008-06-30": "-4.66%", "2008-03-31": "-3.09%", "2007-12-31": "-3.53%", "2007-09-30": "-8.40%", "2007-03-31": "-29.61%", "2006-12-31": "-20.36%", "2006-06-30": "51.82%"}, "net profit margin": {"2020-09-30": "33.91%", "2020-06-30": "35.07%", "2020-03-31": "37.55%", "2019-12-31": "38.85%", "2019-09-30": "12.08%", "2019-06-30": "13.27%", "2019-03-31": "13.23%", "2018-12-31": "13.30%", "2018-09-30": "14.02%", "2018-06-30": "13.66%", "2018-03-31": "12.53%", "2017-12-31": "11.70%", "2017-09-30": "10.65%", "2017-06-30": "11.65%", "2017-03-31": "11.59%", "2016-12-31": "11.44%", "2016-09-30": "11.16%", "2016-06-30": "8.73%", "2016-03-31": "8.32%", "2015-12-31": "9.13%", "2015-09-30": "8.79%", "2015-06-30": "8.14%", "2015-03-31": "8.26%", "2014-12-31": "7.35%", "2014-09-30": "7.05%", "2014-06-30": "7.69%", "2014-03-31": "7.89%", "2013-12-31": "7.77%", "2013-09-30": "7.33%", "2013-06-30": "6.35%", "2013-03-31": "5.17%", "2012-12-31": "3.98%", "2012-09-30": "3.46%", "2012-06-30": "3.13%", "2012-03-31": "1.04%", "2011-12-31": "0.17%", "2011-09-30": "-1.21%", "2011-06-30": "-2.41%", "2011-03-31": "-3.13%", "2010-12-31": "-4.55%", "2010-09-30": "-5.32%", "2010-06-30": "-6.29%", "2010-03-31": "-5.92%", "2009-12-31": "-4.74%", "2009-09-30": "-4.09%", "2009-06-30": "-4.13%", "2009-03-31": "-4.35%", "2008-12-31": "-4.60%", "2008-09-30": "-4.63%", "2008-06-30": "-3.63%", "2008-03-31": "-2.36%", "2007-12-31": "-2.41%", "2007-09-30": "-7.03%", "2007-03-31": "-16.20%", "2006-12-31": "-14.97%", "2006-06-30": "10.89%"}, "pe ratio": {"current": "15.46", "2021-02-05": "16.69", "2020-09-30": "14.12", "2020-06-30": "16.06", "2020-03-31": "14.37", "2019-12-31": "20.30", "2019-09-30": "62.96", "2019-06-30": "54.05", "2019-03-31": "55.27", "2018-12-31": "46.37", "2018-09-30": "49.42", "2018-06-30": "54.60", "2018-03-31": "54.45", "2017-12-31": "65.70", "2017-09-30": "67.43", "2017-06-30": "58.37", "2017-03-31": "59.31", "2016-12-31": "58.14", "2016-09-30": "62.32", "2016-06-30": "80.11", "2016-03-31": "73.10", "2015-12-31": "71.19", "2015-09-30": "68.72", "2015-06-30": "69.81", "2015-03-31": "76.66", "2014-12-31": "79.77", "2014-09-30": "74.05", "2014-06-30": "75.57", "2014-03-31": "74.56", "2013-12-31": "65.71", "2013-09-30": "70.52", "2013-06-30": "83.70", "2013-03-31": "94.90", "2012-12-31": "108.77", "2012-09-30": "113.55", "2012-06-30": "120.49", "2012-03-31": "295.41", "2011-12-31": "703.98", "2011-09-30": "0.00", "2011-06-30": "0.00", "2011-03-31": "0.00", "2010-12-31": "0.00", "2010-09-30": "0.00", "2010-06-30": "0.00", "2010-03-31": "0.00", "2009-12-31": "0.00", "2009-09-30": "0.00", "2009-06-30": "0.00", "2009-03-31": "0.00", "2008-12-31": "0.00", "2008-09-30": "0.00", "2008-06-30": "0.00", "2008-03-31": "0.00", "2007-12-31": "0.00", "2007-09-30": "0.00", "2007-06-30": "0.00"}, "price sales": {"2021-02-05": "5.58", "2020-09-30": "4.72", "2020-06-30": "5.58", "2020-03-31": "5.35", "2019-12-31": "7.79", "2019-09-30": "7.66", "2019-06-30": "7.14", "2019-03-31": "7.26", "2018-12-31": "6.17", "2018-09-30": "6.81", "2018-06-30": "7.28", "2018-03-31": "6.63", "2017-12-31": "7.34", "2017-09-30": "7.04", "2017-06-30": "6.79", "2017-03-31": "6.86", "2016-12-31": "6.70", "2016-09-30": "6.96", "2016-06-30": "7.00", "2016-03-31": "6.11", "2015-12-31": "6.40", "2015-09-30": "5.91", "2015-06-30": "5.59", "2015-03-31": "6.21", "2014-12-31": "5.90", "2014-09-30": "5.31", "2014-06-30": "6.00", "2014-03-31": "6.00", "2013-12-31": "5.37", "2013-09-30": "5.66", "2013-06-30": "6.00", "2013-03-31": "5.96", "2012-12-31": "5.52", "2012-09-30": "5.32", "2012-06-30": "5.21", "2012-03-31": "4.68", "2011-12-31": "3.43", "2011-09-30": "2.98", "2011-06-30": "3.22", "2011-03-31": "3.03", "2010-12-31": "2.68", "2010-09-30": "2.83", "2010-06-30": "2.31", "2010-03-31": "2.47", "2009-12-31": "2.22", "2009-09-30": "1.85", "2009-06-30": "1.30", "2009-03-31": "1.03", "2008-12-31": "1.83", "2008-09-30": "3.14", "2008-06-30": "3.02", "2008-03-31": "3.12", "2007-12-31": "3.22", "2007-09-30": "3.70", "2007-06-30": "5.00"}, "price book": {"current": "1.29", "2021-02-05": "1.29", "2020-09-30": "1.09", "2020-06-30": "1.30", "2020-03-31": "1.26", "2019-12-31": "1.69", "2019-09-30": "1.80", "2019-06-30": "1.64", "2019-03-31": "1.71", "2018-12-31": "1.42", "2018-09-30": "1.52", "2018-06-30": "1.61", "2018-03-31": "1.46", "2017-12-31": "1.63", "2017-09-30": "1.60", "2017-06-30": "1.63", "2017-03-31": "1.79", "2016-12-31": "1.64", "2016-09-30": "1.65", "2016-06-30": "1.72", "2016-03-31": "1.51", "2015-12-31": "1.74", "2015-09-30": "1.63", "2015-06-30": "1.47", "2015-03-31": "1.60", "2014-12-31": "1.50", "2014-09-30": "1.34", "2014-06-30": "1.45", "2014-03-31": "1.37", "2013-12-31": "1.15", "2013-09-30": "1.14", "2013-06-30": "1.20", "2013-03-31": "1.19", "2012-12-31": "1.09", "2012-09-30": "1.07", "2012-06-30": "1.05", "2012-03-31": "1.01", "2011-12-31": "0.80", "2011-09-30": "0.74", "2011-06-30": "0.83", "2011-03-31": "0.76", "2010-12-31": "0.67", "2010-09-30": "0.71", "2010-06-30": "0.57", "2010-03-31": "0.60", "2009-12-31": "0.55", "2009-09-30": "0.48", "2009-06-30": "0.34", "2009-03-31": "0.28", "2008-12-31": "0.49", "2008-09-30": "1.00", "2008-06-30": "0.93", "2008-03-31": "0.95", "2007-12-31": "0.92", "2007-09-30": "0.96", "2007-06-30": "0.91", "2007-03-31": "0.94", "2006-12-31": "0.95", "2006-10-31": "0.00"}, "price fcf": {"2021-02-05": "", "2020-09-30": "$1.15", "2020-06-30": "$1.30", "2020-03-31": "$-0.64", "2019-12-31": "$-0.78", "2019-09-30": "$-0.92", "2019-06-30": "$-1.05", "2019-03-31": "$1.01", "2018-12-31": "$1.09", "2018-09-30": "$-2.04", "2018-06-30": "$0.26", "2018-03-31": "$-1.89", "2017-12-31": "$-1.90", "2017-09-30": "$1.32", "2017-06-30": "$-2.51", "2017-03-31": "$1.43", "2016-12-31": "$-6.87", "2016-09-30": "$-6.78", "2016-06-30": "$-5.20", "2016-03-31": "$-7.49", "2015-12-31": "$0.68", "2015-09-30": "$-0.89", "2015-06-30": "$-0.94", "2015-03-31": "$-0.43", "2014-12-31": "$-0.42", "2014-09-30": "$1.09", "2014-06-30": "$0.23", "2014-03-31": "$0.22", "2013-12-31": "$0.12", "2013-09-30": "$0.07", "2013-06-30": "$0.86", "2013-03-31": "$0.88", "2012-12-31": "$0.67", "2012-09-30": "$0.70", "2012-06-30": "$0.56", "2012-03-31": "$0.62", "2011-12-31": "$0.96", "2011-09-30": "$1.05", "2011-06-30": "$1.27", "2011-03-31": "$-0.68", "2010-12-31": "$-0.77", "2010-09-30": "$-0.86", "2010-06-30": "$-0.85", "2010-03-31": "$1.09", "2009-12-31": "$1.14", "2009-09-30": "$1.06", "2009-06-30": "$1.01", "2009-03-31": "$1.05", "2008-12-31": "$-4.16", "2008-09-30": "$-4.90", "2008-06-30": "$-4.89", "2008-03-31": "$-5.26", "2007-12-31": "$-0.16", "2007-09-30": "$-16.19", "2007-06-30": "$-16.47"}, "net worth": {"value": "$5.15B"}, "current ratio": {"2020-09-30": "1.84", "2020-06-30": "2.23", "2020-03-31": "2.01", "2019-12-31": "2.24", "2019-09-30": "2.38", "2019-06-30": "3.75", "2019-03-31": "2.00", "2018-12-31": "2.12", "2018-09-30": "1.96", "2018-06-30": "2.30", "2018-03-31": "2.17", "2017-12-31": "2.75", "2017-09-30": "2.31", "2017-06-30": "2.98", "2017-03-31": "1.91", "2016-12-31": "2.77", "2016-09-30": "2.65", "2016-06-30": "2.40", "2016-03-31": "2.10", "2015-12-31": "3.20", "2015-09-30": "1.35", "2015-06-30": "2.77", "2015-03-31": "1.52", "2014-12-31": "1.77", "2014-09-30": "1.20", "2014-06-30": "1.68", "2014-03-31": "1.34", "2013-12-31": "2.19", "2013-09-30": "3.44", "2013-06-30": "5.42", "2013-03-31": "6.22", "2012-12-31": "9.69", "2012-09-30": "7.54", "2012-06-30": "4.77", "2012-03-31": "3.84", "2011-12-31": "8.46", "2011-09-30": "6.75", "2011-06-30": "7.63", "2011-03-31": "5.99", "2010-12-31": "5.59", "2010-09-30": "5.28", "2010-06-30": "1.08", "2010-03-31": "1.88", "2009-12-31": "1.58", "2009-09-30": "1.36", "2009-06-30": "1.23", "2009-03-31": "0.90", "2008-12-31": "0.64", "2008-09-30": "0.52", "2008-06-30": "0.55", "2008-03-31": "0.45", "2007-12-31": "0.44", "2007-09-30": "0.30", "2007-06-30": "1.56", "2007-03-31": "0.29", "2006-12-31": "0.24", "2006-10-31": "0.00", "2006-09-30": "1.97", "2006-06-30": "0.00", "2006-03-31": "0.00", "2005-12-31": "0.00", "2005-09-30": "0.00"}, "quick ratio": {"2020-09-30": "0.00", "2020-06-30": "0.00", "2020-03-31": "0.00", "2019-12-31": "0.00", "2019-09-30": "0.00", "2019-06-30": "0.00", "2019-03-31": "0.00", "2018-12-31": "0.00", "2018-09-30": "0.00", "2018-06-30": "0.00", "2018-03-31": "0.00", "2017-12-31": "0.00", "2017-09-30": "0.00", "2017-06-30": "0.00", "2017-03-31": "0.00", "2016-12-31": "0.00", "2016-09-30": "0.00", "2016-06-30": "0.00", "2016-03-31": "0.00", "2015-12-31": "0.00", "2015-09-30": "0.00", "2015-06-30": "0.00", "2015-03-31": "0.00", "2014-12-31": "0.00", "2014-09-30": "0.00", "2014-06-30": "0.00", "2014-03-31": "0.00", "2013-12-31": "0.00", "2013-09-30": "0.00", "2013-06-30": "0.00", "2013-03-31": "0.00", "2012-12-31": "0.00", "2012-09-30": "0.00", "2012-06-30": "0.00", "2012-03-31": "0.00", "2011-12-31": "0.00", "2011-09-30": "0.00", "2011-06-30": "0.00", "2011-03-31": "0.00", "2010-12-31": "0.00", "2010-09-30": "0.00", "2010-06-30": "0.00", "2010-03-31": "0.00", "2009-12-31": "0.00", "2009-09-30": "0.00", "2009-06-30": "0.00", "2009-03-31": "0.00", "2008-12-31": "0.00", "2008-09-30": "0.00", "2008-06-30": "0.00", "2008-03-31": "0.00", "2007-12-31": "0.00", "2007-09-30": "0.00", "2007-06-30": "0.00", "2007-03-31": "0.00", "2006-12-31": "0.00", "2006-10-31": "0.00", "2006-09-30": "0.00", "2006-06-30": "0.00", "2006-03-31": "0.00", "2005-12-31": "0.00", "2005-09-30": "0.00"}, "debt equity ratio": {"current": "1.18", "2020-09-30": "1.32", "2020-06-30": "1.29", "2020-03-31": "1.26", "2019-12-31": "1.14", "2019-09-30": "1.14", "2019-06-30": "1.14", "2019-03-31": "1.17", "2018-12-31": "1.15", "2018-09-30": "1.13", "2018-06-30": "1.12", "2018-03-31": "1.12", "2017-12-31": "1.13", "2017-09-30": "1.14", "2017-06-30": "1.35", "2017-03-31": "1.57", "2016-12-31": "1.53", "2016-09-30": "1.58", "2016-06-30": "1.68", "2016-03-31": "1.85", "2015-12-31": "1.66", "2015-09-30": "1.62", "2015-06-30": "1.63", "2015-03-31": "1.61", "2014-12-31": "1.57", "2014-09-30": "1.48", "2014-06-30": "1.48", "2014-03-31": "1.47", "2013-12-31": "1.47", "2013-09-30": "1.52", "2013-06-30": "1.50", "2013-03-31": "1.52", "2012-12-31": "1.55", "2012-09-30": "1.56", "2012-06-30": "1.47", "2012-03-31": "1.45", "2011-12-31": "1.69", "2011-09-30": "1.74", "2011-06-30": "1.71", "2011-03-31": "1.71", "2010-12-31": "1.73", "2010-09-30": "1.79", "2010-06-30": "1.68", "2010-03-31": "1.63", "2009-12-31": "1.64", "2009-09-30": "1.67", "2009-06-30": "1.66", "2009-03-31": "1.71", "2008-12-31": "1.97", "2008-09-30": "2.46", "2008-06-30": "2.42", "2008-03-31": "2.55", "2007-12-31": "2.38", "2007-09-30": "2.21", "2007-06-30": "2.03", "2007-03-31": "1.96", "2006-12-31": "1.94", "2006-10-31": "0.00", "2006-09-30": "-27.62", "2006-06-30": "0.00", "2006-03-31": "0.00", "2005-12-31": "0.00", "2005-09-30": "0.00"}, "return on equity": {"2020-09-30": "7.54%", "2020-06-30": "7.99%", "2020-03-31": "8.76%", "2019-12-31": "8.99%", "2019-09-30": "2.83%", "2019-06-30": "3.07%", "2019-03-31": "3.05%", "2018-12-31": "2.99%", "2018-09-30": "3.09%", "2018-06-30": "2.98%", "2018-03-31": "2.77%", "2017-12-31": "2.71%", "2017-09-30": "2.59%", "2017-06-30": "2.95%", "2017-03-31": "3.06%", "2016-12-31": "3.02%", "2016-09-30": "3.00%", "2016-06-30": "2.40%", "2016-03-31": "2.30%", "2015-12-31": "2.53%", "2015-09-30": "2.39%", "2015-06-30": "2.16%", "2015-03-31": "2.16%", "2014-12-31": "1.89%", "2014-09-30": "1.79%", "2014-06-30": "1.95%", "2014-03-31": "1.98%", "2013-12-31": "1.93%", "2013-09-30": "1.80%", "2013-06-30": "1.55%", "2013-03-31": "1.25%", "2012-12-31": "0.95%", "2012-09-30": "0.84%", "2012-06-30": "0.76%", "2012-03-31": "0.26%", "2011-12-31": "0.04%", "2011-09-30": "-0.30%", "2011-06-30": "-0.61%", "2011-03-31": "-0.79%", "2010-12-31": "-1.14%", "2010-09-30": "-1.31%", "2010-06-30": "-1.53%", "2010-03-31": "-1.44%", "2009-12-31": "-1.18%", "2009-09-30": "-1.05%", "2009-06-30": "-1.13%", "2009-03-31": "-1.27%", "2008-12-31": "-1.38%", "2008-09-30": "-1.46%", "2008-06-30": "-1.10%", "2008-03-31": "-0.67%", "2007-12-31": "-0.66%", "2007-09-30": "-1.76%", "2007-03-31": "-5.69%", "2006-12-31": "-10.01%", "2006-06-30": "inf%"}, "return on assets": {"2020-09-30": "3.35%", "2020-06-30": "3.62%", "2020-03-31": "4.04%", "2019-12-31": "4.19%", "2019-09-30": "1.32%", "2019-06-30": "1.43%", "2019-03-31": "1.42%", "2018-12-31": "1.41%", "2018-09-30": "1.45%", "2018-06-30": "1.40%", "2018-03-31": "1.27%", "2017-12-31": "1.19%", "2017-09-30": "1.09%", "2017-06-30": "1.18%", "2017-03-31": "1.18%", "2016-12-31": "1.14%", "2016-09-30": "1.12%", "2016-06-30": "0.89%", "2016-03-31": "0.85%", "2015-12-31": "0.96%", "2015-09-30": "0.92%", "2015-06-30": "0.84%", "2015-03-31": "0.85%", "2014-12-31": "0.76%", "2014-09-30": "0.72%", "2014-06-30": "0.79%", "2014-03-31": "0.80%", "2013-12-31": "0.77%", "2013-09-30": "0.71%", "2013-06-30": "0.61%", "2013-03-31": "0.50%", "2012-12-31": "0.38%", "2012-09-30": "0.33%", "2012-06-30": "0.30%", "2012-03-31": "0.10%", "2011-12-31": "0.02%", "2011-09-30": "-0.11%", "2011-06-30": "-0.22%", "2011-03-31": "-0.29%", "2010-12-31": "-0.42%", "2010-09-30": "-0.49%", "2010-06-30": "-0.58%", "2010-03-31": "-0.54%", "2009-12-31": "-0.44%", "2009-09-30": "-0.38%", "2009-06-30": "-0.39%", "2009-03-31": "-0.41%", "2008-12-31": "-0.41%", "2008-09-30": "-0.42%", "2008-06-30": "-0.32%", "2008-03-31": "-0.20%", "2007-12-31": "-0.21%", "2007-09-30": "-0.58%", "2007-03-31": "-1.51%", "2006-12-31": "-2.17%", "2006-06-30": "inf%"}, "return on investments": {"2020-09-30": "2.00%", "2020-06-30": "2.35%", "2020-03-31": "2.85%", "2019-12-31": "2.91%", "2019-09-30": "3.07%", "2019-06-30": "3.15%", "2019-03-31": "3.14%", "2018-12-31": "3.13%", "2018-09-30": "3.26%", "2018-06-30": "3.23%", "2018-03-31": "3.14%", "2017-12-31": "3.12%", "2017-09-30": "3.07%", "2017-06-30": "3.05%", "2017-03-31": "3.11%", "2016-12-31": "3.07%", "2016-09-30": "3.11%", "2016-06-30": "3.13%", "2016-03-31": "3.15%", "2015-12-31": "3.26%", "2015-09-30": "3.20%", "2015-06-30": "3.09%", "2015-03-31": "3.04%", "2014-12-31": "2.98%", "2014-09-30": "3.02%", "2014-06-30": "3.10%", "2014-03-31": "3.11%", "2013-12-31": "3.14%", "2013-09-30": "3.09%", "2013-06-30": "3.08%", "2013-03-31": "3.09%", "2012-12-31": "3.07%", "2012-09-30": "3.08%", "2012-06-30": "3.03%", "2012-03-31": "2.81%", "2011-12-31": "2.57%", "2011-09-30": "2.38%", "2011-06-30": "2.26%", "2011-03-31": "2.32%", "2010-12-31": "2.42%", "2010-09-30": "2.53%", "2010-06-30": "2.59%", "2010-03-31": "2.60%", "2009-12-31": "2.66%", "2009-09-30": "2.63%", "2009-06-30": "2.68%", "2009-03-31": "2.70%", "2008-12-31": "2.68%", "2008-09-30": "2.75%", "2008-06-30": "2.80%", "2008-03-31": "2.83%", "2007-12-31": "2.87%", "2007-09-30": "2.32%", "2007-03-31": "2.18%", "2006-12-31": "3.89%", "2006-06-30": "inf%"}, "return on tangible equity": {"2020-09-30": "7.55%", "2020-06-30": "8.00%", "2020-03-31": "8.77%", "2019-12-31": "9.00%", "2019-09-30": "2.84%", "2019-06-30": "3.08%", "2019-03-31": "3.05%", "2018-12-31": "3.00%", "2018-09-30": "3.09%", "2018-06-30": "2.99%", "2018-03-31": "2.78%", "2017-12-31": "2.71%", "2017-09-30": "2.59%", "2017-06-30": "2.96%", "2017-03-31": "3.06%", "2016-12-31": "3.03%", "2016-09-30": "3.01%", "2016-06-30": "2.41%", "2016-03-31": "2.30%", "2015-12-31": "2.54%", "2015-09-30": "2.40%", "2015-06-30": "2.17%", "2015-03-31": "2.16%", "2014-12-31": "1.89%", "2014-09-30": "1.80%", "2014-06-30": "1.96%", "2014-03-31": "1.99%", "2013-12-31": "1.94%", "2013-09-30": "1.81%", "2013-06-30": "1.55%", "2013-03-31": "1.25%", "2012-12-31": "0.96%", "2012-09-30": "0.84%", "2012-06-30": "0.76%", "2012-03-31": "0.26%", "2011-12-31": "0.04%", "2011-09-30": "-0.31%", "2011-06-30": "-0.61%", "2011-03-31": "-0.79%", "2010-12-31": "-1.14%", "2010-09-30": "-1.32%", "2010-06-30": "-1.54%", "2010-03-31": "-1.45%", "2009-12-31": "-1.18%", "2009-09-30": "-1.05%", "2009-06-30": "-1.14%", "2009-03-31": "-1.28%", "2008-12-31": "-1.39%", "2008-09-30": "-1.48%", "2008-06-30": "-1.11%", "2008-03-31": "-0.68%", "2007-12-31": "-0.67%", "2007-09-30": "-1.79%", "2007-03-31": "-5.79%", "2006-12-31": "-10.18%", "2006-06-30": "inf%"}, "dividend yield history": {"last payout": "$1.12", "last yield": "3.81%"}}