{"ticker": "DOV", "price": {"title": "Dover Historical Annual Stock Price Data", "value": 122.1, "historical": {"2021": {"Average Stock Price": "123.6075", "Year Open": "123.3400", "Year High": "129.6000", "Year Low": "116.4900", "Year Close": "122.1000", "Annual % Change": "-3.29%"}, "2020": {"Average Stock Price": "106.0980", "Year Open": "116.8700", "Year High": "126.3400", "Year Low": "65.3700", "Year Close": "126.2500", "Annual % Change": "9.53%"}, "2019": {"Average Stock Price": "96.4674", "Year Open": "71.2500", "Year High": "115.8500", "Year Low": "69.7900", "Year Close": "115.2600", "Annual % Change": "62.45%"}, "2018": {"Average Stock Price": "87.3203", "Year Open": "101.6900", "Year High": "107.0500", "Year Low": "66.5300", "Year Close": "70.9500", "Annual % Change": "-29.75%"}, "2017": {"Average Stock Price": "85.3956", "Year Open": "76.4200", "Year High": "101.4400", "Year Low": "76.3400", "Year Close": "100.9900", "Annual % Change": "34.78%"}, "2016": {"Average Stock Price": "67.5546", "Year Open": "61.6400", "Year High": "77.1300", "Year Low": "52.6500", "Year Close": "74.9300", "Annual % Change": "22.21%"}, "2015": {"Average Stock Price": "67.5503", "Year Open": "71.9800", "Year High": "77.7700", "Year Low": "55.9900", "Year Close": "61.3100", "Annual % Change": "-14.51%"}, "2014": {"Average Stock Price": "84.3304", "Year Open": "95.2500", "Year High": "96.3600", "Year Low": "67.7600", "Year Close": "71.7200", "Annual % Change": "-25.71%"}, "2013": {"Average Stock Price": "80.8450", "Year Open": "67.2400", "Year High": "96.5400", "Year Low": "66.6000", "Year Close": "96.5400", "Annual % Change": "46.92%"}, "2012": {"Average Stock Price": "59.5522", "Year Open": "59.0900", "Year High": "66.6100", "Year Low": "50.9400", "Year Close": "65.7100", "Annual % Change": "13.20%"}, "2011": {"Average Stock Price": "59.8244", "Year Open": "59.1200", "Year High": "69.8400", "Year Low": "44.6400", "Year Close": "58.0500", "Annual % Change": "-0.68%"}, "2010": {"Average Stock Price": "48.7598", "Year Open": "42.3600", "Year High": "58.9600", "Year Low": "41.0500", "Year Close": "58.4500", "Annual % Change": "40.47%"}, "2009": {"Average Stock Price": "34.0642", "Year Open": "34.8300", "Year High": "42.8700", "Year Low": "22.0600", "Year Close": "41.6100", "Annual % Change": "26.40%"}, "2008": {"Average Stock Price": "42.0821", "Year Open": "44.4200", "Year High": "54.1800", "Year Low": "23.9700", "Year Close": "32.9200", "Annual % Change": "-28.57%"}, "2007": {"Average Stock Price": "48.9729", "Year Open": "48.8000", "Year High": "54.4400", "Year Low": "44.3400", "Year Close": "46.0900", "Annual % Change": "-5.98%"}, "2006": {"Average Stock Price": "47.7828", "Year Open": "41.4900", "Year High": "51.5800", "Year Low": "41.4900", "Year Close": "49.0200", "Annual % Change": "21.07%"}, "2005": {"Average Stock Price": "38.9960", "Year Open": "41.1800", "Year High": "41.8800", "Year Low": "34.7000", "Year Close": "40.4900", "Annual % Change": "-3.46%"}, "2004": {"Average Stock Price": "39.8380", "Year Open": "39.4300", "Year High": "44.0200", "Year Low": "36.0300", "Year Close": "41.9400", "Annual % Change": "5.51%"}, "2003": {"Average Stock Price": "32.4872", "Year Open": "30.4600", "Year High": "40.0800", "Year Low": "23.3500", "Year Close": "39.7500", "Annual % Change": "36.32%"}, "2002": {"Average Stock Price": "33.1289", "Year Open": "37.0600", "Year High": "43.3100", "Year Low": "23.9100", "Year Close": "29.1600", "Annual % Change": "-21.34%"}, "2001": {"Average Stock Price": "37.4439", "Year Open": "38.6300", "Year High": "43.3200", "Year Low": "28.7700", "Year Close": "37.0700", "Annual % Change": "-8.60%"}, "2000": {"Average Stock Price": "45.0597", "Year Open": "43.8800", "Year High": "53.8100", "Year Low": "36.0000", "Year Close": "40.5600", "Annual % Change": "-10.62%"}, "1999": {"Average Stock Price": "38.5731", "Year Open": "36.1900", "Year High": "47.5000", "Year Low": "29.5000", "Year Close": "45.3800", "Annual % Change": "23.89%"}, "1998": {"Average Stock Price": "34.2331", "Year Open": "35.8800", "Year High": "39.8100", "Year Low": "25.9400", "Year Close": "36.6300", "Annual % Change": "1.38%"}, "1997": {"Average Stock Price": "30.6053", "Year Open": "24.8750", "Year High": "36.3150", "Year Low": "24.3750", "Year Close": "36.1300", "Annual % Change": "43.09%"}, "1996": {"Average Stock Price": "23.4462", "Year Open": "18.4400", "Year High": "27.4400", "Year Low": "18.4375", "Year Close": "25.2500", "Annual % Change": "36.93%"}, "1995": {"Average Stock Price": "17.4999", "Year Open": "13.1875", "Year High": "20.6250", "Year Low": "13.1875", "Year Close": "18.4400", "Annual % Change": "42.89%"}, "1994": {"Average Stock Price": "14.3259", "Year Open": "14.9050", "Year High": "16.6250", "Year Low": "12.5325", "Year Close": "12.9050", "Annual % Change": "-15.03%"}, "1993": {"Average Stock Price": "12.7563", "Year Open": "11.6875", "Year High": "15.4075", "Year Low": "11.2800", "Year Close": "15.1875", "Annual % Change": "32.44%"}, "1992": {"Average Stock Price": "10.4670", "Year Open": "10.3125", "Year High": "11.8450", "Year Low": "9.5950", "Year Close": "11.4675", "Annual % Change": "9.87%"}, "1991": {"Average Stock Price": "9.7168", "Year Open": "9.9375", "Year High": "10.9375", "Year Low": "8.6875", "Year Close": "10.4375", "Annual % Change": "5.03%"}, "1990": {"Average Stock Price": "8.9892", "Year Open": "9.0925", "Year High": "10.3125", "Year Low": "7.0000", "Year Close": "9.9375", "Annual % Change": "10.42%"}, "1989": {"Average Stock Price": "8.0596", "Year Open": "7.1250", "Year High": "9.7175", "Year Low": "6.9075", "Year Close": "9.0000", "Annual % Change": "24.70%"}, "1988": {"Average Stock Price": "7.7889", "Year Open": "7.8913", "Year High": "9.1563", "Year Low": "6.6575", "Year Close": "7.2175", "Annual % Change": "-7.81%"}, "1987": {"Average Stock Price": "7.7968", "Year Open": "5.7813", "Year High": "9.6250", "Year Low": "5.5938", "Year Close": "7.8288", "Annual % Change": "40.74%"}, "1986": {"Average Stock Price": "5.3149", "Year Open": "4.9538", "Year High": "6.0163", "Year Low": "4.7188", "Year Close": "5.5625", "Annual % Change": "10.20%"}}}, "market cap": {"value": "$17.34B"}, "income statement": {"Revenue": {"2020-12-31": "6683.76000", "2019-12-31": "7136.39700", "2018-12-31": "6992.11800", "2017-12-31": "6820.88600", "2016-12-31": "6043.22400", "2015-12-31": "6956.31100", "2014-12-31": "7752.72800", "2013-12-31": "7155.09600", "2012-12-31": "6626.64800", "2011-12-31": "7369.15400", "2010-12-31": "6109.50700", "2009-12-31": "5344.33100", "2008-12-31": "7568.88800", "2007-12-31": "7317.27000", "2006-12-31": "6419.52800", "2005-12-31": "5134.82800"}, "Cost Of Goods Sold": {"2020-12-31": "4209.74100", "2019-12-31": "4515.45900", "2018-12-31": "4432.56200", "2017-12-31": "4291.83900", "2016-12-31": "3815.67200", "2015-12-31": "4388.16700", "2014-12-31": "4778.47900", "2013-12-31": "4376.50500", "2012-12-31": "4046.65900", "2011-12-31": "4524.35100", "2010-12-31": "3686.86100", "2009-12-31": "3331.18700", "2008-12-31": "4838.88100", "2007-12-31": "4697.76800", "2006-12-31": "4127.52800", "2005-12-31": "3303.17400"}, "Gross Profit": {"2020-12-31": "2474.01900", "2019-12-31": "2620.93800", "2018-12-31": "2559.55600", "2017-12-31": "2529.04700", "2016-12-31": "2227.55200", "2015-12-31": "2568.14400", "2014-12-31": "2974.24900", "2013-12-31": "2778.59100", "2012-12-31": "2579.98900", "2011-12-31": "2844.80300", "2010-12-31": "2422.64600", "2009-12-31": "2013.14400", "2008-12-31": "2730.00700", "2007-12-31": "2619.50200", "2006-12-31": "2292.00000", "2005-12-31": "1831.65400"}, "Research And Development Expenses": {"2020-12-31": "", "2019-12-31": "", "2018-12-31": "", "2017-12-31": "", "2016-12-31": "", "2015-12-31": "", "2014-12-31": "", "2013-12-31": "", "2012-12-31": "", "2011-12-31": "", "2010-12-31": "", "2009-12-31": "", "2008-12-31": "", "2007-12-31": "", "2006-12-31": "", "2005-12-31": ""}, "SG&A Expenses": {"2020-12-31": "1541.03200", "2019-12-31": "1599.09800", "2018-12-31": "1716.44400", "2017-12-31": "1722.16100", "2016-12-31": "1518.58000", "2015-12-31": "1647.38200", "2014-12-31": "1758.76500", "2013-12-31": "1616.92100", "2012-12-31": "1520.96100", "2011-12-31": "1720.95400", "2010-12-31": "1499.59700", "2009-12-31": "1422.01500", "2008-12-31": "1700.67700", "2007-12-31": "1614.00500", "2006-12-31": "1389.18300", "2005-12-31": "1183.71100"}, "Other Operating Income Or Expenses": {"2020-12-31": "", "2019-12-31": "-46.94600", "2018-12-31": "", "2017-12-31": "", "2016-12-31": "", "2015-12-31": "", "2014-12-31": "", "2013-12-31": "", "2012-12-31": "", "2011-12-31": "", "2010-12-31": "", "2009-12-31": "", "2008-12-31": "", "2007-12-31": "", "2006-12-31": "", "2005-12-31": ""}, "Operating Expenses": {"2020-12-31": "5750.77300", "2019-12-31": "6161.50300", "2018-12-31": "6149.00600", "2017-12-31": "6014.00000", "2016-12-31": "5334.25200", "2015-12-31": "6035.54900", "2014-12-31": "6537.24400", "2013-12-31": "5993.42600", "2012-12-31": "5567.62000", "2011-12-31": "6245.30500", "2010-12-31": "5186.45800", "2009-12-31": "4753.20200", "2008-12-31": "6539.55800", "2007-12-31": "6311.77300", "2006-12-31": "5516.71100", "2005-12-31": "4486.88500"}, "Operating Income": {"2020-12-31": "932.98630", "2019-12-31": "974.89400", "2018-12-31": "843.11230", "2017-12-31": "806.88620", "2016-12-31": "708.97220", "2015-12-31": "920.76220", "2014-12-31": "1215.48400", "2013-12-31": "1161.67000", "2012-12-31": "1059.02800", "2011-12-31": "1123.84900", "2010-12-31": "923.04880", "2009-12-31": "591.12890", "2008-12-31": "1029.33100", "2007-12-31": "1005.49700", "2006-12-31": "902.81690", "2005-12-31": "647.94290"}, "Total Non-Operating Income/Expense": {"2020-12-31": "-91.25300", "2019-12-31": "-131.88500", "2018-12-31": "-117.73400", "2017-12-31": "68.92900", "2016-12-31": "-24.32800", "2015-12-31": "-120.15200", "2014-12-31": "-121.27700", "2013-12-31": "-115.68400", "2012-12-31": "-127.96300", "2011-12-31": "-113.58700", "2010-12-31": "-109.92700", "2009-12-31": "-96.72000", "2008-12-31": "-83.31100", "2007-12-31": "-93.13000", "2006-12-31": "-87.96300", "2005-12-31": "-59.50700"}, "Pre-Tax Income": {"2020-12-31": "841.73400", "2019-12-31": "843.00900", "2018-12-31": "725.37800", "2017-12-31": "875.81500", "2016-12-31": "684.64400", "2015-12-31": "800.61000", "2014-12-31": "1094.20700", "2013-12-31": "1045.98600", "2012-12-31": "931.06500", "2011-12-31": "1010.26200", "2010-12-31": "813.12200", "2009-12-31": "494.40900", "2008-12-31": "946.01900", "2007-12-31": "912.36700", "2006-12-31": "814.85400", "2005-12-31": "588.43600"}, "Income Taxes": {"2020-12-31": "158.28300", "2019-12-31": "165.09100", "2018-12-31": "134.23300", "2017-12-31": "129.15200", "2016-12-31": "182.51600", "2015-12-31": "204.72900", "2014-12-31": "316.06700", "2013-12-31": "248.45900", "2012-12-31": "280.99000", "2011-12-31": "237.07600", "2010-12-31": "193.62500", "2009-12-31": "120.98600", "2008-12-31": "251.26100", "2007-12-31": "242.61700", "2006-12-31": "219.17400", "2005-12-31": "155.93300"}, "Income After Taxes": {"2020-12-31": "683.45100", "2019-12-31": "677.91800", "2018-12-31": "591.14500", "2017-12-31": "746.66300", "2016-12-31": "502.12800", "2015-12-31": "595.88100", "2014-12-31": "778.14000", "2013-12-31": "797.52700", "2012-12-31": "650.07500", "2011-12-31": "773.18600", "2010-12-31": "619.49700", "2009-12-31": "373.42300", "2008-12-31": "694.75800", "2007-12-31": "669.75000", "2006-12-31": "595.68000", "2005-12-31": "432.50300"}, "Other Income": {"2020-12-31": "", "2019-12-31": "", "2018-12-31": "", "2017-12-31": "", "2016-12-31": "", "2015-12-31": "", "2014-12-31": "", "2013-12-31": "", "2012-12-31": "", "2011-12-31": "", "2010-12-31": "", "2009-12-31": "", "2008-12-31": "", "2007-12-31": "", "2006-12-31": "", "2005-12-31": ""}, "Income From Continuous Operations": {"2020-12-31": "683.45100", "2019-12-31": "677.91800", "2018-12-31": "591.14500", "2017-12-31": "746.66300", "2016-12-31": "502.12800", "2015-12-31": "595.88100", "2014-12-31": "778.14000", "2013-12-31": "797.52700", "2012-12-31": "650.07500", "2011-12-31": "773.18600", "2010-12-31": "619.49700", "2009-12-31": "373.42300", "2008-12-31": "694.75800", "2007-12-31": "669.75000", "2006-12-31": "595.68000", "2005-12-31": "432.50300"}, "Income From Discontinued Operations": {"2020-12-31": "", "2019-12-31": "", "2018-12-31": "-20.87800", "2017-12-31": "65.00200", "2016-12-31": "6.76400", "2015-12-31": "273.94800", "2014-12-31": "-2.90500", "2013-12-31": "205.60200", "2012-12-31": "160.99500", "2011-12-31": "122.05700", "2010-12-31": "80.60700", "2009-12-31": "-16.98500", "2008-12-31": "-103.92700", "2007-12-31": "-8.67000", "2006-12-31": "-33.89800", "2005-12-31": "77.63900"}, "Net Income": {"2020-12-31": "683.45100", "2019-12-31": "677.91800", "2018-12-31": "570.26700", "2017-12-31": "811.66500", "2016-12-31": "508.89200", "2015-12-31": "869.82900", "2014-12-31": "775.23500", "2013-12-31": "1003.12900", "2012-12-31": "811.07000", "2011-12-31": "895.24300", "2010-12-31": "700.10400", "2009-12-31": "356.43800", "2008-12-31": "590.83100", "2007-12-31": "661.08000", "2006-12-31": "561.78200", "2005-12-31": "510.14200"}, "EBITDA": {"2020-12-31": "1212.03700", "2019-12-31": "1247.18100", "2018-12-31": "1125.69200", "2017-12-31": "1090.16400", "2016-12-31": "958.64420", "2015-12-31": "1247.85100", "2014-12-31": "1522.67200", "2013-12-31": "1439.70300", "2012-12-31": "1288.96200", "2011-12-31": "1414.32600", "2010-12-31": "1152.28600", "2009-12-31": "822.49190", "2008-12-31": "1290.48500", "2007-12-31": "1249.27300", "2006-12-31": "1098.65700", "2005-12-31": "796.48080"}, "EBIT": {"2020-12-31": "932.98630", "2019-12-31": "974.89400", "2018-12-31": "843.11230", "2017-12-31": "806.88620", "2016-12-31": "708.97220", "2015-12-31": "920.76220", "2014-12-31": "1215.48400", "2013-12-31": "1161.67000", "2012-12-31": "1059.02800", "2011-12-31": "1123.84900", "2010-12-31": "923.04880", "2009-12-31": "591.12890", "2008-12-31": "1029.33100", "2007-12-31": "1005.49700", "2006-12-31": "902.81690", "2005-12-31": "647.94290"}, "Basic Shares Outstanding": {"2020-12-31": "144.05000", "2019-12-31": "145.19800", "2018-12-31": "149.87400", "2017-12-31": "155.68500", "2016-12-31": "155.23100", "2015-12-31": "157.61900", "2014-12-31": "166.69200", "2013-12-31": "171.27100", "2012-12-31": "181.55100", "2011-12-31": "185.88200", "2010-12-31": "186.89700", "2009-12-31": "186.13600", "2008-12-31": "188.48100", "2007-12-31": "201.33000", "2006-12-31": "203.77300", "2005-12-31": "202.97900"}, "Shares Outstanding": {"2020-12-31": "145.39300", "2019-12-31": "146.99200", "2018-12-31": "152.13300", "2017-12-31": "157.74400", "2016-12-31": "156.63600", "2015-12-31": "159.17200", "2014-12-31": "168.84200", "2013-12-31": "173.54700", "2012-12-31": "183.99300", "2011-12-31": "188.88700", "2010-12-31": "189.17000", "2009-12-31": "186.73600", "2008-12-31": "189.26900", "2007-12-31": "202.91800", "2006-12-31": "205.49700", "2005-12-31": "204.17700"}, "Basic EPS": {"2020-12-31": "4.74000", "2019-12-31": "4.67000", "2018-12-31": "3.80000", "2017-12-31": "5.21000", "2016-12-31": "3.28000", "2015-12-31": "5.52000", "2014-12-31": "4.65000", "2013-12-31": "5.86000", "2012-12-31": "4.47000", "2011-12-31": "4.82000", "2010-12-31": "3.75000", "2009-12-31": "1.91000", "2008-12-31": "3.13000", "2007-12-31": "3.28000", "2006-12-31": "2.76000", "2005-12-31": "2.51000"}, "EPS - Earnings Per Share": {"2020-12-31": "4.70000", "2019-12-31": "4.61000", "2018-12-31": "3.75000", "2017-12-31": "5.15000", "2016-12-31": "3.25000", "2015-12-31": "5.46000", "2014-12-31": "4.59000", "2013-12-31": "5.78000", "2012-12-31": "4.41000", "2011-12-31": "4.74000", "2010-12-31": "3.70000", "2009-12-31": "1.91000", "2008-12-31": "3.12000", "2007-12-31": "3.26000", "2006-12-31": "2.73000", "2005-12-31": "2.50000"}}, "income statement, quarterly": {"Revenue": {"2020-12-31": "1780.39000", "2020-09-30": "1748.25600", "2020-06-30": "1499.17500", "2020-03-31": "1655.93900", "2019-12-31": "1775.58900", "2019-09-30": "1825.34500", "2019-06-30": "1810.70600", "2019-03-31": "1724.75700", "2018-12-31": "1808.95000", "2018-09-30": "1747.40300", "2018-06-30": "1798.09400", "2018-03-31": "1637.67100", "2017-12-31": "1522.36800", "2017-09-30": "1747.77500", "2017-06-30": "1737.37100", "2017-03-31": "1813.37200", "2016-12-31": "1026.84300", "2016-09-30": "1707.76300", "2016-06-30": "1686.34500", "2016-03-31": "1622.27300", "2015-12-31": "1694.60000", "2015-09-30": "1787.58200", "2015-06-30": "1758.62800", "2015-03-31": "1715.50100", "2014-12-31": "1977.94700", "2014-09-30": "2009.57500", "2014-06-30": "1962.63600", "2014-03-31": "1802.57000", "2013-12-31": "1518.49700", "2013-09-30": "1940.21100", "2013-06-30": "1932.41100", "2013-03-31": "1763.97700", "2012-12-31": "536.13990", "2012-09-30": "2097.60500", "2012-06-30": "2038.28900", "2012-03-31": "1954.61400", "2011-12-31": "1423.50000", "2011-09-30": "2138.60600", "2011-06-30": "1994.97000", "2011-03-31": "1812.07800", "2010-12-31": "937.38260", "2010-09-30": "1802.15800", "2010-06-30": "1786.69600", "2010-03-31": "1583.27000", "2009-12-31": "1075.30400", "2009-09-30": "1499.61100", "2009-06-30": "1390.33100", "2009-03-31": "1379.08500", "2008-12-31": "1726.64800", "2008-09-30": "1965.77600", "2008-06-30": "2010.97800", "2008-03-31": "1865.48600", "2007-12-31": "1908.67300", "2007-09-30": "1865.10600", "2007-06-30": "1824.14300", "2007-03-31": "1719.34800", "2006-12-31": "1643.72700", "2006-09-30": "1605.24700", "2006-06-30": "1660.34100", "2006-03-31": "1510.21300", "2005-12-31": "1069.15700", "2005-09-30": "1364.59700", "2005-06-30": "1333.31900", "2005-03-31": "1367.75500"}, "Cost Of Goods Sold": {"2020-12-31": "1128.94100", "2020-09-30": "1089.52700", "2020-06-30": "947.57700", "2020-03-31": "1043.69600", "2019-12-31": "1124.27400", "2019-09-30": "1151.85700", "2019-06-30": "1138.11300", "2019-03-31": "1101.21500", "2018-12-31": "1163.97900", "2018-09-30": "1100.88300", "2018-06-30": "1132.85800", "2018-03-31": "1034.84200", "2017-12-31": "957.79590", "2017-09-30": "1098.58200", "2017-06-30": "1083.26300", "2017-03-31": "1152.19800", "2016-12-31": "651.55630", "2016-09-30": "1075.97500", "2016-06-30": "1055.13200", "2016-03-31": "1033.00900", "2015-12-31": "1080.79100", "2015-09-30": "1114.97400", "2015-06-30": "1104.06000", "2015-03-31": "1088.34200", "2014-12-31": "1254.07900", "2014-09-30": "1235.15300", "2014-06-30": "1194.53700", "2014-03-31": "1094.71000", "2013-12-31": "933.68880", "2013-09-30": "1183.86400", "2013-06-30": "1176.59300", "2013-03-31": "1082.35900", "2012-12-31": "289.47180", "2012-09-30": "1287.46600", "2012-06-30": "1261.18700", "2012-03-31": "1208.53400", "2011-12-31": "872.72610", "2011-09-30": "1332.32400", "2011-06-30": "1218.97400", "2011-03-31": "1100.32700", "2010-12-31": "506.38600", "2010-09-30": "1111.36400", "2010-06-30": "1097.99800", "2010-03-31": "971.11300", "2009-12-31": "595.87900", "2009-09-30": "941.34500", "2009-06-30": "897.02100", "2009-03-31": "896.94200", "2008-12-31": "1120.14800", "2008-09-30": "1261.43300", "2008-06-30": "1271.35900", "2008-03-31": "1185.94100", "2007-12-31": "1233.53900", "2007-09-30": "1196.74800", "2007-06-30": "1170.52600", "2007-03-31": "1096.95500", "2006-12-31": "1087.62400", "2006-09-30": "1032.20300", "2006-06-30": "1045.39700", "2006-03-31": "962.30400", "2005-12-31": "655.34800", "2005-09-30": "882.53800", "2005-06-30": "864.27300", "2005-03-31": "901.01500"}, "Gross Profit": {"2020-12-31": "651.44900", "2020-09-30": "658.72900", "2020-06-30": "551.59800", "2020-03-31": "612.24290", "2019-12-31": "651.31470", "2019-09-30": "673.48790", "2019-06-30": "672.59300", "2019-03-31": "623.54200", "2018-12-31": "644.97160", "2018-09-30": "646.51990", "2018-06-30": "665.23600", "2018-03-31": "602.82900", "2017-12-31": "564.57240", "2017-09-30": "649.19300", "2017-06-30": "654.10800", "2017-03-31": "661.17400", "2016-12-31": "375.28670", "2016-09-30": "631.78800", "2016-06-30": "631.21300", "2016-03-31": "589.26390", "2015-12-31": "613.80930", "2015-09-30": "672.60800", "2015-06-30": "654.56800", "2015-03-31": "627.15890", "2014-12-31": "723.86830", "2014-09-30": "774.42200", "2014-06-30": "768.09900", "2014-03-31": "707.86000", "2013-12-31": "584.80820", "2013-09-30": "756.34700", "2013-06-30": "755.81800", "2013-03-31": "681.61800", "2012-12-31": "246.66810", "2012-09-30": "810.13900", "2012-06-30": "777.10190", "2012-03-31": "746.08000", "2011-12-31": "550.77380", "2011-09-30": "806.28200", "2011-06-30": "775.99600", "2011-03-31": "711.75100", "2010-12-31": "430.99650", "2010-09-30": "690.79390", "2010-06-30": "688.69800", "2010-03-31": "612.15700", "2009-12-31": "479.42520", "2009-09-30": "558.26600", "2009-06-30": "493.31010", "2009-03-31": "482.14290", "2008-12-31": "606.50050", "2008-09-30": "704.34300", "2008-06-30": "739.61900", "2008-03-31": "679.54490", "2007-12-31": "675.13380", "2007-09-30": "668.35790", "2007-06-30": "653.61690", "2007-03-31": "622.39310", "2006-12-31": "556.10310", "2006-09-30": "573.04390", "2006-06-30": "614.94400", "2006-03-31": "547.90900", "2005-12-31": "413.80910", "2005-09-30": "482.05900", "2005-06-30": "469.04600", "2005-03-31": "466.74000"}, "Research And Development Expenses": {"2020-12-31": "", "2020-09-30": "", "2020-06-30": "", "2020-03-31": "", "2019-12-31": "", "2019-09-30": "", "2019-06-30": "", "2019-03-31": "", "2018-12-31": "", "2018-09-30": "", "2018-06-30": "", "2018-03-31": "", "2017-12-31": "", "2017-09-30": "", "2017-06-30": "", "2017-03-31": "", "2016-12-31": "", "2016-09-30": "", "2016-06-30": "", "2016-03-31": "", "2015-12-31": "", "2015-09-30": "", "2015-06-30": "", "2015-03-31": "", "2014-12-31": "", "2014-09-30": "", "2014-06-30": "", "2014-03-31": "", "2013-12-31": "", "2013-09-30": "", "2013-06-30": "", "2013-03-31": "", "2012-12-31": "", "2012-09-30": "", "2012-06-30": "", "2012-03-31": "", "2011-12-31": "", "2011-09-30": "", "2011-06-30": "", "2011-03-31": "", "2010-12-31": "", "2010-09-30": "", "2010-06-30": "", "2010-03-31": "", "2009-12-31": "", "2009-09-30": "", "2009-06-30": "", "2009-03-31": "", "2008-12-31": "", "2008-09-30": "", "2008-06-30": "", "2008-03-31": "", "2007-12-31": "", "2007-09-30": "", "2007-06-30": "", "2007-03-31": "", "2006-12-31": "", "2006-09-30": "", "2006-06-30": "", "2006-03-31": "", "2005-12-31": "", "2005-09-30": "", "2005-06-30": "", "2005-03-31": ""}, "SG&A Expenses": {"2020-12-31": "405.52000", "2020-09-30": "381.83100", "2020-06-30": "366.74000", "2020-03-31": "386.94100", "2019-12-31": "403.22300", "2019-09-30": "390.77500", "2019-06-30": "396.63400", "2019-03-31": "408.46600", "2018-12-31": "426.19800", "2018-09-30": "426.44500", "2018-06-30": "428.77500", "2018-03-31": "435.02600", "2017-12-31": "404.59090", "2017-09-30": "410.04000", "2017-06-30": "421.27000", "2017-03-31": "486.26000", "2016-12-31": "216.67900", "2016-09-30": "421.04200", "2016-06-30": "437.41100", "2016-03-31": "443.44800", "2015-12-31": "414.36500", "2015-09-30": "395.68800", "2015-06-30": "402.69500", "2015-03-31": "434.63400", "2014-12-31": "460.37700", "2014-09-30": "426.16000", "2014-06-30": "438.82400", "2014-03-31": "433.40400", "2013-12-31": "356.60000", "2013-09-30": "408.26400", "2013-06-30": "435.62000", "2013-03-31": "416.43700", "2012-12-31": "148.94010", "2012-09-30": "451.94300", "2012-06-30": "466.08900", "2012-03-31": "453.98900", "2011-12-31": "342.48800", "2011-09-30": "476.64000", "2011-06-30": "448.39900", "2011-03-31": "453.42700", "2010-12-31": "268.69210", "2010-09-30": "397.92700", "2010-06-30": "423.80900", "2010-03-31": "409.16900", "2009-12-31": "311.53800", "2009-09-30": "378.12500", "2009-06-30": "364.96200", "2009-03-31": "367.39000", "2008-12-31": "375.37810", "2008-09-30": "434.99200", "2008-06-30": "446.53100", "2008-03-31": "443.77600", "2007-12-31": "413.66300", "2007-09-30": "395.65100", "2007-06-30": "391.50800", "2007-03-31": "413.18300", "2006-12-31": "340.13400", "2006-09-30": "347.43100", "2006-06-30": "366.12600", "2006-03-31": "335.49200", "2005-12-31": "251.32110", "2005-09-30": "301.00500", "2005-06-30": "304.16300", "2005-03-31": "327.22200"}, "Other Operating Income Or Expenses": {"2020-12-31": "", "2020-09-30": "", "2020-06-30": "", "2020-03-31": "", "2019-12-31": "", "2019-09-30": "", "2019-06-30": "", "2019-03-31": "-46.94600", "2018-12-31": "", "2018-09-30": "", "2018-06-30": "", "2018-03-31": "", "2017-12-31": "", "2017-09-30": "", "2017-06-30": "", "2017-03-31": "", "2016-12-31": "", "2016-09-30": "", "2016-06-30": "", "2016-03-31": "", "2015-12-31": "", "2015-09-30": "", "2015-06-30": "", "2015-03-31": "", "2014-12-31": "", "2014-09-30": "", "2014-06-30": "", "2014-03-31": "", "2013-12-31": "", "2013-09-30": "", "2013-06-30": "", "2013-03-31": "", "2012-12-31": "", "2012-09-30": "", "2012-06-30": "", "2012-03-31": "", "2011-12-31": "", "2011-09-30": "", "2011-06-30": "", "2011-03-31": "", "2010-12-31": "", "2010-09-30": "", "2010-06-30": "", "2010-03-31": "", "2009-12-31": "", "2009-09-30": "", "2009-06-30": "", "2009-03-31": "", "2008-12-31": "", "2008-09-30": "", "2008-06-30": "", "2008-03-31": "", "2007-12-31": "", "2007-09-30": "", "2007-06-30": "", "2007-03-31": "", "2006-12-31": "", "2006-09-30": "", "2006-06-30": "", "2006-03-31": "", "2005-12-31": "", "2005-09-30": "", "2005-06-30": "", "2005-03-31": ""}, "Operating Expenses": {"2020-12-31": "1534.46100", "2020-09-30": "1471.35800", "2020-06-30": "1314.31700", "2020-03-31": "1430.63700", "2019-12-31": "1527.49700", "2019-09-30": "1542.63200", "2019-06-30": "1534.74700", "2019-03-31": "1556.62700", "2018-12-31": "1590.17700", "2018-09-30": "1527.32800", "2018-06-30": "1561.63300", "2018-03-31": "1469.86800", "2017-12-31": "1362.38700", "2017-09-30": "1508.62200", "2017-06-30": "1504.53300", "2017-03-31": "1638.45800", "2016-12-31": "868.23490", "2016-09-30": "1497.01700", "2016-06-30": "1492.54300", "2016-03-31": "1476.45700", "2015-12-31": "1495.15600", "2015-09-30": "1510.66200", "2015-06-30": "1506.75500", "2015-03-31": "1522.97600", "2014-12-31": "1714.45600", "2014-09-30": "1661.31300", "2014-06-30": "1633.36100", "2014-03-31": "1528.11400", "2013-12-31": "1290.28900", "2013-09-30": "1592.12800", "2013-06-30": "1612.21300", "2013-03-31": "1498.79600", "2012-12-31": "438.41200", "2012-09-30": "1739.40900", "2012-06-30": "1727.27600", "2012-03-31": "1662.52300", "2011-12-31": "1215.21400", "2011-09-30": "1808.96400", "2011-06-30": "1667.37300", "2011-03-31": "1553.75400", "2010-12-31": "775.07790", "2010-09-30": "1509.29100", "2010-06-30": "1521.80700", "2010-03-31": "1380.28200", "2009-12-31": "907.41700", "2009-09-30": "1319.47000", "2009-06-30": "1261.98300", "2009-03-31": "1264.33200", "2008-12-31": "1495.52600", "2008-09-30": "1696.42500", "2008-06-30": "1717.89000", "2008-03-31": "1629.71700", "2007-12-31": "1647.20200", "2007-09-30": "1592.39900", "2007-06-30": "1562.03400", "2007-03-31": "1510.13800", "2006-12-31": "1427.75800", "2006-09-30": "1379.63400", "2006-06-30": "1411.52300", "2006-03-31": "1297.79600", "2005-12-31": "906.66920", "2005-09-30": "1183.54300", "2005-06-30": "1168.43600", "2005-03-31": "1228.23700"}, "Operating Income": {"2020-12-31": "245.92900", "2020-09-30": "276.89810", "2020-06-30": "184.85800", "2020-03-31": "225.30190", "2019-12-31": "248.09170", "2019-09-30": "282.71290", "2019-06-30": "275.95900", "2019-03-31": "168.13000", "2018-12-31": "218.77370", "2018-09-30": "220.07480", "2018-06-30": "236.46090", "2018-03-31": "167.80300", "2017-12-31": "159.98130", "2017-09-30": "239.15300", "2017-06-30": "232.83800", "2017-03-31": "174.91390", "2016-12-31": "158.60820", "2016-09-30": "210.74600", "2016-06-30": "193.80200", "2016-03-31": "145.81590", "2015-12-31": "199.44460", "2015-09-30": "276.92000", "2015-06-30": "251.87290", "2015-03-31": "192.52490", "2014-12-31": "263.49110", "2014-09-30": "348.26200", "2014-06-30": "329.27500", "2014-03-31": "274.45590", "2013-12-31": "228.20810", "2013-09-30": "348.08300", "2013-06-30": "320.19800", "2013-03-31": "265.18100", "2012-12-31": "97.72790", "2012-09-30": "358.19600", "2012-06-30": "311.01290", "2012-03-31": "292.09090", "2011-12-31": "208.28560", "2011-09-30": "329.64200", "2011-06-30": "327.59690", "2011-03-31": "258.32400", "2010-12-31": "162.30470", "2010-09-30": "292.86690", "2010-06-30": "264.88900", "2010-03-31": "202.98800", "2009-12-31": "167.88720", "2009-09-30": "180.14100", "2009-06-30": "128.34800", "2009-03-31": "114.75290", "2008-12-31": "231.12270", "2008-09-30": "269.35100", "2008-06-30": "293.08800", "2008-03-31": "235.76890", "2007-12-31": "261.47080", "2007-09-30": "272.70690", "2007-06-30": "262.10900", "2007-03-31": "209.21010", "2006-12-31": "215.96880", "2006-09-30": "225.61290", "2006-06-30": "248.81800", "2006-03-31": "212.41700", "2005-12-31": "162.48790", "2005-09-30": "181.05410", "2005-06-30": "164.88290", "2005-03-31": "139.51790"}, "Total Non-Operating Income/Expense": {"2020-12-31": "-25.52100", "2020-09-30": "-25.90100", "2020-06-30": "-28.02900", "2020-03-31": "-11.80200", "2019-12-31": "-51.07000", "2019-09-30": "-24.78300", "2019-06-30": "-26.22000", "2019-03-31": "-29.81200", "2018-12-31": "-32.09900", "2018-09-30": "-27.05900", "2018-06-30": "-25.02400", "2018-03-31": "-33.55200", "2017-12-31": "79.02600", "2017-09-30": "-32.37700", "2017-06-30": "-34.77800", "2017-03-31": "57.05800", "2016-12-31": "52.73700", "2016-09-30": "-29.57000", "2016-06-30": "-29.30300", "2016-03-31": "-18.19200", "2015-12-31": "-29.95400", "2015-09-30": "-31.61600", "2015-06-30": "-30.73200", "2015-03-31": "-27.85000", "2014-12-31": "-32.50400", "2014-09-30": "-30.19900", "2014-06-30": "-25.72800", "2014-03-31": "-32.84600", "2013-12-31": "-25.99700", "2013-09-30": "-30.41300", "2013-06-30": "-31.87900", "2013-03-31": "-27.39500", "2012-12-31": "-31.96300", "2012-09-30": "-34.10500", "2012-06-30": "-30.07900", "2012-03-31": "-31.81600", "2011-12-31": "-24.33800", "2011-09-30": "-30.10900", "2011-06-30": "-29.63400", "2011-03-31": "-29.50600", "2010-12-31": "-25.64400", "2010-09-30": "-36.12100", "2010-06-30": "-22.23400", "2010-03-31": "-25.92800", "2009-12-31": "-24.30900", "2009-09-30": "-25.39600", "2009-06-30": "-26.35300", "2009-03-31": "-20.66200", "2008-12-31": "-15.49300", "2008-09-30": "-13.28000", "2008-06-30": "-28.57400", "2008-03-31": "-25.96400", "2007-12-31": "-24.29100", "2007-09-30": "-24.64200", "2007-06-30": "-22.63900", "2007-03-31": "-21.55800", "2006-12-31": "-20.40200", "2006-09-30": "-19.88600", "2006-06-30": "-23.36000", "2006-03-31": "-24.31500", "2005-12-31": "-22.80600", "2005-09-30": "-15.29300", "2005-06-30": "-9.53000", "2005-03-31": "-11.87800"}, "Pre-Tax Income": {"2020-12-31": "220.40800", "2020-09-30": "250.99700", "2020-06-30": "156.82900", "2020-03-31": "213.50000", "2019-12-31": "197.02200", "2019-09-30": "257.93000", "2019-06-30": "249.73900", "2019-03-31": "138.31800", "2018-12-31": "186.67400", "2018-09-30": "193.01600", "2018-06-30": "211.43700", "2018-03-31": "134.25100", "2017-12-31": "239.00700", "2017-09-30": "206.77600", "2017-06-30": "198.06000", "2017-03-31": "231.97200", "2016-12-31": "211.34500", "2016-09-30": "181.17600", "2016-06-30": "164.49900", "2016-03-31": "127.62400", "2015-12-31": "169.49000", "2015-09-30": "245.30400", "2015-06-30": "221.14100", "2015-03-31": "164.67500", "2014-12-31": "230.98700", "2014-09-30": "318.06300", "2014-06-30": "303.54700", "2014-03-31": "241.61000", "2013-12-31": "202.21090", "2013-09-30": "317.67000", "2013-06-30": "288.31900", "2013-03-31": "237.78600", "2012-12-31": "65.76500", "2012-09-30": "324.09100", "2012-06-30": "280.93400", "2012-03-31": "260.27500", "2011-12-31": "183.94800", "2011-09-30": "299.53300", "2011-06-30": "297.96300", "2011-03-31": "228.81800", "2010-12-31": "136.66100", "2010-09-30": "256.74600", "2010-06-30": "242.65500", "2010-03-31": "177.06000", "2009-12-31": "143.57800", "2009-09-30": "154.74500", "2009-06-30": "101.99500", "2009-03-31": "94.09100", "2008-12-31": "215.62900", "2008-09-30": "256.07100", "2008-06-30": "264.51400", "2008-03-31": "209.80500", "2007-12-31": "237.18000", "2007-09-30": "248.06500", "2007-06-30": "239.47000", "2007-03-31": "187.65200", "2006-12-31": "195.56700", "2006-09-30": "205.72700", "2006-06-30": "225.45800", "2006-03-31": "188.10200", "2005-12-31": "139.68200", "2005-09-30": "165.76100", "2005-06-30": "155.35300", "2005-03-31": "127.64000"}, "Income Taxes": {"2020-12-31": "38.30200", "2020-09-30": "50.69700", "2020-06-30": "32.06300", "2020-03-31": "37.22100", "2019-12-31": "28.90000", "2019-09-30": "51.92400", "2019-06-30": "51.65400", "2019-03-31": "32.61300", "2018-12-31": "28.70000", "2018-09-30": "35.71100", "2018-06-30": "44.98100", "2018-03-31": "24.84100", "2017-12-31": "-33.47900", "2017-09-30": "47.32100", "2017-06-30": "55.58500", "2017-03-31": "59.72500", "2016-12-31": "56.94700", "2016-09-30": "51.09200", "2016-06-30": "46.20900", "2016-03-31": "28.26800", "2015-12-31": "32.91600", "2015-09-30": "58.82100", "2015-06-30": "65.50700", "2015-03-31": "47.48500", "2014-12-31": "59.15200", "2014-09-30": "92.38000", "2014-06-30": "92.96600", "2014-03-31": "71.56900", "2013-12-31": "56.19000", "2013-09-30": "91.43500", "2013-06-30": "30.26100", "2013-03-31": "70.57300", "2012-12-31": "40.58500", "2012-09-30": "90.76100", "2012-06-30": "75.77800", "2012-03-31": "73.86600", "2011-12-31": "48.18900", "2011-09-30": "76.09500", "2011-06-30": "58.76500", "2011-03-31": "54.02700", "2010-12-31": "29.85100", "2010-09-30": "37.43700", "2010-06-30": "70.76200", "2010-03-31": "55.57500", "2009-12-31": "39.60700", "2009-09-30": "47.26100", "2009-06-30": "1.12100", "2009-03-31": "32.99700", "2008-12-31": "46.04500", "2008-09-30": "65.73600", "2008-06-30": "77.60400", "2008-03-31": "61.87600", "2007-12-31": "58.71900", "2007-09-30": "65.93800", "2007-06-30": "64.79900", "2007-03-31": "53.16100", "2006-12-31": "45.22400", "2006-09-30": "50.43900", "2006-06-30": "66.69900", "2006-03-31": "56.81200", "2005-12-31": "35.11500", "2005-09-30": "42.71900", "2005-06-30": "45.88000", "2005-03-31": "32.21900"}, "Income After Taxes": {"2020-12-31": "182.10600", "2020-09-30": "200.30000", "2020-06-30": "124.76600", "2020-03-31": "176.27900", "2019-12-31": "168.12200", "2019-09-30": "206.00600", "2019-06-30": "198.08500", "2019-03-31": "105.70500", "2018-12-31": "157.97400", "2018-09-30": "157.30500", "2018-06-30": "166.45600", "2018-03-31": "109.41000", "2017-12-31": "272.48600", "2017-09-30": "159.45500", "2017-06-30": "142.47500", "2017-03-31": "172.24700", "2016-12-31": "154.39800", "2016-09-30": "130.08400", "2016-06-30": "118.29000", "2016-03-31": "99.35600", "2015-12-31": "136.57400", "2015-09-30": "186.48300", "2015-06-30": "155.63400", "2015-03-31": "117.19000", "2014-12-31": "171.83500", "2014-09-30": "225.68300", "2014-06-30": "210.58100", "2014-03-31": "170.04100", "2013-12-31": "146.02100", "2013-09-30": "226.23500", "2013-06-30": "258.05800", "2013-03-31": "167.21300", "2012-12-31": "25.18000", "2012-09-30": "233.33000", "2012-06-30": "205.15600", "2012-03-31": "186.40900", "2011-12-31": "135.75910", "2011-09-30": "223.43800", "2011-06-30": "239.19800", "2011-03-31": "174.79100", "2010-12-31": "106.81000", "2010-09-30": "219.30900", "2010-06-30": "171.89300", "2010-03-31": "121.48500", "2009-12-31": "103.97100", "2009-09-30": "107.48400", "2009-06-30": "100.87400", "2009-03-31": "61.09400", "2008-12-31": "169.58400", "2008-09-30": "190.33500", "2008-06-30": "186.91000", "2008-03-31": "147.92900", "2007-12-31": "178.46100", "2007-09-30": "182.12700", "2007-06-30": "174.67100", "2007-03-31": "134.49100", "2006-12-31": "150.34300", "2006-09-30": "155.28800", "2006-06-30": "158.75900", "2006-03-31": "131.29000", "2005-12-31": "104.56700", "2005-09-30": "123.04200", "2005-06-30": "109.47300", "2005-03-31": "95.42100"}, "Other Income": {"2020-12-31": "", "2020-09-30": "", "2020-06-30": "", "2020-03-31": "", "2019-12-31": "", "2019-09-30": "", "2019-06-30": "", "2019-03-31": "", "2018-12-31": "", "2018-09-30": "", "2018-06-30": "", "2018-03-31": "", "2017-12-31": "", "2017-09-30": "", "2017-06-30": "", "2017-03-31": "", "2016-12-31": "", "2016-09-30": "", "2016-06-30": "", "2016-03-31": "", "2015-12-31": "", "2015-09-30": "", "2015-06-30": "", "2015-03-31": "", "2014-12-31": "", "2014-09-30": "", "2014-06-30": "", "2014-03-31": "", "2013-12-31": "", "2013-09-30": "", "2013-06-30": "", "2013-03-31": "", "2012-12-31": "", "2012-09-30": "", "2012-06-30": "", "2012-03-31": "", "2011-12-31": "", "2011-09-30": "", "2011-06-30": "", "2011-03-31": "", "2010-12-31": "", "2010-09-30": "", "2010-06-30": "", "2010-03-31": "", "2009-12-31": "", "2009-09-30": "", "2009-06-30": "", "2009-03-31": "", "2008-12-31": "", "2008-09-30": "", "2008-06-30": "", "2008-03-31": "", "2007-12-31": "", "2007-09-30": "", "2007-06-30": "", "2007-03-31": "", "2006-12-31": "", "2006-09-30": "", "2006-06-30": "", "2006-03-31": "", "2005-12-31": "", "2005-09-30": "", "2005-06-30": "", "2005-03-31": ""}, "Income From Continuous Operations": {"2020-12-31": "182.10600", "2020-09-30": "200.30000", "2020-06-30": "124.76600", "2020-03-31": "176.27900", "2019-12-31": "168.12210", "2019-09-30": "206.00600", "2019-06-30": "198.08500", "2019-03-31": "105.70500", "2018-12-31": "157.97400", "2018-09-30": "157.30500", "2018-06-30": "166.45600", "2018-03-31": "109.41000", "2017-12-31": "272.48600", "2017-09-30": "159.45500", "2017-06-30": "142.47500", "2017-03-31": "172.24700", "2016-12-31": "154.39800", "2016-09-30": "130.08400", "2016-06-30": "118.29000", "2016-03-31": "99.35600", "2015-12-31": "136.57400", "2015-09-30": "186.48300", "2015-06-30": "155.63400", "2015-03-31": "117.19000", "2014-12-31": "171.83500", "2014-09-30": "225.68300", "2014-06-30": "210.58100", "2014-03-31": "170.04100", "2013-12-31": "146.02100", "2013-09-30": "226.23500", "2013-06-30": "258.05800", "2013-03-31": "167.21300", "2012-12-31": "25.18000", "2012-09-30": "233.33000", "2012-06-30": "205.15600", "2012-03-31": "186.40900", "2011-12-31": "135.75900", "2011-09-30": "223.43800", "2011-06-30": "239.19800", "2011-03-31": "174.79100", "2010-12-31": "106.81000", "2010-09-30": "219.30900", "2010-06-30": "171.89300", "2010-03-31": "121.48500", "2009-12-31": "103.97100", "2009-09-30": "107.48400", "2009-06-30": "100.87400", "2009-03-31": "61.09400", "2008-12-31": "169.58400", "2008-09-30": "190.33500", "2008-06-30": "186.91000", "2008-03-31": "147.92900", "2007-12-31": "178.46100", "2007-09-30": "182.12700", "2007-06-30": "174.67100", "2007-03-31": "134.49100", "2006-12-31": "150.34300", "2006-09-30": "155.28800", "2006-06-30": "158.75900", "2006-03-31": "131.29000", "2005-12-31": "104.56700", "2005-09-30": "123.04200", "2005-06-30": "109.47300", "2005-03-31": "95.42100"}, "Income From Discontinued Operations": {"2020-12-31": "", "2020-09-30": "", "2020-06-30": "", "2020-03-31": "", "2019-12-31": "", "2019-09-30": "", "2019-06-30": "", "2019-03-31": "", "2018-12-31": "-16.40600", "2018-09-30": "", "2018-06-30": "-26.49700", "2018-03-31": "22.02500", "2017-12-31": "23.96200", "2017-09-30": "19.45700", "2017-06-30": "21.58300", "2017-03-31": "", "2016-12-31": "", "2016-09-30": "", "2016-06-30": "", "2016-03-31": "", "2015-12-31": "5.25100", "2015-09-30": "-0.38500", "2015-06-30": "176.76200", "2015-03-31": "92.32000", "2014-12-31": "-2.54100", "2014-09-30": "6.16100", "2014-06-30": "3.37800", "2014-03-31": "-9.90300", "2013-12-31": "47.94200", "2013-09-30": "42.87900", "2013-06-30": "71.99100", "2013-03-31": "42.79000", "2012-12-31": "134.68000", "2012-09-30": "7.71600", "2012-06-30": "8.94500", "2012-03-31": "9.65400", "2011-12-31": "142.53000", "2011-09-30": "-51.15800", "2011-06-30": "10.57100", "2011-03-31": "20.11400", "2010-12-31": "91.53800", "2010-09-30": "4.45000", "2010-06-30": "-2.02300", "2010-03-31": "-13.35800", "2009-12-31": "-4.92200", "2009-09-30": "-0.60000", "2009-06-30": "-3.79400", "2009-03-31": "-7.66900", "2008-12-31": "-48.85500", "2008-09-30": "-2.68500", "2008-06-30": "-51.63400", "2008-03-31": "-0.75300", "2007-12-31": "6.90300", "2007-09-30": "-7.53700", "2007-06-30": "-2.47600", "2007-03-31": "-5.56000", "2006-12-31": "-31.82500", "2006-09-30": "12.23700", "2006-06-30": "-86.84800", "2006-03-31": "72.53800", "2005-12-31": "11.56000", "2005-09-30": "-0.36200", "2005-06-30": "63.72800", "2005-03-31": "2.71300"}, "Net Income": {"2020-12-31": "182.10600", "2020-09-30": "200.30000", "2020-06-30": "124.76600", "2020-03-31": "176.27900", "2019-12-31": "168.12200", "2019-09-30": "206.00600", "2019-06-30": "198.08500", "2019-03-31": "105.70500", "2018-12-31": "141.56810", "2018-09-30": "157.30500", "2018-06-30": "139.95900", "2018-03-31": "131.43500", "2017-12-31": "296.44800", "2017-09-30": "178.91200", "2017-06-30": "164.05800", "2017-03-31": "172.24700", "2016-12-31": "161.16200", "2016-09-30": "130.08400", "2016-06-30": "118.29000", "2016-03-31": "99.35600", "2015-12-31": "141.82500", "2015-09-30": "186.09800", "2015-06-30": "332.39600", "2015-03-31": "209.51000", "2014-12-31": "169.29400", "2014-09-30": "231.84400", "2014-06-30": "213.95900", "2014-03-31": "160.13800", "2013-12-31": "193.96300", "2013-09-30": "269.11400", "2013-06-30": "330.04900", "2013-03-31": "210.00300", "2012-12-31": "159.86000", "2012-09-30": "241.04600", "2012-06-30": "214.10100", "2012-03-31": "196.06300", "2011-12-31": "278.28900", "2011-09-30": "172.28000", "2011-06-30": "249.76900", "2011-03-31": "194.90500", "2010-12-31": "198.34800", "2010-09-30": "223.75900", "2010-06-30": "169.87000", "2010-03-31": "108.12700", "2009-12-31": "99.04900", "2009-09-30": "106.88400", "2009-06-30": "97.08000", "2009-03-31": "53.42500", "2008-12-31": "120.72900", "2008-09-30": "187.65000", "2008-06-30": "135.27600", "2008-03-31": "147.17600", "2007-12-31": "185.36400", "2007-09-30": "174.59000", "2007-06-30": "172.19500", "2007-03-31": "128.93100", "2006-12-31": "118.51800", "2006-09-30": "167.52500", "2006-06-30": "71.91100", "2006-03-31": "203.82800", "2005-12-31": "116.12700", "2005-09-30": "122.68000", "2005-06-30": "173.20100", "2005-03-31": "98.13400"}, "EBITDA": {"2020-12-31": "", "2020-09-30": "346.38710", "2020-06-30": "252.46100", "2020-03-31": "294.05390", "2019-12-31": "318.08470", "2019-09-30": "349.49990", "2019-06-30": "343.72800", "2019-03-31": "235.86800", "2018-12-31": "295.33570", "2018-09-30": "288.16490", "2018-06-30": "305.76390", "2018-03-31": "236.42800", "2017-12-31": "231.09830", "2017-09-30": "311.68590", "2017-06-30": "276.86800", "2017-03-31": "270.51190", "2016-12-31": "144.85920", "2016-09-30": "297.46900", "2016-06-30": "281.89600", "2016-03-31": "234.41990", "2015-12-31": "291.15060", "2015-09-30": "354.09410", "2015-06-30": "329.89990", "2015-03-31": "272.70690", "2014-12-31": "344.77710", "2014-09-30": "422.74300", "2014-06-30": "404.82300", "2014-03-31": "350.32890", "2013-12-31": "291.13110", "2013-09-30": "420.68200", "2013-06-30": "392.00700", "2013-03-31": "335.88300", "2012-12-31": "66.50190", "2012-09-30": "448.51100", "2012-06-30": "400.54790", "2012-03-31": "373.40090", "2011-12-31": "278.43160", "2011-09-30": "413.91700", "2011-06-30": "396.02190", "2011-03-31": "325.95500", "2010-12-31": "210.62570", "2010-09-30": "341.77000", "2010-06-30": "330.96200", "2010-03-31": "268.92800", "2009-12-31": "207.35020", "2009-09-30": "244.48100", "2009-06-30": "192.08300", "2009-03-31": "178.57790", "2008-12-31": "294.39270", "2008-09-30": "336.52090", "2008-06-30": "358.49000", "2008-03-31": "301.08090", "2007-12-31": "325.37980", "2007-09-30": "334.48290", "2007-06-30": "321.78700", "2007-03-31": "267.62310", "2006-12-31": "271.35970", "2006-09-30": "271.53590", "2006-06-30": "295.78000", "2006-03-31": "259.98100", "2005-12-31": "199.67190", "2005-09-30": "218.40410", "2005-06-30": "198.41090", "2005-03-31": "179.99390"}, "EBIT": {"2020-12-31": "245.92900", "2020-09-30": "276.89810", "2020-06-30": "184.85800", "2020-03-31": "225.30190", "2019-12-31": "248.09220", "2019-09-30": "282.71290", "2019-06-30": "275.95900", "2019-03-31": "168.13000", "2018-12-31": "218.77360", "2018-09-30": "220.07480", "2018-06-30": "236.46090", "2018-03-31": "167.80300", "2017-12-31": "159.98130", "2017-09-30": "239.15300", "2017-06-30": "232.83800", "2017-03-31": "174.91390", "2016-12-31": "158.60830", "2016-09-30": "210.74600", "2016-06-30": "193.80200", "2016-03-31": "145.81590", "2015-12-31": "199.44430", "2015-09-30": "276.92000", "2015-06-30": "251.87290", "2015-03-31": "192.52490", "2014-12-31": "263.49100", "2014-09-30": "348.26200", "2014-06-30": "329.27500", "2014-03-31": "274.45590", "2013-12-31": "228.20840", "2013-09-30": "348.08300", "2013-06-30": "320.19800", "2013-03-31": "265.18100", "2012-12-31": "97.72790", "2012-09-30": "358.19600", "2012-06-30": "311.01290", "2012-03-31": "292.09090", "2011-12-31": "208.28580", "2011-09-30": "329.64200", "2011-06-30": "327.59690", "2011-03-31": "258.32400", "2010-12-31": "162.30480", "2010-09-30": "292.86690", "2010-06-30": "264.88900", "2010-03-31": "202.98800", "2009-12-31": "167.88700", "2009-09-30": "180.14100", "2009-06-30": "128.34800", "2009-03-31": "114.75290", "2008-12-31": "231.12270", "2008-09-30": "269.35100", "2008-06-30": "293.08800", "2008-03-31": "235.76890", "2007-12-31": "261.47110", "2007-09-30": "272.70690", "2007-06-30": "262.10900", "2007-03-31": "209.21010", "2006-12-31": "215.96900", "2006-09-30": "225.61290", "2006-06-30": "248.81800", "2006-03-31": "212.41700", "2005-12-31": "162.48790", "2005-09-30": "181.05410", "2005-06-30": "164.88290", "2005-03-31": "139.51790"}, "Basic Shares Outstanding": {"2020-12-31": "143.95400", "2020-09-30": "144.03200", "2020-06-30": "143.95500", "2020-03-31": "144.25900", "2019-12-31": "145.19800", "2019-09-30": "145.37200", "2019-06-30": "145.36600", "2019-03-31": "145.08700", "2018-12-31": "149.87400", "2018-09-30": "147.34400", "2018-06-30": "151.74400", "2018-03-31": "154.52000", "2017-12-31": "155.68500", "2017-09-30": "155.75700", "2017-06-30": "155.70300", "2017-03-31": "155.54000", "2016-12-31": "155.23100", "2016-09-30": "155.30000", "2016-06-30": "155.18000", "2016-03-31": "155.06400", "2015-12-31": "157.61900", "2015-09-30": "155.30000", "2015-06-30": "158.64000", "2015-03-31": "161.65000", "2014-12-31": "166.69200", "2014-09-30": "166.02100", "2014-06-30": "166.47400", "2014-03-31": "169.75000", "2013-12-31": "171.27100", "2013-09-30": "170.54400", "2013-06-30": "171.11100", "2013-03-31": "173.44800", "2012-12-31": "181.55100", "2012-09-30": "181.76300", "2012-06-30": "183.49400", "2012-03-31": "183.73700", "2011-12-31": "185.88200", "2011-09-30": "185.77000", "2011-06-30": "186.44300", "2011-03-31": "186.65900", "2010-12-31": "186.89700", "2010-09-30": "186.72100", "2010-06-30": "186.82300", "2010-03-31": "187.09300", "2009-12-31": "186.13600", "2009-09-30": "186.14800", "2009-06-30": "186.07000", "2009-03-31": "186.01100", "2008-12-31": "188.48100", "2008-09-30": "186.48800", "2008-06-30": "189.09400", "2008-03-31": "192.42400", "2007-12-31": "201.33000", "2007-09-30": "200.85000", "2007-06-30": "204.43100", "2007-03-31": "204.45700", "2006-12-31": "203.77300", "2006-09-30": "203.68200", "2006-06-30": "203.89700", "2006-03-31": "203.31600", "2005-12-31": "202.97900", "2005-09-30": "202.57200", "2005-06-30": "202.95900", "2005-03-31": "203.65000"}, "Shares Outstanding": {"2020-12-31": "145.35500", "2020-09-30": "145.28900", "2020-06-30": "144.99500", "2020-03-31": "145.78200", "2019-12-31": "146.99200", "2019-09-30": "147.05100", "2019-06-30": "147.17900", "2019-03-31": "146.91100", "2018-12-31": "152.13300", "2018-09-30": "149.45700", "2018-06-30": "153.93800", "2018-03-31": "157.09000", "2017-12-31": "157.74400", "2017-09-30": "157.55500", "2017-06-30": "157.51300", "2017-03-31": "157.39900", "2016-12-31": "156.63600", "2016-09-30": "156.79800", "2016-06-30": "156.59500", "2016-03-31": "156.16100", "2015-12-31": "159.17200", "2015-09-30": "156.56000", "2015-06-30": "160.39800", "2015-03-31": "163.32300", "2014-12-31": "168.84200", "2014-09-30": "168.34300", "2014-06-30": "168.85700", "2014-03-31": "172.01300", "2013-12-31": "173.54700", "2013-09-30": "172.73400", "2013-06-30": "173.09700", "2013-03-31": "175.56700", "2012-12-31": "183.99300", "2012-09-30": "183.93200", "2012-06-30": "185.78000", "2012-03-31": "186.70600", "2011-12-31": "188.88700", "2011-09-30": "188.43600", "2011-06-30": "189.70500", "2011-03-31": "190.09000", "2010-12-31": "189.17000", "2010-09-30": "188.56500", "2010-06-30": "188.72000", "2010-03-31": "187.88600", "2009-12-31": "186.73600", "2009-09-30": "186.35800", "2009-06-30": "186.29200", "2009-03-31": "186.12100", "2008-12-31": "189.26900", "2008-09-30": "187.70600", "2008-06-30": "190.58900", "2008-03-31": "193.25700", "2007-12-31": "202.91800", "2007-09-30": "202.46900", "2007-06-30": "206.14500", "2007-03-31": "206.18200", "2006-12-31": "205.49700", "2006-09-30": "205.31300", "2006-06-30": "205.61500", "2006-03-31": "204.96000", "2005-12-31": "204.17700", "2005-09-30": "203.91800", "2005-06-30": "203.98400", "2005-03-31": "204.90400"}, "Basic EPS": {"2020-12-31": "1.27000", "2020-09-30": "1.39000", "2020-06-30": "0.87000", "2020-03-31": "1.22000", "2019-12-31": "1.16000", "2019-09-30": "1.42000", "2019-06-30": "1.36000", "2019-03-31": "0.73000", "2018-12-31": "0.96000", "2018-09-30": "1.07000", "2018-06-30": "0.92000", "2018-03-31": "0.85000", "2017-12-31": "1.90000", "2017-09-30": "1.15000", "2017-06-30": "1.05000", "2017-03-31": "1.11000", "2016-12-31": "1.04000", "2016-09-30": "0.84000", "2016-06-30": "0.76000", "2016-03-31": "0.64000", "2015-12-31": "0.92000", "2015-09-30": "1.20000", "2015-06-30": "2.10000", "2015-03-31": "1.30000", "2014-12-31": "1.02000", "2014-09-30": "1.40000", "2014-06-30": "1.29000", "2014-03-31": "0.94000", "2013-12-31": "1.14000", "2013-09-30": "1.58000", "2013-06-30": "1.93000", "2013-03-31": "1.21000", "2012-12-31": "0.90000", "2012-09-30": "1.33000", "2012-06-30": "1.17000", "2012-03-31": "1.07000", "2011-12-31": "1.51000", "2011-09-30": "0.93000", "2011-06-30": "1.34000", "2011-03-31": "1.04000", "2010-12-31": "1.06000", "2010-09-30": "1.20000", "2010-06-30": "0.91000", "2010-03-31": "0.58000", "2009-12-31": "0.53000", "2009-09-30": "0.57000", "2009-06-30": "0.52000", "2009-03-31": "0.29000", "2008-12-31": "0.64000", "2008-09-30": "1.01000", "2008-06-30": "0.72000", "2008-03-31": "0.76000", "2007-12-31": "0.94000", "2007-09-30": "0.87000", "2007-06-30": "0.84000", "2007-03-31": "0.63000", "2006-12-31": "0.59000", "2006-09-30": "0.82000", "2006-06-30": "0.35000", "2006-03-31": "1.00000", "2005-12-31": "0.57000", "2005-09-30": "0.61000", "2005-06-30": "0.85000", "2005-03-31": "0.48000"}, "EPS - Earnings Per Share": {"2020-12-31": "1.25000", "2020-09-30": "1.38000", "2020-06-30": "0.86000", "2020-03-31": "1.21000", "2019-12-31": "1.14000", "2019-09-30": "1.40000", "2019-06-30": "1.35000", "2019-03-31": "0.72000", "2018-12-31": "0.95000", "2018-09-30": "1.05000", "2018-06-30": "0.91000", "2018-03-31": "0.84000", "2017-12-31": "1.88000", "2017-09-30": "1.14000", "2017-06-30": "1.04000", "2017-03-31": "1.09000", "2016-12-31": "1.02000", "2016-09-30": "0.83000", "2016-06-30": "0.76000", "2016-03-31": "0.64000", "2015-12-31": "0.92000", "2015-09-30": "1.19000", "2015-06-30": "2.07000", "2015-03-31": "1.28000", "2014-12-31": "1.01000", "2014-09-30": "1.38000", "2014-06-30": "1.27000", "2014-03-31": "0.93000", "2013-12-31": "1.11000", "2013-09-30": "1.56000", "2013-06-30": "1.91000", "2013-03-31": "1.20000", "2012-12-31": "0.90000", "2012-09-30": "1.31000", "2012-06-30": "1.15000", "2012-03-31": "1.05000", "2011-12-31": "1.48000", "2011-09-30": "0.91000", "2011-06-30": "1.32000", "2011-03-31": "1.03000", "2010-12-31": "1.03000", "2010-09-30": "1.19000", "2010-06-30": "0.90000", "2010-03-31": "0.58000", "2009-12-31": "0.53000", "2009-09-30": "0.57000", "2009-06-30": "0.52000", "2009-03-31": "0.29000", "2008-12-31": "0.65000", "2008-09-30": "1.00000", "2008-06-30": "0.71000", "2008-03-31": "0.76000", "2007-12-31": "0.93000", "2007-09-30": "0.86000", "2007-06-30": "0.84000", "2007-03-31": "0.63000", "2006-12-31": "0.57000", "2006-09-30": "0.82000", "2006-06-30": "0.35000", "2006-03-31": "0.99000", "2005-12-31": "0.57000", "2005-09-30": "0.60000", "2005-06-30": "0.85000", "2005-03-31": "0.48000"}}, "balance sheet": {"Cash On Hand": {"2020-12-31": "513.07500", "2019-12-31": "397.25300", "2018-12-31": "396.22100", "2017-12-31": "753.96400", "2016-12-31": "349.14600", "2015-12-31": "362.18500", "2014-12-31": "681.58100", "2013-12-31": "803.88200", "2012-12-31": "800.07600", "2011-12-31": "1206.75500", "2010-12-31": "1310.81300", "2009-12-31": "938.17400", "2008-12-31": "826.86900", "2007-12-31": "606.10500", "2006-12-31": "374.84500", "2005-12-31": "185.83200"}, "Receivables": {"2020-12-31": "1137.22300", "2019-12-31": "1217.19000", "2018-12-31": "1231.85900", "2017-12-31": "1183.51400", "2016-12-31": "1265.20100", "2015-12-31": "1120.49000", "2014-12-31": "1186.74600", "2013-12-31": "1076.64100", "2012-12-31": "1225.89800", "2011-12-31": "1118.84800", "2010-12-31": "1023.09900", "2009-12-31": "878.75400", "2008-12-31": "1013.17400", "2007-12-31": "1104.09000", "2006-12-31": "1040.28600", "2005-12-31": "850.08400"}, "Inventory": {"2020-12-31": "835.80400", "2019-12-31": "806.14100", "2018-12-31": "748.79600", "2017-12-31": "677.04300", "2016-12-31": "870.48700", "2015-12-31": "802.89500", "2014-12-31": "863.73700", "2013-12-31": "715.31100", "2012-12-31": "872.84100", "2011-12-31": "733.80700", "2010-12-31": "657.96200", "2009-12-31": "570.85800", "2008-12-31": "636.12100", "2007-12-31": "673.94400", "2006-12-31": "694.63100", "2005-12-31": "573.26500"}, "Pre-Paid Expenses": {"2020-12-31": "133.08500", "2019-12-31": "127.84600", "2018-12-31": "126.87800", "2017-12-31": "175.62600", "2016-12-31": "104.35700", "2015-12-31": "133.44000", "2014-12-31": "101.90500", "2013-12-31": "62.03700", "2012-12-31": "79.09400", "2011-12-31": "148.39200", "2010-12-31": "56.81700", "2009-12-31": "64.92200", "2008-12-31": "80.26800", "2007-12-31": "84.37700", "2006-12-31": "64.58000", "2005-12-31": "49.71600"}, "Other Current Assets": {"2020-12-31": "", "2019-12-31": "", "2018-12-31": "", "2017-12-31": "", "2016-12-31": "", "2015-12-31": "", "2014-12-31": "", "2013-12-31": "", "2012-12-31": "", "2011-12-31": "", "2010-12-31": "", "2009-12-31": "", "2008-12-31": "", "2007-12-31": "", "2006-12-31": "", "2005-12-31": ""}, "Total Current Assets": {"2020-12-31": "2619.18700", "2019-12-31": "2548.43000", "2018-12-31": "2503.75400", "2017-12-31": "2790.14700", "2016-12-31": "2589.19100", "2015-12-31": "2419.01000", "2014-12-31": "2833.96900", "2013-12-31": "2717.97200", "2012-12-31": "3027.84400", "2011-12-31": "3248.17800", "2010-12-31": "3131.62500", "2009-12-31": "2522.70700", "2008-12-31": "2630.11900", "2007-12-31": "2544.63100", "2006-12-31": "2238.71100", "2005-12-31": "1705.77800"}, "Property, Plant, And Equipment": {"2020-12-31": "897.32600", "2019-12-31": "842.31800", "2018-12-31": "806.49700", "2017-12-31": "787.94000", "2016-12-31": "945.67000", "2015-12-31": "854.26900", "2014-12-31": "837.06900", "2013-12-31": "787.84900", "2012-12-31": "1167.05200", "2011-12-31": "970.70300", "2010-12-31": "785.62400", "2009-12-31": "828.92200", "2008-12-31": "872.13400", "2007-12-31": "892.23700", "2006-12-31": "815.18800", "2005-12-31": "706.74400"}, "Long-Term Investments": {"2020-12-31": "", "2019-12-31": "", "2018-12-31": "", "2017-12-31": "", "2016-12-31": "", "2015-12-31": "", "2014-12-31": "", "2013-12-31": "", "2012-12-31": "", "2011-12-31": "", "2010-12-31": "", "2009-12-31": "", "2008-12-31": "", "2007-12-31": "", "2006-12-31": "", "2005-12-31": ""}, "Goodwill And Intangible Assets": {"2020-12-31": "5156.31400", "2019-12-31": "4838.36100", "2018-12-31": "4811.58400", "2017-12-31": "4968.99600", "2016-12-31": "6365.60000", "2015-12-31": "5150.61200", "2014-12-31": "4861.07700", "2013-12-31": "4367.49100", "2012-12-31": "5740.07000", "2011-12-31": "4691.48000", "2010-12-31": "3906.75900", "2009-12-31": "4300.96500", "2008-12-31": "4207.97500", "2007-12-31": "4311.37900", "2006-12-31": "4208.41600", "2005-12-31": "3251.86300"}, "Other Long-Term Assets": {"2020-12-31": "479.24700", "2019-12-31": "440.36800", "2018-12-31": "243.93600", "2017-12-31": "245.72300", "2016-12-31": "215.53000", "2015-12-31": "182.18500", "2014-12-31": "171.00500", "2013-12-31": "202.80600", "2012-12-31": "111.43200", "2011-12-31": "103.33100", "2010-12-31": "107.64200", "2009-12-31": "113.10800", "2008-12-31": "103.90400", "2007-12-31": "167.40300", "2006-12-31": "122.84100", "2005-12-31": "239.36700"}, "Total Long-Term Assets": {"2020-12-31": "6532.88700", "2019-12-31": "6121.04700", "2018-12-31": "5862.01700", "2017-12-31": "7868.21200", "2016-12-31": "7526.79900", "2015-12-31": "6187.06600", "2014-12-31": "6196.32200", "2013-12-31": "8137.20900", "2012-12-31": "7416.09900", "2011-12-31": "6252.37400", "2010-12-31": "5427.11800", "2009-12-31": "5359.69600", "2008-12-31": "5253.11900", "2007-12-31": "5523.77500", "2006-12-31": "5387.94600", "2005-12-31": "4874.71400"}, "Total Assets": {"2020-12-31": "9152.07400", "2019-12-31": "8669.47700", "2018-12-31": "8365.77100", "2017-12-31": "10658.36000", "2016-12-31": "10115.99000", "2015-12-31": "8606.07600", "2014-12-31": "9030.29100", "2013-12-31": "10855.18000", "2012-12-31": "10443.94000", "2011-12-31": "9500.55200", "2010-12-31": "8558.74300", "2009-12-31": "7882.40300", "2008-12-31": "7883.23800", "2007-12-31": "8068.40700", "2006-12-31": "7626.65700", "2005-12-31": "6580.49200"}, "Total Current Liabilities": {"2020-12-31": "1738.79800", "2019-12-31": "1749.89100", "2018-12-31": "1827.42100", "2017-12-31": "2141.97800", "2016-12-31": "1940.31800", "2015-12-31": "1367.18200", "2014-12-31": "2038.84900", "2013-12-31": "1342.24800", "2012-12-31": "1986.62800", "2011-12-31": "1140.00400", "2010-12-31": "1145.04800", "2009-12-31": "969.17600", "2008-12-31": "1253.51400", "2007-12-31": "1678.74100", "2006-12-31": "1448.02800", "2005-12-31": "1106.69200"}, "Long Term Debt": {"2020-12-31": "3108.82900", "2019-12-31": "2985.71600", "2018-12-31": "2943.66000", "2017-12-31": "2986.70200", "2016-12-31": "3206.63700", "2015-12-31": "2603.65500", "2014-12-31": "2253.04100", "2013-12-31": "2599.20100", "2012-12-31": "2189.35000", "2011-12-31": "2186.23000", "2010-12-31": "1790.88600", "2009-12-31": "1825.26000", "2008-12-31": "1860.72900", "2007-12-31": "1452.00300", "2006-12-31": "1480.49100", "2005-12-31": "1344.17300"}, "Other Non-Current Liabilities": {"2020-12-31": "", "2019-12-31": "579.17400", "2018-12-31": "486.69900", "2017-12-31": "534.04500", "2016-12-31": "459.11700", "2015-12-31": "414.95500", "2014-12-31": "482.34000", "2013-12-31": "508.86400", "2012-12-31": "677.53300", "2011-12-31": "619.33700", "2010-12-31": "562.00900", "2009-12-31": "573.13700", "2008-12-31": "582.60100", "2007-12-31": "618.62000", "2006-12-31": "404.72100", "2005-12-31": "238.41700"}, "Total Long Term Liabilities": {"2020-12-31": "4027.50300", "2019-12-31": "3886.92600", "2018-12-31": "3769.68400", "2017-12-31": "4133.20100", "2016-12-31": "4375.92700", "2015-12-31": "3594.31900", "2014-12-31": "3290.71700", "2013-12-31": "4135.53700", "2012-12-31": "3538.08500", "2011-12-31": "3429.99300", "2010-12-31": "2887.13300", "2009-12-31": "2829.61900", "2008-12-31": "2836.85800", "2007-12-31": "2443.49300", "2006-12-31": "2367.60700", "2005-12-31": "2144.27700"}, "Total Liabilities": {"2020-12-31": "5766.30100", "2019-12-31": "5636.81700", "2018-12-31": "5597.10500", "2017-12-31": "6275.17900", "2016-12-31": "6316.24500", "2015-12-31": "4961.50100", "2014-12-31": "5329.56600", "2013-12-31": "5477.78500", "2012-12-31": "5524.71300", "2011-12-31": "4569.99700", "2010-12-31": "4032.18100", "2009-12-31": "3798.79500", "2008-12-31": "4090.37200", "2007-12-31": "4122.23400", "2006-12-31": "3815.63500", "2005-12-31": "3250.96900"}, "Common Stock Net": {"2020-12-31": "", "2019-12-31": "258.55200", "2018-12-31": "257.82200", "2017-12-31": "256.99200", "2016-12-31": "256.53800", "2015-12-31": "256.11300", "2014-12-31": "255.89300", "2013-12-31": "255.32000", "2012-12-31": "254.11900", "2011-12-31": "250.59200", "2010-12-31": "249.36100", "2009-12-31": "247.34200", "2008-12-31": "246.61500", "2007-12-31": "244.54800", "2006-12-31": "242.29300", "2005-12-31": "239.79600"}, "Retained Earnings (Accumulated Deficit)": {"2020-12-31": "", "2019-12-31": "8211.25700", "2018-12-31": "7815.48600", "2017-12-31": "8455.50100", "2016-12-31": "7927.79500", "2015-12-31": "7686.64200", "2014-12-31": "7074.78200", "2013-12-31": "7954.53600", "2012-12-31": "7199.22700", "2011-12-31": "6629.11600", "2010-12-31": "5953.02700", "2009-12-31": "5453.02200", "2008-12-31": "5286.45800", "2007-12-31": "4870.46000", "2006-12-31": "4421.92700", "2005-12-31": "4004.94400"}, "Comprehensive Income": {"2020-12-31": "", "2019-12-31": "-216.02600", "2018-12-31": "-243.09600", "2017-12-31": "-194.75900", "2016-12-31": "-359.32600", "2015-12-31": "-254.57300", "2014-12-31": "-158.93100", "2013-12-31": "67.72300", "2012-12-31": "-54.90600", "2011-12-31": "-47.51000", "2010-12-31": "50.16100", "2009-12-31": "84.84200", "2008-12-31": "10.81600", "2007-12-31": "217.64800", "2006-12-31": "48.85200", "2005-12-31": "57.77800"}, "Other Share Holders Equity": {"2020-12-31": "", "2019-12-31": "", "2018-12-31": "", "2017-12-31": "", "2016-12-31": "", "2015-12-31": "", "2014-12-31": "", "2013-12-31": "", "2012-12-31": "", "2011-12-31": "", "2010-12-31": "", "2009-12-31": "", "2008-12-31": "", "2007-12-31": "", "2006-12-31": "", "2005-12-31": ""}, "Share Holder Equity": {"2020-12-31": "3385.77300", "2019-12-31": "3032.66000", "2018-12-31": "2768.66600", "2017-12-31": "4383.18000", "2016-12-31": "3799.74600", "2015-12-31": "3644.57500", "2014-12-31": "3700.72500", "2013-12-31": "5377.39600", "2012-12-31": "4919.23000", "2011-12-31": "4930.55500", "2010-12-31": "4526.56200", "2009-12-31": "4083.60800", "2008-12-31": "3792.86600", "2007-12-31": "3946.17300", "2006-12-31": "3811.02200", "2005-12-31": "3329.52300"}, "Total Liabilities And Share Holders Equity": {"2020-12-31": "9152.07400", "2019-12-31": "8669.47700", "2018-12-31": "8365.77100", "2017-12-31": "10658.36000", "2016-12-31": "10115.99000", "2015-12-31": "8606.07600", "2014-12-31": "9030.29100", "2013-12-31": "10855.18000", "2012-12-31": "10443.94000", "2011-12-31": "9500.55200", "2010-12-31": "8558.74300", "2009-12-31": "7882.40300", "2008-12-31": "7883.23800", "2007-12-31": "8068.40700", "2006-12-31": "7626.65700", "2005-12-31": "6580.49200"}}, "balance sheet, quarterly": {"Cash On Hand": {"2020-12-31": "513.07500", "2020-09-30": "427.50100", "2020-06-30": "649.03200", "2020-03-31": "508.90700", "2019-12-31": "397.25300", "2019-09-30": "340.53200", "2019-06-30": "321.32600", "2019-03-31": "243.01400", "2018-12-31": "396.22100", "2018-09-30": "209.27700", "2018-06-30": "242.81400", "2018-03-31": "367.22200", "2017-12-31": "753.96400", "2017-09-30": "322.03900", "2017-06-30": "301.58800", "2017-03-31": "415.53000", "2016-12-31": "349.14600", "2016-09-30": "514.75500", "2016-06-30": "255.14000", "2016-03-31": "243.72000", "2015-12-31": "362.18500", "2015-09-30": "662.67300", "2015-06-30": "595.16800", "2015-03-31": "538.48600", "2014-12-31": "681.58100", "2014-09-30": "706.23400", "2014-06-30": "547.38800", "2014-03-31": "486.03900", "2013-12-31": "803.88200", "2013-09-30": "739.82400", "2013-06-30": "605.95000", "2013-03-31": "571.35900", "2012-12-31": "800.07600", "2012-09-30": "794.09900", "2012-06-30": "785.96500", "2012-03-31": "899.97600", "2011-12-31": "1206.75500", "2011-09-30": "917.02400", "2011-06-30": "1397.41900", "2011-03-31": "1378.11900", "2010-12-31": "1310.81300", "2010-09-30": "1080.83200", "2010-06-30": "973.53700", "2010-03-31": "1012.00400", "2009-12-31": "938.17400", "2009-09-30": "929.50400", "2009-06-30": "836.10400", "2009-03-31": "762.95000", "2008-12-31": "826.86900", "2008-09-30": "795.29100", "2008-06-30": "742.61300", "2008-03-31": "635.69000", "2007-12-31": "606.10500", "2007-09-30": "446.02300", "2007-06-30": "409.86300", "2007-03-31": "444.35400", "2006-12-31": "374.84500", "2006-09-30": "339.17300", "2006-06-30": "271.79400", "2006-03-31": "290.34700", "2005-12-31": "185.83200", "2005-09-30": "323.24200", "2005-06-30": "399.67100", "2005-03-31": "411.83000"}, "Receivables": {"2020-12-31": "1137.22300", "2020-09-30": "1203.42900", "2020-06-30": "1142.58300", "2020-03-31": "1222.15400", "2019-12-31": "1217.19000", "2019-09-30": "1269.15000", "2019-06-30": "1288.75500", "2019-03-31": "1272.05300", "2018-12-31": "1231.85900", "2018-09-30": "1283.77500", "2018-06-30": "1281.26000", "2018-03-31": "1414.94100", "2017-12-31": "1183.51400", "2017-09-30": "1446.55600", "2017-06-30": "1395.74500", "2017-03-31": "1299.42700", "2016-12-31": "1265.20100", "2016-09-30": "1199.13700", "2016-06-30": "1180.14600", "2016-03-31": "1167.31300", "2015-12-31": "1120.49000", "2015-09-30": "1193.84400", "2015-06-30": "1149.41400", "2015-03-31": "1133.21300", "2014-12-31": "1186.74600", "2014-09-30": "1338.58600", "2014-06-30": "1303.43100", "2014-03-31": "1238.36800", "2013-12-31": "1076.64100", "2013-09-30": "1437.51300", "2013-06-30": "1398.82900", "2013-03-31": "1309.44600", "2012-12-31": "1225.89800", "2012-09-30": "1412.31100", "2012-06-30": "1320.24500", "2012-03-31": "1273.69000", "2011-12-31": "1118.84800", "2011-09-30": "1339.82600", "2011-06-30": "1323.47000", "2011-03-31": "1213.34800", "2010-12-31": "1023.09900", "2010-09-30": "1181.59900", "2010-06-30": "1076.13200", "2010-03-31": "990.40500", "2009-12-31": "878.75400", "2009-09-30": "935.94800", "2009-06-30": "872.19300", "2009-03-31": "872.99800", "2008-12-31": "1013.17400", "2008-09-30": "1194.47200", "2008-06-30": "1237.23700", "2008-03-31": "1151.30100", "2007-12-31": "1104.09000", "2007-09-30": "1172.08100", "2007-06-30": "1119.52200", "2007-03-31": "1106.14000", "2006-12-31": "1040.28600", "2006-09-30": "1037.85500", "2006-06-30": "1001.24600", "2006-03-31": "1066.92200", "2005-12-31": "850.08400", "2005-09-30": "1024.75800", "2005-06-30": "970.42500", "2005-03-31": "964.56500"}, "Inventory": {"2020-12-31": "835.80400", "2020-09-30": "838.53900", "2020-06-30": "885.97200", "2020-03-31": "852.07500", "2019-12-31": "806.14100", "2019-09-30": "816.56300", "2019-06-30": "849.26600", "2019-03-31": "828.29800", "2018-12-31": "748.79600", "2018-09-30": "803.98100", "2018-06-30": "764.05300", "2018-03-31": "972.89300", "2017-12-31": "677.04300", "2017-09-30": "982.19600", "2017-06-30": "962.07000", "2017-03-31": "942.17600", "2016-12-31": "870.48700", "2016-09-30": "828.28600", "2016-06-30": "833.90700", "2016-03-31": "849.83000", "2015-12-31": "802.89500", "2015-09-30": "810.71500", "2015-06-30": "844.35500", "2015-03-31": "861.95200", "2014-12-31": "863.73700", "2014-09-30": "908.04800", "2014-06-30": "890.60600", "2014-03-31": "840.49000", "2013-12-31": "715.31100", "2013-09-30": "949.61800", "2013-06-30": "917.21700", "2013-03-31": "905.95200", "2012-12-31": "872.84100", "2012-09-30": "923.38900", "2012-06-30": "921.04000", "2012-03-31": "880.44300", "2011-12-31": "733.80700", "2011-09-30": "848.93400", "2011-06-30": "882.51200", "2011-03-31": "845.23000", "2010-12-31": "657.96200", "2010-09-30": "725.31200", "2010-06-30": "671.68200", "2010-03-31": "619.52800", "2009-12-31": "570.85800", "2009-09-30": "567.32200", "2009-06-30": "592.16000", "2009-03-31": "617.56800", "2008-12-31": "636.12100", "2008-09-30": "695.92200", "2008-06-30": "709.09700", "2008-03-31": "711.74600", "2007-12-31": "673.94400", "2007-09-30": "719.72900", "2007-06-30": "740.72800", "2007-03-31": "742.44400", "2006-12-31": "694.63100", "2006-09-30": "713.00900", "2006-06-30": "634.89500", "2006-03-31": "705.67200", "2005-12-31": "573.26500", "2005-09-30": "746.06500", "2005-06-30": "795.03200", "2005-03-31": "813.25400"}, "Pre-Paid Expenses": {"2020-12-31": "133.08500", "2020-09-30": "135.51500", "2020-06-30": "121.85800", "2020-03-31": "122.86400", "2019-12-31": "127.84600", "2019-09-30": "159.74700", "2019-06-30": "163.90400", "2019-03-31": "141.89100", "2018-12-31": "126.87800", "2018-09-30": "162.01600", "2018-06-30": "159.60100", "2018-03-31": "196.94300", "2017-12-31": "175.62600", "2017-09-30": "117.98000", "2017-06-30": "100.18100", "2017-03-31": "104.78600", "2016-12-31": "104.35700", "2016-09-30": "119.41900", "2016-06-30": "110.56300", "2016-03-31": "84.89300", "2015-12-31": "133.44000", "2015-09-30": "84.22400", "2015-06-30": "80.96400", "2015-03-31": "72.22200", "2014-12-31": "101.90500", "2014-09-30": "105.29900", "2014-06-30": "101.36500", "2014-03-31": "74.59600", "2013-12-31": "62.03700", "2013-09-30": "69.85700", "2013-06-30": "63.07600", "2013-03-31": "65.89800", "2012-12-31": "79.09400", "2012-09-30": "107.01100", "2012-06-30": "137.97500", "2012-03-31": "146.26000", "2011-12-31": "148.39200", "2011-09-30": "114.82800", "2011-06-30": "71.50900", "2011-03-31": "73.30300", "2010-12-31": "56.81700", "2010-09-30": "58.09200", "2010-06-30": "56.67700", "2010-03-31": "59.57900", "2009-12-31": "64.92200", "2009-09-30": "79.21300", "2009-06-30": "105.84600", "2009-03-31": "84.28300", "2008-12-31": "80.26800", "2008-09-30": "73.57300", "2008-06-30": "79.82700", "2008-03-31": "77.79400", "2007-12-31": "84.37700", "2007-09-30": "84.26200", "2007-06-30": "85.40700", "2007-03-31": "85.87900", "2006-12-31": "64.58000", "2006-09-30": "69.06100", "2006-06-30": "59.61800", "2006-03-31": "67.17400", "2005-12-31": "49.71600", "2005-09-30": "", "2005-06-30": "", "2005-03-31": ""}, "Other Current Assets": {"2020-12-31": "", "2020-09-30": "", "2020-06-30": "", "2020-03-31": "", "2019-12-31": "", "2019-09-30": "", "2019-06-30": "", "2019-03-31": "44.21000", "2018-12-31": "", "2018-09-30": "", "2018-06-30": "", "2018-03-31": "", "2017-12-31": "", "2017-09-30": "", "2017-06-30": "", "2017-03-31": "", "2016-12-31": "", "2016-09-30": "77.37000", "2016-06-30": "", "2016-03-31": "", "2015-12-31": "", "2015-09-30": "", "2015-06-30": "", "2015-03-31": "", "2014-12-31": "", "2014-09-30": "", "2014-06-30": "", "2014-03-31": "", "2013-12-31": "", "2013-09-30": "", "2013-06-30": "", "2013-03-31": "", "2012-12-31": "", "2012-09-30": "", "2012-06-30": "", "2012-03-31": "", "2011-12-31": "", "2011-09-30": "", "2011-06-30": "", "2011-03-31": "", "2010-12-31": "", "2010-09-30": "", "2010-06-30": "", "2010-03-31": "", "2009-12-31": "", "2009-09-30": "", "2009-06-30": "", "2009-03-31": "", "2008-12-31": "", "2008-09-30": "", "2008-06-30": "", "2008-03-31": "", "2007-12-31": "", "2007-09-30": "", "2007-06-30": "", "2007-03-31": "", "2006-12-31": "", "2006-09-30": "", "2006-06-30": "", "2006-03-31": "", "2005-12-31": "", "2005-09-30": "", "2005-06-30": "", "2005-03-31": ""}, "Total Current Assets": {"2020-12-31": "2619.18700", "2020-09-30": "2604.98400", "2020-06-30": "2799.44500", "2020-03-31": "2706.00000", "2019-12-31": "2548.43000", "2019-09-30": "2585.99200", "2019-06-30": "2623.25100", "2019-03-31": "2529.46600", "2018-12-31": "2503.75400", "2018-09-30": "2459.04900", "2018-06-30": "2447.72800", "2018-03-31": "2951.99900", "2017-12-31": "2790.14700", "2017-09-30": "2868.77100", "2017-06-30": "2759.58400", "2017-03-31": "2761.91900", "2016-12-31": "2589.19100", "2016-09-30": "2738.96700", "2016-06-30": "2379.75600", "2016-03-31": "2345.75600", "2015-12-31": "2419.01000", "2015-09-30": "2814.82900", "2015-06-30": "2737.12500", "2015-03-31": "2671.55100", "2014-12-31": "2833.96900", "2014-09-30": "3116.33100", "2014-06-30": "2903.52900", "2014-03-31": "2701.70900", "2013-12-31": "2717.97200", "2013-09-30": "3263.17000", "2013-06-30": "3048.88500", "2013-03-31": "2919.86300", "2012-12-31": "3027.84400", "2012-09-30": "3277.10700", "2012-06-30": "3205.31400", "2012-03-31": "3238.76900", "2011-12-31": "3248.17800", "2011-09-30": "3292.74800", "2011-06-30": "3753.41500", "2011-03-31": "3591.31700", "2010-12-31": "3131.62500", "2010-09-30": "3102.84100", "2010-06-30": "2846.06600", "2010-03-31": "2755.70200", "2009-12-31": "2522.70700", "2009-09-30": "2589.56800", "2009-06-30": "2480.31800", "2009-03-31": "2415.91400", "2008-12-31": "2630.11900", "2008-09-30": "2826.85300", "2008-06-30": "2836.09900", "2008-03-31": "2653.26500", "2007-12-31": "2544.63100", "2007-09-30": "2495.27400", "2007-06-30": "2432.51300", "2007-03-31": "2451.27100", "2006-12-31": "2238.71100", "2006-09-30": "2222.50200", "2006-06-30": "2022.32600", "2006-03-31": "2189.09100", "2005-12-31": "1705.77800", "2005-09-30": "2219.23400", "2005-06-30": "2291.80800", "2005-03-31": "2306.93200"}, "Property, Plant, And Equipment": {"2020-12-31": "897.32600", "2020-09-30": "879.62000", "2020-06-30": "858.27400", "2020-03-31": "841.81300", "2019-12-31": "842.31800", "2019-09-30": "820.58200", "2019-06-30": "815.00300", "2019-03-31": "797.68200", "2018-12-31": "806.49700", "2018-09-30": "806.73700", "2018-06-30": "805.00900", "2018-03-31": "1030.64500", "2017-12-31": "787.94000", "2017-09-30": "1012.76500", "2017-06-30": "978.62100", "2017-03-31": "946.37600", "2016-12-31": "945.67000", "2016-09-30": "839.43000", "2016-06-30": "853.58400", "2016-03-31": "858.98400", "2015-12-31": "854.26900", "2015-09-30": "824.03200", "2015-06-30": "827.90800", "2015-03-31": "821.73600", "2014-12-31": "837.06900", "2014-09-30": "818.73000", "2014-06-30": "821.58900", "2014-03-31": "817.81800", "2013-12-31": "787.84900", "2013-09-30": "1148.78400", "2013-06-30": "1137.64500", "2013-03-31": "1141.47700", "2012-12-31": "1167.05200", "2012-09-30": "1113.91800", "2012-06-30": "1086.15100", "2012-03-31": "1068.94600", "2011-12-31": "970.70300", "2011-09-30": "992.64100", "2011-06-30": "936.79700", "2011-03-31": "905.64900", "2010-12-31": "785.62400", "2010-09-30": "840.37400", "2010-06-30": "819.82700", "2010-03-31": "822.63600", "2009-12-31": "828.92200", "2009-09-30": "843.31300", "2009-06-30": "849.46600", "2009-03-31": "850.59700", "2008-12-31": "872.13400", "2008-09-30": "896.32700", "2008-06-30": "913.07900", "2008-03-31": "901.82700", "2007-12-31": "892.23700", "2007-09-30": "859.38600", "2007-06-30": "887.84900", "2007-03-31": "867.35600", "2006-12-31": "815.18800", "2006-09-30": "805.82000", "2006-06-30": "752.67000", "2006-03-31": "811.07700", "2005-12-31": "706.74400", "2005-09-30": "806.54000", "2005-06-30": "741.55200", "2005-03-31": "750.11900"}, "Long-Term Investments": {"2020-12-31": "", "2020-09-30": "", "2020-06-30": "", "2020-03-31": "", "2019-12-31": "", "2019-09-30": "", "2019-06-30": "", "2019-03-31": "", "2018-12-31": "", "2018-09-30": "", "2018-06-30": "", "2018-03-31": "", "2017-12-31": "", "2017-09-30": "", "2017-06-30": "", "2017-03-31": "", "2016-12-31": "", "2016-09-30": "", "2016-06-30": "", "2016-03-31": "", "2015-12-31": "", "2015-09-30": "", "2015-06-30": "", "2015-03-31": "", "2014-12-31": "", "2014-09-30": "", "2014-06-30": "", "2014-03-31": "", "2013-12-31": "", "2013-09-30": "", "2013-06-30": "", "2013-03-31": "", "2012-12-31": "", "2012-09-30": "", "2012-06-30": "", "2012-03-31": "", "2011-12-31": "", "2011-09-30": "", "2011-06-30": "", "2011-03-31": "", "2010-12-31": "", "2010-09-30": "", "2010-06-30": "", "2010-03-31": "", "2009-12-31": "", "2009-09-30": "", "2009-06-30": "", "2009-03-31": "", "2008-12-31": "", "2008-09-30": "", "2008-06-30": "", "2008-03-31": "", "2007-12-31": "", "2007-09-30": "", "2007-06-30": "", "2007-03-31": "", "2006-12-31": "", "2006-09-30": "", "2006-06-30": "", "2006-03-31": "", "2005-12-31": "", "2005-09-30": "", "2005-06-30": "", "2005-03-31": ""}, "Goodwill And Intangible Assets": {"2020-12-31": "5156.31400", "2020-09-30": "5032.70500", "2020-06-30": "5004.68500", "2020-03-31": "4956.95700", "2019-12-31": "4838.36100", "2019-09-30": "4840.55800", "2019-06-30": "4924.94000", "2019-03-31": "4926.41300", "2018-12-31": "4811.58400", "2018-09-30": "4915.44800", "2018-06-30": "4943.97000", "2018-03-31": "6292.66700", "2017-12-31": "4968.99600", "2017-09-30": "6374.87900", "2017-06-30": "6321.94100", "2017-03-31": "6290.82700", "2016-12-31": "6365.60000", "2016-09-30": "5515.69200", "2016-06-30": "5534.39300", "2016-03-31": "5578.01700", "2015-12-31": "5150.61200", "2015-09-30": "4672.09200", "2015-06-30": "4731.83200", "2015-03-31": "4773.17600", "2014-12-31": "4861.07700", "2014-09-30": "4773.54900", "2014-06-30": "4630.24500", "2014-03-31": "4641.90100", "2013-12-31": "4367.49100", "2013-09-30": "5711.46100", "2013-06-30": "5670.35100", "2013-03-31": "5656.20900", "2012-12-31": "5740.07000", "2012-09-30": "5391.88700", "2012-06-30": "5391.94300", "2012-03-31": "5267.05300", "2011-12-31": "4691.48000", "2011-09-30": "5094.12100", "2011-06-30": "4655.46300", "2011-03-31": "4684.77800", "2010-12-31": "3906.75900", "2010-09-30": "4240.64000", "2010-06-30": "4222.02600", "2010-03-31": "4255.83100", "2009-12-31": "4300.96500", "2009-09-30": "4173.08300", "2009-06-30": "4173.56600", "2009-03-31": "4172.10500", "2008-12-31": "4207.97500", "2008-09-30": "4323.69600", "2008-06-30": "4367.80800", "2008-03-31": "4379.72300", "2007-12-31": "4311.37900", "2007-09-30": "4306.95800", "2007-06-30": "4321.32700", "2007-03-31": "4345.15100", "2006-12-31": "4208.41600", "2006-09-30": "3695.74900", "2006-06-30": "3381.82500", "2006-03-31": "3451.84700", "2005-12-31": "3251.86300", "2005-09-30": "3485.50500", "2005-06-30": "2685.23900", "2005-03-31": "2733.61800"}, "Other Long-Term Assets": {"2020-12-31": "479.24700", "2020-09-30": "468.66200", "2020-06-30": "451.72900", "2020-03-31": "439.48300", "2019-12-31": "440.36800", "2019-09-30": "422.16900", "2019-06-30": "412.85600", "2019-03-31": "404.35000", "2018-12-31": "243.93600", "2018-09-30": "280.53600", "2018-06-30": "276.46300", "2018-03-31": "267.72900", "2017-12-31": "245.72300", "2017-09-30": "236.97500", "2017-06-30": "232.27700", "2017-03-31": "239.18600", "2016-12-31": "215.53000", "2016-09-30": "204.19400", "2016-06-30": "211.35900", "2016-03-31": "198.13800", "2015-12-31": "182.18500", "2015-09-30": "167.86700", "2015-06-30": "169.95200", "2015-03-31": "164.81300", "2014-12-31": "171.00500", "2014-09-30": "239.68900", "2014-06-30": "231.82700", "2014-03-31": "213.58100", "2013-12-31": "202.80600", "2013-09-30": "166.21500", "2013-06-30": "120.55100", "2013-03-31": "111.44200", "2012-12-31": "111.43200", "2012-09-30": "123.74800", "2012-06-30": "117.96900", "2012-03-31": "119.53900", "2011-12-31": "103.33100", "2011-09-30": "110.39400", "2011-06-30": "113.77300", "2011-03-31": "112.50500", "2010-12-31": "107.64200", "2010-09-30": "105.89600", "2010-06-30": "114.11500", "2010-03-31": "112.36500", "2009-12-31": "113.10800", "2009-09-30": "114.09300", "2009-06-30": "112.07900", "2009-03-31": "103.83500", "2008-12-31": "103.90400", "2008-09-30": "170.13600", "2008-06-30": "174.34700", "2008-03-31": "169.08500", "2007-12-31": "167.40300", "2007-09-30": "130.14300", "2007-06-30": "133.01800", "2007-03-31": "125.36300", "2006-12-31": "122.84100", "2006-09-30": "247.33900", "2006-06-30": "242.43000", "2006-03-31": "247.86200", "2005-12-31": "239.36700", "2005-09-30": "209.20900", "2005-06-30": "202.68000", "2005-03-31": "204.35000"}, "Total Long-Term Assets": {"2020-12-31": "6532.88700", "2020-09-30": "6380.98700", "2020-06-30": "6314.68800", "2020-03-31": "6238.25300", "2019-12-31": "6121.04700", "2019-09-30": "6083.30900", "2019-06-30": "6152.79900", "2019-03-31": "6128.44500", "2018-12-31": "5862.01700", "2018-09-30": "6002.72100", "2018-06-30": "6025.44100", "2018-03-31": "7591.04100", "2017-12-31": "7868.21200", "2017-09-30": "7624.61900", "2017-06-30": "7532.83900", "2017-03-31": "7476.38900", "2016-12-31": "7526.79900", "2016-09-30": "6559.31600", "2016-06-30": "6599.33600", "2016-03-31": "6635.13900", "2015-12-31": "6187.06600", "2015-09-30": "5663.99100", "2015-06-30": "5729.69200", "2015-03-31": "5975.15400", "2014-12-31": "6196.32200", "2014-09-30": "5842.85500", "2014-06-30": "5891.54500", "2014-03-31": "5962.68100", "2013-12-31": "8137.20900", "2013-09-30": "7401.96000", "2013-06-30": "7300.37100", "2013-03-31": "7315.05100", "2012-12-31": "7416.09900", "2012-09-30": "6633.03800", "2012-06-30": "6599.09100", "2012-03-31": "6459.81000", "2011-12-31": "6252.37400", "2011-09-30": "6220.28800", "2011-06-30": "5728.62300", "2011-03-31": "5768.82600", "2010-12-31": "5427.11800", "2010-09-30": "5250.73400", "2010-06-30": "5237.24100", "2010-03-31": "5271.19900", "2009-12-31": "5359.69600", "2009-09-30": "5182.74300", "2009-06-30": "5190.13600", "2009-03-31": "5180.91900", "2008-12-31": "5253.11900", "2008-09-30": "5489.62900", "2008-06-30": "5550.66300", "2008-03-31": "5550.18000", "2007-12-31": "5523.77500", "2007-09-30": "5453.78900", "2007-06-30": "5375.30400", "2007-03-31": "5396.06400", "2006-12-31": "5387.94600", "2006-09-30": "5102.23900", "2006-06-30": "4837.86700", "2006-03-31": "4565.00200", "2005-12-31": "4874.71400", "2005-09-30": "4585.56100", "2005-06-30": "3640.71500", "2005-03-31": "3699.24400"}, "Total Assets": {"2020-12-31": "9152.07400", "2020-09-30": "8985.97100", "2020-06-30": "9114.13300", "2020-03-31": "8944.25300", "2019-12-31": "8669.47700", "2019-09-30": "8669.30100", "2019-06-30": "8776.05000", "2019-03-31": "8657.91100", "2018-12-31": "8365.77100", "2018-09-30": "8461.77000", "2018-06-30": "8473.17000", "2018-03-31": "10543.04000", "2017-12-31": "10658.36000", "2017-09-30": "10493.39000", "2017-06-30": "10292.42000", "2017-03-31": "10238.31000", "2016-12-31": "10115.99000", "2016-09-30": "9298.28300", "2016-06-30": "8979.09200", "2016-03-31": "8980.89500", "2015-12-31": "8606.07600", "2015-09-30": "8478.82000", "2015-06-30": "8466.81700", "2015-03-31": "8646.70500", "2014-12-31": "9030.29100", "2014-09-30": "8959.18600", "2014-06-30": "8795.07400", "2014-03-31": "8664.39000", "2013-12-31": "10855.18000", "2013-09-30": "10665.13000", "2013-06-30": "10349.26000", "2013-03-31": "10234.91000", "2012-12-31": "10443.94000", "2012-09-30": "9910.14500", "2012-06-30": "9804.40500", "2012-03-31": "9698.57900", "2011-12-31": "9500.55200", "2011-09-30": "9513.03600", "2011-06-30": "9482.03800", "2011-03-31": "9360.14300", "2010-12-31": "8558.74300", "2010-09-30": "8353.57500", "2010-06-30": "8083.30700", "2010-03-31": "8026.90100", "2009-12-31": "7882.40300", "2009-09-30": "7772.31100", "2009-06-30": "7670.45400", "2009-03-31": "7596.83300", "2008-12-31": "7883.23800", "2008-09-30": "8316.48200", "2008-06-30": "8386.76100", "2008-03-31": "8203.44500", "2007-12-31": "8068.40700", "2007-09-30": "7949.06300", "2007-06-30": "7807.81700", "2007-03-31": "7847.33600", "2006-12-31": "7626.65700", "2006-09-30": "7324.74100", "2006-06-30": "6860.19300", "2006-03-31": "6754.09400", "2005-12-31": "6580.49200", "2005-09-30": "6804.79500", "2005-06-30": "5932.52300", "2005-03-31": "6006.17600"}, "Total Current Liabilities": {"2020-12-31": "1738.79800", "2020-09-30": "1766.37100", "2020-06-30": "2113.76100", "2020-03-31": "2094.36100", "2019-12-31": "1749.89100", "2019-09-30": "1825.30200", "2019-06-30": "1955.11500", "2019-03-31": "1946.92200", "2018-12-31": "1827.42100", "2018-09-30": "1890.30500", "2018-06-30": "1813.92700", "2018-03-31": "2080.58800", "2017-12-31": "2141.97800", "2017-09-30": "2167.25600", "2017-06-30": "2215.34600", "2017-03-31": "2319.20300", "2016-12-31": "1940.31800", "2016-09-30": "1891.07100", "2016-06-30": "1640.36700", "2016-03-31": "1648.80900", "2015-12-31": "1367.18200", "2015-09-30": "1668.69900", "2015-06-30": "1613.70500", "2015-03-31": "1782.05400", "2014-12-31": "2038.84900", "2014-09-30": "1393.96400", "2014-06-30": "1231.70000", "2014-03-31": "1231.40900", "2013-12-31": "1342.24800", "2013-09-30": "2018.53700", "2013-06-30": "1975.09900", "2013-03-31": "1951.45800", "2012-12-31": "1986.62800", "2012-09-30": "1275.97900", "2012-06-30": "1261.70900", "2012-03-31": "1205.63400", "2011-12-31": "1140.00400", "2011-09-30": "1286.65400", "2011-06-30": "1263.96600", "2011-03-31": "1273.85000", "2010-12-31": "1145.04800", "2010-09-30": "1198.98500", "2010-06-30": "1259.84900", "2010-03-31": "1186.45400", "2009-12-31": "969.17600", "2009-09-30": "943.45300", "2009-06-30": "1000.49000", "2009-03-31": "1010.94400", "2008-12-31": "1253.51400", "2008-09-30": "1537.02800", "2008-06-30": "1546.42100", "2008-03-31": "1323.69400", "2007-12-31": "1678.74100", "2007-09-30": "1614.50800", "2007-06-30": "1362.52800", "2007-03-31": "1476.76900", "2006-12-31": "1448.02800", "2006-09-30": "1172.19700", "2006-06-30": "1058.87100", "2006-03-31": "1169.57700", "2005-12-31": "1106.69200", "2005-09-30": "1566.70300", "2005-06-30": "1426.37000", "2005-03-31": "1530.96400"}, "Long Term Debt": {"2020-12-31": "3108.82900", "2020-09-30": "3047.21600", "2020-06-30": "3000.87000", "2020-03-31": "2963.01800", "2019-12-31": "2985.71600", "2019-09-30": "2908.72900", "2019-06-30": "2946.49300", "2019-03-31": "2940.96700", "2018-12-31": "2943.66000", "2018-09-30": "2981.92300", "2018-06-30": "2974.94000", "2018-03-31": "3032.00300", "2017-12-31": "2986.70200", "2017-09-30": "2985.04800", "2017-06-30": "2925.47200", "2017-03-31": "2887.96200", "2016-12-31": "3206.63700", "2016-09-30": "2613.76100", "2016-06-30": "2607.06600", "2016-03-31": "2610.64200", "2015-12-31": "2603.65500", "2015-09-30": "2224.94300", "2015-06-30": "2225.06300", "2015-03-31": "2217.87400", "2014-12-31": "2253.04100", "2014-09-30": "2570.25700", "2014-06-30": "2596.34400", "2014-03-31": "2602.33400", "2013-12-31": "2599.20100", "2013-09-30": "2190.15600", "2013-06-30": "2189.81100", "2013-03-31": "2189.52100", "2012-12-31": "2189.35000", "2012-09-30": "2192.16200", "2012-06-30": "2191.75000", "2012-03-31": "2191.75700", "2011-12-31": "2186.23000", "2011-09-30": "2186.47200", "2011-06-30": "2186.23800", "2011-03-31": "2185.99100", "2010-12-31": "1790.88600", "2010-09-30": "1789.66000", "2010-06-30": "1790.64200", "2010-03-31": "1825.19600", "2009-12-31": "1825.26000", "2009-09-30": "1826.98900", "2009-06-30": "1844.74100", "2009-03-31": "1861.40700", "2008-12-31": "1860.72900", "2008-09-30": "1861.17500", "2008-06-30": "1879.49200", "2008-03-31": "1896.01500", "2007-12-31": "1452.00300", "2007-09-30": "1454.45500", "2007-06-30": "1465.67400", "2007-03-31": "1480.91400", "2006-12-31": "1480.49100", "2006-09-30": "1491.20300", "2006-06-30": "1343.70400", "2006-03-31": "1343.79400", "2005-12-31": "1344.17300", "2005-09-30": "1339.88300", "2005-06-30": "751.65100", "2005-03-31": "755.44300"}, "Other Non-Current Liabilities": {"2020-12-31": "", "2020-09-30": "621.27500", "2020-06-30": "590.57900", "2020-03-31": "567.60700", "2019-12-31": "579.17400", "2019-09-30": "583.74200", "2019-06-30": "582.18200", "2019-03-31": "583.14100", "2018-12-31": "486.69900", "2018-09-30": "510.72000", "2018-06-30": "507.56500", "2018-03-31": "546.81100", "2017-12-31": "534.04500", "2017-09-30": "454.90100", "2017-06-30": "449.09200", "2017-03-31": "434.36500", "2016-12-31": "459.11700", "2016-09-30": "418.14300", "2016-06-30": "424.14800", "2016-03-31": "419.81500", "2015-12-31": "414.95500", "2015-09-30": "449.67100", "2015-06-30": "458.30900", "2015-03-31": "452.51800", "2014-12-31": "482.34000", "2014-09-30": "458.30100", "2014-06-30": "460.88200", "2014-03-31": "456.71500", "2013-12-31": "508.86400", "2013-09-30": "519.23500", "2013-06-30": "590.35200", "2013-03-31": "639.46300", "2012-12-31": "677.53300", "2012-09-30": "625.84500", "2012-06-30": "636.04600", "2012-03-31": "636.97600", "2011-12-31": "619.33700", "2011-09-30": "607.78400", "2011-06-30": "594.31300", "2011-03-31": "613.23700", "2010-12-31": "562.00900", "2010-09-30": "529.44600", "2010-06-30": "550.98000", "2010-03-31": "545.67400", "2009-12-31": "573.13700", "2009-09-30": "576.46900", "2009-06-30": "533.91800", "2009-03-31": "559.87100", "2008-12-31": "582.60100", "2008-09-30": "618.36000", "2008-06-30": "632.07500", "2008-03-31": "623.96200", "2007-12-31": "618.62000", "2007-09-30": "516.00600", "2007-06-30": "535.22700", "2007-03-31": "533.60200", "2006-12-31": "404.72100", "2006-09-30": "283.26000", "2006-06-30": "264.94200", "2006-03-31": "253.31300", "2005-12-31": "238.41700", "2005-09-30": "266.25000", "2005-06-30": "245.97200", "2005-03-31": "246.21200"}, "Total Long Term Liabilities": {"2020-12-31": "4027.50300", "2020-09-30": "3973.17900", "2020-06-30": "3910.84500", "2020-03-31": "3869.21100", "2019-12-31": "3886.92600", "2019-09-30": "3826.35700", "2019-06-30": "3865.66400", "2019-03-31": "3873.53600", "2018-12-31": "3769.68400", "2018-09-30": "3823.53100", "2018-06-30": "3818.65200", "2018-03-31": "4016.83000", "2017-12-31": "4133.20100", "2017-09-30": "4050.44400", "2017-06-30": "4004.64300", "2017-03-31": "3965.69000", "2016-12-31": "4375.92700", "2016-09-30": "3618.31200", "2016-06-30": "3624.99000", "2016-03-31": "3633.95300", "2015-12-31": "3594.31900", "2015-09-30": "3243.81700", "2015-06-30": "3260.63000", "2015-03-31": "3285.54100", "2014-12-31": "3290.71700", "2014-09-30": "3643.28300", "2014-06-30": "3666.74800", "2014-03-31": "3684.90300", "2013-12-31": "4135.53700", "2013-09-30": "3362.16800", "2013-06-30": "3393.28500", "2013-03-31": "3521.67500", "2012-12-31": "3538.08500", "2012-09-30": "3421.50000", "2012-06-30": "3432.43200", "2012-03-31": "3403.26800", "2011-12-31": "3429.99300", "2011-09-30": "3347.17600", "2011-06-30": "3305.11500", "2011-03-31": "3342.24900", "2010-12-31": "2887.13300", "2010-09-30": "2779.32600", "2010-06-30": "2738.18500", "2010-03-31": "2783.85600", "2009-12-31": "2829.61900", "2009-09-30": "2788.44400", "2009-06-30": "2766.05600", "2009-03-31": "2812.47700", "2008-12-31": "2836.85800", "2008-09-30": "2865.35400", "2008-06-30": "2883.73300", "2008-03-31": "2893.15700", "2007-12-31": "2443.49300", "2007-09-30": "2426.40500", "2007-06-30": "2447.69000", "2007-03-31": "2510.72900", "2006-12-31": "2367.60700", "2006-09-30": "2356.17100", "2006-06-30": "2169.47700", "2006-03-31": "2034.71100", "2005-12-31": "2144.27700", "2005-09-30": "1969.92900", "2005-06-30": "1338.55700", "2005-03-31": "1336.19900"}, "Total Liabilities": {"2020-12-31": "5766.30100", "2020-09-30": "5739.55000", "2020-06-30": "6024.60600", "2020-03-31": "5963.57200", "2019-12-31": "5636.81700", "2019-09-30": "5651.65800", "2019-06-30": "5820.77900", "2019-03-31": "5820.45800", "2018-12-31": "5597.10500", "2018-09-30": "5713.83600", "2018-06-30": "5632.57900", "2018-03-31": "6097.41800", "2017-12-31": "6275.17900", "2017-09-30": "6217.70000", "2017-06-30": "6219.98900", "2017-03-31": "6284.89300", "2016-12-31": "6316.24500", "2016-09-30": "5509.38300", "2016-06-30": "5265.35700", "2016-03-31": "5282.76200", "2015-12-31": "4961.50100", "2015-09-30": "4912.51600", "2015-06-30": "4874.33500", "2015-03-31": "5067.59500", "2014-12-31": "5329.56600", "2014-09-30": "5037.24700", "2014-06-30": "4898.44800", "2014-03-31": "4916.31200", "2013-12-31": "5477.78500", "2013-09-30": "5380.70500", "2013-06-30": "5368.38400", "2013-03-31": "5473.13300", "2012-12-31": "5524.71300", "2012-09-30": "4697.47900", "2012-06-30": "4694.14100", "2012-03-31": "4608.90200", "2011-12-31": "4569.99700", "2011-09-30": "4633.83000", "2011-06-30": "4569.08100", "2011-03-31": "4616.09900", "2010-12-31": "4032.18100", "2010-09-30": "3978.31100", "2010-06-30": "3998.03400", "2010-03-31": "3970.31000", "2009-12-31": "3798.79500", "2009-09-30": "3731.89700", "2009-06-30": "3766.54600", "2009-03-31": "3823.42100", "2008-12-31": "4090.37200", "2008-09-30": "4402.38200", "2008-06-30": "4430.15400", "2008-03-31": "4216.85100", "2007-12-31": "4122.23400", "2007-09-30": "4040.91300", "2007-06-30": "3810.21800", "2007-03-31": "3987.49800", "2006-12-31": "3815.63500", "2006-09-30": "3528.36800", "2006-06-30": "3228.34800", "2006-03-31": "3204.28800", "2005-12-31": "3250.96900", "2005-09-30": "3536.63200", "2005-06-30": "2764.92700", "2005-03-31": "2867.16300"}, "Common Stock Net": {"2020-12-31": "", "2020-09-30": "258.89300", "2020-06-30": "258.76800", "2020-03-31": "258.74500", "2019-12-31": "258.55200", "2019-09-30": "258.42600", "2019-06-30": "258.31500", "2019-03-31": "258.21400", "2018-12-31": "257.82200", "2018-09-30": "257.77500", "2018-06-30": "257.39400", "2018-03-31": "257.28200", "2017-12-31": "256.99200", "2017-09-30": "256.89600", "2017-06-30": "256.84600", "2017-03-31": "256.76700", "2016-12-31": "256.53800", "2016-09-30": "256.45100", "2016-06-30": "256.32400", "2016-03-31": "256.25100", "2015-12-31": "256.11300", "2015-09-30": "256.07400", "2015-06-30": "256.06400", "2015-03-31": "256.00900", "2014-12-31": "255.89300", "2014-09-30": "255.83100", "2014-06-30": "255.75600", "2014-03-31": "255.47100", "2013-12-31": "255.32000", "2013-09-30": "255.21700", "2013-06-30": "254.88100", "2013-03-31": "254.67600", "2012-12-31": "254.11900", "2012-09-30": "253.54700", "2012-06-30": "253.10800", "2012-03-31": "251.30700", "2011-12-31": "250.59200", "2011-09-30": "250.51100", "2011-06-30": "250.45600", "2011-03-31": "249.99800", "2010-12-31": "249.36100", "2010-09-30": "248.69600", "2010-06-30": "248.47400", "2010-03-31": "247.84600", "2009-12-31": "247.34200", "2009-09-30": "246.78900", "2009-06-30": "246.75400", "2009-03-31": "246.63400", "2008-12-31": "246.61500", "2008-09-30": "246.57100", "2008-06-30": "246.09000", "2008-03-31": "244.76700", "2007-12-31": "244.54800", "2007-09-30": "244.35900", "2007-06-30": "243.60400", "2007-03-31": "242.91600", "2006-12-31": "242.29300", "2006-09-30": "241.75500", "2006-06-30": "241.46800", "2006-03-31": "240.96000", "2005-12-31": "239.79600", "2005-09-30": "239.58500", "2005-06-30": "239.39900", "2005-03-31": "239.37700"}, "Retained Earnings (Accumulated Deficit)": {"2020-12-31": "", "2020-09-30": "8497.46200", "2020-06-30": "8368.62000", "2020-03-31": "8314.52500", "2019-12-31": "8211.25700", "2019-09-30": "8114.26000", "2019-06-30": "7979.59700", "2019-03-31": "7851.38200", "2018-12-31": "7815.48600", "2018-09-30": "7744.36100", "2018-06-30": "7657.86000", "2018-03-31": "8527.27600", "2017-12-31": "8455.50100", "2017-09-30": "8232.46300", "2017-06-30": "8126.91800", "2017-03-31": "8031.52600", "2016-12-31": "7927.79500", "2016-09-30": "7835.21300", "2016-06-30": "7773.63400", "2016-03-31": "7720.65800", "2015-12-31": "7686.64200", "2015-09-30": "7610.04200", "2015-06-30": "7489.02900", "2015-03-31": "7219.85000", "2014-12-31": "7074.78200", "2014-09-30": "6971.22400", "2014-06-30": "6804.94300", "2014-03-31": "6653.42900", "2013-12-31": "7954.53600", "2013-09-30": "7824.28200", "2013-06-30": "7619.04100", "2013-03-31": "7348.93300", "2012-12-31": "7199.22700", "2012-09-30": "7101.19300", "2012-06-30": "6923.56600", "2012-03-31": "6767.23600", "2011-12-31": "6629.11600", "2011-09-30": "6408.93500", "2011-06-30": "6295.09500", "2011-03-31": "6096.59100", "2010-12-31": "5953.02700", "2010-09-30": "5806.14200", "2010-06-30": "5633.74200", "2010-03-31": "5512.45200", "2009-12-31": "5453.02200", "2009-09-30": "5402.41700", "2009-06-30": "5343.93100", "2009-03-31": "5293.38000", "2008-12-31": "5286.45800", "2008-09-30": "5217.99300", "2008-06-30": "5076.61400", "2008-03-31": "4979.24800", "2007-12-31": "4870.46000", "2007-09-30": "4723.99600", "2007-06-30": "4589.14200", "2007-03-31": "4454.81400", "2006-12-31": "4421.92700", "2006-09-30": "4341.25300", "2006-06-30": "4211.41700", "2006-03-31": "4174.19300", "2005-12-31": "4004.94400", "2005-09-30": "3923.29600", "2005-06-30": "3835.06300", "2005-03-31": "3694.25700"}, "Comprehensive Income": {"2020-12-31": "", "2020-09-30": "-232.71500", "2020-06-30": "-263.62900", "2020-03-31": "-311.57800", "2019-12-31": "-216.02600", "2019-09-30": "-257.19000", "2019-06-30": "-208.11300", "2019-03-31": "-190.94600", "2018-12-31": "-243.09600", "2018-09-30": "-193.32500", "2018-06-30": "-179.77900", "2018-03-31": "-151.51600", "2017-12-31": "-194.75900", "2017-09-30": "-192.22800", "2017-06-30": "-287.38200", "2017-03-31": "-313.31600", "2016-12-31": "-359.32600", "2016-09-30": "-267.67800", "2016-06-30": "-281.54300", "2016-03-31": "-241.61100", "2015-12-31": "-254.57300", "2015-09-30": "-251.14500", "2015-06-30": "-197.63400", "2015-03-31": "-237.94100", "2014-12-31": "-158.93100", "2014-09-30": "-35.01200", "2014-06-30": "40.33000", "2014-03-31": "25.75000", "2013-12-31": "67.72300", "2013-09-30": "62.88200", "2013-06-30": "-83.24500", "2013-03-31": "-86.18500", "2012-12-31": "-54.90600", "2012-09-30": "-6.57400", "2012-06-30": "-99.85500", "2012-03-31": "-6.26800", "2011-12-31": "-47.51000", "2011-09-30": "17.13400", "2011-06-30": "141.45700", "2011-03-31": "121.82200", "2010-12-31": "50.16100", "2010-09-30": "24.77900", "2010-06-30": "-84.67400", "2010-03-31": "0.91500", "2009-12-31": "84.84200", "2009-09-30": "123.16400", "2009-06-30": "50.07300", "2009-03-31": "-21.85300", "2008-12-31": "10.81600", "2008-09-30": "204.34700", "2008-06-30": "298.87200", "2008-03-31": "284.06000", "2007-12-31": "217.64800", "2007-09-30": "134.32000", "2007-06-30": "79.41700", "2007-03-31": "59.76400", "2006-12-31": "48.85200", "2006-09-30": "142.58300", "2006-06-30": "120.11100", "2006-03-31": "67.76400", "2005-12-31": "57.77800", "2005-09-30": "84.28300", "2005-06-30": "77.94600", "2005-03-31": "145.21900"}, "Other Share Holders Equity": {"2020-12-31": "", "2020-09-30": "", "2020-06-30": "", "2020-03-31": "", "2019-12-31": "", "2019-09-30": "", "2019-06-30": "", "2019-03-31": "", "2018-12-31": "", "2018-09-30": "", "2018-06-30": "", "2018-03-31": "", "2017-12-31": "", "2017-09-30": "", "2017-06-30": "", "2017-03-31": "", "2016-12-31": "", "2016-09-30": "", "2016-06-30": "", "2016-03-31": "", "2015-12-31": "", "2015-09-30": "", "2015-06-30": "", "2015-03-31": "", "2014-12-31": "", "2014-09-30": "", "2014-06-30": "", "2014-03-31": "", "2013-12-31": "", "2013-09-30": "", "2013-06-30": "", "2013-03-31": "", "2012-12-31": "", "2012-09-30": "", "2012-06-30": "", "2012-03-31": "", "2011-12-31": "", "2011-09-30": "", "2011-06-30": "", "2011-03-31": "", "2010-12-31": "", "2010-09-30": "", "2010-06-30": "", "2010-03-31": "", "2009-12-31": "", "2009-09-30": "", "2009-06-30": "", "2009-03-31": "", "2008-12-31": "", "2008-09-30": "", "2008-06-30": "", "2008-03-31": "", "2007-12-31": "", "2007-09-30": "", "2007-06-30": "", "2007-03-31": "", "2006-12-31": "", "2006-09-30": "", "2006-06-30": "", "2006-03-31": "", "2005-12-31": "", "2005-09-30": "", "2005-06-30": "", "2005-03-31": ""}, "Share Holder Equity": {"2020-12-31": "3385.77300", "2020-09-30": "3246.42100", "2020-06-30": "3089.52700", "2020-03-31": "2980.68100", "2019-12-31": "3032.66000", "2019-09-30": "3017.64300", "2019-06-30": "2955.27100", "2019-03-31": "2837.45300", "2018-12-31": "2768.66600", "2018-09-30": "2747.93400", "2018-06-30": "2840.59100", "2018-03-31": "4445.62200", "2017-12-31": "4383.18000", "2017-09-30": "4275.69000", "2017-06-30": "4072.43400", "2017-03-31": "3953.41500", "2016-12-31": "3799.74600", "2016-09-30": "3788.90000", "2016-06-30": "3713.73500", "2016-03-31": "3698.13300", "2015-12-31": "3644.57500", "2015-09-30": "3566.30400", "2015-06-30": "3592.48200", "2015-03-31": "3579.11000", "2014-12-31": "3700.72500", "2014-09-30": "3921.93900", "2014-06-30": "3896.62600", "2014-03-31": "3748.07800", "2013-12-31": "5377.39600", "2013-09-30": "5284.42500", "2013-06-30": "4980.87200", "2013-03-31": "4761.78100", "2012-12-31": "4919.23000", "2012-09-30": "5212.66600", "2012-06-30": "5110.26400", "2012-03-31": "5089.67700", "2011-12-31": "4930.55500", "2011-09-30": "4879.20600", "2011-06-30": "4912.95700", "2011-03-31": "4744.04400", "2010-12-31": "4526.56200", "2010-09-30": "4375.26400", "2010-06-30": "4085.27300", "2010-03-31": "4056.59100", "2009-12-31": "4083.60800", "2009-09-30": "4040.41400", "2009-06-30": "3903.90800", "2009-03-31": "3773.41200", "2008-12-31": "3792.86600", "2008-09-30": "3914.10000", "2008-06-30": "3956.60700", "2008-03-31": "3986.59400", "2007-12-31": "3946.17300", "2007-09-30": "3908.15000", "2007-06-30": "3997.59900", "2007-03-31": "3859.83800", "2006-12-31": "3811.02200", "2006-09-30": "3796.37300", "2006-06-30": "3631.84500", "2006-03-31": "3549.80600", "2005-12-31": "3329.52300", "2005-09-30": "3268.16300", "2005-06-30": "3167.59600", "2005-03-31": "3139.01300"}, "Total Liabilities And Share Holders Equity": {"2020-12-31": "9152.07400", "2020-09-30": "8985.97100", "2020-06-30": "9114.13300", "2020-03-31": "8944.25300", "2019-12-31": "8669.47700", "2019-09-30": "8669.30100", "2019-06-30": "8776.05000", "2019-03-31": "8657.91100", "2018-12-31": "8365.77100", "2018-09-30": "8461.77000", "2018-06-30": "8473.17000", "2018-03-31": "10543.04000", "2017-12-31": "10658.36000", "2017-09-30": "10493.39000", "2017-06-30": "10292.42000", "2017-03-31": "10238.31000", "2016-12-31": "10115.99000", "2016-09-30": "9298.28300", "2016-06-30": "8979.09200", "2016-03-31": "8980.89500", "2015-12-31": "8606.07600", "2015-09-30": "8478.82000", "2015-06-30": "8466.81700", "2015-03-31": "8646.70500", "2014-12-31": "9030.29100", "2014-09-30": "8959.18600", "2014-06-30": "8795.07400", "2014-03-31": "8664.39000", "2013-12-31": "10855.18000", "2013-09-30": "10665.13000", "2013-06-30": "10349.26000", "2013-03-31": "10234.91000", "2012-12-31": "10443.94000", "2012-09-30": "9910.14500", "2012-06-30": "9804.40500", "2012-03-31": "9698.57900", "2011-12-31": "9500.55200", "2011-09-30": "9513.03600", "2011-06-30": "9482.03800", "2011-03-31": "9360.14300", "2010-12-31": "8558.74300", "2010-09-30": "8353.57500", "2010-06-30": "8083.30700", "2010-03-31": "8026.90100", "2009-12-31": "7882.40300", "2009-09-30": "7772.31100", "2009-06-30": "7670.45400", "2009-03-31": "7596.83300", "2008-12-31": "7883.23800", "2008-09-30": "8316.48200", "2008-06-30": "8386.76100", "2008-03-31": "8203.44500", "2007-12-31": "8068.40700", "2007-09-30": "7949.06300", "2007-06-30": "7807.81700", "2007-03-31": "7847.33600", "2006-12-31": "7626.65700", "2006-09-30": "7324.74100", "2006-06-30": "6860.19300", "2006-03-31": "6754.09400", "2005-12-31": "6580.49200", "2005-09-30": "6804.79500", "2005-06-30": "5932.52300", "2005-03-31": "6006.17600"}}, "cash flow statement": {"Net Income/Loss": {"2020-12-31": "683.45100", "2019-12-31": "677.91800", "2018-12-31": "570.26700", "2017-12-31": "811.66500", "2016-12-31": "508.89200", "2015-12-31": "869.82900", "2014-12-31": "775.23500", "2013-12-31": "1003.12900", "2012-12-31": "811.07000", "2011-12-31": "895.24300", "2010-12-31": "700.10400", "2009-12-31": "356.43800", "2008-12-31": "590.83100", "2007-12-31": "661.08000", "2006-12-31": "561.78200", "2005-12-31": "510.14200"}, "Total Depreciation And Amortization - Cash Flow": {"2020-12-31": "279.05100", "2019-12-31": "272.28700", "2018-12-31": "282.58000", "2017-12-31": "283.27800", "2016-12-31": "249.67200", "2015-12-31": "327.08900", "2014-12-31": "307.18800", "2013-12-31": "278.03300", "2012-12-31": "229.93400", "2011-12-31": "290.47700", "2010-12-31": "229.23700", "2009-12-31": "231.36300", "2008-12-31": "261.15400", "2007-12-31": "243.77600", "2006-12-31": "195.84000", "2005-12-31": "148.53800"}, "Other Non-Cash Items": {"2020-12-31": "19.81300", "2019-12-31": "96.35000", "2018-12-31": "18.15300", "2017-12-31": "-386.14300", "2016-12-31": "-126.87100", "2015-12-31": "-211.22600", "2014-12-31": "18.21100", "2013-12-31": "-112.76300", "2012-12-31": "-101.90400", "2011-12-31": "-29.61200", "2010-12-31": "8.35000", "2009-12-31": "88.53000", "2008-12-31": "170.34800", "2007-12-31": "-8.78800", "2006-12-31": "119.07200", "2005-12-31": "-74.72600"}, "Total Non-Cash Items": {"2020-12-31": "298.86400", "2019-12-31": "368.63700", "2018-12-31": "300.73300", "2017-12-31": "-102.86500", "2016-12-31": "122.80100", "2015-12-31": "115.86300", "2014-12-31": "325.39900", "2013-12-31": "165.27000", "2012-12-31": "128.03000", "2011-12-31": "260.86500", "2010-12-31": "237.58700", "2009-12-31": "319.89300", "2008-12-31": "431.50200", "2007-12-31": "234.98800", "2006-12-31": "314.91200", "2005-12-31": "73.81200"}, "Change In Accounts Receivable": {"2020-12-31": "", "2019-12-31": "-7.90300", "2018-12-31": "-87.57300", "2017-12-31": "-43.45000", "2016-12-31": "-74.04900", "2015-12-31": "37.91600", "2014-12-31": "-87.20700", "2013-12-31": "-87.80600", "2012-12-31": "10.86900", "2011-12-31": "-124.19300", "2010-12-31": "-147.01100", "2009-12-31": "119.22400", "2008-12-31": "36.42700", "2007-12-31": "-13.92700", "2006-12-31": "-47.57700", "2005-12-31": "-112.22300"}, "Change In Inventories": {"2020-12-31": "", "2019-12-31": "-56.87000", "2018-12-31": "-85.05200", "2017-12-31": "0.60500", "2016-12-31": "-3.28700", "2015-12-31": "63.12900", "2014-12-31": "-63.71700", "2013-12-31": "1.68400", "2012-12-31": "-16.29500", "2011-12-31": "-56.14500", "2010-12-31": "-88.55200", "2009-12-31": "79.78300", "2008-12-31": "27.12800", "2007-12-31": "60.66200", "2006-12-31": "-5.71700", "2005-12-31": "51.84000"}, "Change In Accounts Payable": {"2020-12-31": "", "2019-12-31": "18.27000", "2018-12-31": "106.56100", "2017-12-31": "94.05200", "2016-12-31": "70.83600", "2015-12-31": "42.92500", "2014-12-31": "60.17600", "2013-12-31": "38.80800", "2012-12-31": "35.55200", "2011-12-31": "82.62400", "2010-12-31": "79.18300", "2009-12-31": "-20.37800", "2008-12-31": "-19.27300", "2007-12-31": "-9.09900", "2006-12-31": "10.12700", "2005-12-31": "34.13900"}, "Change In Assets/Liabilities": {"2020-12-31": "122.49500", "2019-12-31": "-47.23300", "2018-12-31": "-33.38600", "2017-12-31": "-23.82000", "2016-12-31": "-23.45700", "2015-12-31": "-29.34300", "2014-12-31": "-42.75900", "2013-12-31": "-48.71000", "2012-12-31": "-49.36000", "2011-12-31": "-61.42400", "2010-12-31": "-49.99600", "2009-12-31": "-57.32600", "2008-12-31": "-54.47900", "2007-12-31": "-38.74000", "2006-12-31": "-17.84200", "2005-12-31": "-40.56800"}, "Total Change In Assets/Liabilities": {"2020-12-31": "122.49500", "2019-12-31": "-101.24900", "2018-12-31": "-81.80700", "2017-12-31": "30.60900", "2016-12-31": "102.90300", "2015-12-31": "-36.63300", "2014-12-31": "-150.47000", "2013-12-31": "-188.78700", "2012-12-31": "29.26900", "2011-12-31": "-207.24400", "2010-12-31": "-107.39600", "2009-12-31": "67.05000", "2008-12-31": "-11.91700", "2007-12-31": "31.62500", "2006-12-31": "13.96500", "2005-12-31": "-34.28600"}, "Cash Flow From Operating Activities": {"2020-12-31": "1104.81000", "2019-12-31": "945.30600", "2018-12-31": "789.19300", "2017-12-31": "739.40900", "2016-12-31": "734.59600", "2015-12-31": "949.05900", "2014-12-31": "950.16400", "2013-12-31": "979.61200", "2012-12-31": "968.36900", "2011-12-31": "948.86400", "2010-12-31": "830.29500", "2009-12-31": "743.38100", "2008-12-31": "1010.41600", "2007-12-31": "927.69300", "2006-12-31": "890.65900", "2005-12-31": "549.66800"}, "Net Change In Property, Plant, And Equipment": {"2020-12-31": "-158.48500", "2019-12-31": "-182.63600", "2018-12-31": "-165.08600", "2017-12-31": "-158.29400", "2016-12-31": "-124.35500", "2015-12-31": "-139.64700", "2014-12-31": "-151.66000", "2013-12-31": "-117.89300", "2012-12-31": "-137.17000", "2011-12-31": "-253.31300", "2010-12-31": "-153.11100", "2009-12-31": "-91.35500", "2008-12-31": "-162.54700", "2007-12-31": "-149.45800", "2006-12-31": "-173.02100", "2005-12-31": "-114.60600"}, "Net Change In Intangible Assets": {"2020-12-31": "", "2019-12-31": "", "2018-12-31": "", "2017-12-31": "", "2016-12-31": "", "2015-12-31": "", "2014-12-31": "", "2013-12-31": "", "2012-12-31": "", "2011-12-31": "", "2010-12-31": "", "2009-12-31": "", "2008-12-31": "", "2007-12-31": "", "2006-12-31": "", "2005-12-31": ""}, "Net Acquisitions/Divestitures": {"2020-12-31": "-320.38600", "2019-12-31": "-191.46900", "2018-12-31": "-64.62000", "2017-12-31": "345.47800", "2016-12-31": "-1355.33000", "2015-12-31": "121.47100", "2014-12-31": "-610.90600", "2013-12-31": "-246.38100", "2012-12-31": "-1080.43300", "2011-12-31": "-865.31600", "2010-12-31": "-99.91800", "2009-12-31": "-218.42300", "2008-12-31": "-10.98700", "2007-12-31": "-182.64400", "2006-12-31": "-670.87500", "2005-12-31": "-930.37200"}, "Net Change In Short-term Investments": {"2020-12-31": "", "2019-12-31": "", "2018-12-31": "", "2017-12-31": "", "2016-12-31": "", "2015-12-31": "-17.75200", "2014-12-31": "0.00000", "2013-12-31": "", "2012-12-31": "", "2011-12-31": "124.41000", "2010-12-31": "86.58500", "2009-12-31": "57.59400", "2008-12-31": "-279.46000", "2007-12-31": "", "2006-12-31": "", "2005-12-31": ""}, "Net Change In Long-Term Investments": {"2020-12-31": "", "2019-12-31": "", "2018-12-31": "", "2017-12-31": "", "2016-12-31": "", "2015-12-31": "", "2014-12-31": "", "2013-12-31": "", "2012-12-31": "", "2011-12-31": "", "2010-12-31": "", "2009-12-31": "", "2008-12-31": "", "2007-12-31": "", "2006-12-31": "", "2005-12-31": ""}, "Net Change In Investments - Total": {"2020-12-31": "", "2019-12-31": "", "2018-12-31": "", "2017-12-31": "", "2016-12-31": "", "2015-12-31": "-17.75200", "2014-12-31": "", "2013-12-31": "", "2012-12-31": "", "2011-12-31": "124.41000", "2010-12-31": "86.58500", "2009-12-31": "57.59400", "2008-12-31": "-279.46000", "2007-12-31": "", "2006-12-31": "", "2005-12-31": ""}, "Investing Activities - Other": {"2020-12-31": "-2.50800", "2019-12-31": "-10.15000", "2018-12-31": "-15.77400", "2017-12-31": "21.15100", "2016-12-31": "-1.05700", "2015-12-31": "1.35000", "2014-12-31": "-19.99100", "2013-12-31": "2.59700", "2012-12-31": "-7.72700", "2011-12-31": "-18.21100", "2010-12-31": "", "2009-12-31": "", "2008-12-31": "", "2007-12-31": "", "2006-12-31": "", "2005-12-31": ""}, "Cash Flow From Investing Activities": {"2020-12-31": "-481.37900", "2019-12-31": "-384.25500", "2018-12-31": "-245.48000", "2017-12-31": "208.33500", "2016-12-31": "-1480.74200", "2015-12-31": "-34.57800", "2014-12-31": "-782.55700", "2013-12-31": "-361.67700", "2012-12-31": "-1225.33000", "2011-12-31": "-1012.43000", "2010-12-31": "-166.44400", "2009-12-31": "-252.18400", "2008-12-31": "-452.99400", "2007-12-31": "-332.10200", "2006-12-31": "-843.89600", "2005-12-31": "-1044.97800"}, "Net Long-Term Debt": {"2020-12-31": "", "2019-12-31": "42.35700", "2018-12-31": "-350.00000", "2017-12-31": "", "2016-12-31": "654.51000", "2015-12-31": "94.25200", "2014-12-31": "-6.56600", "2013-12-31": "400.53000", "2012-12-31": "-3.58200", "2011-12-31": "386.31700", "2010-12-31": "-75.85500", "2009-12-31": "-32.40800", "2008-12-31": "407.73000", "2007-12-31": "-29.58300", "2006-12-31": "162.78600", "2005-12-31": "334.35500"}, "Net Current Debt": {"2020-12-31": "-84.70000", "2019-12-31": "-135.65000", "2018-12-31": "-10.72200", "2017-12-31": "-182.59600", "2016-12-31": "254.83400", "2015-12-31": "-327.00000", "2014-12-31": "251.50000", "2013-12-31": "-381.00000", "2012-12-31": "607.50000", "2011-12-31": "-15.00200", "2010-12-31": "15.00000", "2009-12-31": "-192.74900", "2008-12-31": "-412.72300", "2007-12-31": "347.19200", "2006-12-31": "65.32100", "2005-12-31": "106.87100"}, "Debt Issuance/Retirement Net - Total": {"2020-12-31": "-84.70000", "2019-12-31": "-93.29300", "2018-12-31": "-360.72200", "2017-12-31": "-182.59600", "2016-12-31": "909.34400", "2015-12-31": "-232.74800", "2014-12-31": "244.93400", "2013-12-31": "19.53000", "2012-12-31": "603.91800", "2011-12-31": "371.31500", "2010-12-31": "-60.85500", "2009-12-31": "-225.15700", "2008-12-31": "-4.99300", "2007-12-31": "317.60900", "2006-12-31": "228.10700", "2005-12-31": "441.22600"}, "Net Common Equity Issued/Repurchased": {"2020-12-31": "-106.27900", "2019-12-31": "-143.28000", "2018-12-31": "-894.97700", "2017-12-31": "-105.02300", "2016-12-31": "8.43100", "2015-12-31": "-596.14000", "2014-12-31": "-580.74010", "2013-12-31": "-450.25200", "2012-12-31": "-682.89300", "2011-12-31": "-202.66200", "2010-12-31": "-43.83400", "2009-12-31": "26.57800", "2008-12-31": "-386.84000", "2007-12-31": "-508.89200", "2006-12-31": "44.98200", "2005-12-31": "-32.70900"}, "Net Total Equity Issued/Repurchased": {"2020-12-31": "-106.27900", "2019-12-31": "-143.28000", "2018-12-31": "-894.97700", "2017-12-31": "-105.02300", "2016-12-31": "8.43100", "2015-12-31": "-596.14000", "2014-12-31": "-580.74010", "2013-12-31": "-450.25200", "2012-12-31": "-682.89300", "2011-12-31": "-202.66200", "2010-12-31": "-43.83400", "2009-12-31": "26.57800", "2008-12-31": "-386.84000", "2007-12-31": "-508.89200", "2006-12-31": "44.98200", "2005-12-31": "-32.70900"}, "Total Common And Preferred Stock Dividends Paid": {"2020-12-31": "-284.31200", "2019-12-31": "-282.19700", "2018-12-31": "-283.57000", "2017-12-31": "-283.95900", "2016-12-31": "-267.73900", "2015-12-31": "-257.96900", "2014-12-31": "-258.48700", "2013-12-31": "-247.82000", "2012-12-31": "-240.95900", "2011-12-31": "-219.15400", "2010-12-31": "-200.09900", "2009-12-31": "-189.87400", "2008-12-31": "-169.07100", "2007-12-31": "-154.39000", "2006-12-31": "-144.79900", "2005-12-31": "-133.91300"}, "Financial Activities - Other": {"2020-12-31": "-30.99900", "2019-12-31": "-39.27200", "2018-12-31": "641.43100", "2017-12-31": "-21.35500", "2016-12-31": "-15.70000", "2015-12-31": "-5.02900", "2014-12-31": "338.80400", "2013-12-31": "", "2012-12-31": "-23.00800", "2011-12-31": "", "2010-12-31": "", "2009-12-31": "", "2008-12-31": "", "2007-12-31": "", "2006-12-31": "", "2005-12-31": ""}, "Cash Flow From Financial Activities": {"2020-12-31": "-506.29000", "2019-12-31": "-558.04200", "2018-12-31": "-897.83800", "2017-12-31": "-592.93300", "2016-12-31": "634.33600", "2015-12-31": "-1091.88600", "2014-12-31": "-255.48900", "2013-12-31": "-678.54200", "2012-12-31": "-342.94200", "2011-12-31": "-50.50100", "2010-12-31": "-304.78800", "2009-12-31": "-388.45300", "2008-12-31": "-560.90400", "2007-12-31": "-345.67300", "2006-12-31": "128.29000", "2005-12-31": "274.60400"}, "Net Cash Flow": {"2020-12-31": "115.82200", "2019-12-31": "1.03200", "2018-12-31": "-357.74300", "2017-12-31": "404.81800", "2016-12-31": "-13.03900", "2015-12-31": "-319.39600", "2014-12-31": "-122.30100", "2013-12-31": "3.80600", "2012-12-31": "-406.67900", "2011-12-31": "19.39400", "2010-12-31": "469.17300", "2009-12-31": "166.54700", "2008-12-31": "-58.69600", "2007-12-31": "233.38400", "2006-12-31": "188.05900", "2005-12-31": "-122.54900"}, "Stock-Based Compensation": {"2020-12-31": "25.02600", "2019-12-31": "29.70200", "2018-12-31": "23.69800", "2017-12-31": "24.07300", "2016-12-31": "18.65000", "2015-12-31": "30.69700", "2014-12-31": "31.62800", "2013-12-31": "30.48000", "2012-12-31": "30.88400", "2011-12-31": "25.13000", "2010-12-31": "20.40700", "2009-12-31": "17.15800", "2008-12-31": "25.24600", "2007-12-31": "26.29200", "2006-12-31": "26.01700", "2005-12-31": ""}, "Common Stock Dividends Paid": {"2020-12-31": "-284.31200", "2019-12-31": "-282.19700", "2018-12-31": "-283.57000", "2017-12-31": "-283.95900", "2016-12-31": "-267.73900", "2015-12-31": "-257.96900", "2014-12-31": "-258.48700", "2013-12-31": "-247.82000", "2012-12-31": "-240.95900", "2011-12-31": "-219.15400", "2010-12-31": "-200.09900", "2009-12-31": "-189.87400", "2008-12-31": "-169.07100", "2007-12-31": "-154.39000", "2006-12-31": "-144.79900", "2005-12-31": "-133.91300"}}, "cash flow statement, quarterly": {"Net Income/Loss": {"2020-12-31": 182.106, "2020-09-30": 200.3, "2020-06-30": 124.766, "2020-03-31": "176.27900", "2019-12-31": 168.122, "2019-09-30": 206.006, "2019-06-30": 198.085, "2019-03-31": "105.70500", "2018-12-31": 141.569, "2018-09-30": 157.305, "2018-06-30": 139.958, "2018-03-31": "131.43500", "2017-12-31": 296.448, "2017-09-30": 178.912, "2017-06-30": 164.058, "2017-03-31": "172.24700", "2016-12-31": 161.162, "2016-09-30": 130.084, "2016-06-30": 118.29, "2016-03-31": "99.35600", "2015-12-31": 141.825, "2015-09-30": 186.098, "2015-06-30": 332.396, "2015-03-31": "209.51000", "2014-12-31": 169.294, "2014-09-30": 231.844, "2014-06-30": 213.959, "2014-03-31": "160.13800", "2013-12-31": 193.963, "2013-09-30": 269.114, "2013-06-30": 330.049, "2013-03-31": "210.00300", "2012-12-31": 159.86, "2012-09-30": 241.046, "2012-06-30": 214.101, "2012-03-31": "196.06300", "2011-12-31": 278.289, "2011-09-30": 172.28, "2011-06-30": 249.769, "2011-03-31": "194.90500", "2010-12-31": 198.348, "2010-09-30": 223.759, "2010-06-30": 169.87, "2010-03-31": "108.12700", "2009-12-31": 99.048, "2009-09-30": 106.884, "2009-06-30": 97.081, "2009-03-31": "53.42500", "2008-12-31": 120.727, "2008-09-30": 187.65, "2008-06-30": 135.278, "2008-03-31": "147.17600", "2007-12-31": 185.364, "2007-09-30": 174.59, "2007-06-30": 172.195, "2007-03-31": "128.93100", "2006-12-31": 118.52, "2006-09-30": 167.525, "2006-06-30": 71.909, "2006-03-31": "203.82800", "2005-12-31": 116.127, "2005-09-30": 122.68, "2005-06-30": 173.201, "2005-03-31": "98.13400"}, "Total Depreciation And Amortization - Cash Flow": {"2020-12-31": 73.207, "2020-09-30": 69.489, "2020-06-30": 67.603, "2020-03-31": "68.75200", "2019-12-31": 69.993, "2019-09-30": 66.787, "2019-06-30": 67.769, "2019-03-31": "67.73800", "2018-12-31": 76.562, "2018-09-30": 68.09, "2018-06-30": 69.303, "2018-03-31": "68.62500", "2017-12-31": 71.117, "2017-09-30": 72.533, "2017-06-30": 44.03, "2017-03-31": "95.59800", "2016-12-31": -13.749, "2016-09-30": 86.723, "2016-06-30": 88.094, "2016-03-31": "88.60400", "2015-12-31": 91.706, "2015-09-30": 77.174, "2015-06-30": 78.027, "2015-03-31": "80.18200", "2014-12-31": 81.286, "2014-09-30": 74.481, "2014-06-30": 75.548, "2014-03-31": "75.87300", "2013-12-31": 62.923, "2013-09-30": 72.599, "2013-06-30": 71.809, "2013-03-31": "70.70200", "2012-12-31": -31.226, "2012-09-30": 90.315, "2012-06-30": 89.535, "2012-03-31": "81.31000", "2011-12-31": 70.146, "2011-09-30": 84.275, "2011-06-30": 68.425, "2011-03-31": "67.63100", "2010-12-31": 48.321, "2010-09-30": 48.903, "2010-06-30": 66.073, "2010-03-31": "65.94000", "2009-12-31": 39.463, "2009-09-30": 64.34, "2009-06-30": 63.735, "2009-03-31": "63.82500", "2008-12-31": 63.27, "2008-09-30": 67.17, "2008-06-30": 65.402, "2008-03-31": "65.31200", "2007-12-31": 63.909, "2007-09-30": 61.776, "2007-06-30": 59.678, "2007-03-31": "58.41300", "2006-12-31": 55.391, "2006-09-30": 45.923, "2006-06-30": 46.962, "2006-03-31": "47.56400", "2005-12-31": 37.184, "2005-09-30": 37.35, "2005-06-30": 33.528, "2005-03-31": "40.47600"}, "Other Non-Cash Items": {"2020-12-31": 17.166, "2020-09-30": 9.218, "2020-06-30": 14.086, "2020-03-31": "-20.65700", "2019-12-31": 31.018, "2019-09-30": 7.142, "2019-06-30": 0.699, "2019-03-31": "57.49100", "2018-12-31": 11.781, "2018-09-30": -1.955, "2018-06-30": 29.047, "2018-03-31": "-20.72000", "2017-12-31": -259.331, "2017-09-30": -14.838, "2017-06-30": -34.686, "2017-03-31": "-77.28800", "2016-12-31": -129.968, "2016-09-30": 25.435, "2016-06-30": -22.497, "2016-03-31": "0.15900", "2015-12-31": 31.946, "2015-09-30": 7.059, "2015-06-30": -171.298, "2015-03-31": "-78.93300", "2014-12-31": -6.863, "2014-09-30": 19.271, "2014-06-30": -12.601, "2014-03-31": "18.40400", "2013-12-31": 22.204, "2013-09-30": -39.943, "2013-06-30": -81.626, "2013-03-31": "-13.39800", "2012-12-31": -92.768, "2012-09-30": 0.996, "2012-06-30": -6.898, "2012-03-31": "-3.23400", "2011-12-31": -90.141, "2011-09-30": 78.526, "2011-06-30": 0.484, "2011-03-31": "-18.48100", "2010-12-31": -9.955, "2010-09-30": 26.604, "2010-06-30": -5.121, "2010-03-31": "-3.17800", "2009-12-31": 61.541, "2009-09-30": 4.487, "2009-06-30": 8.87, "2009-03-31": "13.63200", "2008-12-31": 93.394, "2008-09-30": 10.534, "2008-06-30": 57.298, "2008-03-31": "9.12200", "2007-12-31": -48.821, "2007-09-30": 14.221, "2007-06-30": 12.266, "2007-03-31": "13.54600", "2006-12-31": 104.472, "2006-09-30": -13.644, "2006-06-30": 93.561, "2006-03-31": "-65.31700", "2005-12-31": -4.835, "2005-09-30": 0.362, "2005-06-30": -67.54, "2005-03-31": "-2.71300"}, "Total Non-Cash Items": {"2020-12-31": 90.373, "2020-09-30": 78.707, "2020-06-30": 81.689, "2020-03-31": "48.09500", "2019-12-31": 101.011, "2019-09-30": 73.929, "2019-06-30": 68.468, "2019-03-31": "125.22900", "2018-12-31": 88.343, "2018-09-30": 66.135, "2018-06-30": 98.35, "2018-03-31": "47.90500", "2017-12-31": -188.214, "2017-09-30": 57.695, "2017-06-30": 9.344, "2017-03-31": "18.31000", "2016-12-31": -143.717, "2016-09-30": 112.158, "2016-06-30": 65.597, "2016-03-31": "88.76300", "2015-12-31": 123.652, "2015-09-30": 84.233, "2015-06-30": -93.271, "2015-03-31": "1.24900", "2014-12-31": 74.423, "2014-09-30": 93.752, "2014-06-30": 62.947, "2014-03-31": "94.27700", "2013-12-31": 85.127, "2013-09-30": 32.656, "2013-06-30": -9.817, "2013-03-31": "57.30400", "2012-12-31": -123.994, "2012-09-30": 91.311, "2012-06-30": 82.637, "2012-03-31": "78.07600", "2011-12-31": -19.995, "2011-09-30": 162.801, "2011-06-30": 68.909, "2011-03-31": "49.15000", "2010-12-31": 38.366, "2010-09-30": 75.507, "2010-06-30": 60.952, "2010-03-31": "62.76200", "2009-12-31": 101.004, "2009-09-30": 68.827, "2009-06-30": 72.605, "2009-03-31": "77.45700", "2008-12-31": 156.664, "2008-09-30": 77.704, "2008-06-30": 122.7, "2008-03-31": "74.43400", "2007-12-31": 15.088, "2007-09-30": 75.997, "2007-06-30": 71.944, "2007-03-31": "71.95900", "2006-12-31": 159.863, "2006-09-30": 32.279, "2006-06-30": 140.523, "2006-03-31": "-17.75300", "2005-12-31": 32.349, "2005-09-30": 37.712, "2005-06-30": -34.012, "2005-03-31": "37.76300"}, "Change In Accounts Receivable": {"2020-12-31": -31.631, "2020-09-30": -41.686, "2020-06-30": 98.63, "2020-03-31": "-25.31300", "2019-12-31": 59.7, "2019-09-30": -4.375, "2019-06-30": -20.976, "2019-03-31": "-42.25200", "2018-12-31": 32.114, "2018-09-30": -11.684, "2018-06-30": -130.784, "2018-03-31": "22.78100", "2017-12-31": 21.353, "2017-09-30": -2.594, "2017-06-30": -39.002, "2017-03-31": "-23.20700", "2016-12-31": -42.258, "2016-09-30": -32.22, "2016-06-30": -19.674, "2016-03-31": "20.10300", "2015-12-31": 78.444, "2015-09-30": -57.987, "2015-06-30": -10.278, "2015-03-31": "27.73700", "2014-12-31": 122.674, "2014-09-30": -42.048, "2014-06-30": -66.225, "2014-03-31": "-101.60800", "2013-12-31": 100.795, "2013-09-30": 4.985, "2013-06-30": -86.282, "2013-03-31": "-107.30400", "2012-12-31": 183.793, "2012-09-30": -79.36, "2012-06-30": -50.832, "2012-03-31": "-42.73200", "2011-12-31": 78.67, "2011-09-30": -33.636, "2011-06-30": -90.463, "2011-03-31": "-78.76400", "2010-12-31": 139.973, "2010-09-30": -58.977, "2010-06-30": -100.49, "2010-03-31": "-127.51700", "2009-12-31": 10.698, "2009-09-30": -43.814, "2009-06-30": 24.875, "2009-03-31": "127.46500", "2008-12-31": 118.21, "2008-09-30": 9.628, "2008-06-30": -80.2, "2008-03-31": "-11.21100", "2007-12-31": 88.188, "2007-09-30": -50.166, "2007-06-30": -19.064, "2007-03-31": "-32.88500", "2006-12-31": 56.445, "2006-09-30": 8.411, "2006-06-30": -57.179, "2006-03-31": "-55.25400", "2005-12-31": 11.034, "2005-09-30": -45.262, "2005-06-30": -22.198, "2005-03-31": "-55.79700"}, "Change In Inventories": {"2020-12-31": 19.36, "2020-09-30": 61.523, "2020-06-30": -18.947, "2020-03-31": "-61.93600", "2019-12-31": 17.542, "2019-09-30": 19.142, "2019-06-30": -20.513, "2019-03-31": "-73.04100", "2018-12-31": 45.299, "2018-09-30": -45.011, "2018-06-30": -21.786, "2018-03-31": "-63.55400", "2017-12-31": 66.287, "2017-09-30": 14.762, "2017-06-30": -4.839, "2017-03-31": "-75.60500", "2016-12-31": 17.936, "2016-09-30": -4.794, "2016-06-30": 13.049, "2016-03-31": "-29.47800", "2015-12-31": 41.071, "2015-09-30": 21.197, "2015-06-30": 19.722, "2015-03-31": "-18.86100", "2014-12-31": 43.376, "2014-09-30": -9.835, "2014-06-30": -49.036, "2014-03-31": "-48.22200", "2013-12-31": 52.424, "2013-09-30": -13.61, "2013-06-30": -10.022, "2013-03-31": "-27.10800", "2012-12-31": 55.294, "2012-09-30": 3.355, "2012-06-30": -38.345, "2012-03-31": "-36.59900", "2011-12-31": 10.277, "2011-09-30": 20.764, "2011-06-30": -26.952, "2011-03-31": "-60.23400", "2010-12-31": 60.842, "2010-09-30": -34.986, "2010-06-30": -59.061, "2010-03-31": "-55.34700", "2009-12-31": -13.016, "2009-09-30": 33.884, "2009-06-30": 45.533, "2009-03-31": "13.38200", "2008-12-31": 37.366, "2008-09-30": -0.638, "2008-06-30": 5.034, "2008-03-31": "-14.63400", "2007-12-31": 48.354, "2007-09-30": 24.686, "2007-06-30": 7.347, "2007-03-31": "-19.72500", "2006-12-31": 36.748, "2006-09-30": -2.811, "2006-06-30": -18.95, "2006-03-31": "-20.70400", "2005-12-31": 53.253, "2005-09-30": 32.415, "2005-06-30": -6.212, "2005-03-31": "-27.61600"}, "Change In Accounts Payable": {"2020-12-31": 92.071, "2020-09-30": -20.062, "2020-06-30": -46.764, "2020-03-31": "-25.24500", "2019-12-31": 22.145, "2019-09-30": 3.253, "2019-06-30": 15.51, "2019-03-31": "-22.63800", "2018-12-31": 18.663, "2018-09-30": 23.306, "2018-06-30": 71.282, "2018-03-31": "-6.69000", "2017-12-31": 27.318, "2017-09-30": -5.72, "2017-06-30": 28.621, "2017-03-31": "43.83300", "2016-12-31": 32.254, "2016-09-30": 33.205, "2016-06-30": 19.676, "2016-03-31": "-14.29900", "2015-12-31": 8.946, "2015-09-30": 27.391, "2015-06-30": 25.464, "2015-03-31": "-18.87600", "2014-12-31": -30.971, "2014-09-30": 29.934, "2014-06-30": 20.214, "2014-03-31": "40.99900", "2013-12-31": -22.465, "2013-09-30": -4.885, "2013-06-30": 31.984, "2013-03-31": "34.17400", "2012-12-31": 3.465, "2012-09-30": -17.34, "2012-06-30": 30.321, "2012-03-31": "19.10600", "2011-12-31": -20.085, "2011-09-30": 11.38, "2011-06-30": -4.59, "2011-03-31": "95.91900", "2010-12-31": -44.62, "2010-09-30": -27.928, "2010-06-30": 63.735, "2010-03-31": "87.99600", "2009-12-31": 2.949, "2009-09-30": 3.512, "2009-06-30": -5.72, "2009-03-31": "-21.11900", "2008-12-31": -68.162, "2008-09-30": 1.11, "2008-06-30": 27.349, "2008-03-31": "20.43000", "2007-12-31": -27.648, "2007-09-30": -2.491, "2007-06-30": 8.318, "2007-03-31": "12.72200", "2006-12-31": -15.166, "2006-09-30": -9.789, "2006-06-30": 11.601, "2006-03-31": "23.48100", "2005-12-31": 19.976, "2005-09-30": -7.078, "2005-06-30": -14.152, "2005-03-31": "35.39300"}, "Change In Assets/Liabilities": {"2020-12-31": 146.693, "2020-09-30": -11.223, "2020-06-30": -4.321, "2020-03-31": "-8.65400", "2019-12-31": -17.897, "2019-09-30": -5.977, "2019-06-30": -8.438, "2019-03-31": "-14.92100", "2018-12-31": 1.218, "2018-09-30": -2.268, "2018-06-30": -17.558, "2018-03-31": "-14.77800", "2017-12-31": -21.014, "2017-09-30": 8.769, "2017-06-30": 2.681, "2017-03-31": "-14.25600", "2016-12-31": 19.055, "2016-09-30": -37.063, "2016-06-30": 8.552, "2016-03-31": "-14.00100", "2015-12-31": -12.128, "2015-09-30": -19.5, "2015-06-30": 14.864, "2015-03-31": "-12.57900", "2014-12-31": -2.783, "2014-09-30": -32.779, "2014-06-30": 11.877, "2014-03-31": "-19.07400", "2013-12-31": -35.1, "2013-09-30": -3.681, "2013-06-30": -7.204, "2013-03-31": "-2.72500", "2012-12-31": -28.737, "2012-09-30": -0.562, "2012-06-30": -18.46, "2012-03-31": "-1.60100", "2011-12-31": -34.319, "2011-09-30": -22.689, "2011-06-30": 3.269, "2011-03-31": "-7.68500", "2010-12-31": -27.149, "2010-09-30": -30.562, "2010-06-30": 3.08, "2010-03-31": "4.63500", "2009-12-31": -49.151, "2009-09-30": 35.562, "2009-06-30": -4.985, "2009-03-31": "-38.75200", "2008-12-31": -78.332, "2008-09-30": 11.52, "2008-06-30": 13.193, "2008-03-31": "-0.86000", "2007-12-31": -5.717, "2007-09-30": 0.384, "2007-06-30": -3.54, "2007-03-31": "-29.86700", "2006-12-31": -62.956, "2006-09-30": 27.744, "2006-06-30": 32.021, "2006-03-31": "-14.65100", "2005-12-31": 4.447, "2005-09-30": 0.485, "2005-06-30": -18.87, "2005-03-31": "-26.63000"}, "Total Change In Assets/Liabilities": {"2020-12-31": 145.412, "2020-09-30": 60.24, "2020-06-30": 65.354, "2020-03-31": "-148.51100", "2019-12-31": 92.075, "2019-09-30": 70.93, "2019-06-30": -57.844, "2019-03-31": "-206.41000", "2018-12-31": 140.597, "2018-09-30": 20.504, "2018-06-30": -79.103, "2018-03-31": "-163.80500", "2017-12-31": 177.178, "2017-09-30": 19.158, "2017-06-30": -54.096, "2017-03-31": "-111.63100", "2016-12-31": 144.205, "2016-09-30": -10.577, "2016-06-30": 23.981, "2016-03-31": "-54.70600", "2015-12-31": 51.126, "2015-09-30": 11.882, "2015-06-30": -20.214, "2015-03-31": "-79.42700", "2014-12-31": 201.061, "2014-09-30": -33.584, "2014-06-30": -91.893, "2014-03-31": "-226.05400", "2013-12-31": 112.085, "2013-09-30": -20.434, "2013-06-30": -70.844, "2013-03-31": "-209.59400", "2012-12-31": 242.002, "2012-09-30": -46.544, "2012-06-30": -53.377, "2012-03-31": "-112.81200", "2011-12-31": -8.807, "2011-09-30": 41.533, "2011-06-30": -113.418, "2011-03-31": "-126.55200", "2010-12-31": 114.811, "2010-09-30": -138.761, "2010-06-30": 0.377, "2010-03-31": "-83.82300", "2009-12-31": -10.784, "2009-09-30": 71.1, "2009-06-30": 22.75, "2009-03-31": "-16.01600", "2008-12-31": -7.038, "2008-09-30": 88.731, "2008-06-30": -25.904, "2008-03-31": "-67.70600", "2007-12-31": 169.899, "2007-09-30": -17.357, "2007-06-30": 18.456, "2007-03-31": "-139.37300", "2006-12-31": 35.38, "2006-09-30": 78.83, "2006-06-30": -43.875, "2006-03-31": "-56.37000", "2005-12-31": 74.029, "2005-09-30": -1.728, "2005-06-30": -5.036, "2005-03-31": "-101.55100"}, "Cash Flow From Operating Activities": {"2020-12-31": 417.891, "2020-09-30": 339.247, "2020-06-30": 271.809, "2020-03-31": "75.86300", "2019-12-31": 361.208, "2019-09-30": 350.865, "2019-06-30": 208.709, "2019-03-31": "24.52400", "2018-12-31": 370.509, "2018-09-30": 243.944, "2018-06-30": 159.205, "2018-03-31": "15.53500", "2017-12-31": 285.412, "2017-09-30": 255.765, "2017-06-30": 119.306, "2017-03-31": "78.92600", "2016-12-31": 161.65, "2016-09-30": 231.665, "2016-06-30": 207.868, "2016-03-31": "133.41300", "2015-12-31": 316.603, "2015-09-30": 282.213, "2015-06-30": 218.911, "2015-03-31": "131.33200", "2014-12-31": 444.778, "2014-09-30": 292.012, "2014-06-30": 185.013, "2014-03-31": "28.36100", "2013-12-31": 391.175, "2013-09-30": 281.336, "2013-06-30": 249.388, "2013-03-31": "57.71300", "2012-12-31": 277.868, "2012-09-30": 285.813, "2012-06-30": 243.361, "2012-03-31": "161.32700", "2011-12-31": 249.487, "2011-09-30": 376.614, "2011-06-30": 205.26, "2011-03-31": "117.50300", "2010-12-31": 351.525, "2010-09-30": 160.505, "2010-06-30": 231.199, "2010-03-31": "87.06600", "2009-12-31": 189.268, "2009-09-30": 246.811, "2009-06-30": 192.436, "2009-03-31": "114.86600", "2008-12-31": 270.353, "2008-09-30": 354.085, "2008-06-30": 232.074, "2008-03-31": "153.90400", "2007-12-31": 370.351, "2007-09-30": 233.23, "2007-06-30": 262.595, "2007-03-31": "61.51700", "2006-12-31": 313.763, "2006-09-30": 278.634, "2006-06-30": 168.557, "2006-03-31": "129.70500", "2005-12-31": 222.505, "2005-09-30": 158.664, "2005-06-30": 134.153, "2005-03-31": "34.34600"}, "Net Change In Property, Plant, And Equipment": {"2020-12-31": -40.011, "2020-09-30": -42.189, "2020-06-30": -37.345, "2020-03-31": "-38.94000", "2019-12-31": -48.198, "2019-09-30": -45.979, "2019-06-30": -51.507, "2019-03-31": "-36.95200", "2018-12-31": -35.211, "2018-09-30": -35.922, "2018-06-30": -51.435, "2018-03-31": "-42.51800", "2017-12-31": -33.921, "2017-09-30": -47.584, "2017-06-30": -34.948, "2017-03-31": "-41.84100", "2016-12-31": -18.558, "2016-09-30": -38.949, "2016-06-30": -30.237, "2016-03-31": "-36.61100", "2015-12-31": -37.839, "2015-09-30": -37.768, "2015-06-30": -42.125, "2015-03-31": "-21.91500", "2014-12-31": -52.826, "2014-09-30": -25.427, "2014-06-30": -41.91, "2014-03-31": "-31.49700", "2013-12-31": -28.312, "2013-09-30": -39.109, "2013-06-30": -27.854, "2013-03-31": "-22.61800", "2012-12-31": 60.887, "2012-09-30": -62.979, "2012-06-30": -68.806, "2012-03-31": "-66.27200", "2011-12-31": -71.965, "2011-09-30": -62.607, "2011-06-30": -70.449, "2011-03-31": "-48.29200", "2010-12-31": -39.916, "2010-09-30": -38.229, "2010-06-30": -38.883, "2010-03-31": "-36.08300", "2009-12-31": -21.1, "2009-09-30": -20.531, "2009-06-30": -23, "2009-03-31": "-26.72400", "2008-12-31": -35.648, "2008-09-30": -46.404, "2008-06-30": -39.964, "2008-03-31": "-40.53100", "2007-12-31": -38.084, "2007-09-30": -35.902, "2007-06-30": -33.876, "2007-03-31": "-41.59600", "2006-12-31": -48.45, "2006-09-30": -44.639, "2006-06-30": -48.315, "2006-03-31": "-31.61700", "2005-12-31": -33.828, "2005-09-30": -27.31, "2005-06-30": -28.418, "2005-03-31": "-25.05000"}, "Net Change In Intangible Assets": {"2020-12-31": 0, "2020-09-30": 0, "2020-06-30": 0, "2020-03-31": "", "2019-12-31": 0, "2019-09-30": 0, "2019-06-30": 0, "2019-03-31": "", "2018-12-31": 0, "2018-09-30": 0, "2018-06-30": 0, "2018-03-31": "", "2017-12-31": 0, "2017-09-30": 0, "2017-06-30": 0, "2017-03-31": "", "2016-12-31": 0, "2016-09-30": 0, "2016-06-30": 0, "2016-03-31": "", "2015-12-31": 0, "2015-09-30": 0, "2015-06-30": 0, "2015-03-31": "", "2014-12-31": 0, "2014-09-30": 0, "2014-06-30": 0, "2014-03-31": "", "2013-12-31": 0, "2013-09-30": 0, "2013-06-30": 0, "2013-03-31": "", "2012-12-31": 0, "2012-09-30": 0, "2012-06-30": 0, "2012-03-31": "", "2011-12-31": 0, "2011-09-30": 0, "2011-06-30": 0, "2011-03-31": "", "2010-12-31": 0, "2010-09-30": 0, "2010-06-30": 0, "2010-03-31": "", "2009-12-31": 0, "2009-09-30": 0, "2009-06-30": 0, "2009-03-31": "", "2008-12-31": 0, "2008-09-30": 0, "2008-06-30": 0, "2008-03-31": "", "2007-12-31": 0, "2007-09-30": 0, "2007-06-30": 0, "2007-03-31": "", "2006-12-31": 0, "2006-09-30": 0, "2006-06-30": 0, "2006-03-31": "", "2005-12-31": 0, "2005-09-30": 0, "2005-06-30": 0, "2005-03-31": ""}, "Net Acquisitions/Divestitures": {"2020-12-31": -77.112, "2020-09-30": -260.124, "2020-06-30": 208.421, "2020-03-31": "-191.57100", "2019-12-31": 0, "2019-09-30": -215.687, "2019-06-30": 197.056, "2019-03-31": "-172.83800", "2018-12-31": 1.868, "2018-09-30": 0, "2018-06-30": -0.172, "2018-03-31": "-66.31600", "2017-12-31": 249.871, "2017-09-30": 0, "2017-06-30": -24.79, "2017-03-31": "120.39700", "2016-12-31": -900.802, "2016-09-30": -26.592, "2016-06-30": -39.178, "2016-03-31": "-388.75800", "2015-12-31": -561.343, "2015-09-30": 4.314, "2015-06-30": 500, "2015-03-31": "178.50000", "2014-12-31": -423.468, "2014-09-30": -48.833, "2014-06-30": -28.735, "2014-03-31": "-109.87000", "2013-12-31": -131.147, "2013-09-30": -49.973, "2013-06-30": -65.261, "2013-03-31": "", "2012-12-31": -726.163, "2012-09-30": 0, "2012-06-30": -57.756, "2012-03-31": "-296.51400", "2011-12-31": 199.76, "2011-09-30": -645.268, "2011-06-30": -0.681, "2011-03-31": "-419.12700", "2010-12-31": -59.22, "2010-09-30": -35.213, "2010-06-30": -11.485, "2010-03-31": "6.00000", "2009-12-31": -176.534, "2009-09-30": -8.976, "2009-06-30": -33.018, "2009-03-31": "0.10500", "2008-12-31": 76.091, "2008-09-30": 4.673, "2008-06-30": -69.389, "2008-03-31": "-22.36200", "2007-12-31": -39.51, "2007-09-30": -55.595, "2007-06-30": 1.185, "2007-03-31": "-88.72400", "2006-12-31": -433.644, "2006-09-30": -286.062, "2006-06-30": -90.738, "2006-03-31": "139.56900", "2005-12-31": 4.0989, "2005-09-30": -914.6669, "2005-06-30": 80.864, "2005-03-31": "-100.66800"}, "Net Change In Short-term Investments": {"2020-12-31": 0, "2020-09-30": 238.839, "2020-06-30": -238.839, "2020-03-31": "", "2019-12-31": 0, "2019-09-30": 215.304, "2019-06-30": -215.304, "2019-03-31": "", "2018-12-31": 0, "2018-09-30": 0, "2018-06-30": 0, "2018-03-31": "", "2017-12-31": 0, "2017-09-30": 0, "2017-06-30": 0, "2017-03-31": "", "2016-12-31": 0, "2016-09-30": 0, "2016-06-30": 0, "2016-03-31": "", "2015-12-31": -17.752, "2015-09-30": 0, "2015-06-30": 0, "2015-03-31": "", "2014-12-31": 0, "2014-09-30": 0, "2014-06-30": 0, "2014-03-31": "", "2013-12-31": 0, "2013-09-30": 0, "2013-06-30": 0, "2013-03-31": "", "2012-12-31": 0, "2012-09-30": 0, "2012-06-30": 0, "2012-03-31": "", "2011-12-31": 18.211, "2011-09-30": 0, "2011-06-30": -18.211, "2011-03-31": "124.41000", "2010-12-31": 93.097, "2010-09-30": 39.793, "2010-06-30": 71.685, "2010-03-31": "-117.99000", "2009-12-31": 101.93, "2009-09-30": -174.937, "2009-06-30": 122.626, "2009-03-31": "7.97500", "2008-12-31": -60.101, "2008-09-30": -219.359, "2008-06-30": 0, "2008-03-31": "", "2007-12-31": 0, "2007-09-30": 0, "2007-06-30": 0, "2007-03-31": "", "2006-12-31": 0, "2006-09-30": 0, "2006-06-30": 0, "2006-03-31": "", "2005-12-31": 0, "2005-09-30": 0, "2005-06-30": 0, "2005-03-31": ""}, "Net Change In Long-Term Investments": {"2020-12-31": 0, "2020-09-30": 0, "2020-06-30": 0, "2020-03-31": "", "2019-12-31": 0, "2019-09-30": 0, "2019-06-30": 0, "2019-03-31": "", "2018-12-31": 0, "2018-09-30": 0, "2018-06-30": 0, "2018-03-31": "", "2017-12-31": 0, "2017-09-30": 0, "2017-06-30": 0, "2017-03-31": "", "2016-12-31": 0, "2016-09-30": 0, "2016-06-30": 0, "2016-03-31": "", "2015-12-31": 0, "2015-09-30": 0, "2015-06-30": 0, "2015-03-31": "", "2014-12-31": 0, "2014-09-30": 0, "2014-06-30": 0, "2014-03-31": "", "2013-12-31": 0, "2013-09-30": 0, "2013-06-30": 0, "2013-03-31": "", "2012-12-31": 0, "2012-09-30": 0, "2012-06-30": 0, "2012-03-31": "", "2011-12-31": 0, "2011-09-30": 0, "2011-06-30": 0, "2011-03-31": "", "2010-12-31": 0, "2010-09-30": 0, "2010-06-30": 0, "2010-03-31": "", "2009-12-31": 0, "2009-09-30": 0, "2009-06-30": 0, "2009-03-31": "", "2008-12-31": 0, "2008-09-30": 0, "2008-06-30": 0, "2008-03-31": "", "2007-12-31": 0, "2007-09-30": 0, "2007-06-30": 0, "2007-03-31": "", "2006-12-31": 0, "2006-09-30": 0, "2006-06-30": 0, "2006-03-31": "", "2005-12-31": 0, "2005-09-30": 0, "2005-06-30": 0, "2005-03-31": ""}, "Net Change In Investments - Total": {"2020-12-31": 0, "2020-09-30": 238.839, "2020-06-30": -238.839, "2020-03-31": "", "2019-12-31": 0, "2019-09-30": 215.304, "2019-06-30": -215.304, "2019-03-31": "", "2018-12-31": 0, "2018-09-30": 0, "2018-06-30": 0, "2018-03-31": "", "2017-12-31": 0, "2017-09-30": 0, "2017-06-30": 0, "2017-03-31": "", "2016-12-31": 0, "2016-09-30": 0, "2016-06-30": 0, "2016-03-31": "", "2015-12-31": -17.752, "2015-09-30": 0, "2015-06-30": 0, "2015-03-31": "", "2014-12-31": 0, "2014-09-30": 0, "2014-06-30": 0, "2014-03-31": "", "2013-12-31": 0, "2013-09-30": 0, "2013-06-30": 0, "2013-03-31": "", "2012-12-31": 0, "2012-09-30": 0, "2012-06-30": 0, "2012-03-31": "", "2011-12-31": 18.211, "2011-09-30": 0, "2011-06-30": -18.211, "2011-03-31": "124.41000", "2010-12-31": 93.097, "2010-09-30": 39.793, "2010-06-30": 71.685, "2010-03-31": "-117.99000", "2009-12-31": 101.93, "2009-09-30": -174.937, "2009-06-30": 122.626, "2009-03-31": "7.97500", "2008-12-31": -60.101, "2008-09-30": -219.359, "2008-06-30": 0, "2008-03-31": "", "2007-12-31": 0, "2007-09-30": 0, "2007-06-30": 0, "2007-03-31": "", "2006-12-31": 0, "2006-09-30": 0, "2006-06-30": 0, "2006-03-31": "", "2005-12-31": 0, "2005-09-30": 0, "2005-06-30": 0, "2005-03-31": ""}, "Investing Activities - Other": {"2020-12-31": -1.258, "2020-09-30": -1.25, "2020-06-30": 0, "2020-03-31": "", "2019-12-31": 0, "2019-09-30": -2.25, "2019-06-30": 0, "2019-03-31": "-7.90000", "2018-12-31": -2.012, "2018-09-30": 0, "2018-06-30": 0.001, "2018-03-31": "-13.76300", "2017-12-31": 0, "2017-09-30": 0, "2017-06-30": 18.782, "2017-03-31": "2.36900", "2016-12-31": 0, "2016-09-30": -0.569, "2016-06-30": 0, "2016-03-31": "-0.48800", "2015-12-31": 1.35, "2015-09-30": 0, "2015-06-30": 0, "2015-03-31": "", "2014-12-31": 1.775, "2014-09-30": 0, "2014-06-30": -17.53, "2014-03-31": "-4.23600", "2013-12-31": 0.596, "2013-09-30": -1.05, "2013-06-30": 1.926, "2013-03-31": "1.12500", "2012-12-31": 7.184, "2012-09-30": 5.637, "2012-06-30": -20.548, "2012-03-31": "", "2011-12-31": -18.211, "2011-09-30": 0, "2011-06-30": 0, "2011-03-31": "", "2010-12-31": 0, "2010-09-30": 0, "2010-06-30": 0, "2010-03-31": "", "2009-12-31": 0, "2009-09-30": 0, "2009-06-30": 0, "2009-03-31": "", "2008-12-31": 0, "2008-09-30": 0, "2008-06-30": 0, "2008-03-31": "", "2007-12-31": 0, "2007-09-30": 0, "2007-06-30": 0, "2007-03-31": "", "2006-12-31": 0, "2006-09-30": 0, "2006-06-30": 0, "2006-03-31": "", "2005-12-31": 0, "2005-09-30": 0, "2005-06-30": 0, "2005-03-31": ""}, "Cash Flow From Investing Activities": {"2020-12-31": -118.381, "2020-09-30": -64.724, "2020-06-30": -67.763, "2020-03-31": "-230.51100", "2019-12-31": -48.198, "2019-09-30": -48.612, "2019-06-30": -69.755, "2019-03-31": "-217.69000", "2018-12-31": -35.355, "2018-09-30": -35.922, "2018-06-30": -51.606, "2018-03-31": "-122.59700", "2017-12-31": 215.95, "2017-09-30": -47.584, "2017-06-30": -40.956, "2017-03-31": "80.92500", "2016-12-31": -919.36, "2016-09-30": -66.11, "2016-06-30": -69.415, "2016-03-31": "-425.85700", "2015-12-31": -615.584, "2015-09-30": -33.454, "2015-06-30": 457.875, "2015-03-31": "156.58500", "2014-12-31": -474.519, "2014-09-30": -74.26, "2014-06-30": -88.175, "2014-03-31": "-145.60300", "2013-12-31": -158.863, "2013-09-30": -90.132, "2013-06-30": -91.189, "2013-03-31": "-21.49300", "2012-12-31": -658.092, "2012-09-30": -57.342, "2012-06-30": -147.11, "2012-03-31": "-362.78600", "2011-12-31": 127.795, "2011-09-30": -707.875, "2011-06-30": -89.341, "2011-03-31": "-343.00900", "2010-12-31": -6.039, "2010-09-30": -33.649, "2010-06-30": 21.317, "2010-03-31": "-148.07300", "2009-12-31": -95.704, "2009-09-30": -204.444, "2009-06-30": 66.608, "2009-03-31": "-18.64400", "2008-12-31": -19.658, "2008-09-30": -261.09, "2008-06-30": -109.353, "2008-03-31": "-62.89300", "2007-12-31": -77.594, "2007-09-30": -91.497, "2007-06-30": -32.691, "2007-03-31": "-130.32000", "2006-12-31": -482.094, "2006-09-30": -330.701, "2006-06-30": -139.053, "2006-03-31": "107.95200", "2005-12-31": -29.729, "2005-09-30": -941.977, "2005-06-30": 52.446, "2005-03-31": "-125.71800"}, "Net Long-Term Debt": {"2020-12-31": 0, "2020-09-30": 0, "2020-06-30": 0, "2020-03-31": "", "2019-12-31": 42.357, "2019-09-30": 0, "2019-06-30": 0, "2019-03-31": "", "2018-12-31": 0, "2018-09-30": 0, "2018-06-30": 0, "2018-03-31": "-350.00000", "2017-12-31": 0, "2017-09-30": 0, "2017-06-30": 0, "2017-03-31": "", "2016-12-31": 654.51, "2016-09-30": 0, "2016-06-30": 0, "2016-03-31": "", "2015-12-31": 94.328, "2015-09-30": -0.034, "2015-06-30": -0.011, "2015-03-31": "-0.03100", "2014-12-31": -4.953, "2014-09-30": -1.568, "2014-06-30": 0.002, "2014-03-31": "-0.04700", "2013-12-31": 400.53, "2013-09-30": 0.025, "2013-06-30": 0.031, "2013-03-31": "-0.05600", "2012-12-31": -2.983, "2012-09-30": -0.469, "2012-06-30": -0.072, "2012-03-31": "-0.05800", "2011-12-31": -1.467, "2011-09-30": -0.729, "2011-06-30": -0.016, "2011-03-31": "388.52900", "2010-12-31": -0.041, "2010-09-30": -59.277, "2010-06-30": -16.537, "2010-03-31": "", "2009-12-31": 1.727, "2009-09-30": -19.59, "2009-06-30": -14.545, "2009-03-31": "", "2008-12-31": -2.927, "2008-09-30": -16.857, "2008-06-30": -166.606, "2008-03-31": "594.12000", "2007-12-31": -29.583, "2007-09-30": 15.025, "2007-06-30": -15.025, "2007-03-31": "", "2006-12-31": 163.895, "2006-09-30": 156.487, "2006-06-30": -41.581, "2006-03-31": "-116.01500", "2005-12-31": -452.276, "2005-09-30": 745.652, "2005-06-30": -137.214, "2005-03-31": "178.19300"}, "Net Current Debt": {"2020-12-31": -90.511, "2020-09-30": -414.489, "2020-06-30": 5, "2020-03-31": "415.30000", "2019-12-31": -98, "2019-09-30": -175, "2019-06-30": 11.457, "2019-03-31": "125.89300", "2018-12-31": -78.339, "2018-09-30": 14.033, "2018-06-30": -141.482, "2018-03-31": "195.06600", "2017-12-31": 97.331, "2017-09-30": -122.483, "2017-06-30": -141.544, "2017-03-31": "-15.90000", "2016-12-31": -100.441, "2016-09-30": 169.719, "2016-06-30": -61.543, "2016-03-31": "247.09900", "2015-12-31": -10.2, "2015-09-30": 79.3, "2015-06-30": -243.6, "2015-03-31": "-152.50000", "2014-12-31": 327.48, "2014-09-30": 102.52, "2014-06-30": -26.3, "2014-03-31": "-152.20000", "2013-12-31": -442.308, "2013-09-30": 6.265, "2013-06-30": -36.862, "2013-03-31": "91.90500", "2012-12-31": 607.5, "2012-09-30": 0, "2012-06-30": 0, "2012-03-31": "", "2011-12-31": -0.036, "2011-09-30": -46.111, "2011-06-30": 8.142, "2011-03-31": "23.00300", "2010-12-31": -33, "2010-09-30": 18, "2010-06-30": -97.5, "2010-03-31": "127.50000", "2009-12-31": -0.192, "2009-09-30": -100.287, "2009-06-30": -14.759, "2009-03-31": "-77.51100", "2008-12-31": -180.666, "2008-09-30": -56.227, "2008-06-30": 324.538, "2008-03-31": "-500.36800", "2007-12-31": 154.741, "2007-09-30": 193.339, "2007-06-30": -179.266, "2007-03-31": "178.37800", "2006-12-31": 65.321, "2006-09-30": 0, "2006-06-30": 0, "2006-03-31": "", "2005-12-31": 106.871, "2005-09-30": 0, "2005-06-30": 0, "2005-03-31": ""}, "Debt Issuance/Retirement Net - Total": {"2020-12-31": -90.511, "2020-09-30": -414.489, "2020-06-30": 5, "2020-03-31": "415.30000", "2019-12-31": -55.643, "2019-09-30": -175, "2019-06-30": 11.457, "2019-03-31": "125.89300", "2018-12-31": -78.339, "2018-09-30": 14.033, "2018-06-30": -141.482, "2018-03-31": "-154.93400", "2017-12-31": 97.331, "2017-09-30": -122.483, "2017-06-30": -141.544, "2017-03-31": "-15.90000", "2016-12-31": 554.069, "2016-09-30": 169.719, "2016-06-30": -61.543, "2016-03-31": "247.09900", "2015-12-31": 84.128, "2015-09-30": 79.266, "2015-06-30": -243.611, "2015-03-31": "-152.53100", "2014-12-31": 322.527, "2014-09-30": 100.952, "2014-06-30": -26.298, "2014-03-31": "-152.24700", "2013-12-31": -41.778, "2013-09-30": 6.29, "2013-06-30": -36.831, "2013-03-31": "91.84900", "2012-12-31": 604.517, "2012-09-30": -0.469, "2012-06-30": -0.072, "2012-03-31": "-0.05800", "2011-12-31": -1.503, "2011-09-30": -46.84, "2011-06-30": 8.126, "2011-03-31": "411.53200", "2010-12-31": -33.041, "2010-09-30": -41.277, "2010-06-30": -114.037, "2010-03-31": "127.50000", "2009-12-31": 1.535, "2009-09-30": -119.877, "2009-06-30": -29.304, "2009-03-31": "-77.51100", "2008-12-31": -183.593, "2008-09-30": -73.084, "2008-06-30": 157.932, "2008-03-31": "93.75200", "2007-12-31": 125.158, "2007-09-30": 208.364, "2007-06-30": -194.291, "2007-03-31": "178.37800", "2006-12-31": 229.216, "2006-09-30": 156.487, "2006-06-30": -41.581, "2006-03-31": "-116.01500", "2005-12-31": -345.405, "2005-09-30": 745.652, "2005-06-30": -137.214, "2005-03-31": "178.19300"}, "Net Common Equity Issued/Repurchased": {"2020-12-31": -53.363, "2020-09-30": 0, "2020-06-30": 0, "2020-03-31": "-52.91600", "2019-12-31": -120, "2019-09-30": -23.28, "2019-06-30": 0, "2019-03-31": "", "2018-12-31": -2.206, "2018-09-30": -147.794, "2018-06-30": -700, "2018-03-31": "-44.97700", "2017-12-31": -105.023, "2017-09-30": 0, "2017-06-30": 0, "2017-03-31": "", "2016-12-31": 1.603, "2016-09-30": 2.862, "2016-06-30": 1.785, "2016-03-31": "2.18100", "2015-12-31": 0.398, "2015-09-30": -99.885, "2015-06-30": -299.384, "2015-03-31": "-197.26900", "2014-12-31": -206.4201, "2014-09-30": -72.487, "2014-06-30": -13.42, "2014-03-31": "-288.41300", "2013-12-31": -77.698, "2013-09-30": -26.418, "2013-06-30": -61.912, "2013-03-31": "-284.22400", "2012-12-31": -327.379, "2012-09-30": -175.943, "2012-06-30": -150.326, "2012-03-31": "-29.24500", "2011-12-31": -109.661, "2011-09-30": -28.737, "2011-06-30": -54.95, "2011-03-31": "-9.31400", "2010-12-31": -25.857, "2010-09-30": 3.69, "2010-06-30": -12.414, "2010-03-31": "-9.25300", "2009-12-31": 21.281, "2009-09-30": 1.331, "2009-06-30": 2.729, "2009-03-31": "1.23700", "2008-12-31": 1.244, "2008-09-30": -97.24, "2008-06-30": -148.133, "2008-03-31": "-142.71100", "2007-12-31": -196.86, "2007-09-30": -286.233, "2007-06-30": -22.568, "2007-03-31": "-3.23100", "2006-12-31": 21.56, "2006-09-30": 5.357, "2006-06-30": -14.822, "2006-03-31": "32.88700", "2005-12-31": 4.924, "2005-09-30": 5.05, "2005-06-30": -45.468, "2005-03-31": "2.78500"}, "Net Total Equity Issued/Repurchased": {"2020-12-31": -53.363, "2020-09-30": 0, "2020-06-30": 0, "2020-03-31": "-52.91600", "2019-12-31": -120, "2019-09-30": -23.28, "2019-06-30": 0, "2019-03-31": "", "2018-12-31": -2.206, "2018-09-30": -147.794, "2018-06-30": -700, "2018-03-31": "-44.97700", "2017-12-31": -105.023, "2017-09-30": 0, "2017-06-30": 0, "2017-03-31": "", "2016-12-31": 1.603, "2016-09-30": 2.862, "2016-06-30": 1.785, "2016-03-31": "2.18100", "2015-12-31": 0.398, "2015-09-30": -99.885, "2015-06-30": -299.384, "2015-03-31": "-197.26900", "2014-12-31": -206.4201, "2014-09-30": -72.487, "2014-06-30": -13.42, "2014-03-31": "-288.41300", "2013-12-31": -77.698, "2013-09-30": -26.418, "2013-06-30": -61.912, "2013-03-31": "-284.22400", "2012-12-31": -327.379, "2012-09-30": -175.943, "2012-06-30": -150.326, "2012-03-31": "-29.24500", "2011-12-31": -109.661, "2011-09-30": -28.737, "2011-06-30": -54.95, "2011-03-31": "-9.31400", "2010-12-31": -25.857, "2010-09-30": 3.69, "2010-06-30": -12.414, "2010-03-31": "-9.25300", "2009-12-31": 21.281, "2009-09-30": 1.331, "2009-06-30": 2.729, "2009-03-31": "1.23700", "2008-12-31": 1.244, "2008-09-30": -97.24, "2008-06-30": -148.133, "2008-03-31": "-142.71100", "2007-12-31": -196.86, "2007-09-30": -286.233, "2007-06-30": -22.568, "2007-03-31": "-3.23100", "2006-12-31": 21.56, "2006-09-30": 5.357, "2006-06-30": -14.822, "2006-03-31": "32.88700", "2005-12-31": 4.924, "2005-09-30": 5.05, "2005-06-30": -45.468, "2005-03-31": "2.78500"}, "Total Common And Preferred Stock Dividends Paid": {"2020-12-31": -71.284, "2020-09-30": -71.458, "2020-06-30": -70.671, "2020-03-31": "-70.89900", "2019-12-31": -71.125, "2019-09-30": -71.342, "2019-06-30": -69.921, "2019-03-31": "-69.80900", "2018-12-31": -70.444, "2018-09-30": -70.804, "2018-06-30": -69.631, "2018-03-31": "-72.69100", "2017-12-31": -73.41, "2017-09-30": -73.367, "2017-06-30": -68.666, "2017-03-31": "-68.51600", "2016-12-31": -67.98, "2016-09-30": -68.506, "2016-06-30": -65.313, "2016-03-31": "-65.94000", "2015-12-31": -65.225, "2015-09-30": -65.085, "2015-06-30": -63.217, "2015-03-31": "-64.44200", "2014-12-31": -65.854, "2014-09-30": -66.203, "2014-06-30": -62.445, "2014-03-31": "-63.98500", "2013-12-31": -63.709, "2013-09-30": -63.873, "2013-06-30": -59.941, "2013-03-31": "-60.29700", "2012-12-31": -61.826, "2012-09-30": -63.419, "2012-06-30": -57.771, "2012-03-31": "-57.94300", "2011-12-31": -58.108, "2011-09-30": -58.441, "2011-06-30": -51.264, "2011-03-31": "-51.34100", "2010-12-31": -51.463, "2010-09-30": -51.359, "2010-06-30": -48.581, "2010-03-31": "-48.69600", "2009-12-31": -48.443, "2009-09-30": -48.398, "2009-06-30": -46.53, "2009-03-31": "-46.50300", "2008-12-31": -46.5, "2008-09-30": -46.271, "2008-06-30": -37.912, "2008-03-31": "-38.38800", "2007-12-31": -38.9, "2007-09-30": -39.737, "2007-06-30": -37.866, "2007-03-31": "-37.88700", "2006-12-31": -37.846, "2006-09-30": -37.689, "2006-06-30": -34.685, "2006-03-31": "-34.57900", "2005-12-31": -34.479, "2005-09-30": -34.447, "2005-06-30": -32.395, "2005-03-31": "-32.59200"}, "Financial Activities - Other": {"2020-12-31": -7.796, "2020-09-30": -10.885, "2020-06-30": -1.787, "2020-03-31": "-10.53100", "2019-12-31": -8.844, "2019-09-30": -8.279, "2019-06-30": -2.132, "2019-03-31": "-20.01700", "2018-12-31": 2.464, "2018-09-30": -27.911, "2018-06-30": 683.379, "2018-03-31": "-16.50100", "2017-12-31": -4.63, "2017-09-30": -1.785, "2017-06-30": -6.063, "2017-03-31": "-8.87700", "2016-12-31": -2.676, "2016-09-30": -5.584, "2016-06-30": -2.607, "2016-03-31": "-4.83300", "2015-12-31": -0.221, "2015-09-30": -0.33, "2015-06-30": -2.117, "2015-03-31": "-2.36100", "2014-12-31": -1.233, "2014-09-30": -0.796, "2014-06-30": -12.038, "2014-03-31": "352.87100", "2013-12-31": 28.478, "2013-09-30": -28.478, "2013-06-30": 0, "2013-03-31": "", "2012-12-31": -23.008, "2012-09-30": 0, "2012-06-30": 0, "2012-03-31": "", "2011-12-31": 0, "2011-09-30": 0, "2011-06-30": 0, "2011-03-31": "", "2010-12-31": 0, "2010-09-30": 0, "2010-06-30": 0, "2010-03-31": "", "2009-12-31": 0, "2009-09-30": 0, "2009-06-30": 0, "2009-03-31": "", "2008-12-31": 0, "2008-09-30": 0, "2008-06-30": 0, "2008-03-31": "", "2007-12-31": 0, "2007-09-30": 0, "2007-06-30": 0, "2007-03-31": "", "2006-12-31": 0, "2006-09-30": 0, "2006-06-30": 0, "2006-03-31": "", "2005-12-31": 0, "2005-09-30": 0, "2005-06-30": 0, "2005-03-31": ""}, "Cash Flow From Financial Activities": {"2020-12-31": -222.954, "2020-09-30": -496.832, "2020-06-30": -67.458, "2020-03-31": "280.95400", "2019-12-31": -255.612, "2019-09-30": -277.901, "2019-06-30": -60.596, "2019-03-31": "36.06700", "2018-12-31": -148.525, "2018-09-30": -232.476, "2018-06-30": -227.734, "2018-03-31": "-289.10300", "2017-12-31": -85.732, "2017-09-30": -197.635, "2017-06-30": -216.273, "2017-03-31": "-93.29300", "2016-12-31": 485.016, "2016-09-30": 98.491, "2016-06-30": -127.678, "2016-03-31": "178.50700", "2015-12-31": 19.08, "2015-09-30": -86.034, "2015-06-30": -608.329, "2015-03-31": "-416.60300", "2014-12-31": 49.02, "2014-09-30": -38.534, "2014-06-30": -114.201, "2014-03-31": "-151.77400", "2013-12-31": -154.707, "2013-09-30": -112.479, "2013-06-30": -158.684, "2013-03-31": "-252.67200", "2012-12-31": 192.304, "2012-09-30": -239.831, "2012-06-30": -208.169, "2012-03-31": "-87.24600", "2011-12-31": -169.272, "2011-09-30": -134.018, "2011-06-30": -98.088, "2011-03-31": "350.87700", "2010-12-31": -110.361, "2010-09-30": -88.946, "2010-06-30": -175.032, "2010-03-31": "69.55100", "2009-12-31": -25.627, "2009-09-30": -166.944, "2009-06-30": -73.105, "2009-03-31": "-122.77700", "2008-12-31": -228.849, "2008-09-30": -216.595, "2008-06-30": -28.113, "2008-03-31": "-87.34700", "2007-12-31": -110.602, "2007-09-30": -117.606, "2007-06-30": -254.725, "2007-03-31": "137.26000", "2006-12-31": 212.93, "2006-09-30": 124.155, "2006-06-30": -91.088, "2006-03-31": "-117.70700", "2005-12-31": -374.96, "2005-09-30": 716.255, "2005-06-30": -215.077, "2005-03-31": "148.38600"}, "Net Cash Flow": {"2020-12-31": 85.574, "2020-09-30": -221.531, "2020-06-30": 140.125, "2020-03-31": "111.65400", "2019-12-31": 56.721, "2019-09-30": 19.206, "2019-06-30": 78.312, "2019-03-31": "-153.20700", "2018-12-31": 186.944, "2018-09-30": -33.537, "2018-06-30": -124.408, "2018-03-31": "-386.74200", "2017-12-31": 431.925, "2017-09-30": 20.451, "2017-06-30": -113.942, "2017-03-31": "66.38400", "2016-12-31": -165.609, "2016-09-30": 259.615, "2016-06-30": 11.42, "2016-03-31": "-118.46500", "2015-12-31": -300.488, "2015-09-30": 67.505, "2015-06-30": 56.682, "2015-03-31": "-143.09500", "2014-12-31": -24.653, "2014-09-30": 158.846, "2014-06-30": 61.349, "2014-03-31": "-317.84300", "2013-12-31": 64.058, "2013-09-30": 133.874, "2013-06-30": 34.591, "2013-03-31": "-228.71700", "2012-12-31": 5.977, "2012-09-30": 8.134, "2012-06-30": -114.011, "2012-03-31": "-306.77900", "2011-12-31": 291.359, "2011-09-30": -483.156, "2011-06-30": 21.504, "2011-03-31": "189.68700", "2010-12-31": 317.643, "2010-09-30": 127.078, "2010-06-30": 48.522, "2010-03-31": "-24.07000", "2009-12-31": 116.452, "2009-09-30": -96.056, "2009-06-30": 193.25, "2009-03-31": "-47.09900", "2008-12-31": -28.523, "2008-09-30": -166.681, "2008-06-30": 103.264, "2008-03-31": "33.24400", "2007-12-31": 160.132, "2007-09-30": 38.947, "2007-06-30": -37.492, "2007-03-31": "71.79700", "2006-12-31": 32.341, "2006-09-30": 69.762, "2006-06-30": -8.258, "2006-03-31": "94.21400", "2005-12-31": -121.517, "2005-09-30": -43.975, "2005-06-30": -11.062, "2005-03-31": "54.00500"}, "Stock-Based Compensation": {"2020-12-31": 9.435, "2020-09-30": 7.371, "2020-06-30": 4.968, "2020-03-31": "3.25200", "2019-12-31": 5.209, "2019-09-30": 7.876, "2019-06-30": 8.435, "2019-03-31": "8.18200", "2018-12-31": 7.852, "2018-09-30": 5.443, "2018-06-30": 3.658, "2018-03-31": "6.74500", "2017-12-31": 4.195, "2017-09-30": 3.017, "2017-06-30": 4.056, "2017-03-31": "12.80500", "2016-12-31": 0.859, "2016-09-30": 3.431, "2016-06-30": 2.973, "2016-03-31": "11.38700", "2015-12-31": 5.172, "2015-09-30": 6.674, "2015-06-30": 5.464, "2015-03-31": "13.38700", "2014-12-31": 6.918, "2014-09-30": 8.297, "2014-06-30": 7.912, "2014-03-31": "8.50100", "2013-12-31": 7.096, "2013-09-30": 7.081, "2013-06-30": 7.955, "2013-03-31": "8.34800", "2012-12-31": 7.295, "2012-09-30": 7.483, "2012-06-30": 7.532, "2012-03-31": "8.57400", "2011-12-31": 5.105, "2011-09-30": 6.018, "2011-06-30": 5.974, "2011-03-31": "8.03300", "2010-12-31": 3.882, "2010-09-30": 3.562, "2010-06-30": 5.941, "2010-03-31": "7.02200", "2009-12-31": 2.232, "2009-09-30": 3.887, "2009-06-30": 5.076, "2009-03-31": "5.96300", "2008-12-31": 3.364, "2008-09-30": 7.849, "2008-06-30": 5.664, "2008-03-31": "8.36900", "2007-12-31": 5.161, "2007-09-30": 6.684, "2007-06-30": 6.461, "2007-03-31": "7.98600", "2006-12-31": 6.047, "2006-09-30": 6.039, "2006-06-30": 6.71, "2006-03-31": "7.22100", "2005-12-31": 0, "2005-09-30": 0, "2005-06-30": 0, "2005-03-31": ""}, "Common Stock Dividends Paid": {"2020-12-31": -71.284, "2020-09-30": -71.458, "2020-06-30": -70.671, "2020-03-31": "-70.89900", "2019-12-31": -71.125, "2019-09-30": -71.342, "2019-06-30": -69.921, "2019-03-31": "-69.80900", "2018-12-31": -70.444, "2018-09-30": -70.804, "2018-06-30": -69.631, "2018-03-31": "-72.69100", "2017-12-31": -73.41, "2017-09-30": -73.367, "2017-06-30": -68.666, "2017-03-31": "-68.51600", "2016-12-31": -67.98, "2016-09-30": -68.506, "2016-06-30": -65.313, "2016-03-31": "-65.94000", "2015-12-31": -65.225, "2015-09-30": -65.085, "2015-06-30": -63.217, "2015-03-31": "-64.44200", "2014-12-31": -65.854, "2014-09-30": -66.203, "2014-06-30": -62.445, "2014-03-31": "-63.98500", "2013-12-31": -63.709, "2013-09-30": -63.873, "2013-06-30": -59.941, "2013-03-31": "-60.29700", "2012-12-31": -61.826, "2012-09-30": -63.419, "2012-06-30": -57.771, "2012-03-31": "-57.94300", "2011-12-31": -58.108, "2011-09-30": -58.441, "2011-06-30": -51.264, "2011-03-31": "-51.34100", "2010-12-31": -51.463, "2010-09-30": -51.359, "2010-06-30": -48.581, "2010-03-31": "-48.69600", "2009-12-31": -48.443, "2009-09-30": -48.398, "2009-06-30": -46.53, "2009-03-31": "-46.50300", "2008-12-31": -46.5, "2008-09-30": -46.271, "2008-06-30": -37.912, "2008-03-31": "-38.38800", "2007-12-31": -38.9, "2007-09-30": -39.737, "2007-06-30": -37.866, "2007-03-31": "-37.88700", "2006-12-31": -37.846, "2006-09-30": -37.689, "2006-06-30": -34.685, "2006-03-31": "-34.57900", "2005-12-31": -34.479, "2005-09-30": -34.447, "2005-06-30": -32.395, "2005-03-31": "-32.59200"}}, "financial ratios": {"Current Ratio": {"2019-12-31": "1.45630", "2018-12-31": "1.37010", "2017-12-31": "1.30260", "2016-12-31": "1.33440", "2015-12-31": "1.76930", "2014-12-31": "1.39000", "2013-12-31": "2.02490", "2012-12-31": "1.52410", "2011-12-31": "2.84930", "2010-12-31": "2.73490", "2009-12-31": "2.60290", "2008-12-31": "2.09820", "2007-12-31": "1.51580", "2006-12-31": "1.54600", "2005-12-31": "1.54130"}, "Long-term Debt / Capital": {"2019-12-31": "0.49610", "2018-12-31": "0.51530", "2017-12-31": "0.40530", "2016-12-31": "0.45770", "2015-12-31": "0.41670", "2014-12-31": "0.37840", "2013-12-31": "0.32590", "2012-12-31": "0.30800", "2011-12-31": "0.30720", "2010-12-31": "0.28350", "2009-12-31": "0.30890", "2008-12-31": "0.32910", "2007-12-31": "0.26900", "2006-12-31": "0.27980", "2005-12-31": "0.28760"}, "Debt/Equity Ratio": {"2019-12-31": "1.01250", "2018-12-31": "1.14280", "2017-12-31": "0.81400", "2016-12-31": "0.95300", "2015-12-31": "0.75590", "2014-12-31": "0.81900", "2013-12-31": "0.52600", "2012-12-31": "0.56920", "2011-12-31": "0.44360", "2010-12-31": "0.39930", "2009-12-31": "0.45570", "2008-12-31": "0.54990", "2007-12-31": "0.52980", "2006-12-31": "0.46470", "2005-12-31": "0.46200"}, "Gross Margin": {"2019-12-31": "36.72640", "2018-12-31": "36.60630", "2017-12-31": "37.07800", "2016-12-31": "36.86030", "2015-12-31": "36.91820", "2014-12-31": "38.36390", "2013-12-31": "38.83370", "2012-12-31": "38.93350", "2011-12-31": "38.60420", "2010-12-31": "39.65370", "2009-12-31": "37.66880", "2008-12-31": "36.06880", "2007-12-31": "35.79890", "2006-12-31": "35.70360", "2005-12-31": "35.67120"}, "Operating Margin": {"2019-12-31": "13.66090", "2018-12-31": "12.05800", "2017-12-31": "11.82960", "2016-12-31": "11.73170", "2015-12-31": "13.23640", "2014-12-31": "15.67820", "2013-12-31": "16.23560", "2012-12-31": "15.98140", "2011-12-31": "15.25070", "2010-12-31": "15.10840", "2009-12-31": "11.06090", "2008-12-31": "13.59950", "2007-12-31": "13.74140", "2006-12-31": "14.06360", "2005-12-31": "12.61860"}, "EBIT Margin": {"2019-12-31": "13.66090", "2018-12-31": "12.05800", "2017-12-31": "11.82960", "2016-12-31": "11.73170", "2015-12-31": "13.23640", "2014-12-31": "15.67820", "2013-12-31": "16.23560", "2012-12-31": "15.98140", "2011-12-31": "15.25070", "2010-12-31": "15.10840", "2009-12-31": "11.06090", "2008-12-31": "13.59950", "2007-12-31": "13.74140", "2006-12-31": "14.06360", "2005-12-31": "12.61860"}, "EBITDA Margin": {"2019-12-31": "17.47630", "2018-12-31": "16.09950", "2017-12-31": "15.98270", "2016-12-31": "15.86310", "2015-12-31": "17.93840", "2014-12-31": "19.64050", "2013-12-31": "20.12140", "2012-12-31": "19.45120", "2011-12-31": "19.19250", "2010-12-31": "18.86050", "2009-12-31": "15.39000", "2008-12-31": "17.04990", "2007-12-31": "17.07290", "2006-12-31": "17.11430", "2005-12-31": "15.51130"}, "Pre-Tax Profit Margin": {"2019-12-31": "11.81280", "2018-12-31": "10.37420", "2017-12-31": "12.84020", "2016-12-31": "11.32910", "2015-12-31": "11.50910", "2014-12-31": "14.11380", "2013-12-31": "14.61880", "2012-12-31": "14.05030", "2011-12-31": "13.70930", "2010-12-31": "13.30910", "2009-12-31": "9.25110", "2008-12-31": "12.49880", "2007-12-31": "12.46870", "2006-12-31": "12.69340", "2005-12-31": "11.45970"}, "Net Profit Margin": {"2019-12-31": "9.49940", "2018-12-31": "8.15590", "2017-12-31": "11.89970", "2016-12-31": "8.42090", "2015-12-31": "12.50420", "2014-12-31": "9.99950", "2013-12-31": "14.01980", "2012-12-31": "12.23950", "2011-12-31": "12.14850", "2010-12-31": "11.45930", "2009-12-31": "6.66950", "2008-12-31": "7.80600", "2007-12-31": "9.03450", "2006-12-31": "8.75110", "2005-12-31": "9.93490"}, "Asset Turnover": {"2019-12-31": "0.82320", "2018-12-31": "0.83580", "2017-12-31": "0.64000", "2016-12-31": "0.59740", "2015-12-31": "0.80830", "2014-12-31": "0.85850", "2013-12-31": "0.65910", "2012-12-31": "0.63450", "2011-12-31": "0.77570", "2010-12-31": "0.71380", "2009-12-31": "0.67800", "2008-12-31": "0.96010", "2007-12-31": "0.90690", "2006-12-31": "0.84170", "2005-12-31": "0.78030"}, "Inventory Turnover Ratio": {"2019-12-31": "5.60130", "2018-12-31": "5.91960", "2017-12-31": "6.33910", "2016-12-31": "4.38340", "2015-12-31": "5.46540", "2014-12-31": "5.53230", "2013-12-31": "6.11830", "2012-12-31": "4.63620", "2011-12-31": "6.16560", "2010-12-31": "5.60350", "2009-12-31": "5.83540", "2008-12-31": "7.60690", "2007-12-31": "6.97060", "2006-12-31": "5.94200", "2005-12-31": "5.76200"}, "Receiveable Turnover": {"2019-12-31": "5.86300", "2018-12-31": "5.67610", "2017-12-31": "5.76320", "2016-12-31": "4.77650", "2015-12-31": "6.20830", "2014-12-31": "6.53280", "2013-12-31": "6.64580", "2012-12-31": "5.40550", "2011-12-31": "6.58640", "2010-12-31": "5.97160", "2009-12-31": "6.08170", "2008-12-31": "7.47050", "2007-12-31": "6.62740", "2006-12-31": "6.17090", "2005-12-31": "6.04040"}, "Days Sales In Receivables": {"2019-12-31": "62.25470", "2018-12-31": "64.30510", "2017-12-31": "63.33230", "2016-12-31": "76.41590", "2015-12-31": "58.79250", "2014-12-31": "55.87220", "2013-12-31": "54.92230", "2012-12-31": "67.52320", "2011-12-31": "55.41740", "2010-12-31": "61.12300", "2009-12-31": "60.01600", "2008-12-31": "48.85900", "2007-12-31": "55.07420", "2006-12-31": "59.14830", "2005-12-31": "60.42670"}, "ROE - Return On Equity": {"2019-12-31": "22.35390", "2018-12-31": "21.35130", "2017-12-31": "17.03470", "2016-12-31": "13.21480", "2015-12-31": "16.34980", "2014-12-31": "21.02670", "2013-12-31": "14.83110", "2012-12-31": "13.21500", "2011-12-31": "15.68150", "2010-12-31": "13.68580", "2009-12-31": "9.14440", "2008-12-31": "18.31750", "2007-12-31": "16.97210", "2006-12-31": "15.63050", "2005-12-31": "12.98990"}, "Return On Tangible Equity": {"2019-12-31": "-37.54320", "2018-12-31": "-28.93630", "2017-12-31": "-127.45690", "2016-12-31": "-19.56960", "2015-12-31": "-39.56620", "2014-12-31": "-67.06070", "2013-12-31": "78.97060", "2012-12-31": "-79.19640", "2011-12-31": "323.40770", "2010-12-31": "99.95060", "2009-12-31": "-171.80170", "2008-12-31": "-167.36750", "2007-12-31": "-183.38990", "2006-12-31": "-149.89670", "2005-12-31": "556.91750"}, "ROA - Return On Assets": {"2019-12-31": "7.81960", "2018-12-31": "7.06620", "2017-12-31": "7.00540", "2016-12-31": "4.96370", "2015-12-31": "6.92400", "2014-12-31": "8.61700", "2013-12-31": "7.34700", "2012-12-31": "6.22440", "2011-12-31": "8.13830", "2010-12-31": "7.23820", "2009-12-31": "4.73740", "2008-12-31": "8.81310", "2007-12-31": "8.30090", "2006-12-31": "7.81050", "2005-12-31": "6.57250"}, "ROI - Return On Investment": {"2019-12-31": "11.26410", "2018-12-31": "10.34860", "2017-12-31": "10.13130", "2016-12-31": "7.16670", "2015-12-31": "9.53680", "2014-12-31": "13.06970", "2013-12-31": "9.99830", "2012-12-31": "9.14490", "2011-12-31": "10.86430", "2010-12-31": "9.80610", "2009-12-31": "6.31970", "2008-12-31": "12.28880", "2007-12-31": "12.40700", "2006-12-31": "11.25730", "2005-12-31": "9.25400"}, "Book Value Per Share": {"2019-12-31": "21.01610", "2018-12-31": "19.10520", "2017-12-31": "28.31090", "2016-12-31": "24.44700", "2015-12-31": "23.51280", "2014-12-31": "22.70220", "2013-12-31": "31.64910", "2012-12-31": "28.15530", "2011-12-31": "26.85610", "2010-12-31": "24.27420", "2009-12-31": "21.85200", "2008-12-31": "20.39210", "2007-12-31": "20.33700", "2006-12-31": "18.65260", "2005-12-31": "16.41370"}, "Operating Cash Flow Per Share": {"2019-12-31": 1.2435, "2018-12-31": 0.5001, "2017-12-31": -0.0024, "2016-12-31": -1.2727, "2015-12-31": 0.335, "2014-12-31": -0.0172, "2013-12-31": 0.3816, "2012-12-31": 0.2397, "2011-12-31": 0.6343, "2010-12-31": 0.4082, "2009-12-31": -1.3576, "2008-12-31": 0.7667, "2007-12-31": 0.2376, "2006-12-31": 1.6421, "2005-12-31": 2.6921}, "Free Cash Flow Per Share": {"2019-12-31": 1.0861, "2018-12-31": 0.4185, "2017-12-31": -0.212, "2016-12-31": -1.1892, "2015-12-31": 0.3558, "2014-12-31": -0.236, "2013-12-31": 0.4477, "2012-12-31": 0.8352, "2011-12-31": 0.1026, "2010-12-31": 0.0881, "2009-12-31": -0.988, "2008-12-31": 0.6445, "2007-12-31": 0.343, "2006-12-31": 1.3614, "2005-12-31": 2.1308}}, "financial ratios, quarterly": {"Current Ratio": {"2020-09-30": "1.47480", "2020-06-30": "1.32440", "2020-03-31": "1.29200", "2019-12-31": "1.45630", "2019-09-30": "1.41670", "2019-06-30": "1.34170", "2019-03-31": "1.29920", "2018-12-31": "1.37010", "2018-09-30": "1.30090", "2018-06-30": "1.34940", "2018-03-31": "1.41880", "2017-12-31": "1.30260", "2017-09-30": "1.32370", "2017-06-30": "1.24570", "2017-03-31": "1.19090", "2016-12-31": "1.33440", "2016-09-30": "1.44840", "2016-06-30": "1.45070", "2016-03-31": "1.42270", "2015-12-31": "1.76930", "2015-09-30": "1.68680", "2015-06-30": "1.69620", "2015-03-31": "1.49910", "2014-12-31": "1.39000", "2014-09-30": "2.23560", "2014-06-30": "2.35730", "2014-03-31": "2.19400", "2013-12-31": "2.02490", "2013-09-30": "1.61660", "2013-06-30": "1.54370", "2013-03-31": "1.49620", "2012-12-31": "1.52410", "2012-09-30": "2.56830", "2012-06-30": "2.54050", "2012-03-31": "2.68640", "2011-12-31": "2.84930", "2011-09-30": "2.55920", "2011-06-30": "2.96960", "2011-03-31": "2.81930", "2010-12-31": "2.73490", "2010-09-30": "2.58790", "2010-06-30": "2.25910", "2010-03-31": "2.32260", "2009-12-31": "2.60290", "2009-09-30": "2.74480", "2009-06-30": "2.47910", "2009-03-31": "2.38980", "2008-12-31": "2.09820", "2008-09-30": "1.83920", "2008-06-30": "1.83400", "2008-03-31": "2.00440", "2007-12-31": "1.51580", "2007-09-30": "1.54550", "2007-06-30": "1.78530", "2007-03-31": "1.65990", "2006-12-31": "1.54600", "2006-09-30": "1.89600", "2006-06-30": "1.90990", "2006-03-31": "1.87170", "2005-12-31": "1.54130", "2005-09-30": "1.41650", "2005-06-30": "1.60670", "2005-03-31": "1.50680"}, "Long-term Debt / Capital": {"2020-09-30": "0.48420", "2020-06-30": "0.49270", "2020-03-31": "0.49850", "2019-12-31": "0.49610", "2019-09-30": "0.49080", "2019-06-30": "0.49930", "2019-03-31": "0.50900", "2018-12-31": "0.51530", "2018-09-30": "0.52040", "2018-06-30": "0.51160", "2018-03-31": "0.40550", "2017-12-31": "0.40530", "2017-09-30": "0.41110", "2017-06-30": "0.41800", "2017-03-31": "0.42210", "2016-12-31": "0.45770", "2016-09-30": "0.40820", "2016-06-30": "0.41250", "2016-03-31": "0.41380", "2015-12-31": "0.41670", "2015-09-30": "0.38420", "2015-06-30": "0.38250", "2015-03-31": "0.38260", "2014-12-31": "0.37840", "2014-09-30": "0.39590", "2014-06-30": "0.39990", "2014-03-31": "0.40980", "2013-12-31": "0.32590", "2013-09-30": "0.29300", "2013-06-30": "0.30540", "2013-03-31": "0.31500", "2012-12-31": "0.30800", "2012-09-30": "0.29600", "2012-06-30": "0.30020", "2012-03-31": "0.30100", "2011-12-31": "0.30720", "2011-09-30": "0.30940", "2011-06-30": "0.30800", "2011-03-31": "0.31540", "2010-12-31": "0.28350", "2010-09-30": "0.29030", "2010-06-30": "0.30470", "2010-03-31": "0.31030", "2009-12-31": "0.30890", "2009-09-30": "0.31140", "2009-06-30": "0.32090", "2009-03-31": "0.33030", "2008-12-31": "0.32910", "2008-09-30": "0.32230", "2008-06-30": "0.32200", "2008-03-31": "0.32230", "2007-12-31": "0.26900", "2007-09-30": "0.27120", "2007-06-30": "0.26830", "2007-03-31": "0.27730", "2006-12-31": "0.27980", "2006-09-30": "0.28200", "2006-06-30": "0.27010", "2006-03-31": "0.27460", "2005-12-31": "0.28760", "2005-09-30": "0.29080", "2005-06-30": "0.19180", "2005-03-31": "0.19400"}, "Debt/Equity Ratio": {"2020-09-30": "0.96650", "2020-06-30": "1.13480", "2020-03-31": "1.16180", "2019-12-31": "1.01250", "2019-09-30": "1.02450", "2019-06-30": "1.11810", "2019-03-31": "1.15850", "2018-12-31": "1.14280", "2018-09-30": "1.19380", "2018-06-30": "1.14750", "2018-03-31": "0.77790", "2017-12-31": "0.81400", "2017-09-30": "0.81140", "2017-06-30": "0.86740", "2017-03-31": "0.91980", "2016-12-31": "0.95300", "2016-09-30": "0.82550", "2016-06-30": "0.79470", "2016-03-31": "0.81570", "2015-12-31": "0.75590", "2015-09-30": "0.75320", "2015-06-30": "0.72570", "2015-03-31": "0.79440", "2014-12-31": "0.81900", "2014-09-30": "0.69440", "2014-06-30": "0.67930", "2014-03-31": "0.71490", "2013-12-31": "0.52600", "2013-09-30": "0.54160", "2013-06-30": "0.57330", "2013-03-31": "0.60740", "2012-12-31": "0.56920", "2012-09-30": "0.42110", "2012-06-30": "0.42960", "2012-03-31": "0.43130", "2011-12-31": "0.44360", "2011-09-30": "0.44820", "2011-06-30": "0.45470", "2011-03-31": "0.46910", "2010-12-31": "0.39930", "2010-09-30": "0.42050", "2010-06-30": "0.45880", "2010-03-31": "0.49010", "2009-12-31": "0.45570", "2009-09-30": "0.46060", "2009-06-30": "0.50690", "2009-03-31": "0.53220", "2008-12-31": "0.54990", "2008-09-30": "0.57980", "2008-06-30": "0.59200", "2008-03-31": "0.54800", "2007-12-31": "0.52980", "2007-09-30": "0.50310", "2007-06-30": "0.43940", "2007-03-31": "0.50510", "2006-12-31": "0.46470", "2006-09-30": "0.40630", "2006-06-30": "0.38040", "2006-03-31": "0.40070", "2005-12-31": "0.46200", "2005-09-30": "0.57640", "2005-06-30": "0.35750", "2005-03-31": "0.40480"}, "Gross Margin": {"2020-09-30": "37.67920", "2020-06-30": "36.79340", "2020-03-31": "36.97260", "2019-12-31": "36.68160", "2019-09-30": "36.89650", "2019-06-30": "37.14540", "2019-03-31": "36.15250", "2018-12-31": "35.65440", "2018-09-30": "36.99890", "2018-06-30": "36.99670", "2018-03-31": "36.81010", "2017-12-31": "37.08510", "2017-09-30": "37.14400", "2017-06-30": "37.64930", "2017-03-31": "36.46100", "2016-12-31": "36.54760", "2016-09-30": "36.99510", "2016-06-30": "37.43080", "2016-03-31": "36.32340", "2015-12-31": "36.22150", "2015-09-30": "37.62670", "2015-06-30": "37.22040", "2015-03-31": "36.55840", "2014-12-31": "36.59690", "2014-09-30": "38.53660", "2014-06-30": "39.13610", "2014-03-31": "39.26950", "2013-12-31": "38.51230", "2013-09-30": "38.98270", "2013-06-30": "39.11270", "2013-03-31": "38.64100", "2012-12-31": "46.00820", "2012-09-30": "38.62210", "2012-06-30": "38.12520", "2012-03-31": "38.17020", "2011-12-31": "38.69150", "2011-09-30": "37.70130", "2011-06-30": "38.89760", "2011-03-31": "39.27820", "2010-12-31": "45.97880", "2010-09-30": "38.33150", "2010-06-30": "38.54590", "2010-03-31": "38.66410", "2009-12-31": "44.58510", "2009-09-30": "37.22740", "2009-06-30": "35.48150", "2009-03-31": "34.96110", "2008-12-31": "35.12590", "2008-09-30": "35.83030", "2008-06-30": "36.77910", "2008-03-31": "36.42720", "2007-12-31": "35.37190", "2007-09-30": "35.83490", "2007-06-30": "35.83150", "2007-03-31": "36.19940", "2006-12-31": "33.83180", "2006-09-30": "35.69820", "2006-06-30": "37.03720", "2006-03-31": "36.28020", "2005-12-31": "38.70420", "2005-09-30": "35.32610", "2005-06-30": "35.17880", "2005-03-31": "34.12450"}, "Operating Margin": {"2020-09-30": "15.83850", "2020-06-30": "12.33070", "2020-03-31": "13.60570", "2019-12-31": "13.97240", "2019-09-30": "15.48820", "2019-06-30": "15.24040", "2019-03-31": "9.74800", "2018-12-31": "12.09400", "2018-09-30": "12.59440", "2018-06-30": "13.15060", "2018-03-31": "10.24640", "2017-12-31": "10.50870", "2017-09-30": "13.68330", "2017-06-30": "13.40170", "2017-03-31": "9.64580", "2016-12-31": "15.44620", "2016-09-30": "12.34050", "2016-06-30": "11.49240", "2016-03-31": "8.98840", "2015-12-31": "11.76940", "2015-09-30": "15.49130", "2015-06-30": "14.32210", "2015-03-31": "11.22270", "2014-12-31": "13.32140", "2014-09-30": "17.33010", "2014-06-30": "16.77720", "2014-03-31": "15.22580", "2013-12-31": "15.02860", "2013-09-30": "17.94050", "2013-06-30": "16.56990", "2013-03-31": "15.03310", "2012-12-31": "18.22810", "2012-09-30": "17.07640", "2012-06-30": "15.25850", "2012-03-31": "14.94370", "2011-12-31": "14.63190", "2011-09-30": "15.41390", "2011-06-30": "16.42110", "2011-03-31": "14.25570", "2010-12-31": "17.31470", "2010-09-30": "16.25090", "2010-06-30": "14.82560", "2010-03-31": "12.82080", "2009-12-31": "15.61300", "2009-09-30": "12.01250", "2009-06-30": "9.23150", "2009-03-31": "8.32090", "2008-12-31": "13.38560", "2008-09-30": "13.70200", "2008-06-30": "14.57440", "2008-03-31": "12.63850", "2007-12-31": "13.69910", "2007-09-30": "14.62150", "2007-06-30": "14.36890", "2007-03-31": "12.16800", "2006-12-31": "13.13900", "2006-09-30": "14.05470", "2006-06-30": "14.98600", "2006-03-31": "14.06540", "2005-12-31": "15.19780", "2005-09-30": "13.26800", "2005-06-30": "12.36640", "2005-03-31": "10.20050"}, "EBIT Margin": {"2020-09-30": "15.83850", "2020-06-30": "12.33070", "2020-03-31": "13.60570", "2019-12-31": "13.97240", "2019-09-30": "15.48820", "2019-06-30": "15.24040", "2019-03-31": "9.74800", "2018-12-31": "12.09400", "2018-09-30": "12.59440", "2018-06-30": "13.15060", "2018-03-31": "10.24640", "2017-12-31": "10.50870", "2017-09-30": "13.68330", "2017-06-30": "13.40170", "2017-03-31": "9.64580", "2016-12-31": "15.44620", "2016-09-30": "12.34050", "2016-06-30": "11.49240", "2016-03-31": "8.98840", "2015-12-31": "11.76940", "2015-09-30": "15.49130", "2015-06-30": "14.32210", "2015-03-31": "11.22270", "2014-12-31": "13.32140", "2014-09-30": "17.33010", "2014-06-30": "16.77720", "2014-03-31": "15.22580", "2013-12-31": "15.02860", "2013-09-30": "17.94050", "2013-06-30": "16.56990", "2013-03-31": "15.03310", "2012-12-31": "18.22810", "2012-09-30": "17.07640", "2012-06-30": "15.25850", "2012-03-31": "14.94370", "2011-12-31": "14.63200", "2011-09-30": "15.41390", "2011-06-30": "16.42110", "2011-03-31": "14.25570", "2010-12-31": "17.31470", "2010-09-30": "16.25090", "2010-06-30": "14.82560", "2010-03-31": "12.82080", "2009-12-31": "15.61300", "2009-09-30": "12.01250", "2009-06-30": "9.23150", "2009-03-31": "8.32090", "2008-12-31": "13.38560", "2008-09-30": "13.70200", "2008-06-30": "14.57440", "2008-03-31": "12.63850", "2007-12-31": "13.69910", "2007-09-30": "14.62150", "2007-06-30": "14.36890", "2007-03-31": "12.16800", "2006-12-31": "13.13900", "2006-09-30": "14.05470", "2006-06-30": "14.98600", "2006-03-31": "14.06540", "2005-12-31": "15.19780", "2005-09-30": "13.26800", "2005-06-30": "12.36640", "2005-03-31": "10.20050"}, "EBITDA Margin": {"2020-09-30": "", "2020-06-30": "", "2020-03-31": "", "2019-12-31": "", "2019-09-30": "", "2019-06-30": "", "2019-03-31": "", "2018-12-31": "", "2018-09-30": "", "2018-06-30": "", "2018-03-31": "", "2017-12-31": "", "2017-09-30": "", "2017-06-30": "", "2017-03-31": "", "2016-12-31": "", "2016-09-30": "", "2016-06-30": "", "2016-03-31": "", "2015-12-31": "", "2015-09-30": "", "2015-06-30": "", "2015-03-31": "", "2014-12-31": "", "2014-09-30": "", "2014-06-30": "", "2014-03-31": "", "2013-12-31": "", "2013-09-30": "", "2013-06-30": "", "2013-03-31": "", "2012-12-31": "", "2012-09-30": "", "2012-06-30": "", "2012-03-31": "", "2011-12-31": "", "2011-09-30": "", "2011-06-30": "", "2011-03-31": "", "2010-12-31": "", "2010-09-30": "", "2010-06-30": "", "2010-03-31": "", "2009-12-31": "", "2009-09-30": "", "2009-06-30": "", "2009-03-31": "", "2008-12-31": "", "2008-09-30": "", "2008-06-30": "", "2008-03-31": "", "2007-12-31": "", "2007-09-30": "", "2007-06-30": "", "2007-03-31": "", "2006-12-31": "", "2006-09-30": "", "2006-06-30": "", "2006-03-31": "", "2005-12-31": "", "2005-09-30": "", "2005-06-30": "", "2005-03-31": ""}, "Pre-Tax Profit Margin": {"2020-09-30": "14.35700", "2020-06-30": "10.46100", "2020-03-31": "12.89300", "2019-12-31": "11.09620", "2019-09-30": "14.13050", "2019-06-30": "13.79240", "2019-03-31": "8.01960", "2018-12-31": "10.31950", "2018-09-30": "11.04590", "2018-06-30": "11.75900", "2018-03-31": "8.19770", "2017-12-31": "15.69970", "2017-09-30": "11.83080", "2017-06-30": "11.40000", "2017-03-31": "12.79230", "2016-12-31": "20.58200", "2016-09-30": "10.60900", "2016-06-30": "9.75480", "2016-03-31": "7.86700", "2015-12-31": "10.00180", "2015-09-30": "13.72270", "2015-06-30": "12.57460", "2015-03-31": "9.59920", "2014-12-31": "11.67810", "2014-09-30": "15.82740", "2014-06-30": "15.46630", "2014-03-31": "13.40360", "2013-12-31": "13.31650", "2013-09-30": "16.37300", "2013-06-30": "14.92020", "2013-03-31": "13.48010", "2012-12-31": "12.26640", "2012-09-30": "15.45050", "2012-06-30": "13.78280", "2012-03-31": "13.31590", "2011-12-31": "12.92220", "2011-09-30": "14.00600", "2011-06-30": "14.93570", "2011-03-31": "12.62740", "2010-12-31": "14.57900", "2010-09-30": "14.24660", "2010-06-30": "13.58120", "2010-03-31": "11.18320", "2009-12-31": "13.35230", "2009-09-30": "10.31900", "2009-06-30": "7.33600", "2009-03-31": "6.82270", "2008-12-31": "12.48830", "2008-09-30": "13.02650", "2008-06-30": "13.15350", "2008-03-31": "11.24670", "2007-12-31": "12.42640", "2007-09-30": "13.30030", "2007-06-30": "13.12780", "2007-03-31": "10.91410", "2006-12-31": "11.89780", "2006-09-30": "12.81590", "2006-06-30": "13.57900", "2006-03-31": "12.45530", "2005-12-31": "13.06470", "2005-09-30": "12.14730", "2005-06-30": "11.65160", "2005-03-31": "9.33210"}, "Net Profit Margin": {"2020-09-30": "11.45710", "2020-06-30": "8.32230", "2020-03-31": "10.64530", "2019-12-31": "9.46850", "2019-09-30": "11.28590", "2019-06-30": "10.93970", "2019-03-31": "6.12870", "2018-12-31": "7.82600", "2018-09-30": "9.00220", "2018-06-30": "7.78370", "2018-03-31": "8.02570", "2017-12-31": "19.47280", "2017-09-30": "10.23660", "2017-06-30": "9.44290", "2017-03-31": "9.49870", "2016-12-31": "15.69490", "2016-09-30": "7.61720", "2016-06-30": "7.01460", "2016-03-31": "6.12450", "2015-12-31": "8.36920", "2015-09-30": "10.41060", "2015-06-30": "18.90090", "2015-03-31": "12.21280", "2014-12-31": "8.55910", "2014-09-30": "11.53700", "2014-06-30": "10.90160", "2014-03-31": "8.88390", "2013-12-31": "12.77340", "2013-09-30": "13.87040", "2013-06-30": "17.07970", "2013-03-31": "11.90510", "2012-12-31": "29.81680", "2012-09-30": "11.49150", "2012-06-30": "10.50400", "2012-03-31": "10.03080", "2011-12-31": "19.54960", "2011-09-30": "8.05570", "2011-06-30": "12.51990", "2011-03-31": "10.75590", "2010-12-31": "21.15980", "2010-09-30": "12.41620", "2010-06-30": "9.50750", "2010-03-31": "6.82930", "2009-12-31": "9.21130", "2009-09-30": "7.12740", "2009-06-30": "6.98250", "2009-03-31": "3.87390", "2008-12-31": "6.99210", "2008-09-30": "9.54580", "2008-06-30": "6.72690", "2008-03-31": "7.88940", "2007-12-31": "9.71170", "2007-09-30": "9.36090", "2007-06-30": "9.43980", "2007-03-31": "7.49880", "2006-12-31": "7.21030", "2006-09-30": "10.43610", "2006-06-30": "4.33110", "2006-03-31": "13.49660", "2005-12-31": "10.86160", "2005-09-30": "8.99020", "2005-06-30": "12.99020", "2005-03-31": "7.17480"}, "Asset Turnover": {"2020-09-30": "0.19460", "2020-06-30": "0.16450", "2020-03-31": "0.18510", "2019-12-31": "0.20480", "2019-09-30": "0.21060", "2019-06-30": "0.20630", "2019-03-31": "0.19920", "2018-12-31": "0.21620", "2018-09-30": "0.20650", "2018-06-30": "0.21220", "2018-03-31": "0.15530", "2017-12-31": "0.14280", "2017-09-30": "0.16660", "2017-06-30": "0.16880", "2017-03-31": "0.17710", "2016-12-31": "0.10150", "2016-09-30": "0.18370", "2016-06-30": "0.18780", "2016-03-31": "0.18060", "2015-12-31": "0.19690", "2015-09-30": "0.21080", "2015-06-30": "0.20770", "2015-03-31": "0.19840", "2014-12-31": "0.21900", "2014-09-30": "0.22430", "2014-06-30": "0.22320", "2014-03-31": "0.20800", "2013-12-31": "0.13990", "2013-09-30": "0.18190", "2013-06-30": "0.18670", "2013-03-31": "0.17230", "2012-12-31": "0.05130", "2012-09-30": "0.21170", "2012-06-30": "0.20790", "2012-03-31": "0.20150", "2011-12-31": "0.14980", "2011-09-30": "0.22480", "2011-06-30": "0.21040", "2011-03-31": "0.19360", "2010-12-31": "0.10950", "2010-09-30": "0.21570", "2010-06-30": "0.22100", "2010-03-31": "0.19720", "2009-12-31": "0.13640", "2009-09-30": "0.19290", "2009-06-30": "0.18130", "2009-03-31": "0.18150", "2008-12-31": "0.21900", "2008-09-30": "0.23640", "2008-06-30": "0.23980", "2008-03-31": "0.22740", "2007-12-31": "0.23660", "2007-09-30": "0.23460", "2007-06-30": "0.23360", "2007-03-31": "0.21910", "2006-12-31": "0.21550", "2006-09-30": "0.21920", "2006-06-30": "0.24200", "2006-03-31": "0.22360", "2005-12-31": "0.16250", "2005-09-30": "0.20050", "2005-06-30": "0.22470", "2005-03-31": "0.22770"}, "Inventory Turnover Ratio": {"2020-09-30": "1.29930", "2020-06-30": "1.06950", "2020-03-31": "1.22490", "2019-12-31": "1.39460", "2019-09-30": "1.41060", "2019-06-30": "1.34010", "2019-03-31": "1.32950", "2018-12-31": "1.55450", "2018-09-30": "1.36930", "2018-06-30": "1.48270", "2018-03-31": "1.06370", "2017-12-31": "1.41470", "2017-09-30": "1.11850", "2017-06-30": "1.12600", "2017-03-31": "1.22290", "2016-12-31": "0.74850", "2016-09-30": "1.29900", "2016-06-30": "1.26530", "2016-03-31": "1.21550", "2015-12-31": "1.34610", "2015-09-30": "1.37530", "2015-06-30": "1.30760", "2015-03-31": "1.26260", "2014-12-31": "1.45190", "2014-09-30": "1.36020", "2014-06-30": "1.34130", "2014-03-31": "1.30250", "2013-12-31": "1.30530", "2013-09-30": "1.24670", "2013-06-30": "1.28280", "2013-03-31": "1.19470", "2012-12-31": "0.33160", "2012-09-30": "1.39430", "2012-06-30": "1.36930", "2012-03-31": "1.37260", "2011-12-31": "1.18930", "2011-09-30": "1.56940", "2011-06-30": "1.38130", "2011-03-31": "1.30180", "2010-12-31": "0.76960", "2010-09-30": "1.53230", "2010-06-30": "1.63470", "2010-03-31": "1.56750", "2009-12-31": "1.04380", "2009-09-30": "1.65930", "2009-06-30": "1.51480", "2009-03-31": "1.45240", "2008-12-31": "1.76090", "2008-09-30": "1.81260", "2008-06-30": "1.79290", "2008-03-31": "1.66620", "2007-12-31": "1.83030", "2007-09-30": "1.66280", "2007-06-30": "1.58020", "2007-03-31": "1.47750", "2006-12-31": "1.56580", "2006-09-30": "1.44770", "2006-06-30": "1.64660", "2006-03-31": "1.36370", "2005-12-31": "1.14320", "2005-09-30": "1.18290", "2005-06-30": "1.08710", "2005-03-31": "1.10790"}, "Receiveable Turnover": {"2020-09-30": "1.45270", "2020-06-30": "1.31210", "2020-03-31": "1.35490", "2019-12-31": "1.45880", "2019-09-30": "1.43820", "2019-06-30": "1.40500", "2019-03-31": "1.35590", "2018-12-31": "1.46850", "2018-09-30": "1.36110", "2018-06-30": "1.40340", "2018-03-31": "1.15740", "2017-12-31": "1.28630", "2017-09-30": "1.20820", "2017-06-30": "1.24480", "2017-03-31": "1.39550", "2016-12-31": "0.81160", "2016-09-30": "1.42420", "2016-06-30": "1.42890", "2016-03-31": "1.38980", "2015-12-31": "1.51240", "2015-09-30": "1.49730", "2015-06-30": "1.53000", "2015-03-31": "1.51380", "2014-12-31": "1.66670", "2014-09-30": "1.50130", "2014-06-30": "1.50570", "2014-03-31": "1.45560", "2013-12-31": "1.41040", "2013-09-30": "1.34970", "2013-06-30": "1.38140", "2013-03-31": "1.34710", "2012-12-31": "0.43730", "2012-09-30": "1.48520", "2012-06-30": "1.54390", "2012-03-31": "1.53460", "2011-12-31": "1.27230", "2011-09-30": "1.59620", "2011-06-30": "1.50740", "2011-03-31": "1.49350", "2010-12-31": "0.91620", "2010-09-30": "1.52520", "2010-06-30": "1.66030", "2010-03-31": "1.59860", "2009-12-31": "1.22370", "2009-09-30": "1.60220", "2009-06-30": "1.59410", "2009-03-31": "1.57970", "2008-12-31": "1.70420", "2008-09-30": "1.64570", "2008-06-30": "1.62540", "2008-03-31": "1.62030", "2007-12-31": "1.72870", "2007-09-30": "1.59130", "2007-06-30": "1.62940", "2007-03-31": "1.55440", "2006-12-31": "1.58010", "2006-09-30": "1.54670", "2006-06-30": "1.65830", "2006-03-31": "1.41550", "2005-12-31": "1.25770", "2005-09-30": "1.33160", "2005-06-30": "1.37400", "2005-03-31": "1.41800"}, "Days Sales In Receivables": {"2020-09-30": "61.95240", "2020-06-30": "68.59270", "2020-03-31": "66.42390", "2019-12-31": "61.69620", "2019-09-30": "62.57640", "2019-06-30": "64.05680", "2019-03-31": "66.37730", "2018-12-31": "61.28820", "2018-09-30": "66.12080", "2018-06-30": "64.13090", "2018-03-31": "77.75960", "2017-12-31": "69.96750", "2017-09-30": "74.48900", "2017-06-30": "72.30300", "2017-03-31": "64.49220", "2016-12-31": "110.89140", "2016-09-30": "63.19510", "2016-06-30": "62.98420", "2016-03-31": "64.75990", "2015-12-31": "59.50910", "2015-09-30": "60.10690", "2015-06-30": "58.82270", "2015-03-31": "59.45150", "2014-12-31": "53.99900", "2014-09-30": "59.94940", "2014-06-30": "59.77100", "2014-03-31": "61.83010", "2013-12-31": "63.81160", "2013-09-30": "66.68150", "2013-06-30": "65.14900", "2013-03-31": "66.80930", "2012-12-31": "205.78740", "2012-09-30": "60.59670", "2012-06-30": "58.29500", "2012-03-31": "58.64690", "2011-12-31": "70.73860", "2011-09-30": "56.38460", "2011-06-30": "59.70630", "2011-03-31": "60.26300", "2010-12-31": "98.22980", "2010-09-30": "59.00920", "2010-06-30": "54.20730", "2010-03-31": "56.29900", "2009-12-31": "73.54930", "2009-09-30": "56.17150", "2009-06-30": "56.45950", "2009-03-31": "56.97240", "2008-12-31": "52.81080", "2008-09-30": "54.68710", "2008-06-30": "55.37170", "2008-03-31": "55.54430", "2007-12-31": "52.06140", "2007-09-30": "56.55830", "2007-06-30": "55.23520", "2007-03-31": "57.90140", "2006-12-31": "56.95940", "2006-09-30": "58.18850", "2006-06-30": "54.27330", "2006-03-31": "63.58240", "2005-12-31": "71.55880", "2005-09-30": "67.58640", "2005-06-30": "65.50440", "2005-03-31": "63.46960"}, "ROE - Return On Equity": {"2020-09-30": "6.16990", "2020-06-30": "4.03840", "2020-03-31": "5.91410", "2019-12-31": "5.54370", "2019-09-30": "6.82670", "2019-06-30": "6.70280", "2019-03-31": "3.72530", "2018-12-31": "5.70580", "2018-09-30": "5.72450", "2018-06-30": "5.85990", "2018-03-31": "2.46110", "2017-12-31": "6.21660", "2017-09-30": "3.72930", "2017-06-30": "3.49850", "2017-03-31": "4.35690", "2016-12-31": "4.06340", "2016-09-30": "3.43330", "2016-06-30": "3.18520", "2016-03-31": "2.68670", "2015-12-31": "3.74730", "2015-09-30": "5.22900", "2015-06-30": "4.33220", "2015-03-31": "3.27430", "2014-12-31": "4.64330", "2014-09-30": "5.75440", "2014-06-30": "5.40420", "2014-03-31": "4.53680", "2013-12-31": "2.71550", "2013-09-30": "4.28120", "2013-06-30": "5.18100", "2013-03-31": "3.51160", "2012-12-31": "0.51190", "2012-09-30": "4.47620", "2012-06-30": "4.01460", "2012-03-31": "3.66250", "2011-12-31": "2.75340", "2011-09-30": "4.57940", "2011-06-30": "4.86870", "2011-03-31": "3.68440", "2010-12-31": "2.35960", "2010-09-30": "5.01250", "2010-06-30": "4.20760", "2010-03-31": "2.99480", "2009-12-31": "2.54610", "2009-09-30": "2.66020", "2009-06-30": "2.58390", "2009-03-31": "1.61910", "2008-12-31": "4.47110", "2008-09-30": "4.86280", "2008-06-30": "4.72400", "2008-03-31": "3.71070", "2007-12-31": "4.52240", "2007-09-30": "4.66020", "2007-06-30": "4.36940", "2007-03-31": "3.48440", "2006-12-31": "3.94500", "2006-09-30": "4.09040", "2006-06-30": "4.37130", "2006-03-31": "3.69850", "2005-12-31": "3.14060", "2005-09-30": "3.76490", "2005-06-30": "3.45600", "2005-03-31": "3.03980"}, "Return On Tangible Equity": {"2020-09-30": "-11.21320", "2020-06-30": "-6.51470", "2020-03-31": "-8.91980", "2019-12-31": "-9.31060", "2019-09-30": "-11.30090", "2019-06-30": "-10.05680", "2019-03-31": "-5.06020", "2018-12-31": "-7.73280", "2018-09-30": "-7.25740", "2018-06-30": "-7.91370", "2018-03-31": "-5.92350", "2017-12-31": "-46.51390", "2017-09-30": "-7.59600", "2017-06-30": "-6.33360", "2017-03-31": "-7.36910", "2016-12-31": "-6.01740", "2016-09-30": "-7.53330", "2016-06-30": "-6.49710", "2016-03-31": "-5.28520", "2015-12-31": "-9.06840", "2015-09-30": "-16.86430", "2015-06-30": "-13.65990", "2015-03-31": "-9.81440", "2014-12-31": "-14.80890", "2014-09-30": "-26.50070", "2014-06-30": "-28.70440", "2014-03-31": "-19.02400", "2013-12-31": "14.45890", "2013-09-30": "-52.97800", "2013-06-30": "-37.42800", "2013-03-31": "-18.69500", "2012-12-31": "-3.06760", "2012-09-30": "-130.19110", "2012-06-30": "-72.83320", "2012-03-31": "-105.09290", "2011-12-31": "56.78520", "2011-09-30": "-103.96570", "2011-06-30": "92.89450", "2011-03-31": "294.92810", "2010-12-31": "17.23290", "2010-09-30": "162.90480", "2010-06-30": "-125.69630", "2010-03-31": "-60.97410", "2009-12-31": "-47.83420", "2009-09-30": "-81.01670", "2009-06-30": "-37.40820", "2009-03-31": "-15.32360", "2008-12-31": "-40.85280", "2008-09-30": "-46.46910", "2008-06-30": "-45.45460", "2008-03-31": "-37.62860", "2007-12-31": "-48.86590", "2007-09-30": "-45.66780", "2007-06-30": "-53.95610", "2007-03-31": "-27.71220", "2006-12-31": "-37.83220", "2006-09-30": "154.32460", "2006-06-30": "63.49860", "2006-03-31": "134.02510", "2005-12-31": "134.64690", "2005-09-30": "-56.61210", "2005-06-30": "22.69540", "2005-03-31": "23.53780"}, "ROA - Return On Assets": {"2020-09-30": "2.22900", "2020-06-30": "1.36890", "2020-03-31": "1.97090", "2019-12-31": "1.93920", "2019-09-30": "2.37630", "2019-06-30": "2.25710", "2019-03-31": "1.22090", "2018-12-31": "1.88830", "2018-09-30": "1.85900", "2018-06-30": "1.96450", "2018-03-31": "1.03770", "2017-12-31": "2.55650", "2017-09-30": "1.51960", "2017-06-30": "1.38430", "2017-03-31": "1.68240", "2016-12-31": "1.52630", "2016-09-30": "1.39900", "2016-06-30": "1.31740", "2016-03-31": "1.10630", "2015-12-31": "1.58690", "2015-09-30": "2.19940", "2015-06-30": "1.83820", "2015-03-31": "1.35530", "2014-12-31": "1.90290", "2014-09-30": "2.51900", "2014-06-30": "2.39430", "2014-03-31": "1.96250", "2013-12-31": "1.34520", "2013-09-30": "2.12130", "2013-06-30": "2.49350", "2013-03-31": "1.63380", "2012-12-31": "0.24110", "2012-09-30": "2.35450", "2012-06-30": "2.09250", "2012-03-31": "1.92200", "2011-12-31": "1.42900", "2011-09-30": "2.34880", "2011-06-30": "2.52260", "2011-03-31": "1.86740", "2010-12-31": "1.24800", "2010-09-30": "2.62530", "2010-06-30": "2.12650", "2010-03-31": "1.51350", "2009-12-31": "1.31900", "2009-09-30": "1.38290", "2009-06-30": "1.31510", "2009-03-31": "0.80420", "2008-12-31": "2.15120", "2008-09-30": "2.28860", "2008-06-30": "2.22860", "2008-03-31": "1.80330", "2007-12-31": "2.21180", "2007-09-30": "2.29120", "2007-06-30": "2.23710", "2007-03-31": "1.71380", "2006-12-31": "1.97130", "2006-09-30": "2.12000", "2006-06-30": "2.31420", "2006-03-31": "1.94390", "2005-12-31": "1.58900", "2005-09-30": "1.80820", "2005-06-30": "1.84530", "2005-03-31": "1.58870"}, "ROI - Return On Investment": {"2020-09-30": "3.18260", "2020-06-30": "2.04860", "2020-03-31": "2.96580", "2019-12-31": "2.79350", "2019-09-30": "3.47610", "2019-06-30": "3.35640", "2019-03-31": "1.82930", "2018-12-31": "2.76550", "2018-09-30": "2.74540", "2018-06-30": "2.86230", "2018-03-31": "1.46320", "2017-12-31": "3.69730", "2017-09-30": "2.19610", "2017-06-30": "2.03600", "2017-03-31": "2.51770", "2016-12-31": "2.20370", "2016-09-30": "2.03170", "2016-06-30": "1.87140", "2016-03-31": "1.57490", "2015-12-31": "2.18580", "2015-09-30": "3.22010", "2015-06-30": "2.67530", "2015-03-31": "2.02160", "2014-12-31": "2.88620", "2014-09-30": "3.47620", "2014-06-30": "3.24320", "2014-03-31": "2.67760", "2013-12-31": "1.83060", "2013-09-30": "3.02670", "2013-06-30": "3.59880", "2013-03-31": "2.40550", "2012-12-31": "0.35420", "2012-09-30": "3.15110", "2012-06-30": "2.80960", "2012-03-31": "2.56010", "2011-12-31": "1.90760", "2011-09-30": "3.16230", "2011-06-30": "3.36940", "2011-03-31": "2.52220", "2010-12-31": "1.69070", "2010-09-30": "3.55740", "2010-06-30": "2.92540", "2010-03-31": "2.06540", "2009-12-31": "1.75960", "2009-09-30": "1.83190", "2009-06-30": "1.75470", "2009-03-31": "1.08420", "2008-12-31": "2.99960", "2008-09-30": "3.29570", "2008-06-30": "3.20270", "2008-03-31": "2.51470", "2007-12-31": "3.30590", "2007-09-30": "3.39620", "2007-06-30": "3.19720", "2007-03-31": "2.51820", "2006-12-31": "2.84120", "2006-09-30": "2.93680", "2006-06-30": "3.19080", "2006-03-31": "2.68290", "2005-12-31": "2.23740", "2005-09-30": "2.67020", "2005-06-30": "2.79320", "2005-03-31": "2.45020"}, "Book Value Per Share": {"2020-09-30": "22.52850", "2020-06-30": "21.45950", "2020-03-31": "20.70680", "2019-12-31": "21.01610", "2019-09-30": "20.77320", "2019-06-30": "20.31980", "2019-03-31": "19.52430", "2018-12-31": "19.10520", "2018-09-30": "18.77860", "2018-06-30": "19.23170", "2018-03-31": "28.74110", "2017-12-31": "28.31090", "2017-09-30": "27.44570", "2017-06-30": "26.14940", "2017-03-31": "25.39810", "2016-12-31": "24.44700", "2016-09-30": "24.39070", "2016-06-30": "23.92620", "2016-03-31": "23.83710", "2015-12-31": "23.51280", "2015-09-30": "23.01350", "2015-06-30": "22.96030", "2015-03-31": "22.31710", "2014-12-31": "22.70220", "2014-09-30": "23.67260", "2014-06-30": "23.40940", "2014-03-31": "22.51630", "2013-12-31": "31.64910", "2013-09-30": "31.02030", "2013-06-30": "29.18390", "2013-03-31": "27.82990", "2012-12-31": "28.15530", "2012-09-30": "29.11940", "2012-06-30": "27.95440", "2012-03-31": "27.72060", "2011-12-31": "26.85610", "2011-09-30": "26.32070", "2011-06-30": "26.41050", "2011-03-31": "25.42650", "2010-12-31": "24.27420", "2010-09-30": "23.42340", "2010-06-30": "21.88620", "2010-03-31": "21.72100", "2009-12-31": "21.85200", "2009-09-30": "21.70210", "2009-06-30": "20.97350", "2009-03-31": "20.28540", "2008-12-31": "20.39210", "2008-09-30": "21.04760", "2008-06-30": "21.06300", "2008-03-31": "21.05150", "2007-12-31": "20.33700", "2007-09-30": "19.66700", "2007-06-30": "19.54090", "2007-03-31": "18.88240", "2006-12-31": "18.65260", "2006-09-30": "18.59480", "2006-06-30": "17.84480", "2006-03-31": "17.41040", "2005-12-31": "16.41370", "2005-09-30": "16.12570", "2005-06-30": "15.64300", "2005-03-31": "15.40790"}, "Operating Cash Flow Per Share": {"2020-09-30": 2.3301, "2020-06-30": 1.8774, "2020-03-31": "0.52040", "2019-12-31": 2.4589, "2019-09-30": 2.3874, "2019-06-30": 1.4178, "2019-03-31": "0.16690", "2018-12-31": 2.3861, "2018-09-30": 1.6663, "2018-06-30": 1.0362, "2018-03-31": "0.09890", "2017-12-31": 1.8059, "2017-09-30": 1.623, "2017-06-30": 0.7571, "2017-03-31": "0.50140", "2016-12-31": 1.0358, "2016-09-30": 1.4746, "2016-06-30": 1.3251, "2016-03-31": "0.85430", "2015-12-31": 1.9228, "2015-09-30": 1.8561, "2015-06-30": 1.3795, "2015-03-31": "0.80410", "2014-12-31": 2.6254, "2014-09-30": 1.7385, "2014-06-30": 1.0987, "2014-03-31": "0.16490", "2013-12-31": 2.2381, "2013-09-30": 1.6324, "2013-06-30": 1.4455, "2013-03-31": "0.32870", "2012-12-31": 1.509, "2012-09-30": 1.5758, "2012-06-30": 1.3142, "2012-03-31": "0.86410", "2011-12-31": 1.3119, "2011-09-30": 2.0101, "2011-06-30": 1.0833, "2011-03-31": "0.61810", "2010-12-31": 1.8501, "2010-09-30": 0.8526, "2010-06-30": 1.223, "2010-03-31": "0.46340", "2009-12-31": 1.0075, "2009-09-30": 1.3238, "2009-06-30": 1.0324, "2009-03-31": "0.61720", "2008-12-31": 1.3958, "2008-09-30": 1.9175, "2008-06-30": 1.2288, "2008-03-31": "0.79640", "2007-12-31": 1.8191, "2007-09-30": 1.1804, "2007-06-30": 1.2739, "2007-03-31": "0.29840", "2006-12-31": 1.5244, "2006-09-30": 1.3592, "2006-06-30": 0.8178, "2006-03-31": "0.63280", "2005-12-31": 1.0877, "2005-09-30": 0.7784, "2005-06-30": 0.6584, "2005-03-31": "0.16760"}, "Free Cash Flow Per Share": {"2020-09-30": 2.0408, "2020-06-30": 1.6184, "2020-03-31": "0.25330", "2019-12-31": 2.1306, "2019-09-30": 2.0742, "2019-06-30": 1.0683, "2019-03-31": "-0.08460", "2018-12-31": 2.17, "2018-09-30": 1.4076, "2018-06-30": 0.6966, "2018-03-31": "-0.17180", "2017-12-31": 1.5918, "2017-09-30": 1.3211, "2017-06-30": 0.5354, "2017-03-31": "0.23560", "2016-12-31": 0.9166, "2016-09-30": 1.2268, "2016-06-30": 1.1326, "2016-03-31": "0.61990", "2015-12-31": 1.6957, "2015-09-30": 1.6051, "2015-06-30": 1.1144, "2015-03-31": "0.66990", "2014-12-31": 2.3143, "2014-09-30": 1.5861, "2014-06-30": 0.8471, "2014-03-31": "-0.01820", "2013-12-31": 2.0773, "2013-09-30": 1.4054, "2013-06-30": 1.2827, "2013-03-31": "0.19990", "2012-12-31": 1.8403, "2012-09-30": 1.2261, "2012-06-30": 0.9421, "2012-03-31": "0.50910", "2011-12-31": 0.9333, "2011-09-30": 1.6736, "2011-06-30": 0.7114, "2011-03-31": "0.36410", "2010-12-31": 1.6411, "2010-09-30": 0.6495, "2010-06-30": 1.0178, "2010-03-31": "0.27140", "2009-12-31": 0.8953, "2009-09-30": 1.2137, "2009-06-30": 0.9091, "2009-03-31": "0.47360", "2008-12-31": 1.2131, "2008-09-30": 1.6638, "2008-06-30": 1.0162, "2008-03-31": "0.58660", "2007-12-31": 1.6326, "2007-09-30": 0.9965, "2007-06-30": 1.1095, "2007-03-31": "0.09660", "2006-12-31": 1.2891, "2006-09-30": 1.1413, "2006-06-30": 0.5832, "2006-03-31": "0.47860", "2005-12-31": 0.9225, "2005-09-30": 0.6444, "2005-06-30": 0.5185, "2005-03-31": "0.04540"}}, "revenue": {"Dover Annual Revenue (Millions of US $)": {"2020": "$6,684", "2019": "$7,136", "2018": "$6,992", "2017": "$6,821", "2016": "$6,043", "2015": "$6,956", "2014": "$7,753", "2013": "$7,155", "2012": "$6,627", "2011": "$7,369", "2010": "$6,110", "2009": "$5,344", "2008": "$7,569", "2007": "$7,317", "2006": "$6,420", "2005": "$5,135"}, "Dover Quarterly Revenue (Millions of US $)": {"2020-12-31": "$1,780", "2020-09-30": "$1,748", "2020-06-30": "$1,499", "2020-03-31": "$1,656", "2019-12-31": "$1,776", "2019-09-30": "$1,825", "2019-06-30": "$1,811", "2019-03-31": "$1,725", "2018-12-31": "$1,809", "2018-09-30": "$1,747", "2018-06-30": "$1,798", "2018-03-31": "$1,638", "2017-12-31": "$1,522", "2017-09-30": "$1,748", "2017-06-30": "$1,737", "2017-03-31": "$1,813", "2016-12-31": "$1,027", "2016-09-30": "$1,708", "2016-06-30": "$1,686", "2016-03-31": "$1,622", "2015-12-31": "$1,695", "2015-09-30": "$1,788", "2015-06-30": "$1,759", "2015-03-31": "$1,716", "2014-12-31": "$1,978", "2014-09-30": "$2,010", "2014-06-30": "$1,963", "2014-03-31": "$1,803", "2013-12-31": "$1,518", "2013-09-30": "$1,940", "2013-06-30": "$1,932", "2013-03-31": "$1,764", "2012-12-31": "$536", "2012-09-30": "$2,098", "2012-06-30": "$2,038", "2012-03-31": "$1,955", "2011-12-31": "$1,424", "2011-09-30": "$2,139", "2011-06-30": "$1,995", "2011-03-31": "$1,812", "2010-12-31": "$937", "2010-09-30": "$1,802", "2010-06-30": "$1,787", "2010-03-31": "$1,583", "2009-12-31": "$1,075", "2009-09-30": "$1,500", "2009-06-30": "$1,390", "2009-03-31": "$1,379", "2008-12-31": "$1,727", "2008-09-30": "$1,966", "2008-06-30": "$2,011", "2008-03-31": "$1,865", "2007-12-31": "$1,909", "2007-09-30": "$1,865", "2007-06-30": "$1,824", "2007-03-31": "$1,719", "2006-12-31": "$1,644", "2006-09-30": "$1,605", "2006-06-30": "$1,660", "2006-03-31": "$1,510", "2005-12-31": "$1,069", "2005-09-30": "$1,365", "2005-06-30": "$1,333", "2005-03-31": "$1,368"}}, "gross-profit": {"Dover Annual Gross Profit (Millions of US $)": {"2020": "$2,474", "2019": "$2,621", "2018": "$2,560", "2017": "$2,529", "2016": "$2,228", "2015": "$2,568", "2014": "$2,974", "2013": "$2,779", "2012": "$2,580", "2011": "$2,845", "2010": "$2,423", "2009": "$2,013", "2008": "$2,730", "2007": "$2,620", "2006": "$2,292", "2005": "$1,832"}, "Dover Quarterly Gross Profit (Millions of US $)": {"2020-12-31": "$651", "2020-09-30": "$659", "2020-06-30": "$552", "2020-03-31": "$612", "2019-12-31": "$651", "2019-09-30": "$673", "2019-06-30": "$673", "2019-03-31": "$624", "2018-12-31": "$645", "2018-09-30": "$647", "2018-06-30": "$665", "2018-03-31": "$603", "2017-12-31": "$565", "2017-09-30": "$649", "2017-06-30": "$654", "2017-03-31": "$661", "2016-12-31": "$375", "2016-09-30": "$632", "2016-06-30": "$631", "2016-03-31": "$589", "2015-12-31": "$614", "2015-09-30": "$673", "2015-06-30": "$655", "2015-03-31": "$627", "2014-12-31": "$724", "2014-09-30": "$774", "2014-06-30": "$768", "2014-03-31": "$708", "2013-12-31": "$585", "2013-09-30": "$756", "2013-06-30": "$756", "2013-03-31": "$682", "2012-12-31": "$247", "2012-09-30": "$810", "2012-06-30": "$777", "2012-03-31": "$746", "2011-12-31": "$551", "2011-09-30": "$806", "2011-06-30": "$776", "2011-03-31": "$712", "2010-12-31": "$431", "2010-09-30": "$691", "2010-06-30": "$689", "2010-03-31": "$612", "2009-12-31": "$479", "2009-09-30": "$558", "2009-06-30": "$493", "2009-03-31": "$482", "2008-12-31": "$607", "2008-09-30": "$704", "2008-06-30": "$740", "2008-03-31": "$680", "2007-12-31": "$675", "2007-09-30": "$668", "2007-06-30": "$654", "2007-03-31": "$622", "2006-12-31": "$556", "2006-09-30": "$573", "2006-06-30": "$615", "2006-03-31": "$548", "2005-12-31": "$414", "2005-09-30": "$482", "2005-06-30": "$469", "2005-03-31": "$467"}}, "operating-income": {"Dover Annual Operating Income (Millions of US $)": {"2020": "$933", "2019": "$975", "2018": "$843", "2017": "$807", "2016": "$709", "2015": "$921", "2014": "$1,215", "2013": "$1,162", "2012": "$1,059", "2011": "$1,124", "2010": "$923", "2009": "$591", "2008": "$1,029", "2007": "$1,005", "2006": "$903", "2005": "$648"}, "Dover Quarterly Operating Income (Millions of US $)": {"2020-12-31": "$246", "2020-09-30": "$277", "2020-06-30": "$185", "2020-03-31": "$225", "2019-12-31": "$248", "2019-09-30": "$283", "2019-06-30": "$276", "2019-03-31": "$168", "2018-12-31": "$219", "2018-09-30": "$220", "2018-06-30": "$236", "2018-03-31": "$168", "2017-12-31": "$160", "2017-09-30": "$239", "2017-06-30": "$233", "2017-03-31": "$175", "2016-12-31": "$159", "2016-09-30": "$211", "2016-06-30": "$194", "2016-03-31": "$146", "2015-12-31": "$199", "2015-09-30": "$277", "2015-06-30": "$252", "2015-03-31": "$193", "2014-12-31": "$263", "2014-09-30": "$348", "2014-06-30": "$329", "2014-03-31": "$274", "2013-12-31": "$228", "2013-09-30": "$348", "2013-06-30": "$320", "2013-03-31": "$265", "2012-12-31": "$98", "2012-09-30": "$358", "2012-06-30": "$311", "2012-03-31": "$292", "2011-12-31": "$208", "2011-09-30": "$330", "2011-06-30": "$328", "2011-03-31": "$258", "2010-12-31": "$162", "2010-09-30": "$293", "2010-06-30": "$265", "2010-03-31": "$203", "2009-12-31": "$168", "2009-09-30": "$180", "2009-06-30": "$128", "2009-03-31": "$115", "2008-12-31": "$231", "2008-09-30": "$269", "2008-06-30": "$293", "2008-03-31": "$236", "2007-12-31": "$261", "2007-09-30": "$273", "2007-06-30": "$262", "2007-03-31": "$209", "2006-12-31": "$216", "2006-09-30": "$226", "2006-06-30": "$249", "2006-03-31": "$212", "2005-12-31": "$162", "2005-09-30": "$181", "2005-06-30": "$165", "2005-03-31": "$140"}}, "ebitda": {"Dover Annual EBITDA (Millions of US $)": {"2019": "$1,247", "2018": "$1,126", "2017": "$1,090", "2016": "$959", "2015": "$1,248", "2014": "$1,523", "2013": "$1,440", "2012": "$1,289", "2011": "$1,414", "2010": "$1,152", "2009": "$822", "2008": "$1,290", "2007": "$1,249", "2006": "$1,099", "2005": "$796"}, "Dover Quarterly EBITDA (Millions of US $)": {"2020-09-30": "$346", "2020-06-30": "$252", "2020-03-31": "$294", "2019-12-31": "$318", "2019-09-30": "$350", "2019-06-30": "$344", "2019-03-31": "$236", "2018-12-31": "$295", "2018-09-30": "$288", "2018-06-30": "$306", "2018-03-31": "$236", "2017-12-31": "$231", "2017-09-30": "$312", "2017-06-30": "$277", "2017-03-31": "$271", "2016-12-31": "$145", "2016-09-30": "$297", "2016-06-30": "$282", "2016-03-31": "$234", "2015-12-31": "$291", "2015-09-30": "$354", "2015-06-30": "$330", "2015-03-31": "$273", "2014-12-31": "$345", "2014-09-30": "$423", "2014-06-30": "$405", "2014-03-31": "$350", "2013-12-31": "$291", "2013-09-30": "$421", "2013-06-30": "$392", "2013-03-31": "$336", "2012-12-31": "$67", "2012-09-30": "$449", "2012-06-30": "$401", "2012-03-31": "$373", "2011-12-31": "$278", "2011-09-30": "$414", "2011-06-30": "$396", "2011-03-31": "$326", "2010-12-31": "$211", "2010-09-30": "$342", "2010-06-30": "$331", "2010-03-31": "$269", "2009-12-31": "$207", "2009-09-30": "$244", "2009-06-30": "$192", "2009-03-31": "$179", "2008-12-31": "$294", "2008-09-30": "$337", "2008-06-30": "$358", "2008-03-31": "$301", "2007-12-31": "$325", "2007-09-30": "$334", "2007-06-30": "$322", "2007-03-31": "$268", "2006-12-31": "$271", "2006-09-30": "$272", "2006-06-30": "$296", "2006-03-31": "$260", "2005-12-31": "$200", "2005-09-30": "$218", "2005-06-30": "$198", "2005-03-31": "$180"}}, "net-income": {"Dover Annual Net Income (Millions of US $)": {"2020": "$683", "2019": "$678", "2018": "$570", "2017": "$812", "2016": "$509", "2015": "$870", "2014": "$775", "2013": "$1,003", "2012": "$811", "2011": "$895", "2010": "$700", "2009": "$356", "2008": "$591", "2007": "$661", "2006": "$562", "2005": "$510"}, "Dover Quarterly Net Income (Millions of US $)": {"2020-12-31": "$182", "2020-09-30": "$200", "2020-06-30": "$125", "2020-03-31": "$176", "2019-12-31": "$168", "2019-09-30": "$206", "2019-06-30": "$198", "2019-03-31": "$106", "2018-12-31": "$142", "2018-09-30": "$157", "2018-06-30": "$140", "2018-03-31": "$131", "2017-12-31": "$296", "2017-09-30": "$179", "2017-06-30": "$164", "2017-03-31": "$172", "2016-12-31": "$161", "2016-09-30": "$130", "2016-06-30": "$118", "2016-03-31": "$99", "2015-12-31": "$142", "2015-09-30": "$186", "2015-06-30": "$332", "2015-03-31": "$210", "2014-12-31": "$169", "2014-09-30": "$232", "2014-06-30": "$214", "2014-03-31": "$160", "2013-12-31": "$194", "2013-09-30": "$269", "2013-06-30": "$330", "2013-03-31": "$210", "2012-12-31": "$160", "2012-09-30": "$241", "2012-06-30": "$214", "2012-03-31": "$196", "2011-12-31": "$278", "2011-09-30": "$172", "2011-06-30": "$250", "2011-03-31": "$195", "2010-12-31": "$198", "2010-09-30": "$224", "2010-06-30": "$170", "2010-03-31": "$108", "2009-12-31": "$99", "2009-09-30": "$107", "2009-06-30": "$97", "2009-03-31": "$53", "2008-12-31": "$121", "2008-09-30": "$188", "2008-06-30": "$135", "2008-03-31": "$147", "2007-12-31": "$185", "2007-09-30": "$175", "2007-06-30": "$172", "2007-03-31": "$129", "2006-12-31": "$119", "2006-09-30": "$168", "2006-06-30": "$72", "2006-03-31": "$204", "2005-12-31": "$116", "2005-09-30": "$123", "2005-06-30": "$173", "2005-03-31": "$98"}}, "eps-earnings-per-share-diluted": {"Dover Annual EPS": {"2020": "$4.70", "2019": "$4.61", "2018": "$3.75", "2017": "$5.15", "2016": "$3.25", "2015": "$5.46", "2014": "$4.59", "2013": "$5.78", "2012": "$4.41", "2011": "$4.74", "2010": "$3.70", "2009": "$1.91", "2008": "$3.12", "2007": "$3.26", "2006": "$2.73", "2005": "$2.50"}, "Dover Quarterly EPS": {"2020-12-31": "$1.25", "2020-09-30": "$1.38", "2020-06-30": "$0.86", "2020-03-31": "$1.21", "2019-12-31": "$1.14", "2019-09-30": "$1.40", "2019-06-30": "$1.35", "2019-03-31": "$0.72", "2018-12-31": "$0.95", "2018-09-30": "$1.05", "2018-06-30": "$0.91", "2018-03-31": "$0.84", "2017-12-31": "$1.88", "2017-09-30": "$1.14", "2017-06-30": "$1.04", "2017-03-31": "$1.09", "2016-12-31": "$1.02", "2016-09-30": "$0.83", "2016-06-30": "$0.76", "2016-03-31": "$0.64", "2015-12-31": "$0.92", "2015-09-30": "$1.19", "2015-06-30": "$2.07", "2015-03-31": "$1.28", "2014-12-31": "$1.01", "2014-09-30": "$1.38", "2014-06-30": "$1.27", "2014-03-31": "$0.93", "2013-12-31": "$1.11", "2013-09-30": "$1.56", "2013-06-30": "$1.91", "2013-03-31": "$1.20", "2012-12-31": "$0.90", "2012-09-30": "$1.31", "2012-06-30": "$1.15", "2012-03-31": "$1.05", "2011-12-31": "$1.48", "2011-09-30": "$0.91", "2011-06-30": "$1.32", "2011-03-31": "$1.03", "2010-12-31": "$1.03", "2010-09-30": "$1.19", "2010-06-30": "$0.90", "2010-03-31": "$0.58", "2009-12-31": "$0.53", "2009-09-30": "$0.57", "2009-06-30": "$0.52", "2009-03-31": "$0.29", "2008-12-31": "$0.65", "2008-09-30": "$1.00", "2008-06-30": "$0.71", "2008-03-31": "$0.76", "2007-12-31": "$0.93", "2007-09-30": "$0.86", "2007-06-30": "$0.84", "2007-03-31": "$0.63", "2006-12-31": "$0.57", "2006-09-30": "$0.82", "2006-06-30": "$0.35", "2006-03-31": "$0.99", "2005-12-31": "$0.57", "2005-09-30": "$0.60", "2005-06-30": "$0.85", "2005-03-31": "$0.48"}}, "shares-outstanding": {"Dover Annual Shares Outstanding (Millions of Shares)": {"2020": "145", "2019": "147", "2018": "152", "2017": "158", "2016": "157", "2015": "159", "2014": "169", "2013": "174", "2012": "184", "2011": "189", "2010": "189", "2009": "187", "2008": "189", "2007": "203", "2006": "205", "2005": "204"}, "Dover Quarterly Shares Outstanding (Millions of Shares)": {"2020-12-31": "145", "2020-09-30": "145", "2020-06-30": "145", "2020-03-31": "146", "2019-12-31": "147", "2019-09-30": "147", "2019-06-30": "147", "2019-03-31": "147", "2018-12-31": "152", "2018-09-30": "149", "2018-06-30": "154", "2018-03-31": "157", "2017-12-31": "158", "2017-09-30": "158", "2017-06-30": "158", "2017-03-31": "157", "2016-12-31": "157", "2016-09-30": "157", "2016-06-30": "157", "2016-03-31": "156", "2015-12-31": "159", "2015-09-30": "157", "2015-06-30": "160", "2015-03-31": "163", "2014-12-31": "169", "2014-09-30": "168", "2014-06-30": "169", "2014-03-31": "172", "2013-12-31": "174", "2013-09-30": "173", "2013-06-30": "173", "2013-03-31": "176", "2012-12-31": "184", "2012-09-30": "184", "2012-06-30": "186", "2012-03-31": "187", "2011-12-31": "189", "2011-09-30": "188", "2011-06-30": "190", "2011-03-31": "190", "2010-12-31": "189", "2010-09-30": "189", "2010-06-30": "189", "2010-03-31": "188", "2009-12-31": "187", "2009-09-30": "186", "2009-06-30": "186", "2009-03-31": "186", "2008-12-31": "189", "2008-09-30": "188", "2008-06-30": "191", "2008-03-31": "193", "2007-12-31": "203", "2007-09-30": "202", "2007-06-30": "206", "2007-03-31": "206", "2006-12-31": "205", "2006-09-30": "205", "2006-06-30": "206", "2006-03-31": "205", "2005-12-31": "204", "2005-09-30": "204", "2005-06-30": "204", "2005-03-31": "205"}}, "total-assets": {"Dover Annual Total Assets (Millions of US $)": {"2019": "$8,669", "2018": "$8,366", "2017": "$10,658", "2016": "$10,116", "2015": "$8,606", "2014": "$9,030", "2013": "$10,855", "2012": "$10,444", "2011": "$9,501", "2010": "$8,559", "2009": "$7,882", "2008": "$7,883", "2007": "$8,068", "2006": "$7,627", "2005": "$6,580"}, "Dover Quarterly Total Assets (Millions of US $)": {"2020-09-30": "$8,986", "2020-06-30": "$9,114", "2020-03-31": "$8,944", "2019-12-31": "$8,669", "2019-09-30": "$8,669", "2019-06-30": "$8,776", "2019-03-31": "$8,658", "2018-12-31": "$8,366", "2018-09-30": "$8,462", "2018-06-30": "$8,473", "2018-03-31": "$10,543", "2017-12-31": "$10,658", "2017-09-30": "$10,493", "2017-06-30": "$10,292", "2017-03-31": "$10,238", "2016-12-31": "$10,116", "2016-09-30": "$9,298", "2016-06-30": "$8,979", "2016-03-31": "$8,981", "2015-12-31": "$8,606", "2015-09-30": "$8,479", "2015-06-30": "$8,467", "2015-03-31": "$8,647", "2014-12-31": "$9,030", "2014-09-30": "$8,959", "2014-06-30": "$8,795", "2014-03-31": "$8,664", "2013-12-31": "$10,855", "2013-09-30": "$10,665", "2013-06-30": "$10,349", "2013-03-31": "$10,235", "2012-12-31": "$10,444", "2012-09-30": "$9,910", "2012-06-30": "$9,804", "2012-03-31": "$9,699", "2011-12-31": "$9,501", "2011-09-30": "$9,513", "2011-06-30": "$9,482", "2011-03-31": "$9,360", "2010-12-31": "$8,559", "2010-09-30": "$8,354", "2010-06-30": "$8,083", "2010-03-31": "$8,027", "2009-12-31": "$7,882", "2009-09-30": "$7,772", "2009-06-30": "$7,670", "2009-03-31": "$7,597", "2008-12-31": "$7,883", "2008-09-30": "$8,316", "2008-06-30": "$8,387", "2008-03-31": "$8,203", "2007-12-31": "$8,068", "2007-09-30": "$7,949", "2007-06-30": "$7,808", "2007-03-31": "$7,847", "2006-12-31": "$7,627", "2006-09-30": "$7,325", "2006-06-30": "$6,860", "2006-03-31": "$6,754", "2005-12-31": "$6,580", "2005-09-30": "$6,805", "2005-06-30": "$5,933", "2005-03-31": "$6,006"}}, "cash-on-hand": {"Dover Annual Cash on Hand (Millions of US $)": {"2019": "$397", "2018": "$396", "2017": "$754", "2016": "$349", "2015": "$362", "2014": "$682", "2013": "$804", "2012": "$800", "2011": "$1,207", "2010": "$1,311", "2009": "$938", "2008": "$827", "2007": "$606", "2006": "$375", "2005": "$186"}, "Dover Quarterly Cash on Hand (Millions of US $)": {"2020-09-30": "$428", "2020-06-30": "$649", "2020-03-31": "$509", "2019-12-31": "$397", "2019-09-30": "$341", "2019-06-30": "$321", "2019-03-31": "$243", "2018-12-31": "$396", "2018-09-30": "$209", "2018-06-30": "$243", "2018-03-31": "$367", "2017-12-31": "$754", "2017-09-30": "$322", "2017-06-30": "$302", "2017-03-31": "$416", "2016-12-31": "$349", "2016-09-30": "$515", "2016-06-30": "$255", "2016-03-31": "$244", "2015-12-31": "$362", "2015-09-30": "$663", "2015-06-30": "$595", "2015-03-31": "$538", "2014-12-31": "$682", "2014-09-30": "$706", "2014-06-30": "$547", "2014-03-31": "$486", "2013-12-31": "$804", "2013-09-30": "$740", "2013-06-30": "$606", "2013-03-31": "$571", "2012-12-31": "$800", "2012-09-30": "$794", "2012-06-30": "$786", "2012-03-31": "$900", "2011-12-31": "$1,207", "2011-09-30": "$917", "2011-06-30": "$1,397", "2011-03-31": "$1,378", "2010-12-31": "$1,311", "2010-09-30": "$1,081", "2010-06-30": "$974", "2010-03-31": "$1,012", "2009-12-31": "$938", "2009-09-30": "$930", "2009-06-30": "$836", "2009-03-31": "$763", "2008-12-31": "$827", "2008-09-30": "$795", "2008-06-30": "$743", "2008-03-31": "$636", "2007-12-31": "$606", "2007-09-30": "$446", "2007-06-30": "$410", "2007-03-31": "$444", "2006-12-31": "$375", "2006-09-30": "$339", "2006-06-30": "$272", "2006-03-31": "$290", "2005-12-31": "$186", "2005-09-30": "$323", "2005-06-30": "$400", "2005-03-31": "$412"}}, "long-term-debt": {"Dover Annual Long Term Debt (Millions of US $)": {"2019": "$2,986", "2018": "$2,944", "2017": "$2,987", "2016": "$3,207", "2015": "$2,604", "2014": "$2,253", "2013": "$2,599", "2012": "$2,189", "2011": "$2,186", "2010": "$1,791", "2009": "$1,825", "2008": "$1,861", "2007": "$1,452", "2006": "$1,480", "2005": "$1,344"}, "Dover Quarterly Long Term Debt (Millions of US $)": {"2020-09-30": "$3,047", "2020-06-30": "$3,001", "2020-03-31": "$2,963", "2019-12-31": "$2,986", "2019-09-30": "$2,909", "2019-06-30": "$2,946", "2019-03-31": "$2,941", "2018-12-31": "$2,944", "2018-09-30": "$2,982", "2018-06-30": "$2,975", "2018-03-31": "$3,032", "2017-12-31": "$2,987", "2017-09-30": "$2,985", "2017-06-30": "$2,925", "2017-03-31": "$2,888", "2016-12-31": "$3,207", "2016-09-30": "$2,614", "2016-06-30": "$2,607", "2016-03-31": "$2,611", "2015-12-31": "$2,604", "2015-09-30": "$2,225", "2015-06-30": "$2,225", "2015-03-31": "$2,218", "2014-12-31": "$2,253", "2014-09-30": "$2,570", "2014-06-30": "$2,596", "2014-03-31": "$2,602", "2013-12-31": "$2,599", "2013-09-30": "$2,190", "2013-06-30": "$2,190", "2013-03-31": "$2,190", "2012-12-31": "$2,189", "2012-09-30": "$2,192", "2012-06-30": "$2,192", "2012-03-31": "$2,192", "2011-12-31": "$2,186", "2011-09-30": "$2,186", "2011-06-30": "$2,186", "2011-03-31": "$2,186", "2010-12-31": "$1,791", "2010-09-30": "$1,790", "2010-06-30": "$1,791", "2010-03-31": "$1,825", "2009-12-31": "$1,825", "2009-09-30": "$1,827", "2009-06-30": "$1,845", "2009-03-31": "$1,861", "2008-12-31": "$1,861", "2008-09-30": "$1,861", "2008-06-30": "$1,879", "2008-03-31": "$1,896", "2007-12-31": "$1,452", "2007-09-30": "$1,454", "2007-06-30": "$1,466", "2007-03-31": "$1,481", "2006-12-31": "$1,480", "2006-09-30": "$1,491", "2006-06-30": "$1,344", "2006-03-31": "$1,344", "2005-12-31": "$1,344", "2005-09-30": "$1,340", "2005-06-30": "$752", "2005-03-31": "$755"}}, "total-liabilities": {"Dover Annual Total Liabilities (Millions of US $)": {"2019": "$5,637", "2018": "$5,597", "2017": "$6,275", "2016": "$6,316", "2015": "$4,962", "2014": "$5,330", "2013": "$5,478", "2012": "$5,525", "2011": "$4,570", "2010": "$4,032", "2009": "$3,799", "2008": "$4,090", "2007": "$4,122", "2006": "$3,816", "2005": "$3,251"}, "Dover Quarterly Total Liabilities (Millions of US $)": {"2020-09-30": "$5,740", "2020-06-30": "$6,025", "2020-03-31": "$5,964", "2019-12-31": "$5,637", "2019-09-30": "$5,652", "2019-06-30": "$5,821", "2019-03-31": "$5,820", "2018-12-31": "$5,597", "2018-09-30": "$5,714", "2018-06-30": "$5,633", "2018-03-31": "$6,097", "2017-12-31": "$6,275", "2017-09-30": "$6,218", "2017-06-30": "$6,220", "2017-03-31": "$6,285", "2016-12-31": "$6,316", "2016-09-30": "$5,509", "2016-06-30": "$5,265", "2016-03-31": "$5,283", "2015-12-31": "$4,962", "2015-09-30": "$4,913", "2015-06-30": "$4,874", "2015-03-31": "$5,068", "2014-12-31": "$5,330", "2014-09-30": "$5,037", "2014-06-30": "$4,898", "2014-03-31": "$4,916", "2013-12-31": "$5,478", "2013-09-30": "$5,381", "2013-06-30": "$5,368", "2013-03-31": "$5,473", "2012-12-31": "$5,525", "2012-09-30": "$4,697", "2012-06-30": "$4,694", "2012-03-31": "$4,609", "2011-12-31": "$4,570", "2011-09-30": "$4,634", "2011-06-30": "$4,569", "2011-03-31": "$4,616", "2010-12-31": "$4,032", "2010-09-30": "$3,978", "2010-06-30": "$3,998", "2010-03-31": "$3,970", "2009-12-31": "$3,799", "2009-09-30": "$3,732", "2009-06-30": "$3,767", "2009-03-31": "$3,823", "2008-12-31": "$4,090", "2008-09-30": "$4,402", "2008-06-30": "$4,430", "2008-03-31": "$4,217", "2007-12-31": "$4,122", "2007-09-30": "$4,041", "2007-06-30": "$3,810", "2007-03-31": "$3,987", "2006-12-31": "$3,816", "2006-09-30": "$3,528", "2006-06-30": "$3,228", "2006-03-31": "$3,204", "2005-12-31": "$3,251", "2005-09-30": "$3,537", "2005-06-30": "$2,765", "2005-03-31": "$2,867"}}, "total-share-holder-equity": {"Dover Annual Share Holder Equity (Millions of US $)": {"2019": "$3,033", "2018": "$2,769", "2017": "$4,383", "2016": "$3,800", "2015": "$3,645", "2014": "$3,701", "2013": "$5,377", "2012": "$4,919", "2011": "$4,931", "2010": "$4,527", "2009": "$4,084", "2008": "$3,793", "2007": "$3,946", "2006": "$3,811", "2005": "$3,330"}, "Dover Quarterly Share Holder Equity (Millions of US $)": {"2020-09-30": "$3,246", "2020-06-30": "$3,090", "2020-03-31": "$2,981", "2019-12-31": "$3,033", "2019-09-30": "$3,018", "2019-06-30": "$2,955", "2019-03-31": "$2,837", "2018-12-31": "$2,769", "2018-09-30": "$2,748", "2018-06-30": "$2,841", "2018-03-31": "$4,446", "2017-12-31": "$4,383", "2017-09-30": "$4,276", "2017-06-30": "$4,072", "2017-03-31": "$3,953", "2016-12-31": "$3,800", "2016-09-30": "$3,789", "2016-06-30": "$3,714", "2016-03-31": "$3,698", "2015-12-31": "$3,645", "2015-09-30": "$3,566", "2015-06-30": "$3,592", "2015-03-31": "$3,579", "2014-12-31": "$3,701", "2014-09-30": "$3,922", "2014-06-30": "$3,897", "2014-03-31": "$3,748", "2013-12-31": "$5,377", "2013-09-30": "$5,284", "2013-06-30": "$4,981", "2013-03-31": "$4,762", "2012-12-31": "$4,919", "2012-09-30": "$5,213", "2012-06-30": "$5,110", "2012-03-31": "$5,090", "2011-12-31": "$4,931", "2011-09-30": "$4,879", "2011-06-30": "$4,913", "2011-03-31": "$4,744", "2010-12-31": "$4,527", "2010-09-30": "$4,375", "2010-06-30": "$4,085", "2010-03-31": "$4,057", "2009-12-31": "$4,084", "2009-09-30": "$4,040", "2009-06-30": "$3,904", "2009-03-31": "$3,773", "2008-12-31": "$3,793", "2008-09-30": "$3,914", "2008-06-30": "$3,957", "2008-03-31": "$3,987", "2007-12-31": "$3,946", "2007-09-30": "$3,908", "2007-06-30": "$3,998", "2007-03-31": "$3,860", "2006-12-31": "$3,811", "2006-09-30": "$3,796", "2006-06-30": "$3,632", "2006-03-31": "$3,550", "2005-12-31": "$3,330", "2005-09-30": "$3,268", "2005-06-30": "$3,168", "2005-03-31": "$3,139"}}, "profit-margins": {"current": "10.23%"}, "gross margin": {"2020-12-31": "37.02%", "2020-09-30": "37.04%", "2020-06-30": "36.83%", "2020-03-31": "36.91%", "2019-12-31": "36.72%", "2019-09-30": "36.47%", "2019-06-30": "36.51%", "2019-03-31": "36.46%", "2018-12-31": "36.61%", "2018-09-30": "36.99%", "2018-06-30": "37.01%", "2018-03-31": "37.19%", "2017-12-31": "37.08%", "2017-09-30": "36.98%", "2017-06-30": "36.95%", "2017-03-31": "36.88%", "2016-12-31": "36.85%", "2016-09-30": "36.75%", "2016-06-30": "36.92%", "2016-03-31": "36.87%", "2015-12-31": "36.92%", "2015-09-30": "37.00%", "2015-06-30": "37.25%", "2015-03-31": "37.73%", "2014-12-31": "38.35%", "2014-09-30": "38.87%", "2014-06-30": "39.00%", "2014-03-31": "39.00%", "2013-12-31": "38.85%", "2013-09-30": "39.55%", "2013-06-30": "39.42%", "2013-03-31": "39.09%", "2012-12-31": "38.93%", "2012-09-30": "38.38%", "2012-06-30": "38.12%", "2012-03-31": "38.32%", "2011-12-31": "38.60%", "2011-09-30": "39.59%", "2011-06-30": "39.87%", "2011-03-31": "39.81%", "2010-12-31": "39.66%", "2010-09-30": "39.55%", "2010-06-30": "39.33%", "2010-03-31": "38.61%", "2009-12-31": "37.65%", "2009-09-30": "35.69%", "2009-06-30": "35.38%", "2009-03-31": "35.76%", "2008-12-31": "36.08%", "2008-09-30": "36.11%", "2008-06-30": "36.12%", "2008-03-31": "35.87%", "2007-12-31": "35.79%", "2007-09-30": "35.45%", "2007-06-30": "35.41%", "2007-03-31": "35.70%", "2006-12-31": "35.71%", "2006-09-30": "36.79%", "2006-06-30": "36.74%", "2006-03-31": "36.25%", "2005-12-31": "35.68%"}, "operating margin": {"2020-12-31": "13.96%", "2020-09-30": "14.00%", "2020-06-30": "13.93%", "2020-03-31": "14.60%", "2019-12-31": "13.66%", "2019-09-30": "13.19%", "2019-06-30": "12.45%", "2019-03-31": "11.91%", "2018-12-31": "12.06%", "2018-09-30": "11.69%", "2018-06-30": "11.97%", "2018-03-31": "12.04%", "2017-12-31": "11.83%", "2017-09-30": "12.74%", "2017-06-30": "12.38%", "2017-03-31": "11.85%", "2016-12-31": "11.75%", "2016-09-30": "11.18%", "2016-06-30": "12.02%", "2016-03-31": "12.73%", "2015-12-31": "13.24%", "2015-09-30": "13.60%", "2015-06-30": "14.15%", "2015-03-31": "14.78%", "2014-12-31": "15.66%", "2014-09-30": "16.16%", "2014-06-30": "16.32%", "2014-03-31": "16.27%", "2013-12-31": "16.23%", "2013-09-30": "16.70%", "2013-06-30": "16.45%", "2013-03-31": "16.03%", "2012-12-31": "15.98%", "2012-09-30": "15.56%", "2012-06-30": "15.10%", "2012-03-31": "15.41%", "2011-12-31": "15.25%", "2011-09-30": "15.66%", "2011-06-30": "15.90%", "2011-03-31": "15.43%", "2010-12-31": "15.11%", "2010-09-30": "14.87%", "2010-06-30": "13.73%", "2010-03-31": "12.24%", "2009-12-31": "11.06%", "2009-09-30": "10.91%", "2009-06-30": "11.50%", "2009-03-31": "12.82%", "2008-12-31": "13.59%", "2008-09-30": "13.66%", "2008-06-30": "13.90%", "2008-03-31": "13.83%", "2007-12-31": "13.74%", "2007-09-30": "13.61%", "2007-06-30": "13.44%", "2007-03-31": "13.58%", "2006-12-31": "14.07%", "2006-09-30": "14.53%", "2006-06-30": "14.35%", "2006-03-31": "13.64%", "2005-12-31": "12.62%"}, "ebitda margin": {"2020-09-30": "18.12%", "2020-06-30": "17.95%", "2020-03-31": "18.46%", "2019-12-31": "17.47%", "2019-09-30": "17.07%", "2019-06-30": "16.40%", "2019-03-31": "15.89%", "2018-12-31": "16.09%", "2018-09-30": "15.82%", "2018-06-30": "16.18%", "2018-03-31": "15.89%", "2017-12-31": "16.00%", "2017-09-30": "15.89%", "2017-06-30": "15.75%", "2017-03-31": "15.96%", "2016-12-31": "15.85%", "2016-09-30": "16.45%", "2016-06-30": "17.10%", "2016-03-31": "17.61%", "2015-12-31": "17.94%", "2015-09-30": "17.98%", "2015-06-30": "18.37%", "2015-03-31": "18.86%", "2014-12-31": "19.64%", "2014-09-30": "20.14%", "2014-06-30": "20.31%", "2014-03-31": "20.21%", "2013-12-31": "20.13%", "2013-09-30": "19.70%", "2013-06-30": "19.65%", "2013-03-31": "19.47%", "2012-12-31": "19.47%", "2012-09-30": "19.97%", "2012-06-30": "19.40%", "2012-03-31": "19.45%", "2011-12-31": "19.19%", "2011-09-30": "19.57%", "2011-06-30": "19.48%", "2011-03-31": "19.09%", "2010-12-31": "18.87%", "2010-09-30": "18.39%", "2010-06-30": "17.68%", "2010-03-31": "16.44%", "2009-12-31": "15.38%", "2009-09-30": "15.16%", "2009-06-30": "15.51%", "2009-03-31": "16.49%", "2008-12-31": "17.04%", "2008-09-30": "17.04%", "2008-06-30": "17.23%", "2008-03-31": "17.18%", "2007-12-31": "17.07%", "2007-09-30": "16.95%", "2007-06-30": "16.68%", "2007-03-31": "16.70%", "2006-12-31": "17.12%", "2006-09-30": "17.59%", "2006-06-30": "17.38%", "2006-03-31": "16.60%", "2005-12-31": "15.50%"}, "pre tax profit margin": {"2020-12-31": "12.60%", "2020-09-30": "12.26%", "2020-06-30": "12.23%", "2020-03-31": "13.00%", "2019-12-31": "11.81%", "2019-09-30": "11.62%", "2019-06-30": "10.83%", "2019-03-31": "10.30%", "2018-12-31": "10.37%", "2018-09-30": "11.59%", "2018-06-30": "11.80%", "2018-03-31": "11.71%", "2017-12-31": "12.84%", "2017-09-30": "13.41%", "2017-06-30": "13.08%", "2017-03-31": "12.64%", "2016-12-31": "11.32%", "2016-09-30": "9.57%", "2016-06-30": "10.40%", "2016-03-31": "11.12%", "2015-12-31": "11.50%", "2015-09-30": "11.90%", "2015-06-30": "12.53%", "2015-03-31": "13.28%", "2014-12-31": "14.12%", "2014-09-30": "14.61%", "2014-06-30": "14.76%", "2014-03-31": "14.60%", "2013-12-31": "14.62%", "2013-09-30": "14.74%", "2013-06-30": "14.47%", "2013-03-31": "14.12%", "2012-12-31": "14.05%", "2012-09-30": "13.96%", "2012-06-30": "13.57%", "2012-03-31": "13.87%", "2011-12-31": "13.72%", "2011-09-30": "14.01%", "2011-06-30": "14.07%", "2011-03-31": "13.66%", "2010-12-31": "13.32%", "2010-09-30": "13.14%", "2010-06-30": "12.09%", "2010-03-31": "10.42%", "2009-12-31": "9.26%", "2009-09-30": "9.46%", "2009-06-30": "10.34%", "2009-03-31": "11.73%", "2008-12-31": "12.51%", "2008-09-30": "12.49%", "2008-06-30": "12.55%", "2008-03-31": "12.52%", "2007-12-31": "12.46%", "2007-09-30": "12.35%", "2007-06-30": "12.21%", "2007-03-31": "12.30%", "2006-12-31": "12.70%", "2006-09-30": "12.99%", "2006-06-30": "12.83%", "2006-03-31": "12.30%", "2005-12-31": "11.47%"}, "net profit margin": {"2020-12-31": "10.22%", "2020-09-30": "10.02%", "2020-06-30": "9.99%", "2020-03-31": "10.58%", "2019-12-31": "9.50%", "2019-09-30": "9.09%", "2019-06-30": "8.50%", "2019-03-31": "7.70%", "2018-12-31": "8.15%", "2018-09-30": "10.80%", "2018-06-30": "11.12%", "2018-03-31": "11.59%", "2017-12-31": "11.89%", "2017-09-30": "10.69%", "2017-06-30": "9.98%", "2017-03-31": "9.32%", "2016-12-31": "8.41%", "2016-09-30": "7.29%", "2016-06-30": "8.03%", "2016-03-31": "11.06%", "2015-12-31": "12.50%", "2015-09-30": "12.39%", "2015-06-30": "12.64%", "2015-03-31": "10.76%", "2014-12-31": "9.99%", "2014-09-30": "10.97%", "2014-06-30": "11.59%", "2014-03-31": "13.25%", "2013-12-31": "14.02%", "2013-09-30": "15.70%", "2013-06-30": "14.87%", "2013-03-31": "12.82%", "2012-12-31": "12.24%", "2012-09-30": "12.36%", "2012-06-30": "11.38%", "2012-03-31": "11.93%", "2011-12-31": "12.14%", "2011-09-30": "11.84%", "2011-06-30": "13.24%", "2011-03-31": "12.42%", "2010-12-31": "11.46%", "2010-09-30": "9.62%", "2010-06-30": "8.14%", "2010-03-31": "7.41%", "2009-12-31": "6.66%", "2009-09-30": "6.30%", "2009-06-30": "7.10%", "2009-03-31": "7.02%", "2008-12-31": "7.81%", "2008-09-30": "8.45%", "2008-06-30": "8.39%", "2008-03-31": "9.10%", "2007-12-31": "9.03%", "2007-09-30": "8.44%", "2007-06-30": "8.66%", "2007-03-31": "7.36%", "2006-12-31": "8.77%", "2006-09-30": "9.58%", "2006-06-30": "9.19%", "2006-03-31": "11.67%", "2005-12-31": "9.93%"}, "pe ratio": {"current": "21.23", "2021-02-11": "35.39", "2020-12-31": "36.59", "2020-09-30": "23.46", "2020-06-30": "20.73", "2020-03-31": "16.21", "2019-12-31": "24.50", "2019-09-30": "21.97", "2019-06-30": "23.89", "2019-03-31": "24.93", "2018-12-31": "18.16", "2018-09-30": "18.21", "2018-06-30": "14.69", "2018-03-31": "15.33", "2017-12-31": "14.93", "2017-09-30": "16.10", "2017-06-30": "15.15", "2017-03-31": "16.23", "2016-12-31": "17.13", "2016-09-30": "17.37", "2016-06-30": "14.58", "2016-03-31": "9.79", "2015-12-31": "8.17", "2015-09-30": "7.43", "2015-06-30": "8.75", "2015-03-31": "9.96", "2014-12-31": "11.06", "2014-09-30": "12.04", "2014-06-30": "13.07", "2014-03-31": "10.34", "2013-12-31": "9.66", "2013-09-30": "9.34", "2013-06-30": "8.41", "2013-03-31": "9.17", "2012-12-31": "8.51", "2012-09-30": "6.74", "2012-06-30": "6.57", "2012-03-31": "7.40", "2011-12-31": "6.82", "2011-09-30": "6.01", "2011-06-30": "8.16", "2011-03-31": "8.68", "2010-12-31": "8.61", "2010-09-30": "8.87", "2010-06-30": "8.72", "2010-03-31": "11.37", "2009-12-31": "11.58", "2009-09-30": "10.09", "2009-06-30": "7.09", "2009-03-31": "5.21", "2008-12-31": "5.46", "2008-09-30": "6.10", "2008-06-30": "7.55", "2008-03-31": "6.25", "2007-12-31": "7.14", "2007-09-30": "8.31", "2007-06-30": "8.42", "2007-03-31": "9.54", "2006-12-31": "8.37"}, "price sales": {"2021-02-11": "2.66", "2020-12-31": "2.75", "2020-09-30": "2.36", "2020-06-30": "2.07", "2020-03-31": "1.72", "2019-12-31": "2.33", "2019-09-30": "2.01", "2019-06-30": "2.05", "2019-03-31": "1.93", "2018-12-31": "1.49", "2018-09-30": "1.96", "2018-06-30": "1.63", "2018-03-31": "1.78", "2017-12-31": "1.78", "2017-09-30": "1.72", "2017-06-30": "1.51", "2017-03-31": "1.52", "2016-12-31": "1.45", "2016-09-30": "1.28", "2016-06-30": "1.18", "2016-03-31": "1.08", "2015-12-31": "1.02", "2015-09-30": "0.93", "2015-06-30": "1.12", "2015-03-31": "1.08", "2014-12-31": "1.11", "2014-09-30": "1.33", "2014-06-30": "1.52", "2014-03-31": "1.37", "2013-12-31": "1.36", "2013-09-30": "1.47", "2013-06-30": "1.26", "2013-03-31": "1.18", "2012-12-31": "1.05", "2012-09-30": "0.84", "2012-06-30": "0.75", "2012-03-31": "0.88", "2011-12-31": "0.83", "2011-09-30": "0.71", "2011-06-30": "1.08", "2011-03-31": "1.08", "2010-12-31": "0.99", "2010-09-30": "0.86", "2010-06-30": "0.71", "2010-03-31": "0.85", "2009-12-31": "0.78", "2009-09-30": "0.64", "2009-06-30": "0.51", "2009-03-31": "0.37", "2008-12-31": "0.43", "2008-09-30": "0.52", "2008-06-30": "0.64", "2008-03-31": "0.57", "2007-12-31": "0.65", "2007-09-30": "0.75", "2007-06-30": "0.78", "2007-03-31": "0.76", "2006-12-31": "0.78"}, "price book": {"current": "5.12", "2021-02-11": "5.42", "2020-09-30": "4.79", "2020-06-30": "4.46", "2020-03-31": "4.00", "2019-12-31": "5.39", "2019-09-30": "4.69", "2019-06-30": "4.80", "2019-03-31": "4.65", "2018-12-31": "3.57", "2018-09-30": "4.54", "2018-06-30": "3.64", "2018-03-31": "2.61", "2017-12-31": "2.72", "2017-09-30": "2.52", "2017-06-30": "2.31", "2017-03-31": "2.37", "2016-12-31": "2.28", "2016-09-30": "2.24", "2016-06-30": "2.13", "2016-03-31": "1.97", "2015-12-31": "1.89", "2015-09-30": "1.79", "2015-06-30": "2.19", "2015-03-31": "2.21", "2014-12-31": "2.24", "2014-09-30": "2.40", "2014-06-30": "2.73", "2014-03-31": "2.54", "2013-12-31": "1.77", "2013-09-30": "1.67", "2013-06-30": "1.53", "2013-03-31": "1.50", "2012-12-31": "1.33", "2012-09-30": "1.16", "2012-06-30": "1.08", "2012-03-31": "1.27", "2011-12-31": "1.21", "2011-09-30": "0.98", "2011-06-30": "1.42", "2011-03-31": "1.42", "2010-12-31": "1.32", "2010-09-30": "1.21", "2010-06-30": "1.03", "2010-03-31": "1.16", "2009-12-31": "1.02", "2009-09-30": "0.95", "2009-06-30": "0.83", "2009-03-31": "0.68", "2008-12-31": "0.84", "2008-09-30": "0.99", "2008-06-30": "1.17", "2008-03-31": "1.01", "2007-12-31": "1.15", "2007-09-30": "1.31", "2007-06-30": "1.31", "2007-03-31": "1.29", "2006-12-31": "1.31", "2006-09-30": "1.27", "2006-06-30": "1.37", "2006-03-31": "1.37"}, "price fcf": {"2021-02-11": "", "2020-09-30": "$6.04", "2020-06-30": "$6.08", "2020-03-31": "$5.53", "2019-12-31": "$5.19", "2019-09-30": "$5.23", "2019-06-30": "$4.56", "2019-03-31": "$4.19", "2018-12-31": "$4.10", "2018-09-30": "$3.52", "2018-06-30": "$3.44", "2018-03-31": "$3.28", "2017-12-31": "$3.68", "2017-09-30": "$3.01", "2017-06-30": "$2.91", "2017-03-31": "$3.51", "2016-12-31": "$3.90", "2016-09-30": "$4.68", "2016-06-30": "$5.05", "2016-03-31": "$5.04", "2015-12-31": "$5.09", "2015-09-30": "$5.70", "2015-06-30": "$5.68", "2015-03-31": "$5.42", "2014-12-31": "$4.73", "2014-09-30": "$4.49", "2014-06-30": "$4.31", "2014-03-31": "$4.75", "2013-12-31": "$4.97", "2013-09-30": "$4.73", "2013-06-30": "$4.55", "2013-03-31": "$4.21", "2012-12-31": "$4.52", "2012-09-30": "$3.61", "2012-06-30": "$4.06", "2012-03-31": "$3.83", "2011-12-31": "$3.68", "2011-09-30": "$4.39", "2011-06-30": "$3.37", "2011-03-31": "$3.67", "2010-12-31": "$3.58", "2010-09-30": "$2.83", "2010-06-30": "$3.40", "2010-03-31": "$3.29", "2009-12-31": "$3.49", "2009-09-30": "$3.81", "2009-06-30": "$4.26", "2009-03-31": "$4.37", "2008-12-31": "$4.48", "2008-09-30": "$4.90", "2008-06-30": "$4.23", "2008-03-31": "$4.33", "2007-12-31": "$3.84", "2007-09-30": "$3.49", "2007-06-30": "$3.64", "2007-03-31": "$3.11", "2006-12-31": "$3.49"}, "net worth": {"value": "$17.34B"}, "current ratio": {"2020-12-31": "1.51", "2020-09-30": "1.48", "2020-06-30": "1.32", "2020-03-31": "1.29", "2019-12-31": "1.46", "2019-09-30": "1.42", "2019-06-30": "1.34", "2019-03-31": "1.30", "2018-12-31": "1.37", "2018-09-30": "1.30", "2018-06-30": "1.35", "2018-03-31": "1.42", "2017-12-31": "1.30", "2017-09-30": "1.32", "2017-06-30": "1.25", "2017-03-31": "1.19", "2016-12-31": "1.33", "2016-09-30": "1.45", "2016-06-30": "1.45", "2016-03-31": "1.42", "2015-12-31": "1.77", "2015-09-30": "1.69", "2015-06-30": "1.70", "2015-03-31": "1.50", "2014-12-31": "1.39", "2014-09-30": "2.24", "2014-06-30": "2.36", "2014-03-31": "2.19", "2013-12-31": "2.03", "2013-09-30": "1.62", "2013-06-30": "1.54", "2013-03-31": "1.50", "2012-12-31": "1.52", "2012-09-30": "2.57", "2012-06-30": "2.54", "2012-03-31": "2.69", "2011-12-31": "2.85", "2011-09-30": "2.56", "2011-06-30": "2.97", "2011-03-31": "2.82", "2010-12-31": "2.74", "2010-09-30": "2.59", "2010-06-30": "2.26", "2010-03-31": "2.32", "2009-12-31": "2.60", "2009-09-30": "2.75", "2009-06-30": "2.48", "2009-03-31": "2.39", "2008-12-31": "2.10", "2008-09-30": "1.84", "2008-06-30": "1.83", "2008-03-31": "2.00", "2007-12-31": "1.52", "2007-09-30": "1.55", "2007-06-30": "1.79", "2007-03-31": "1.66", "2006-12-31": "1.55", "2006-09-30": "1.90", "2006-06-30": "1.91", "2006-03-31": "1.87", "2005-12-31": "1.54", "2005-09-30": "1.42", "2005-06-30": "1.61", "2005-03-31": "1.51"}, "quick ratio": {"2020-12-31": "1.03", "2020-09-30": "1.00", "2020-06-30": "0.91", "2020-03-31": "0.89", "2019-12-31": "1.00", "2019-09-30": "0.97", "2019-06-30": "0.91", "2019-03-31": "0.87", "2018-12-31": "0.96", "2018-09-30": "0.88", "2018-06-30": "0.93", "2018-03-31": "0.95", "2017-12-31": "0.99", "2017-09-30": "0.87", "2017-06-30": "0.81", "2017-03-31": "0.79", "2016-12-31": "0.89", "2016-09-30": "1.01", "2016-06-30": "0.94", "2016-03-31": "0.91", "2015-12-31": "1.18", "2015-09-30": "1.20", "2015-06-30": "1.17", "2015-03-31": "1.02", "2014-12-31": "0.97", "2014-09-30": "1.58", "2014-06-30": "1.63", "2014-03-31": "1.51", "2013-12-31": "1.49", "2013-09-30": "1.15", "2013-06-30": "1.08", "2013-03-31": "1.03", "2012-12-31": "1.09", "2012-09-30": "1.85", "2012-06-30": "1.81", "2012-03-31": "1.96", "2011-12-31": "2.21", "2011-09-30": "1.90", "2011-06-30": "2.27", "2011-03-31": "2.16", "2010-12-31": "2.16", "2010-09-30": "1.98", "2010-06-30": "1.73", "2010-03-31": "1.80", "2009-12-31": "2.01", "2009-09-30": "2.14", "2009-06-30": "1.89", "2009-03-31": "1.78", "2008-12-31": "1.59", "2008-09-30": "1.39", "2008-06-30": "1.38", "2008-03-31": "1.47", "2007-12-31": "1.11", "2007-09-30": "1.10", "2007-06-30": "1.24", "2007-03-31": "1.16", "2006-12-31": "1.07", "2006-09-30": "1.29", "2006-06-30": "1.31", "2006-03-31": "1.27", "2005-12-31": "1.02", "2005-09-30": "0.94", "2005-06-30": "1.05", "2005-03-31": "0.98"}, "debt equity ratio": {"current": "0.92", "2020-12-31": "1.70", "2020-09-30": "1.77", "2020-06-30": "1.95", "2020-03-31": "2.00", "2019-12-31": "1.86", "2019-09-30": "1.87", "2019-06-30": "1.97", "2019-03-31": "2.05", "2018-12-31": "2.02", "2018-09-30": "2.08", "2018-06-30": "1.98", "2018-03-31": "1.37", "2017-12-31": "1.43", "2017-09-30": "1.45", "2017-06-30": "1.53", "2017-03-31": "1.59", "2016-12-31": "1.66", "2016-09-30": "1.45", "2016-06-30": "1.42", "2016-03-31": "1.43", "2015-12-31": "1.36", "2015-09-30": "1.38", "2015-06-30": "1.36", "2015-03-31": "1.42", "2014-12-31": "1.44", "2014-09-30": "1.28", "2014-06-30": "1.26", "2014-03-31": "1.31", "2013-12-31": "1.02", "2013-09-30": "1.02", "2013-06-30": "1.08", "2013-03-31": "1.15", "2012-12-31": "1.12", "2012-09-30": "0.90", "2012-06-30": "0.92", "2012-03-31": "0.91", "2011-12-31": "0.93", "2011-09-30": "0.95", "2011-06-30": "0.93", "2011-03-31": "0.97", "2010-12-31": "0.89", "2010-09-30": "0.91", "2010-06-30": "0.98", "2010-03-31": "0.98", "2009-12-31": "0.93", "2009-09-30": "0.92", "2009-06-30": "0.97", "2009-03-31": "1.01", "2008-12-31": "1.08", "2008-09-30": "1.13", "2008-06-30": "1.12", "2008-03-31": "1.06", "2007-12-31": "1.05", "2007-09-30": "1.03", "2007-06-30": "0.95", "2007-03-31": "1.03", "2006-12-31": "1.00", "2006-09-30": "0.93", "2006-06-30": "0.89", "2006-03-31": "0.90", "2005-12-31": "0.98", "2005-09-30": "1.08", "2005-06-30": "0.87", "2005-03-31": "0.91"}, "return on equity": {"2020-12-31": "21.51%", "2020-09-30": "21.67%", "2020-06-30": "22.27%", "2020-03-31": "24.96%", "2019-12-31": "22.90%", "2019-09-30": "22.52%", "2019-06-30": "21.33%", "2019-03-31": "19.47%", "2018-12-31": "17.81%", "2018-09-30": "20.09%", "2018-06-30": "18.71%", "2018-03-31": "17.93%", "2017-12-31": "19.44%", "2017-09-30": "16.79%", "2017-06-30": "16.06%", "2017-03-31": "15.23%", "2016-12-31": "13.55%", "2016-09-30": "13.18%", "2016-06-30": "14.91%", "2016-03-31": "20.94%", "2015-12-31": "24.20%", "2015-09-30": "24.85%", "2015-06-30": "25.50%", "2015-03-31": "21.86%", "2014-12-31": "20.30%", "2014-09-30": "18.89%", "2014-06-30": "18.29%", "2014-03-31": "19.66%", "2013-12-31": "19.66%", "2013-09-30": "19.43%", "2013-06-30": "18.94%", "2013-03-31": "16.50%", "2012-12-31": "15.96%", "2012-09-30": "18.27%", "2012-06-30": "17.19%", "2012-03-31": "18.09%", "2011-12-31": "18.39%", "2011-09-30": "17.10%", "2011-06-30": "18.69%", "2011-03-31": "17.75%", "2010-12-31": "16.43%", "2010-09-30": "14.48%", "2010-06-30": "11.90%", "2010-03-31": "10.22%", "2009-12-31": "9.01%", "2009-09-30": "9.75%", "2009-06-30": "11.93%", "2009-03-31": "12.88%", "2008-12-31": "15.10%", "2008-09-30": "16.58%", "2008-06-30": "16.26%", "2008-03-31": "17.15%", "2007-12-31": "16.83%", "2007-09-30": "15.28%", "2007-06-30": "15.21%", "2007-03-31": "12.93%", "2006-12-31": "15.23%", "2006-09-30": "15.66%", "2006-06-30": "14.95%", "2006-03-31": "18.50%", "2005-12-31": "15.81%"}, "return on assets": {"2020-12-31": "7.55%", "2020-09-30": "7.49%", "2020-06-30": "7.63%", "2020-03-31": "8.53%", "2019-12-31": "7.80%", "2019-09-30": "7.57%", "2019-06-30": "7.04%", "2019-03-31": "6.42%", "2018-12-31": "6.36%", "2018-09-30": "7.59%", "2018-06-30": "7.43%", "2018-03-31": "7.34%", "2017-12-31": "7.78%", "2017-09-30": "6.57%", "2017-06-30": "6.28%", "2017-03-31": "6.02%", "2016-12-31": "5.44%", "2016-09-30": "5.45%", "2016-06-30": "6.22%", "2016-03-31": "8.79%", "2015-12-31": "10.18%", "2015-09-30": "10.36%", "2015-06-30": "10.75%", "2015-03-31": "9.31%", "2014-12-31": "8.75%", "2014-09-30": "8.59%", "2014-06-30": "8.59%", "2014-03-31": "9.40%", "2013-12-31": "9.53%", "2013-09-30": "9.30%", "2013-06-30": "9.19%", "2013-03-31": "8.17%", "2012-12-31": "8.14%", "2012-09-30": "9.55%", "2012-06-30": "8.93%", "2012-03-31": "9.38%", "2011-12-31": "9.46%", "2011-09-30": "8.83%", "2011-06-30": "9.70%", "2011-03-31": "9.16%", "2010-12-31": "8.48%", "2010-09-30": "7.43%", "2010-06-30": "6.09%", "2010-03-31": "5.24%", "2009-12-31": "4.61%", "2009-09-30": "4.89%", "2009-06-30": "5.83%", "2009-03-31": "6.18%", "2008-12-31": "7.21%", "2008-09-30": "7.95%", "2008-06-30": "7.88%", "2008-03-31": "8.48%", "2007-12-31": "8.35%", "2007-09-30": "7.62%", "2007-06-30": "7.68%", "2007-03-31": "6.58%", "2006-12-31": "7.88%", "2006-09-30": "8.14%", "2006-06-30": "7.63%", "2006-03-31": "9.45%", "2005-12-31": "8.06%"}, "return on investments": {"2020-12-31": "15.03%", "2020-09-30": "15.36%", "2020-06-30": "15.70%", "2020-03-31": "17.35%", "2019-12-31": "16.51%", "2019-09-30": "16.23%", "2019-06-30": "15.28%", "2019-03-31": "14.64%", "2018-12-31": "13.63%", "2018-09-30": "11.88%", "2018-06-30": "11.50%", "2018-03-31": "10.99%", "2017-12-31": "11.34%", "2017-09-30": "11.47%", "2017-06-30": "11.42%", "2017-03-31": "11.12%", "2016-12-31": "10.91%", "2016-09-30": "11.87%", "2016-06-30": "13.23%", "2016-03-31": "14.47%", "2015-12-31": "15.57%", "2015-09-30": "16.87%", "2015-06-30": "17.56%", "2015-03-31": "18.32%", "2014-12-31": "19.20%", "2014-09-30": "17.27%", "2014-06-30": "16.67%", "2014-03-31": "16.15%", "2013-12-31": "15.70%", "2013-09-30": "14.37%", "2013-06-30": "14.54%", "2013-03-31": "14.35%", "2012-12-31": "14.56%", "2012-09-30": "16.07%", "2012-06-30": "15.87%", "2012-03-31": "16.22%", "2011-12-31": "15.94%", "2011-09-30": "15.73%", "2011-06-30": "15.71%", "2011-03-31": "15.47%", "2010-12-31": "15.23%", "2010-09-30": "15.59%", "2010-06-30": "13.87%", "2010-03-31": "11.60%", "2009-12-31": "10.21%", "2009-09-30": "11.42%", "2009-06-30": "13.03%", "2009-03-31": "15.86%", "2008-12-31": "17.78%", "2008-09-30": "18.50%", "2008-06-30": "18.91%", "2008-03-31": "18.67%", "2007-12-31": "18.64%", "2007-09-30": "17.89%", "2007-06-30": "17.08%", "2007-03-31": "17.23%", "2006-12-31": "17.66%", "2006-09-30": "17.12%", "2006-06-30": "16.79%", "2006-03-31": "15.92%", "2005-12-31": "15.16%"}, "return on tangible equity": {"2020-09-30": "-35.76%", "2020-06-30": "-35.90%", "2020-03-31": "-39.50%", "2019-12-31": "-35.28%", "2019-09-30": "-32.91%", "2019-06-30": "-29.17%", "2019-03-31": "-25.94%", "2018-12-31": "-27.94%", "2018-09-30": "-43.20%", "2018-06-30": "-44.97%", "2018-03-31": "-45.41%", "2017-12-31": "-44.61%", "2017-09-30": "-29.23%", "2017-06-30": "-28.24%", "2017-03-31": "-27.50%", "2016-12-31": "-25.42%", "2016-09-30": "-28.21%", "2016-06-30": "-34.53%", "2016-03-31": "-53.92%", "2015-12-31": "-70.37%", "2015-09-30": "-78.02%", "2015-06-30": "-86.81%", "2015-03-31": "-83.76%", "2014-12-31": "-85.16%", "2014-09-30": "-217.69%", "2014-06-30": "-320.38%", "2014-03-31": "-381.20%", "2013-12-31": "-401.20%", "2013-09-30": "-136.91%", "2013-06-30": "-145.72%", "2013-03-31": "-151.65%", "2012-12-31": "-222.34%", "2012-09-30": "-931.33%", "2012-06-30": "-790.80%", "2012-03-31": "3446.15%", "2011-12-31": "1052.94%", "2011-09-30": "452.15%", "2011-06-30": "323.81%", "2011-03-31": "464.99%", "2010-12-31": "668.26%", "2010-09-30": "-575.12%", "2010-06-30": "-282.22%", "2010-03-31": "-200.73%", "2009-12-31": "-139.74%", "2009-09-30": "-124.24%", "2009-06-30": "-122.89%", "2009-03-31": "-121.59%", "2008-12-31": "-145.12%", "2008-09-30": "-165.93%", "2008-06-30": "-163.78%", "2008-03-31": "-183.39%", "2007-12-31": "-168.09%", "2007-09-30": "-148.29%", "2007-06-30": "-212.85%", "2007-03-31": "-367.61%", "2006-12-31": "4330.77%", "2006-09-30": "425.05%", "2006-06-30": "985.65%", "2006-03-31": "558.73%", "2005-12-31": "272.73%"}, "dividend yield history": {"last payout": "$1.98", "last yield": "1.65%"}}