{"ticker": "DOW", "price": {"title": "Dow Historical Annual Stock Price Data", "value": 57.67, "historical": {"2020": {"Average Stock Price": "43.9526", "Year Open": "53.7500", "Year High": "57.7300", "Year Low": "22.0000", "Year Close": "55.5000", "Annual % Change": "1.41%"}, "2019": {"Average Stock Price": "50.3870", "Year Open": "49.8000", "Year High": "59.7100", "Year Low": "40.7100", "Year Close": "54.7300", "Annual % Change": "0.00%"}}}, "market cap": {"value": "$42.11B"}, "income statement": {"Revenue": {"2020-12-31": "38542.00000", "2019-12-31": "42951.00000", "2018-12-31": "49604.00000", "2017-12-31": "43730.00000", "2016-12-31": "48158.00000"}, "Cost Of Goods Sold": {"2020-12-31": "33346.00000", "2019-12-31": "36657.00000", "2018-12-31": "41074.00000", "2017-12-31": "36350.00000", "2016-12-31": "37668.00000"}, "Gross Profit": {"2020-12-31": "5196.00000", "2019-12-31": "6294.00000", "2018-12-31": "8530.00000", "2017-12-31": "7380.00000", "2016-12-31": "10490.00000"}, "Research And Development Expenses": {"2020-12-31": "768.00000", "2019-12-31": "765.00000", "2018-12-31": "800.00000", "2017-12-31": "803.00000", "2016-12-31": "1593.00000"}, "SG&A Expenses": {"2020-12-31": "1471.00000", "2019-12-31": "1590.00000", "2018-12-31": "1782.00000", "2017-12-31": "1795.00000", "2016-12-31": "3897.00000"}, "Other Operating Income Or Expenses": {"2020-12-31": "-239.00000", "2019-12-31": "-1063.00000", "2018-12-31": "-1179.00000", "2017-12-31": "-798.00000", "2016-12-31": ""}, "Operating Expenses": {"2020-12-31": "36933.00000", "2019-12-31": "43713.00000", "2018-12-31": "45525.00000", "2017-12-31": "42885.00000", "2016-12-31": "43702.00000"}, "Operating Income": {"2020-12-31": "1609.00000", "2019-12-31": "-762.00000", "2018-12-31": "4079.00000", "2017-12-31": "845.00000", "2016-12-31": "4456.00000"}, "Total Non-Operating Income/Expense": {"2020-12-31": "462.00000", "2019-12-31": "-485.00000", "2018-12-31": "-330.00000", "2017-12-31": "-608.00000", "2016-12-31": "2183.00000"}, "Pre-Tax Income": {"2020-12-31": "2071.00000", "2019-12-31": "-1247.00000", "2018-12-31": "3749.00000", "2017-12-31": "237.00000", "2016-12-31": "4413.00000"}, "Income Taxes": {"2020-12-31": "777.00000", "2019-12-31": "470.00000", "2018-12-31": "809.00000", "2017-12-31": "1524.00000", "2016-12-31": "9.00000"}, "Income After Taxes": {"2020-12-31": "1294.00000", "2019-12-31": "-1717.00000", "2018-12-31": "2940.00000", "2017-12-31": "-1287.00000", "2016-12-31": "4404.00000"}, "Other Income": {"2020-12-31": "", "2019-12-31": "", "2018-12-31": "", "2017-12-31": "", "2016-12-31": "0.00000"}, "Income From Continuous Operations": {"2020-12-31": "1294.00000", "2019-12-31": "-1717.00000", "2018-12-31": "2940.00000", "2017-12-31": "-1287.00000", "2016-12-31": "4318.00000"}, "Income From Discontinued Operations": {"2020-12-31": "", "2019-12-31": "445.00000", "2018-12-31": "1835.00000", "2017-12-31": "1882.00000", "2016-12-31": "0.00000"}, "Net Income": {"2020-12-31": "1225.00000", "2019-12-31": "-1359.00000", "2018-12-31": "4641.00000", "2017-12-31": "465.00000", "2016-12-31": "4318.00000"}, "EBITDA": {"2020-12-31": "4483.00000", "2019-12-31": "2176.00000", "2018-12-31": "6988.00000", "2017-12-31": "3391.00000", "2016-12-31": "7318.00000"}, "EBIT": {"2020-12-31": "1609.00000", "2019-12-31": "-762.00000", "2018-12-31": "4079.00000", "2017-12-31": "845.00000", "2016-12-31": "4456.00000"}, "Basic Shares Outstanding": {"2020-12-31": "740.50000", "2019-12-31": "742.50000", "2018-12-31": "747.20000", "2017-12-31": "744.80000", "2016-12-31": ""}, "Shares Outstanding": {"2020-12-31": "742.30000", "2019-12-31": "742.50000", "2018-12-31": "747.20000", "2017-12-31": "744.80000", "2016-12-31": ""}, "Basic EPS": {"2020-12-31": "1.64000", "2019-12-31": "-1.84000", "2018-12-31": "6.21000", "2017-12-31": "0.60000", "2016-12-31": ""}, "EPS - Earnings Per Share": {"2020-12-31": "1.64000", "2019-12-31": "-1.84000", "2018-12-31": "6.21000", "2017-12-31": "0.60000", "2016-12-31": "0.00000"}}, "income statement, quarterly": {"Revenue": {"2020-12-31": "10706.00000", "2020-09-30": "9712.00000", "2020-06-30": "8354.00000", "2020-03-31": "9770.00000", "2019-12-31": "10204.00000", "2019-09-30": "10764.00000", "2019-06-30": "11014.00000", "2019-03-31": "10969.00000", "2018-12-31": "", "2018-09-30": "12634.00000", "2018-06-30": "12789.00000", "2017-12-31": "", "2016-12-31": ""}, "Cost Of Goods Sold": {"2020-12-31": "9135.00000", "2020-09-30": "8371.00000", "2020-06-30": "7610.00000", "2020-03-31": "8230.00000", "2019-12-31": "8718.00000", "2019-09-30": "9377.00000", "2019-06-30": "9420.00000", "2019-03-31": "9142.00000", "2018-12-31": "", "2018-09-30": "10456.00000", "2018-06-30": "10540.00000", "2017-12-31": "", "2016-12-31": ""}, "Gross Profit": {"2020-12-31": "1571.00000", "2020-09-30": "1341.00000", "2020-06-30": "744.00000", "2020-03-31": "1540.00000", "2019-12-31": "1486.00000", "2019-09-30": "1387.00000", "2019-06-30": "1594.00000", "2019-03-31": "1827.00000", "2018-12-31": "", "2018-09-30": "2178.00000", "2018-06-30": "2249.00000", "2017-12-31": "", "2016-12-31": ""}, "Research And Development Expenses": {"2020-12-31": "214.00000", "2020-09-30": "193.00000", "2020-06-30": "182.00000", "2020-03-31": "179.00000", "2019-12-31": "173.00000", "2019-09-30": "194.00000", "2019-06-30": "208.00000", "2019-03-31": "190.00000", "2018-12-31": "", "2018-09-30": "193.00000", "2018-06-30": "221.00000", "2017-12-31": "", "2016-12-31": ""}, "SG&A Expenses": {"2020-12-31": "408.00000", "2020-09-30": "372.00000", "2020-06-30": "357.00000", "2020-03-31": "334.00000", "2019-12-31": "332.00000", "2019-09-30": "388.00000", "2019-06-30": "422.00000", "2019-03-31": "448.00000", "2018-12-31": "", "2018-09-30": "409.00000", "2018-06-30": "485.00000", "2017-12-31": "", "2016-12-31": ""}, "Other Operating Income Or Expenses": {"2020-12-31": "-65.00000", "2020-09-30": "-63.00000", "2020-06-30": "-46.00000", "2020-03-31": "-65.00000", "2019-12-31": "-99.00000", "2019-09-30": "-164.00000", "2019-06-30": "-348.00000", "2019-03-31": "-452.00000", "2018-12-31": "", "2018-09-30": "-313.00000", "2018-06-30": "-262.00000", "2017-12-31": "", "2016-12-31": ""}, "Operating Expenses": {"2020-12-31": "9912.00000", "2020-09-30": "9716.00000", "2020-06-30": "8301.00000", "2020-03-31": "9004.00000", "2019-12-31": "12272.00000", "2019-09-30": "10370.00000", "2019-06-30": "10567.00000", "2019-03-31": "10504.00000", "2018-12-31": "", "2018-09-30": "11536.00000", "2018-06-30": "11666.00000", "2017-12-31": "", "2016-12-31": ""}, "Operating Income": {"2020-12-31": "794.00000", "2020-09-30": "-4.00000", "2020-06-30": "53.00000", "2020-03-31": "766.00000", "2019-12-31": "-2068.00000", "2019-09-30": "394.00000", "2019-06-30": "447.00000", "2019-03-31": "465.00000", "2018-12-31": "", "2018-09-30": "1098.00000", "2018-06-30": "1123.00000", "2017-12-31": "", "2016-12-31": ""}, "Total Non-Operating Income/Expense": {"2020-12-31": "1022.00000", "2020-09-30": "46.00000", "2020-06-30": "-236.00000", "2020-03-31": "-370.00000", "2019-12-31": "-128.00000", "2019-09-30": "43.00000", "2019-06-30": "-232.00000", "2019-03-31": "-168.00000", "2018-12-31": "", "2018-09-30": "-104.00000", "2018-06-30": "-64.00000", "2017-12-31": "", "2016-12-31": ""}, "Pre-Tax Income": {"2020-12-31": "1816.00000", "2020-09-30": "42.00000", "2020-06-30": "-183.00000", "2020-03-31": "396.00000", "2019-12-31": "-2196.00000", "2019-09-30": "437.00000", "2019-06-30": "215.00000", "2019-03-31": "297.00000", "2018-12-31": "", "2018-09-30": "994.00000", "2018-06-30": "1059.00000", "2017-12-31": "", "2016-12-31": ""}, "Income Taxes": {"2020-12-31": "562.00000", "2020-09-30": "43.00000", "2020-06-30": "34.00000", "2020-03-31": "138.00000", "2019-12-31": "114.00000", "2019-09-30": "90.00000", "2019-06-30": "125.00000", "2019-03-31": "141.00000", "2018-12-31": "", "2018-09-30": "280.00000", "2018-06-30": "249.00000", "2017-12-31": "", "2016-12-31": ""}, "Income After Taxes": {"2020-12-31": "1254.00000", "2020-09-30": "-1.00000", "2020-06-30": "-217.00000", "2020-03-31": "258.00000", "2019-12-31": "-2310.00000", "2019-09-30": "347.00000", "2019-06-30": "90.00000", "2019-03-31": "156.00000", "2018-12-31": "", "2018-09-30": "714.00000", "2018-06-30": "810.00000", "2017-12-31": "", "2016-12-31": ""}, "Other Income": {"2020-12-31": "", "2020-09-30": "", "2020-06-30": "", "2020-03-31": "", "2019-12-31": "", "2019-09-30": "", "2019-06-30": "", "2019-03-31": "", "2018-12-31": "", "2018-09-30": "", "2018-06-30": "", "2017-12-31": "", "2016-12-31": ""}, "Income From Continuous Operations": {"2020-12-31": "1254.00000", "2020-09-30": "-1.00000", "2020-06-30": "-217.00000", "2020-03-31": "258.00000", "2019-12-31": "-2310.00000", "2019-09-30": "347.00000", "2019-06-30": "90.00000", "2019-03-31": "156.00000", "2018-12-31": "", "2018-09-30": "714.00000", "2018-06-30": "810.00000", "2017-12-31": "", "2016-12-31": ""}, "Income From Discontinued Operations": {"2020-12-31": "", "2020-09-30": "", "2020-06-30": "", "2020-03-31": "", "2019-12-31": "", "2019-09-30": "", "2019-06-30": "", "2019-03-31": "445.00000", "2018-12-31": "", "2018-09-30": "335.00000", "2018-06-30": "554.00000", "2017-12-31": "", "2016-12-31": ""}, "Net Income": {"2020-12-31": "1236.00000", "2020-09-30": "-25.00000", "2020-06-30": "-225.00000", "2020-03-31": "239.00000", "2019-12-31": "-2323.00000", "2019-09-30": "333.00000", "2019-06-30": "75.00000", "2019-03-31": "556.00000", "2018-12-31": "", "2018-09-30": "1013.00000", "2018-06-30": "1333.00000", "2017-12-31": "", "2016-12-31": ""}, "EBITDA": {"2020-12-31": "", "2020-09-30": "720.00000", "2020-06-30": "753.00000", "2020-03-31": "1490.00000", "2019-12-31": "-1355.00000", "2019-09-30": "1133.00000", "2019-06-30": "1190.00000", "2019-03-31": "1208.00000", "2018-12-31": "", "2018-09-30": "1830.00000", "2018-06-30": "1123.00000", "2017-12-31": "", "2016-12-31": ""}, "EBIT": {"2020-12-31": "794.00000", "2020-09-30": "-4.00000", "2020-06-30": "53.00000", "2020-03-31": "766.00000", "2019-12-31": "-2068.00000", "2019-09-30": "394.00000", "2019-06-30": "447.00000", "2019-03-31": "465.00000", "2018-12-31": "", "2018-09-30": "1098.00000", "2018-06-30": "1123.00000", "2017-12-31": "", "2016-12-31": ""}, "Basic Shares Outstanding": {"2020-12-31": "742.10000", "2020-09-30": "740.50000", "2020-06-30": "739.30000", "2020-03-31": "740.20000", "2019-12-31": "742.50000", "2019-09-30": "739.80000", "2019-06-30": "742.80000", "2019-03-31": "747.20000", "2018-12-31": "", "2018-09-30": "747.20000", "2018-06-30": "747.20000", "2017-12-31": "", "2016-12-31": ""}, "Shares Outstanding": {"2020-12-31": "745.00000", "2020-09-30": "740.50000", "2020-06-30": "739.30000", "2020-03-31": "742.00000", "2019-12-31": "742.50000", "2019-09-30": "743.00000", "2019-06-30": "747.90000", "2019-03-31": "747.20000", "2018-12-31": "", "2018-09-30": "747.20000", "2018-06-30": "747.20000", "2017-12-31": "", "2016-12-31": ""}, "Basic EPS": {"2020-12-31": "1.66000", "2020-09-30": "-0.04000", "2020-06-30": "-0.31000", "2020-03-31": "0.32000", "2019-12-31": "-3.13000", "2019-09-30": "0.45000", "2019-06-30": "0.10000", "2019-03-31": "0.74000", "2018-12-31": "", "2018-09-30": "1.36000", "2018-06-30": "1.78000", "2017-12-31": "", "2016-12-31": ""}, "EPS - Earnings Per Share": {"2020-12-31": "1.65000", "2020-09-30": "-0.04000", "2020-06-30": "-0.31000", "2020-03-31": "0.32000", "2019-12-31": "-3.13000", "2019-09-30": "0.45000", "2019-06-30": "0.10000", "2019-03-31": "0.74000", "2018-12-31": "0.00000", "2018-09-30": "1.36000", "2018-06-30": "1.78000", "2017-12-31": "0.00000", "2016-12-31": "0.00000"}}, "balance sheet": {"Cash On Hand": {"2020-12-31": "5104.00000", "2019-12-31": "2367.00000", "2018-12-31": "2824.00000", "2017-12-31": "6192.00000", "2016-12-31": ""}, "Receivables": {"2020-12-31": "7390.00000", "2019-12-31": "7555.00000", "2018-12-31": "9035.00000", "2017-12-31": "12049.00000", "2016-12-31": ""}, "Inventory": {"2020-12-31": "5701.00000", "2019-12-31": "6214.00000", "2018-12-31": "6899.00000", "2017-12-31": "8376.00000", "2016-12-31": ""}, "Pre-Paid Expenses": {"2020-12-31": "", "2019-12-31": "", "2018-12-31": "", "2017-12-31": "", "2016-12-31": ""}, "Other Current Assets": {"2020-12-31": "889.00000", "2019-12-31": "679.00000", "2018-12-31": "712.00000", "2017-12-31": "627.00000", "2016-12-31": ""}, "Total Current Assets": {"2020-12-31": "19084.00000", "2019-12-31": "16815.00000", "2018-12-31": "39370.00000", "2017-12-31": "27244.00000", "2016-12-31": ""}, "Property, Plant, And Equipment": {"2020-12-31": "20239.00000", "2019-12-31": "20996.00000", "2018-12-31": "21418.00000", "2017-12-31": "23812.00000", "2016-12-31": ""}, "Long-Term Investments": {"2020-12-31": "4102.00000", "2019-12-31": "3992.00000", "2018-12-31": "5966.00000", "2017-12-31": "6252.00000", "2016-12-31": ""}, "Goodwill And Intangible Assets": {"2020-12-31": "12260.00000", "2019-12-31": "12555.00000", "2018-12-31": "14071.00000", "2017-12-31": "19487.00000", "2016-12-31": "0.00000"}, "Other Long-Term Assets": {"2020-12-31": "", "2019-12-31": "", "2018-12-31": "", "2017-12-31": "594.00000", "2016-12-31": ""}, "Total Long-Term Assets": {"2020-12-31": "42386.00000", "2019-12-31": "43709.00000", "2018-12-31": "44329.00000", "2017-12-31": "52696.00000", "2016-12-31": ""}, "Total Assets": {"2020-12-31": "61470.00000", "2019-12-31": "60524.00000", "2018-12-31": "83699.00000", "2017-12-31": "79940.00000", "2016-12-31": "0.00000"}, "Total Current Liabilities": {"2020-12-31": "11108.00000", "2019-12-31": "10679.00000", "2018-12-31": "15547.00000", "2017-12-31": "14377.00000", "2016-12-31": ""}, "Long Term Debt": {"2020-12-31": "16491.00000", "2019-12-31": "15975.00000", "2018-12-31": "19253.00000", "2017-12-31": "19765.00000", "2016-12-31": ""}, "Other Non-Current Liabilities": {"2020-12-31": "7292.00000", "2019-12-31": "7607.00000", "2018-12-31": "5851.00000", "2017-12-31": "18025.00000", "2016-12-31": ""}, "Total Long Term Liabilities": {"2020-12-31": "37357.00000", "2019-12-31": "35751.00000", "2018-12-31": "34531.00000", "2017-12-31": "38554.00000", "2016-12-31": ""}, "Total Liabilities": {"2020-12-31": "48465.00000", "2019-12-31": "46430.00000", "2018-12-31": "50078.00000", "2017-12-31": "52931.00000", "2016-12-31": "0.00000"}, "Common Stock Net": {"2020-12-31": "8.00000", "2019-12-31": "8.00000", "2018-12-31": "", "2017-12-31": "0.00000", "2016-12-31": "0.00000"}, "Retained Earnings (Accumulated Deficit)": {"2020-12-31": "16361.00000", "2019-12-31": "17045.00000", "2018-12-31": "35460.00000", "2017-12-31": "28050.00000", "2016-12-31": ""}, "Comprehensive Income": {"2020-12-31": "-10855.00000", "2019-12-31": "-10246.00000", "2018-12-31": "-9885.00000", "2017-12-31": "", "2016-12-31": ""}, "Other Share Holders Equity": {"2020-12-31": "", "2019-12-31": "", "2018-12-31": "", "2017-12-31": "-7594.00000", "2016-12-31": "0.00000"}, "Share Holder Equity": {"2020-12-31": "13005.00000", "2019-12-31": "14094.00000", "2018-12-31": "33621.00000", "2017-12-31": "27009.00000", "2016-12-31": "0.00000"}, "Total Liabilities And Share Holders Equity": {"2020-12-31": "61470.00000", "2019-12-31": "60524.00000", "2018-12-31": "83699.00000", "2017-12-31": "79940.00000", "2016-12-31": "0.00000"}}, "balance sheet, quarterly": {"Cash On Hand": {"2020-12-31": "5104.00000", "2020-09-30": "4549.00000", "2020-06-30": "3726.00000", "2020-03-31": "3634.00000", "2019-12-31": "2367.00000", "2019-09-30": "2834.00000", "2019-06-30": "2466.00000", "2019-03-31": "", "2018-12-31": "", "2018-09-30": "", "2018-06-30": "", "2017-12-31": "6192.00000", "2016-12-31": ""}, "Receivables": {"2020-12-31": "7390.00000", "2020-09-30": "7072.00000", "2020-06-30": "6881.00000", "2020-03-31": "7611.00000", "2019-12-31": "7555.00000", "2019-09-30": "8808.00000", "2019-06-30": "8569.00000", "2019-03-31": "", "2018-12-31": "", "2018-09-30": "", "2018-06-30": "", "2017-12-31": "12049.00000", "2016-12-31": ""}, "Inventory": {"2020-12-31": "5701.00000", "2020-09-30": "5609.00000", "2020-06-30": "5784.00000", "2020-03-31": "6324.00000", "2019-12-31": "6214.00000", "2019-09-30": "6416.00000", "2019-06-30": "6841.00000", "2019-03-31": "", "2018-12-31": "", "2018-09-30": "", "2018-06-30": "", "2017-12-31": "8376.00000", "2016-12-31": ""}, "Pre-Paid Expenses": {"2020-12-31": "", "2020-09-30": "", "2020-06-30": "", "2020-03-31": "", "2019-12-31": "", "2019-09-30": "", "2019-06-30": "", "2019-03-31": "", "2018-12-31": "", "2018-09-30": "", "2018-06-30": "", "2017-12-31": "", "2016-12-31": ""}, "Other Current Assets": {"2020-12-31": "889.00000", "2020-09-30": "559.00000", "2020-06-30": "606.00000", "2020-03-31": "569.00000", "2019-12-31": "679.00000", "2019-09-30": "891.00000", "2019-06-30": "761.00000", "2019-03-31": "", "2018-12-31": "", "2018-09-30": "", "2018-06-30": "", "2017-12-31": "627.00000", "2016-12-31": ""}, "Total Current Assets": {"2020-12-31": "19084.00000", "2020-09-30": "17789.00000", "2020-06-30": "16997.00000", "2020-03-31": "18138.00000", "2019-12-31": "16815.00000", "2019-09-30": "18949.00000", "2019-06-30": "18637.00000", "2019-03-31": "", "2018-12-31": "", "2018-09-30": "", "2018-06-30": "", "2017-12-31": "27244.00000", "2016-12-31": ""}, "Property, Plant, And Equipment": {"2020-12-31": "20239.00000", "2020-09-30": "20413.00000", "2020-06-30": "20618.00000", "2020-03-31": "20806.00000", "2019-12-31": "20996.00000", "2019-09-30": "21003.00000", "2019-06-30": "21250.00000", "2019-03-31": "", "2018-12-31": "", "2018-09-30": "", "2018-06-30": "", "2017-12-31": "60426.00000", "2016-12-31": ""}, "Long-Term Investments": {"2020-12-31": "4102.00000", "2020-09-30": "3464.00000", "2020-06-30": "3482.00000", "2020-03-31": "3371.00000", "2019-12-31": "3992.00000", "2019-09-30": "5744.00000", "2019-06-30": "5526.00000", "2019-03-31": "", "2018-12-31": "", "2018-09-30": "", "2018-06-30": "", "2017-12-31": "6252.00000", "2016-12-31": ""}, "Goodwill And Intangible Assets": {"2020-12-31": "12260.00000", "2020-09-30": "12296.00000", "2020-06-30": "12333.00000", "2020-03-31": "12416.00000", "2019-12-31": "12555.00000", "2019-09-30": "13644.00000", "2019-06-30": "13848.00000", "2019-03-31": "0.00000", "2018-12-31": "", "2018-09-30": "0.00000", "2018-06-30": "0.00000", "2017-12-31": "19487.00000", "2016-12-31": "0.00000"}, "Other Long-Term Assets": {"2020-12-31": "", "2020-09-30": "", "2020-06-30": "", "2020-03-31": "", "2019-12-31": "", "2019-09-30": "", "2019-06-30": "", "2019-03-31": "", "2018-12-31": "", "2018-09-30": "", "2018-06-30": "", "2017-12-31": "594.00000", "2016-12-31": ""}, "Total Long-Term Assets": {"2020-12-31": "42386.00000", "2020-09-30": "42156.00000", "2020-06-30": "42279.00000", "2020-03-31": "42548.00000", "2019-12-31": "43709.00000", "2019-09-30": "45988.00000", "2019-06-30": "46252.00000", "2019-03-31": "", "2018-12-31": "", "2018-09-30": "", "2018-06-30": "", "2017-12-31": "89310.00000", "2016-12-31": ""}, "Total Assets": {"2020-12-31": "61470.00000", "2020-09-30": "59945.00000", "2020-06-30": "59276.00000", "2020-03-31": "60686.00000", "2019-12-31": "60524.00000", "2019-09-30": "64937.00000", "2019-06-30": "64889.00000", "2019-03-31": "0.00000", "2018-12-31": "0.00000", "2018-09-30": "0.00000", "2018-06-30": "0.00000", "2017-12-31": "79940.00000", "2016-12-31": "0.00000"}, "Total Current Liabilities": {"2020-12-31": "11108.00000", "2020-09-30": "10207.00000", "2020-06-30": "9786.00000", "2020-03-31": "11121.00000", "2019-12-31": "10679.00000", "2019-09-30": "11201.00000", "2019-06-30": "11605.00000", "2019-03-31": "", "2018-12-31": "", "2018-09-30": "", "2018-06-30": "", "2017-12-31": "14377.00000", "2016-12-31": ""}, "Long Term Debt": {"2020-12-31": "16491.00000", "2020-09-30": "16698.00000", "2020-06-30": "16288.00000", "2020-03-31": "16313.00000", "2019-12-31": "15975.00000", "2019-09-30": "17213.00000", "2019-06-30": "17155.00000", "2019-03-31": "", "2018-12-31": "", "2018-09-30": "", "2018-06-30": "", "2017-12-31": "19765.00000", "2016-12-31": ""}, "Other Non-Current Liabilities": {"2020-12-31": "7292.00000", "2020-09-30": "8524.00000", "2020-06-30": "8442.00000", "2020-03-31": "7985.00000", "2019-12-31": "7607.00000", "2019-09-30": "7975.00000", "2019-06-30": "6676.00000", "2019-03-31": "", "2018-12-31": "", "2018-09-30": "", "2018-06-30": "", "2017-12-31": "18025.00000", "2016-12-31": ""}, "Total Long Term Liabilities": {"2020-12-31": "37357.00000", "2020-09-30": "36806.00000", "2020-06-30": "36393.00000", "2020-03-31": "36104.00000", "2019-12-31": "35751.00000", "2019-09-30": "35750.00000", "2019-06-30": "34784.00000", "2019-03-31": "", "2018-12-31": "", "2018-09-30": "", "2018-06-30": "", "2017-12-31": "38554.00000", "2016-12-31": ""}, "Total Liabilities": {"2020-12-31": "48465.00000", "2020-09-30": "47013.00000", "2020-06-30": "46179.00000", "2020-03-31": "47225.00000", "2019-12-31": "46430.00000", "2019-09-30": "46951.00000", "2019-06-30": "46389.00000", "2019-03-31": "0.00000", "2018-12-31": "", "2018-09-30": "0.00000", "2018-06-30": "0.00000", "2017-12-31": "52931.00000", "2016-12-31": "0.00000"}, "Common Stock Net": {"2020-12-31": "8.00000", "2020-09-30": "8.00000", "2020-06-30": "8.00000", "2020-03-31": "8.00000", "2019-12-31": "8.00000", "2019-09-30": "7.00000", "2019-06-30": "7.00000", "2019-03-31": "0.00000", "2018-12-31": "", "2018-09-30": "0.00000", "2018-06-30": "0.00000", "2017-12-31": "0.00000", "2016-12-31": "0.00000"}, "Retained Earnings (Accumulated Deficit)": {"2020-12-31": "16361.00000", "2020-09-30": "15472.00000", "2020-06-30": "16017.00000", "2020-03-31": "16763.00000", "2019-12-31": "17045.00000", "2019-09-30": "19873.00000", "2019-06-30": "20110.00000", "2019-03-31": "", "2018-12-31": "", "2018-09-30": "", "2018-06-30": "", "2017-12-31": "28050.00000", "2016-12-31": ""}, "Comprehensive Income": {"2020-12-31": "-10855.00000", "2020-09-30": "-9941.00000", "2020-06-30": "-10225.00000", "2020-03-31": "-10529.00000", "2019-12-31": "-10246.00000", "2019-09-30": "-9219.00000", "2019-06-30": "-8988.00000", "2019-03-31": "", "2018-12-31": "", "2018-09-30": "", "2018-06-30": "", "2017-12-31": "", "2016-12-31": ""}, "Other Share Holders Equity": {"2020-12-31": "", "2020-09-30": "", "2020-06-30": "", "2020-03-31": "", "2019-12-31": "", "2019-09-30": "", "2019-06-30": "", "2019-03-31": "0.00000", "2018-12-31": "", "2018-09-30": "0.00000", "2018-06-30": "0.00000", "2017-12-31": "-7594.00000", "2016-12-31": "0.00000"}, "Share Holder Equity": {"2020-12-31": "13005.00000", "2020-09-30": "12932.00000", "2020-06-30": "13097.00000", "2020-03-31": "13461.00000", "2019-12-31": "14094.00000", "2019-09-30": "17986.00000", "2019-06-30": "18500.00000", "2019-03-31": "0.00000", "2018-12-31": "", "2018-09-30": "0.00000", "2018-06-30": "0.00000", "2017-12-31": "27009.00000", "2016-12-31": "0.00000"}, "Total Liabilities And Share Holders Equity": {"2020-12-31": "61470.00000", "2020-09-30": "59945.00000", "2020-06-30": "59276.00000", "2020-03-31": "60686.00000", "2019-12-31": "60524.00000", "2019-09-30": "64937.00000", "2019-06-30": "64889.00000", "2019-03-31": "0.00000", "2018-12-31": "", "2018-09-30": "0.00000", "2018-06-30": "0.00000", "2017-12-31": "79940.00000", "2016-12-31": "0.00000"}}, "cash flow statement": {"Net Income/Loss": {"2020-12-31": "1294.00000", "2019-12-31": "-1272.00000", "2018-12-31": "4775.00000", "2017-12-31": "595.00000", "2016-12-31": "4404.00000"}, "Total Depreciation And Amortization - Cash Flow": {"2020-12-31": "2874.00000", "2019-12-31": "2938.00000", "2018-12-31": "2909.00000", "2017-12-31": "2546.00000", "2016-12-31": "2862.00000"}, "Other Non-Cash Items": {"2020-12-31": "866.00000", "2019-12-31": "3877.00000", "2018-12-31": "-1772.00000", "2017-12-31": "3429.00000", "2016-12-31": ""}, "Total Non-Cash Items": {"2020-12-31": "3740.00000", "2019-12-31": "6815.00000", "2018-12-31": "1137.00000", "2017-12-31": "5975.00000", "2016-12-31": "2862.00000"}, "Change In Accounts Receivable": {"2020-12-31": "171.00000", "2019-12-31": "1253.00000", "2018-12-31": "-855.00000", "2017-12-31": "-11431.00000", "2016-12-31": ""}, "Change In Inventories": {"2020-12-31": "515.00000", "2019-12-31": "668.00000", "2018-12-31": "-859.00000", "2017-12-31": "-891.00000", "2016-12-31": ""}, "Change In Accounts Payable": {"2020-12-31": "-84.00000", "2019-12-31": "-948.00000", "2018-12-31": "787.00000", "2017-12-31": "1081.00000", "2016-12-31": ""}, "Change In Assets/Liabilities": {"2020-12-31": "590.00000", "2019-12-31": "-586.00000", "2018-12-31": "-731.00000", "2017-12-31": "-258.00000", "2016-12-31": ""}, "Total Change In Assets/Liabilities": {"2020-12-31": "1192.00000", "2019-12-31": "387.00000", "2018-12-31": "-1658.00000", "2017-12-31": "-11499.00000", "2016-12-31": "-8377.00000"}, "Cash Flow From Operating Activities": {"2020-12-31": "6226.00000", "2019-12-31": "5930.00000", "2018-12-31": "4254.00000", "2017-12-31": "-4929.00000", "2016-12-31": "-2957.00000"}, "Net Change In Property, Plant, And Equipment": {"2020-12-31": "-333.00000", "2019-12-31": "-1962.00000", "2018-12-31": "-2184.00000", "2017-12-31": "-2593.00000", "2016-12-31": "-3820.00000"}, "Net Change In Intangible Assets": {"2020-12-31": "", "2019-12-31": "", "2018-12-31": "", "2017-12-31": "", "2016-12-31": ""}, "Net Acquisitions/Divestitures": {"2020-12-31": "-130.00000", "2019-12-31": "", "2018-12-31": "-20.00000", "2017-12-31": "47.00000", "2016-12-31": "1092.00000"}, "Net Change In Short-term Investments": {"2020-12-31": "", "2019-12-31": "", "2018-12-31": "", "2017-12-31": "", "2016-12-31": ""}, "Net Change In Long-Term Investments": {"2020-12-31": "-407.00000", "2019-12-31": "-196.00000", "2018-12-31": "-279.00000", "2017-12-31": "-157.00000", "2016-12-31": ""}, "Net Change In Investments - Total": {"2020-12-31": "-407.00000", "2019-12-31": "-196.00000", "2018-12-31": "-279.00000", "2017-12-31": "-157.00000", "2016-12-31": "-864.00000"}, "Investing Activities - Other": {"2020-12-31": "29.00000", "2019-12-31": "-34.00000", "2018-12-31": "288.00000", "2017-12-31": "10221.00000", "2016-12-31": "8684.00000"}, "Cash Flow From Investing Activities": {"2020-12-31": "-841.00000", "2019-12-31": "-2192.00000", "2018-12-31": "-2195.00000", "2017-12-31": "7518.00000", "2016-12-31": "5092.00000"}, "Net Long-Term Debt": {"2020-12-31": "19.00000", "2019-12-31": "-3274.00000", "2018-12-31": "-1055.00000", "2017-12-31": "-617.00000", "2016-12-31": ""}, "Net Current Debt": {"2020-12-31": "-431.00000", "2019-12-31": "307.00000", "2018-12-31": "-178.00000", "2017-12-31": "268.00000", "2016-12-31": "-33.00000"}, "Debt Issuance/Retirement Net - Total": {"2020-12-31": "-412.00000", "2019-12-31": "-2967.00000", "2018-12-31": "-1233.00000", "2017-12-31": "-349.00000", "2016-12-31": "-556.00000"}, "Net Common Equity Issued/Repurchased": {"2020-12-31": "-17.00000", "2019-12-31": "-407.00000", "2018-12-31": "112.00000", "2017-12-31": "489.00000", "2016-12-31": ""}, "Net Total Equity Issued/Repurchased": {"2020-12-31": "-17.00000", "2019-12-31": "-407.00000", "2018-12-31": "112.00000", "2017-12-31": "489.00000", "2016-12-31": "-720.00000"}, "Total Common And Preferred Stock Dividends Paid": {"2020-12-31": "-2133.00000", "2019-12-31": "-2162.00000", "2018-12-31": "-3846.00000", "2017-12-31": "-3336.00000", "2016-12-31": "-2638.00000"}, "Financial Activities - Other": {"2020-12-31": "-202.00000", "2019-12-31": "1441.00000", "2018-12-31": "-437.00000", "2017-12-31": "-129.00000", "2016-12-31": "-67.00000"}, "Cash Flow From Financial Activities": {"2020-12-31": "-2764.00000", "2019-12-31": "-4095.00000", "2018-12-31": "-5404.00000", "2017-12-31": "-3325.00000", "2016-12-31": "-4014.00000"}, "Net Cash Flow": {"2020-12-31": "2728.00000", "2019-12-31": "-384.00000", "2018-12-31": "-3444.00000", "2017-12-31": "-416.00000", "2016-12-31": "-1956.00000"}, "Stock-Based Compensation": {"2020-12-31": "", "2019-12-31": "", "2018-12-31": "", "2017-12-31": "", "2016-12-31": ""}, "Common Stock Dividends Paid": {"2020-12-31": "-2133.00000", "2019-12-31": "-2162.00000", "2018-12-31": "-3846.00000", "2017-12-31": "-3336.00000", "2016-12-31": ""}}, "cash flow statement, quarterly": {"Net Income/Loss": {"2020-12-31": 1254, "2020-09-30": -1, "2020-06-30": -217, "2020-03-31": "258.00000", "2019-12-31": -2310, "2019-09-30": 347, "2019-06-30": 90, "2019-03-31": "601.00000", "2018-12-31": 781, "2018-09-30": 1049, "2018-06-30": 2208, "2017-12-31": -3809, "2016-12-31": 4404}, "Total Depreciation And Amortization - Cash Flow": {"2020-12-31": 726, "2020-09-30": 724, "2020-06-30": 700, "2020-03-31": "724.00000", "2019-12-31": 713, "2019-09-30": 739, "2019-06-30": 743, "2019-03-31": "743.00000", "2018-12-31": 1146, "2018-09-30": 732, "2018-06-30": -1704, "2017-12-31": 293, "2016-12-31": 2862}, "Other Non-Cash Items": {"2020-12-31": -182, "2020-09-30": 415, "2020-06-30": 333, "2020-03-31": "300.00000", "2019-12-31": 2996, "2019-09-30": 42, "2019-06-30": 114, "2019-03-31": "725.00000", "2018-12-31": 1283, "2018-09-30": -865, "2018-06-30": -418, "2017-12-31": 0, "2016-12-31": 0}, "Total Non-Cash Items": {"2020-12-31": 544, "2020-09-30": 1139, "2020-06-30": 1033, "2020-03-31": "1024.00000", "2019-12-31": 3709, "2019-09-30": 781, "2019-06-30": 857, "2019-03-31": "1468.00000", "2018-12-31": 2429, "2018-09-30": -133, "2018-06-30": -2122, "2017-12-31": 293, "2016-12-31": 2862}, "Change In Accounts Receivable": {"2020-12-31": -168, "2020-09-30": -357, "2020-06-30": 568, "2020-03-31": "128.00000", "2019-12-31": 259, "2019-09-30": 755, "2019-06-30": 154, "2019-03-31": "85.00000", "2018-12-31": 1422, "2018-09-30": -307, "2018-06-30": -1115, "2017-12-31": 0, "2016-12-31": 0}, "Change In Inventories": {"2020-12-31": -72, "2020-09-30": 158, "2020-06-30": 540, "2020-03-31": "-111.00000", "2019-12-31": 185, "2019-09-30": 425, "2019-06-30": 105, "2019-03-31": "-47.00000", "2018-12-31": 1120, "2018-09-30": -208, "2018-06-30": -912, "2017-12-31": 0, "2016-12-31": 0}, "Change In Accounts Payable": {"2020-12-31": 476, "2020-09-30": 336, "2020-06-30": -582, "2020-03-31": "-314.00000", "2019-12-31": -22, "2019-09-30": -476, "2019-06-30": 2, "2019-03-31": "-452.00000", "2018-12-31": -1453, "2018-09-30": 154, "2018-06-30": 1299, "2017-12-31": 0, "2016-12-31": 0}, "Change In Assets/Liabilities": {"2020-12-31": -404, "2020-09-30": 492, "2020-06-30": 248, "2020-03-31": "254.00000", "2019-12-31": 129, "2019-09-30": -108, "2019-06-30": -333, "2019-03-31": "-274.00000", "2018-12-31": 1139, "2018-09-30": 176, "2018-06-30": -1315, "2017-12-31": 0, "2016-12-31": 0}, "Total Change In Assets/Liabilities": {"2020-12-31": -168, "2020-09-30": 629, "2020-06-30": 774, "2020-03-31": "-43.00000", "2019-12-31": 551, "2019-09-30": 596, "2019-06-30": -72, "2019-03-31": "-688.00000", "2018-12-31": -1018, "2018-09-30": -185, "2018-06-30": 9476, "2017-12-31": -3142, "2016-12-31": -8377}, "Cash Flow From Operating Activities": {"2020-12-31": 1630, "2020-09-30": 1767, "2020-06-30": 1590, "2020-03-31": "1239.00000", "2019-12-31": 1950, "2019-09-30": 1724, "2019-06-30": 875, "2019-03-31": "1381.00000", "2018-12-31": 1370, "2018-09-30": 731, "2018-06-30": 6751, "2017-12-31": -2001, "2016-12-31": -2957}, "Net Change In Property, Plant, And Equipment": {"2020-12-31": 336, "2020-09-30": -8, "2020-06-30": -272, "2020-03-31": "-389.00000", "2019-12-31": -545, "2019-09-30": -457, "2019-06-30": -493, "2019-03-31": "-467.00000", "2018-12-31": -1031, "2018-09-30": -612, "2018-06-30": 814, "2017-12-31": 2106, "2016-12-31": -3820}, "Net Change In Intangible Assets": {"2020-12-31": 0, "2020-09-30": 0, "2020-06-30": 0, "2020-03-31": "", "2019-12-31": 0, "2019-09-30": 0, "2019-06-30": 0, "2019-03-31": "", "2018-12-31": 0, "2018-09-30": 0, "2018-06-30": 0, "2017-12-31": 0, "2016-12-31": 0}, "Net Acquisitions/Divestitures": {"2020-12-31": 0, "2020-09-30": -130, "2020-06-30": 0, "2020-03-31": "", "2019-12-31": 0, "2019-09-30": 0, "2019-06-30": 0, "2019-03-31": "", "2018-12-31": 24, "2018-09-30": -20, "2018-06-30": -64, "2017-12-31": -1028, "2016-12-31": 1092}, "Net Change In Short-term Investments": {"2020-12-31": 0, "2020-09-30": 0, "2020-06-30": 0, "2020-03-31": "", "2019-12-31": 0, "2019-09-30": 0, "2019-06-30": 0, "2019-03-31": "", "2018-12-31": 0, "2018-09-30": 0, "2018-06-30": 0, "2017-12-31": 0, "2016-12-31": 0}, "Net Change In Long-Term Investments": {"2020-12-31": -561, "2020-09-30": 56, "2020-06-30": -138, "2020-03-31": "236.00000", "2019-12-31": -52, "2019-09-30": -258, "2019-06-30": 111, "2019-03-31": "3.00000", "2018-12-31": 232, "2018-09-30": -136, "2018-06-30": -96, "2017-12-31": 0, "2016-12-31": 0}, "Net Change In Investments - Total": {"2020-12-31": -561, "2020-09-30": 56, "2020-06-30": -138, "2020-03-31": "236.00000", "2019-12-31": -52, "2019-09-30": -258, "2019-06-30": 111, "2019-03-31": "3.00000", "2018-12-31": -100, "2018-09-30": -136, "2018-06-30": 133, "2017-12-31": 635, "2016-12-31": -864}, "Investing Activities - Other": {"2020-12-31": 0, "2020-09-30": 0, "2020-06-30": 29, "2020-03-31": "", "2019-12-31": 0, "2019-09-30": 0, "2019-06-30": 0, "2019-03-31": "-34.00000", "2018-12-31": 289, "2018-09-30": -90, "2018-06-30": -8887, "2017-12-31": 747, "2016-12-31": 8684}, "Cash Flow From Investing Activities": {"2020-12-31": -225, "2020-09-30": -82, "2020-06-30": -381, "2020-03-31": "-153.00000", "2019-12-31": -597, "2019-09-30": -715, "2019-06-30": -382, "2019-03-31": "-498.00000", "2018-12-31": -818, "2018-09-30": -858, "2018-06-30": -8004, "2017-12-31": 2460, "2016-12-31": 5092}, "Net Long-Term Debt": {"2020-12-31": -283, "2020-09-30": 152, "2020-06-30": -24, "2020-03-31": "174.00000", "2019-12-31": -1149, "2019-09-30": 86, "2019-06-30": -2130, "2019-03-31": "-81.00000", "2018-12-31": 859, "2018-09-30": -291, "2018-06-30": -568, "2017-12-31": 0, "2016-12-31": 0}, "Net Current Debt": {"2020-12-31": -164, "2020-09-30": -511, "2020-06-30": -594, "2020-03-31": "838.00000", "2019-12-31": 158, "2019-09-30": -13, "2019-06-30": 178, "2019-03-31": "-16.00000", "2018-12-31": -601, "2018-09-30": 80, "2018-06-30": 52, "2017-12-31": 326, "2016-12-31": -33}, "Debt Issuance/Retirement Net - Total": {"2020-12-31": -447, "2020-09-30": -359, "2020-06-30": -618, "2020-03-31": "1012.00000", "2019-12-31": -991, "2019-09-30": 73, "2019-06-30": -1952, "2019-03-31": "-97.00000", "2018-12-31": -624, "2018-09-30": -211, "2018-06-30": 398, "2017-12-31": -65, "2016-12-31": -556}, "Net Common Equity Issued/Repurchased": {"2020-12-31": 55, "2020-09-30": 23, "2020-06-30": 14, "2020-03-31": "-109.00000", "2019-12-31": -40, "2019-09-30": -96, "2019-06-30": -299, "2019-03-31": "28.00000", "2018-12-31": -106, "2018-09-30": 21, "2018-06-30": 85, "2017-12-31": 0, "2016-12-31": 0}, "Net Total Equity Issued/Repurchased": {"2020-12-31": 55, "2020-09-30": 23, "2020-06-30": 14, "2020-03-31": "-109.00000", "2019-12-31": -40, "2019-09-30": -96, "2019-06-30": -299, "2019-03-31": "28.00000", "2018-12-31": 6, "2018-09-30": 21, "2018-06-30": -404, "2017-12-31": 1209, "2016-12-31": -720}, "Total Common And Preferred Stock Dividends Paid": {"2020-12-31": -562, "2020-09-30": -518, "2020-06-30": -534, "2020-03-31": "-519.00000", "2019-12-31": -578, "2019-09-30": -525, "2019-06-30": -522, "2019-03-31": "-537.00000", "2018-12-31": -684, "2018-09-30": -1050, "2018-06-30": 1215, "2017-12-31": -726, "2016-12-31": -2638}, "Financial Activities - Other": {"2020-12-31": -1, "2020-09-30": -76, "2020-06-30": -6, "2020-03-31": "-119.00000", "2019-12-31": -230, "2019-09-30": -41, "2019-06-30": 1739, "2019-03-31": "-27.00000", "2018-12-31": 235, "2018-09-30": -69, "2018-06-30": -197, "2017-12-31": -61, "2016-12-31": -67}, "Cash Flow From Financial Activities": {"2020-12-31": -955, "2020-09-30": -930, "2020-06-30": -1144, "2020-03-31": "265.00000", "2019-12-31": -1839, "2019-09-30": -589, "2019-06-30": -1034, "2019-03-31": "-633.00000", "2018-12-31": -1243, "2018-09-30": -1309, "2018-06-30": 719, "2017-12-31": 683, "2016-12-31": -4014}, "Net Cash Flow": {"2020-12-31": 553, "2020-09-30": 825, "2020-06-30": 85, "2020-03-31": "1265.00000", "2019-12-31": -459, "2019-09-30": 356, "2019-06-30": -464, "2019-03-31": "183.00000", "2018-12-31": -732, "2018-09-30": -1426, "2018-06-30": -923, "2017-12-31": 1539, "2016-12-31": -1956}, "Stock-Based Compensation": {"2020-12-31": 0, "2020-09-30": 0, "2020-06-30": 0, "2020-03-31": "", "2019-12-31": 0, "2019-09-30": 0, "2019-06-30": 0, "2019-03-31": "", "2018-12-31": 0, "2018-09-30": 0, "2018-06-30": 0, "2017-12-31": 0, "2016-12-31": 0}, "Common Stock Dividends Paid": {"2020-12-31": -562, "2020-09-30": -518, "2020-06-30": -534, "2020-03-31": "-519.00000", "2019-12-31": -578, "2019-09-30": -525, "2019-06-30": -522, "2019-03-31": "-537.00000", "2018-12-31": 3199, "2018-09-30": -1050, "2018-06-30": -2149, "2017-12-31": 0, "2016-12-31": 0}}, "financial ratios": {"Current Ratio": {"2020-12-31": "1.71800", "2019-12-31": "1.57460", "2018-12-31": "2.53230", "2017-12-31": "1.89500", "2016-12-31": ""}, "Long-term Debt / Capital": {"2020-12-31": "0.55910", "2019-12-31": "0.53130", "2018-12-31": "0.36410", "2017-12-31": "0.42260", "2016-12-31": ""}, "Debt/Equity Ratio": {"2020-12-31": "1.31540", "2019-12-31": "1.20590", "2018-12-31": "0.59160", "2017-12-31": "0.77760", "2016-12-31": ""}, "Gross Margin": {"2020-12-31": "13.48140", "2019-12-31": "14.65390", "2018-12-31": "17.19620", "2017-12-31": "16.87630", "2016-12-31": "21.78250"}, "Operating Margin": {"2020-12-31": "4.17470", "2019-12-31": "-1.77410", "2018-12-31": "8.22310", "2017-12-31": "1.93230", "2016-12-31": "9.25290"}, "EBIT Margin": {"2020-12-31": "4.17470", "2019-12-31": "-1.77410", "2018-12-31": "8.22310", "2017-12-31": "1.93230", "2016-12-31": "9.25290"}, "EBITDA Margin": {"2020-12-31": "11.63150", "2019-12-31": "5.06620", "2018-12-31": "14.08760", "2017-12-31": "7.75440", "2016-12-31": "15.19580"}, "Pre-Tax Profit Margin": {"2020-12-31": "5.37340", "2019-12-31": "-2.90330", "2018-12-31": "7.55790", "2017-12-31": "0.54200", "2016-12-31": "9.16360"}, "Net Profit Margin": {"2020-12-31": "3.17840", "2019-12-31": "-3.16410", "2018-12-31": "9.35610", "2017-12-31": "1.06330", "2016-12-31": "8.96630"}, "Asset Turnover": {"2020-12-31": "0.62700", "2019-12-31": "0.70970", "2018-12-31": "0.59260", "2017-12-31": "0.54700", "2016-12-31": ""}, "Inventory Turnover Ratio": {"2020-12-31": "5.84910", "2019-12-31": "5.89910", "2018-12-31": "5.95360", "2017-12-31": "4.33980", "2016-12-31": ""}, "Receiveable Turnover": {"2020-12-31": "5.21540", "2019-12-31": "5.68510", "2018-12-31": "5.49020", "2017-12-31": "3.62930", "2016-12-31": ""}, "Days Sales In Receivables": {"2020-12-31": "69.98470", "2019-12-31": "64.20280", "2018-12-31": "66.48200", "2017-12-31": "100.56910", "2016-12-31": ""}, "ROE - Return On Equity": {"2020-12-31": "9.95000", "2019-12-31": "-12.18250", "2018-12-31": "8.74450", "2017-12-31": "-4.76510", "2016-12-31": ""}, "Return On Tangible Equity": {"2020-12-31": "173.69130", "2019-12-31": "-111.56590", "2018-12-31": "15.03840", "2017-12-31": "-17.10980", "2016-12-31": ""}, "ROA - Return On Assets": {"2020-12-31": "2.10510", "2019-12-31": "-2.83690", "2018-12-31": "3.51260", "2017-12-31": "-1.61000", "2016-12-31": ""}, "ROI - Return On Investment": {"2020-12-31": "4.38700", "2019-12-31": "-5.71020", "2018-12-31": "5.56040", "2017-12-31": "-2.75150", "2016-12-31": ""}, "Book Value Per Share": {"2020-12-31": "17.49890", "2019-12-31": "19.00740", "2018-12-31": "", "2017-12-31": "", "2016-12-31": ""}, "Operating Cash Flow Per Share": {"2020-12-31": 0.4009, "2019-12-31": 2.2932, "2018-12-31": 12.3112, "2017-12-31": -6.6179, "2016-12-31": 0}, "Free Cash Flow Per Share": {"2020-12-31": 2.5947, "2019-12-31": 2.5738, "2018-12-31": 12.8697, "2017-12-31": -10.0994, "2016-12-31": 0}}, "financial ratios, quarterly": {"Current Ratio": {"2020-09-30": "1.74280", "2020-06-30": "1.73690", "2020-03-31": "1.63100", "2019-12-31": "1.57460", "2019-09-30": "1.69170", "2019-06-30": "1.60590", "2019-03-31": "", "2018-12-31": "", "2018-09-30": "", "2018-06-30": "", "2017-12-31": "", "2016-12-31": ""}, "Long-term Debt / Capital": {"2020-09-30": "0.56360", "2020-06-30": "0.55430", "2020-03-31": "0.54790", "2019-12-31": "0.53130", "2019-09-30": "0.48900", "2019-06-30": "0.48110", "2019-03-31": "", "2018-12-31": "", "2018-09-30": "", "2018-06-30": "", "2017-12-31": "", "2016-12-31": ""}, "Debt/Equity Ratio": {"2020-09-30": "1.34350", "2020-06-30": "1.34320", "2020-03-31": "1.35110", "2019-12-31": "1.20590", "2019-09-30": "1.00680", "2019-06-30": "0.97280", "2019-03-31": "", "2018-12-31": "", "2018-09-30": "", "2018-06-30": "", "2017-12-31": "", "2016-12-31": ""}, "Gross Margin": {"2020-09-30": "13.80770", "2020-06-30": "8.90590", "2020-03-31": "15.76250", "2019-12-31": "14.56290", "2019-09-30": "12.88550", "2019-06-30": "14.47250", "2019-03-31": "16.65600", "2018-12-31": "", "2018-09-30": "17.23920", "2018-06-30": "17.58540", "2017-12-31": "", "2016-12-31": ""}, "Operating Margin": {"2020-09-30": "-0.04120", "2020-06-30": "0.63440", "2020-03-31": "7.84030", "2019-12-31": "-20.26660", "2019-09-30": "3.66030", "2019-06-30": "4.05850", "2019-03-31": "4.23920", "2018-12-31": "", "2018-09-30": "8.69080", "2018-06-30": "8.78100", "2017-12-31": "", "2016-12-31": ""}, "EBIT Margin": {"2020-09-30": "-0.04120", "2020-06-30": "0.63440", "2020-03-31": "7.84030", "2019-12-31": "-20.26660", "2019-09-30": "3.66030", "2019-06-30": "4.05850", "2019-03-31": "4.23920", "2018-12-31": "", "2018-09-30": "8.69080", "2018-06-30": "8.78100", "2017-12-31": "", "2016-12-31": ""}, "EBITDA Margin": {"2020-09-30": "", "2020-06-30": "", "2020-03-31": "", "2019-12-31": "", "2019-09-30": "", "2019-06-30": "", "2019-03-31": "", "2018-12-31": "", "2018-09-30": "", "2018-06-30": "", "2017-12-31": "", "2016-12-31": ""}, "Pre-Tax Profit Margin": {"2020-09-30": "0.43250", "2020-06-30": "-2.19060", "2020-03-31": "4.05320", "2019-12-31": "-21.52100", "2019-09-30": "4.05980", "2019-06-30": "1.95210", "2019-03-31": "2.70760", "2018-12-31": "", "2018-09-30": "7.86770", "2018-06-30": "8.28060", "2017-12-31": "", "2016-12-31": ""}, "Net Profit Margin": {"2020-09-30": "-0.25740", "2020-06-30": "-2.69330", "2020-03-31": "2.44630", "2019-12-31": "-22.76560", "2019-09-30": "3.09360", "2019-06-30": "0.68100", "2019-03-31": "5.06880", "2018-12-31": "", "2018-09-30": "8.01800", "2018-06-30": "10.42300", "2017-12-31": "", "2016-12-31": ""}, "Asset Turnover": {"2020-09-30": "0.16200", "2020-06-30": "0.14090", "2020-03-31": "0.16100", "2019-12-31": "0.16860", "2019-09-30": "0.16580", "2019-06-30": "0.16970", "2019-03-31": "", "2018-12-31": "", "2018-09-30": "", "2018-06-30": "", "2017-12-31": "", "2016-12-31": ""}, "Inventory Turnover Ratio": {"2020-09-30": "1.49240", "2020-06-30": "1.31570", "2020-03-31": "1.30140", "2019-12-31": "1.40300", "2019-09-30": "1.46150", "2019-06-30": "1.37700", "2019-03-31": "", "2018-12-31": "", "2018-09-30": "", "2018-06-30": "", "2017-12-31": "", "2016-12-31": ""}, "Receiveable Turnover": {"2020-09-30": "1.37330", "2020-06-30": "1.21410", "2020-03-31": "1.28370", "2019-12-31": "1.35060", "2019-09-30": "1.22210", "2019-06-30": "1.28530", "2019-03-31": "", "2018-12-31": "", "2018-09-30": "", "2018-06-30": "", "2017-12-31": "", "2016-12-31": ""}, "Days Sales In Receivables": {"2020-09-30": "65.53540", "2020-06-30": "74.13100", "2020-03-31": "70.11160", "2019-12-31": "66.63560", "2019-09-30": "73.64550", "2019-06-30": "70.02090", "2019-03-31": "", "2018-12-31": "", "2018-09-30": "", "2018-06-30": "", "2017-12-31": "", "2016-12-31": ""}, "ROE - Return On Equity": {"2020-09-30": "-0.00770", "2020-06-30": "-1.65690", "2020-03-31": "1.91660", "2019-12-31": "-16.39000", "2019-09-30": "1.92930", "2019-06-30": "0.48650", "2019-03-31": "", "2018-12-31": "", "2018-09-30": "", "2018-06-30": "", "2017-12-31": "", "2016-12-31": ""}, "Return On Tangible Equity": {"2020-09-30": "-0.15720", "2020-06-30": "-28.40310", "2020-03-31": "24.68900", "2019-12-31": "-150.09750", "2019-09-30": "7.99170", "2019-06-30": "1.93470", "2019-03-31": "", "2018-12-31": "", "2018-09-30": "", "2018-06-30": "", "2017-12-31": "", "2016-12-31": ""}, "ROA - Return On Assets": {"2020-09-30": "-0.00170", "2020-06-30": "-0.36610", "2020-03-31": "0.42510", "2019-12-31": "-3.81670", "2019-09-30": "0.53440", "2019-06-30": "0.13870", "2019-03-31": "", "2018-12-31": "", "2018-09-30": "", "2018-06-30": "", "2017-12-31": "", "2016-12-31": ""}, "ROI - Return On Investment": {"2020-09-30": "-0.00340", "2020-06-30": "-0.73850", "2020-03-31": "0.86650", "2019-12-31": "-7.68230", "2019-09-30": "0.98580", "2019-06-30": "0.25240", "2019-03-31": "", "2018-12-31": "", "2018-09-30": "", "2018-06-30": "", "2017-12-31": "", "2016-12-31": ""}, "Book Value Per Share": {"2020-09-30": "17.43440", "2020-06-30": "17.67190", "2020-03-31": "18.17260", "2019-12-31": "19.00740", "2019-09-30": "24.25640", "2019-06-30": "24.89200", "2019-03-31": "", "2018-12-31": "", "2018-09-30": "", "2018-06-30": "", "2017-12-31": "", "2016-12-31": ""}, "Operating Cash Flow Per Share": {"2020-09-30": 2.38, "2020-06-30": 2.1568, "2020-03-31": "1.66980", "2019-12-31": 2.6298, "2019-09-30": 2.3403, "2019-06-30": 1.1682, "2019-03-31": "1.84820", "2018-12-31": -3.3779, "2018-09-30": 0.9783, "2018-06-30": 2.3996, "2017-12-31": 0, "2016-12-31": 0}, "Free Cash Flow Per Share": {"2020-09-30": 2.3707, "2020-06-30": 1.7869, "2020-03-31": "1.14560", "2019-12-31": 1.8946, "2019-09-30": 1.7166, "2019-06-30": 0.5097, "2019-03-31": "1.22320", "2018-12-31": -1.3544, "2018-09-30": 0.1593, "2018-06-30": 1.1951, "2017-12-31": 0, "2016-12-31": 0}}, "revenue": {"Dow Annual Revenue (Millions of US $)": {"2020": "$38,542", "2019": "$42,951", "2018": "$49,604", "2017": "$43,730", "2016": "$48,158"}, "Dow Quarterly Revenue (Millions of US $)": {"2020-12-31": "$10,706", "2020-09-30": "$9,712", "2020-06-30": "$8,354", "2020-03-31": "$9,770", "2019-12-31": "$10,204", "2019-09-30": "$10,764", "2019-06-30": "$11,014", "2019-03-31": "$10,969", "2018-12-31": "", "2018-09-30": "$12,634", "2018-06-30": "$12,789", "2017-12-31": "", "2016-12-31": ""}}, "gross-profit": {"Dow Annual Gross Profit (Millions of US $)": {"2020": "$5,196", "2019": "$6,294", "2018": "$8,530", "2017": "$7,380", "2016": "$10,490"}, "Dow Quarterly Gross Profit (Millions of US $)": {"2020-12-31": "$1,571", "2020-09-30": "$1,341", "2020-06-30": "$744", "2020-03-31": "$1,540", "2019-12-31": "$1,486", "2019-09-30": "$1,387", "2019-06-30": "$1,594", "2019-03-31": "$1,827", "2018-12-31": "", "2018-09-30": "$2,178", "2018-06-30": "$2,249", "2017-12-31": "", "2016-12-31": ""}}, "operating-income": {"Dow Annual Operating Income (Millions of US $)": {"2020": "$1,609", "2019": "$-762", "2018": "$4,079", "2017": "$845", "2016": "$4,456"}, "Dow Quarterly Operating Income (Millions of US $)": {"2020-12-31": "$794", "2020-09-30": "$-4", "2020-06-30": "$53", "2020-03-31": "$766", "2019-12-31": "$-2,068", "2019-09-30": "$394", "2019-06-30": "$447", "2019-03-31": "$465", "2018-12-31": "", "2018-09-30": "$1,098", "2018-06-30": "$1,123", "2017-12-31": "", "2016-12-31": ""}}, "ebitda": {"Dow Annual EBITDA (Millions of US $)": {"2020": "$4,483", "2019": "$2,176", "2018": "$6,988", "2017": "$3,391", "2016": "$7,318"}, "Dow Quarterly EBITDA (Millions of US $)": {"2020-09-30": "$720", "2020-06-30": "$753", "2020-03-31": "$1,490", "2019-12-31": "$-1,355", "2019-09-30": "$1,133", "2019-06-30": "$1,190", "2019-03-31": "$1,208", "2018-12-31": "", "2018-09-30": "$1,830", "2018-06-30": "$1,123", "2017-12-31": "", "2016-12-31": ""}}, "net-income": {"Dow Annual Net Income (Millions of US $)": {"2020": "$1,225", "2019": "$-1,359", "2018": "$4,641", "2017": "$465", "2016": "$4,318"}, "Dow Quarterly Net Income (Millions of US $)": {"2020-12-31": "$1,236", "2020-09-30": "$-25", "2020-06-30": "$-225", "2020-03-31": "$239", "2019-12-31": "$-2,323", "2019-09-30": "$333", "2019-06-30": "$75", "2019-03-31": "$556", "2018-12-31": "", "2018-09-30": "$1,013", "2018-06-30": "$1,333", "2017-12-31": "", "2016-12-31": ""}}, "eps-earnings-per-share-diluted": {"Dow Annual EPS": {"2020": "$1.64", "2019": "$-1.84", "2018": "$6.21", "2017": "$0.60", "2016": "$0.00"}, "Dow Quarterly EPS": {"2020-12-31": "$1.65", "2020-09-30": "$-0.04", "2020-06-30": "$-0.31", "2020-03-31": "$0.32", "2019-12-31": "$-3.13", "2019-09-30": "$0.45", "2019-06-30": "$0.10", "2019-03-31": "$0.74", "2018-12-31": "$0.00", "2018-09-30": "$1.36", "2018-06-30": "$1.78", "2017-12-31": "$0.00", "2016-12-31": "$0.00"}}, "shares-outstanding": {"Dow Annual Shares Outstanding (Millions of Shares)": {"2020": "742", "2019": "743", "2018": "747", "2017": "745", "2016": ""}, "Dow Quarterly Shares Outstanding (Millions of Shares)": {"2020-12-31": "745", "2020-09-30": "741", "2020-06-30": "739", "2020-03-31": "742", "2019-12-31": "743", "2019-09-30": "743", "2019-06-30": "748", "2019-03-31": "747", "2018-12-31": "", "2018-09-30": "747", "2018-06-30": "747", "2017-12-31": "", "2016-12-31": ""}}, "total-assets": {"Dow Annual Total Assets (Millions of US $)": {"2020": "$61,470", "2019": "$60,524", "2018": "$83,699", "2017": "$79,940", "2016": "$0"}, "Dow Quarterly Total Assets (Millions of US $)": {"2020-09-30": "$59,945", "2020-06-30": "$59,276", "2020-03-31": "$60,686", "2019-12-31": "$60,524", "2019-09-30": "$64,937", "2019-06-30": "$64,889", "2019-03-31": "$0", "2018-12-31": "$0", "2018-09-30": "$0", "2018-06-30": "$0", "2017-12-31": "$79,940", "2016-12-31": "$0"}}, "cash-on-hand": {"Dow Annual Cash on Hand (Millions of US $)": {"2020": "$5,104", "2019": "$2,367", "2018": "$2,824", "2017": "$6,192", "2016": "$"}, "Dow Quarterly Cash on Hand (Millions of US $)": {"2020-09-30": "$4,549", "2020-06-30": "$3,726", "2020-03-31": "$3,634", "2019-12-31": "$2,367", "2019-09-30": "$2,834", "2019-06-30": "$2,466", "2019-03-31": "", "2018-12-31": "", "2018-09-30": "", "2018-06-30": "", "2017-12-31": "$6,192", "2016-12-31": ""}}, "long-term-debt": {"Dow Annual Long Term Debt (Millions of US $)": {"2020": "$16,491", "2019": "$15,975", "2018": "$19,253", "2017": "$19,765", "2016": "$"}, "Dow Quarterly Long Term Debt (Millions of US $)": {"2020-09-30": "$16,698", "2020-06-30": "$16,288", "2020-03-31": "$16,313", "2019-12-31": "$15,975", "2019-09-30": "$17,213", "2019-06-30": "$17,155", "2019-03-31": "", "2018-12-31": "", "2018-09-30": "", "2018-06-30": "", "2017-12-31": "$19,765", "2016-12-31": ""}}, "total-liabilities": {"Dow Annual Total Liabilities (Millions of US $)": {"2020": "$48,465", "2019": "$46,430", "2018": "$50,078", "2017": "$52,931", "2016": "$0"}, "Dow Quarterly Total Liabilities (Millions of US $)": {"2020-09-30": "$47,013", "2020-06-30": "$46,179", "2020-03-31": "$47,225", "2019-12-31": "$46,430", "2019-09-30": "$46,951", "2019-06-30": "$46,389", "2019-03-31": "$0", "2018-12-31": "", "2018-09-30": "$0", "2018-06-30": "$0", "2017-12-31": "$52,931", "2016-12-31": "$0"}}, "total-share-holder-equity": {"Dow Annual Share Holder Equity (Millions of US $)": {"2020": "$13,005", "2019": "$14,094", "2018": "$33,621", "2017": "$27,009", "2016": "$0"}, "Dow Quarterly Share Holder Equity (Millions of US $)": {"2020-09-30": "$12,932", "2020-06-30": "$13,097", "2020-03-31": "$13,461", "2019-12-31": "$14,094", "2019-09-30": "$17,986", "2019-06-30": "$18,500", "2019-03-31": "$0", "2018-12-31": "", "2018-09-30": "$0", "2018-06-30": "$0", "2017-12-31": "$27,009", "2016-12-31": "$0"}}, "profit-margins": {"current": "3.18%"}, "gross margin": {"2020-12-31": "13.48%", "2020-09-30": "13.44%", "2020-06-30": "13.19%", "2020-03-31": "14.39%", "2019-12-31": "14.65%", "2019-06-30": "16.17%", "2019-03-31": "17.19%"}, "operating margin": {"2020-12-31": "4.17%", "2020-09-30": "-3.29%", "2020-06-30": "-2.19%", "2020-03-31": "-1.10%", "2019-12-31": "-1.77%", "2019-06-30": "5.81%", "2019-03-31": "7.38%"}, "ebitda margin": {"2020-09-30": "4.23%", "2020-06-30": "5.17%", "2020-03-31": "5.89%", "2019-12-31": "5.07%", "2019-06-30": "12.21%", "2019-03-31": "11.43%"}, "pre tax profit margin": {"2020-12-31": "5.37%", "2020-09-30": "-5.10%", "2020-06-30": "-3.95%", "2020-03-31": "-2.75%", "2019-12-31": "-2.90%", "2019-06-30": "4.35%", "2019-03-31": "6.46%"}, "net profit margin": {"2020-12-31": "3.18%", "2020-09-30": "-6.14%", "2020-06-30": "-5.05%", "2020-03-31": "-4.01%", "2019-12-31": "-3.16%", "2019-06-30": "4.75%", "2019-03-31": "7.97%"}, "pe ratio": {"current": "34.51", "2021-02-11": "35.60", "2020-12-31": "34.26", "2020-09-30": "0.00", "2020-06-30": "0.00", "2020-03-31": "0.00", "2019-12-31": "0.00"}, "price sales": {"2021-02-11": "1.11", "2020-12-31": "1.07", "2020-09-30": "0.91", "2020-06-30": "0.75", "2020-03-31": "0.50", "2019-12-31": "0.89"}, "price book": {"current": "3.23", "2021-02-11": "3.31", "2020-09-30": "2.67", "2020-06-30": "2.24", "2020-03-31": "1.54", "2019-12-31": "2.70", "2019-09-30": "1.82", "2019-06-30": "1.81", "2019-03-31": "0.00"}, "price fcf": {"2021-02-11": "", "2020-09-30": "$7.20", "2020-06-30": "$6.54", "2020-03-31": "$5.27", "2019-12-31": "$5.34"}, "net worth": {"value": "$42.11B"}, "current ratio": {"2020-12-31": "1.72", "2020-09-30": "1.74", "2020-06-30": "1.74", "2020-03-31": "1.63", "2019-12-31": "1.58", "2019-09-30": "1.69", "2019-06-30": "1.61", "2019-03-31": "0.00", "2018-12-31": "0.00", "2018-09-30": "0.00", "2018-06-30": "0.00", "2017-12-31": "1.90", "2016-12-31": "0.00"}, "quick ratio": {"2020-12-31": "1.21", "2020-09-30": "1.19", "2020-06-30": "1.15", "2020-03-31": "1.06", "2019-12-31": "0.99", "2019-09-30": "1.12", "2019-06-30": "1.02", "2019-03-31": "0.00", "2018-12-31": "0.00", "2018-09-30": "0.00", "2018-06-30": "0.00", "2017-12-31": "1.31", "2016-12-31": "0.00"}, "debt equity ratio": {"current": "1.27", "2020-12-31": "3.73", "2020-09-30": "3.64", "2020-06-30": "3.53", "2020-03-31": "3.51", "2019-12-31": "3.29", "2019-09-30": "2.61", "2019-06-30": "2.51", "2019-03-31": "0.00", "2018-12-31": "0.00", "2018-09-30": "0.00", "2018-06-30": "0.00", "2017-12-31": "1.96", "2016-12-31": "0.00"}, "return on equity": {"2020-12-31": "9.33%", "2020-09-30": "-17.42%", "2020-06-30": "-13.48%", "2020-03-31": "-10.47%", "2019-12-31": "-10.75%", "2019-06-30": "35.55%", "2019-03-31": "inf%"}, "return on assets": {"2020-12-31": "2.03%", "2020-09-30": "-3.88%", "2020-06-30": "-3.22%", "2020-03-31": "-2.67%", "2019-12-31": "-2.86%", "2019-06-30": "10.13%", "2019-03-31": "inf%"}, "return on investments": {"2020-12-31": "5.44%", "2020-09-30": "-4.22%", "2020-06-30": "-2.75%", "2020-03-31": "-1.41%", "2019-12-31": "-3.02%", "2019-06-30": "22.55%", "2019-03-31": "inf%"}, "return on tangible equity": {"2020-09-30": "-234.34%", "2020-06-30": "-102.78%", "2020-03-31": "-57.90%", "2019-12-31": "-51.61%", "2019-06-30": "141.36%", "2019-03-31": "inf%"}, "dividend yield history": {"last payout": "$2.80", "last yield": "4.95%"}}