{"ticker": "DPZ", "price": {"title": "Domino's Pizza Inc Historical Annual Stock Price Data", "value": 385.2, "historical": {"2020": {"Average Stock Price": "367.4808", "Year Open": "293.4000", "Year High": "433.7800", "Year Low": "270.7500", "Year Close": "383.4600", "Annual % Change": "30.53%"}, "2019": {"Average Stock Price": "264.2133", "Year Open": "243.3000", "Year High": "296.6500", "Year Low": "222.4500", "Year Close": "293.7800", "Annual % Change": "18.46%"}, "2018": {"Average Stock Price": "254.7000", "Year Open": "186.9400", "Year High": "300.6700", "Year Low": "186.9400", "Year Close": "247.9900", "Annual % Change": "31.24%"}, "2017": {"Average Stock Price": "189.1656", "Year Open": "158.3600", "Year High": "218.8800", "Year Low": "158.3600", "Year Close": "188.9600", "Annual % Change": "18.66%"}, "2016": {"Average Stock Price": "138.8602", "Year Open": "109.2300", "Year High": "172.2600", "Year Low": "104.1600", "Year Close": "159.2400", "Annual % Change": "43.14%"}, "2015": {"Average Stock Price": "106.7216", "Year Open": "94.2900", "Year High": "119.4300", "Year Low": "94.2900", "Year Close": "111.2500", "Annual % Change": "18.14%"}, "2014": {"Average Stock Price": "77.8501", "Year Open": "68.9400", "Year High": "95.9300", "Year Low": "67.1700", "Year Close": "94.1700", "Annual % Change": "35.20%"}, "2013": {"Average Stock Price": "58.9113", "Year Open": "45.4800", "Year High": "70.6800", "Year Low": "44.6100", "Year Close": "69.6500", "Annual % Change": "59.93%"}, "2012": {"Average Stock Price": "35.5812", "Year Open": "33.1500", "Year High": "43.5500", "Year Low": "28.7500", "Year Close": "43.5500", "Annual % Change": "28.28%"}, "2011": {"Average Stock Price": "24.3499", "Year Open": "16.2900", "Year High": "34.9100", "Year Low": "16.1700", "Year Close": "33.9500", "Annual % Change": "112.85%"}, "2010": {"Average Stock Price": "13.4259", "Year Open": "8.6800", "Year High": "16.1600", "Year Low": "8.6800", "Year Close": "15.9500", "Annual % Change": "90.33%"}, "2009": {"Average Stock Price": "7.6709", "Year Open": "5.0200", "Year High": "9.6700", "Year Low": "5.0200", "Year Close": "8.3800", "Annual % Change": "77.92%"}, "2008": {"Average Stock Price": "11.0327", "Year Open": "12.8000", "Year High": "14.9200", "Year Low": "2.8300", "Year Close": "4.7100", "Annual % Change": "-64.40%"}, "2007": {"Average Stock Price": "21.7178", "Year Open": "28.0400", "Year High": "33.6600", "Year Low": "12.7500", "Year Close": "13.2300", "Annual % Change": "-52.75%"}, "2006": {"Average Stock Price": "25.6557", "Year Open": "24.7900", "Year High": "28.7500", "Year Low": "21.8400", "Year Close": "28.0000", "Annual % Change": "15.70%"}, "2005": {"Average Stock Price": "21.3570", "Year Open": "17.5300", "Year High": "25.6400", "Year Low": "16.5000", "Year Close": "24.2000", "Annual % Change": "35.96%"}, "2004": {"Average Stock Price": "15.6202", "Year Open": "13.5000", "Year High": "18.6500", "Year Low": "12.7500", "Year Close": "17.8000", "Annual % Change": "0.00%"}}}, "market cap": {"value": "$15.09B"}, "income statement": {"Revenue": {"2019-12-31": "3618.77400", "2018-12-31": "3432.86700", "2017-12-31": "2787.97900", "2016-12-31": "2472.62800", "2015-12-31": "2216.52800", "2014-12-31": "1993.83300", "2013-12-31": "1802.22300", "2012-12-31": "1678.43900", "2011-12-31": "1652.19300", "2010-12-31": "1570.89400", "2009-12-31": "1404.05700", "2008-12-31": "1425.11400", "2007-12-31": "1462.87000", "2006-12-31": "1437.31900", "2005-12-31": "1511.59700"}, "Cost Of Goods Sold": {"2019-12-31": "2216.27500", "2018-12-31": "2130.18800", "2017-12-31": "1921.98800", "2016-12-31": "1704.93700", "2015-12-31": "1533.39700", "2014-12-31": "1399.06700", "2013-12-31": "1253.24900", "2012-12-31": "1177.10100", "2011-12-31": "1181.67700", "2010-12-31": "1132.30500", "2009-12-31": "1017.08100", "2008-12-31": "1061.85300", "2007-12-31": "1084.01600", "2006-12-31": "1052.78800", "2005-12-31": "1126.30900"}, "Gross Profit": {"2019-12-31": "1402.49900", "2018-12-31": "1302.67900", "2017-12-31": "865.99100", "2016-12-31": "767.69090", "2015-12-31": "683.13110", "2014-12-31": "594.76600", "2013-12-31": "548.97400", "2012-12-31": "501.33800", "2011-12-31": "470.51600", "2010-12-31": "438.58900", "2009-12-31": "386.97600", "2008-12-31": "363.26100", "2007-12-31": "378.85400", "2006-12-31": "384.53100", "2005-12-31": "385.28810"}, "Research And Development Expenses": {"2019-12-31": "", "2018-12-31": "", "2017-12-31": "", "2016-12-31": "", "2015-12-31": "", "2014-12-31": "", "2013-12-31": "", "2012-12-31": "", "2011-12-31": "", "2010-12-31": "", "2009-12-31": "", "2008-12-31": "", "2007-12-31": "", "2006-12-31": "", "2005-12-31": ""}, "SG&A Expenses": {"2019-12-31": "773.09200", "2018-12-31": "730.99000", "2017-12-31": "344.75900", "2016-12-31": "313.64900", "2015-12-31": "277.69200", "2014-12-31": "249.40500", "2013-12-31": "235.16300", "2012-12-31": "219.00700", "2011-12-31": "211.37100", "2010-12-31": "210.88700", "2009-12-31": "197.46700", "2008-12-31": "168.23100", "2007-12-31": "184.94400", "2006-12-31": "170.33400", "2005-12-31": "186.18400"}, "Other Operating Income Or Expenses": {"2019-12-31": "", "2018-12-31": "", "2017-12-31": "", "2016-12-31": "", "2015-12-31": "", "2014-12-31": "", "2013-12-31": "", "2012-12-31": "", "2011-12-31": "", "2010-12-31": "", "2009-12-31": "", "2008-12-31": "", "2007-12-31": "", "2006-12-31": "", "2005-12-31": ""}, "Operating Expenses": {"2019-12-31": "2989.36700", "2018-12-31": "2861.17800", "2017-12-31": "2266.74700", "2016-12-31": "2018.58600", "2015-12-31": "1811.08900", "2014-12-31": "1648.47200", "2013-12-31": "1488.41200", "2012-12-31": "1396.10800", "2011-12-31": "1393.04800", "2010-12-31": "1343.19200", "2009-12-31": "1214.54800", "2008-12-31": "1230.08400", "2007-12-31": "1268.96000", "2006-12-31": "1223.12200", "2005-12-31": "1312.49300"}, "Operating Income": {"2019-12-31": "629.40700", "2018-12-31": "571.68900", "2017-12-31": "521.23190", "2016-12-31": "454.04200", "2015-12-31": "405.43910", "2014-12-31": "345.36100", "2013-12-31": "313.81100", "2012-12-31": "282.33110", "2011-12-31": "259.14500", "2010-12-31": "227.70200", "2009-12-31": "189.50900", "2008-12-31": "195.03000", "2007-12-31": "193.91000", "2006-12-31": "214.19700", "2005-12-31": "199.10410"}, "Total Non-Operating Income/Expense": {"2019-12-31": "-146.77000", "2018-12-31": "-143.01100", "2017-12-31": "-121.07900", "2016-12-31": "-109.38400", "2015-12-31": "-99.22400", "2014-12-31": "-86.73800", "2013-12-31": "-88.71200", "2012-12-31": "-101.14400", "2011-12-31": "-91.33900", "2010-12-31": "-88.75700", "2009-12-31": "-53.98700", "2008-12-31": "-112.16000", "2007-12-31": "-138.35100", "2006-12-31": "-53.77200", "2005-12-31": "-25.85300"}, "Pre-Tax Income": {"2019-12-31": "482.63700", "2018-12-31": "428.67800", "2017-12-31": "400.15300", "2016-12-31": "344.65800", "2015-12-31": "306.21500", "2014-12-31": "258.62300", "2013-12-31": "225.09900", "2012-12-31": "181.18700", "2011-12-31": "167.80600", "2010-12-31": "138.94500", "2009-12-31": "135.52200", "2008-12-31": "82.87000", "2007-12-31": "55.55900", "2006-12-31": "160.42500", "2005-12-31": "173.25100"}, "Income Taxes": {"2019-12-31": "81.92800", "2018-12-31": "66.70600", "2017-12-31": "122.24800", "2016-12-31": "129.98000", "2015-12-31": "113.42600", "2014-12-31": "96.03600", "2013-12-31": "82.11400", "2012-12-31": "68.79500", "2011-12-31": "62.44500", "2010-12-31": "51.02800", "2009-12-31": "55.77800", "2008-12-31": "28.89900", "2007-12-31": "17.67700", "2006-12-31": "54.19800", "2005-12-31": "64.96900"}, "Income After Taxes": {"2019-12-31": "400.70900", "2018-12-31": "361.97200", "2017-12-31": "277.90500", "2016-12-31": "214.67800", "2015-12-31": "192.78900", "2014-12-31": "162.58700", "2013-12-31": "142.98500", "2012-12-31": "112.39200", "2011-12-31": "105.36100", "2010-12-31": "87.91700", "2009-12-31": "79.74400", "2008-12-31": "53.97100", "2007-12-31": "37.88200", "2006-12-31": "106.22700", "2005-12-31": "108.28200"}, "Other Income": {"2019-12-31": "", "2018-12-31": "", "2017-12-31": "", "2016-12-31": "", "2015-12-31": "", "2014-12-31": "", "2013-12-31": "", "2012-12-31": "", "2011-12-31": "", "2010-12-31": "", "2009-12-31": "", "2008-12-31": "", "2007-12-31": "", "2006-12-31": "", "2005-12-31": ""}, "Income From Continuous Operations": {"2019-12-31": "400.70900", "2018-12-31": "361.97200", "2017-12-31": "277.90500", "2016-12-31": "214.67800", "2015-12-31": "192.78900", "2014-12-31": "162.58700", "2013-12-31": "142.98500", "2012-12-31": "112.39200", "2011-12-31": "105.36100", "2010-12-31": "87.91700", "2009-12-31": "79.74400", "2008-12-31": "53.97100", "2007-12-31": "37.88200", "2006-12-31": "106.22700", "2005-12-31": "108.28200"}, "Income From Discontinued Operations": {"2019-12-31": "", "2018-12-31": "", "2017-12-31": "", "2016-12-31": "", "2015-12-31": "", "2014-12-31": "", "2013-12-31": "", "2012-12-31": "", "2011-12-31": "", "2010-12-31": "", "2009-12-31": "", "2008-12-31": "", "2007-12-31": "", "2006-12-31": "", "2005-12-31": ""}, "Net Income": {"2019-12-31": "400.70900", "2018-12-31": "361.97200", "2017-12-31": "277.90500", "2016-12-31": "214.67800", "2015-12-31": "192.78900", "2014-12-31": "162.58700", "2013-12-31": "142.98500", "2012-12-31": "112.39200", "2011-12-31": "105.36100", "2010-12-31": "87.91700", "2009-12-31": "79.74400", "2008-12-31": "53.97100", "2007-12-31": "37.88200", "2006-12-31": "106.22700", "2005-12-31": "108.28200"}, "EBITDA": {"2019-12-31": "694.08500", "2018-12-31": "633.38700", "2017-12-31": "576.57690", "2016-12-31": "498.60000", "2015-12-31": "450.26610", "2014-12-31": "386.89500", "2013-12-31": "345.68800", "2012-12-31": "320.09810", "2011-12-31": "289.37700", "2010-12-31": "259.59100", "2009-12-31": "223.19400", "2008-12-31": "234.51000", "2007-12-31": "263.69800", "2006-12-31": "249.84300", "2005-12-31": "234.53910"}, "EBIT": {"2019-12-31": "629.40700", "2018-12-31": "571.68900", "2017-12-31": "521.23190", "2016-12-31": "454.04200", "2015-12-31": "405.43910", "2014-12-31": "345.36100", "2013-12-31": "313.81100", "2012-12-31": "282.33110", "2011-12-31": "259.14500", "2010-12-31": "227.70200", "2009-12-31": "189.50900", "2008-12-31": "195.03000", "2007-12-31": "193.91000", "2006-12-31": "214.19700", "2005-12-31": "199.10410"}, "Basic Shares Outstanding": {"2019-12-31": "40.76600", "2018-12-31": "41.85600", "2017-12-31": "45.95500", "2016-12-31": "48.64700", "2015-12-31": "53.82900", "2014-12-31": "54.91800", "2013-12-31": "55.34600", "2012-12-31": "56.42000", "2011-12-31": "58.91800", "2010-12-31": "58.46800", "2009-12-31": "57.40900", "2008-12-31": "57.75600", "2007-12-31": "62.17700", "2006-12-31": "63.13900", "2005-12-31": "66.89470"}, "Shares Outstanding": {"2019-12-31": "41.92300", "2018-12-31": "43.33100", "2017-12-31": "47.67800", "2016-12-31": "49.92400", "2015-12-31": "55.53300", "2014-12-31": "56.93100", "2013-12-31": "57.72100", "2012-12-31": "58.99700", "2011-12-31": "61.65400", "2010-12-31": "60.81600", "2009-12-31": "57.82800", "2008-12-31": "58.34000", "2007-12-31": "63.78500", "2006-12-31": "64.54100", "2005-12-31": "68.65460"}, "Basic EPS": {"2019-12-31": "9.83000", "2018-12-31": "8.65000", "2017-12-31": "6.05000", "2016-12-31": "4.41000", "2015-12-31": "3.58000", "2014-12-31": "2.96000", "2013-12-31": "2.58000", "2012-12-31": "1.99000", "2011-12-31": "1.79000", "2010-12-31": "1.50000", "2009-12-31": "1.39000", "2008-12-31": "0.93000", "2007-12-31": "0.61000", "2006-12-31": "1.68000", "2005-12-31": "1.62000"}, "EPS - Earnings Per Share": {"2019-12-31": "9.56000", "2018-12-31": "8.35000", "2017-12-31": "5.83000", "2016-12-31": "4.30000", "2015-12-31": "3.47000", "2014-12-31": "2.86000", "2013-12-31": "2.48000", "2012-12-31": "1.91000", "2011-12-31": "1.71000", "2010-12-31": "1.45000", "2009-12-31": "1.38000", "2008-12-31": "0.93000", "2007-12-31": "0.59000", "2006-12-31": "1.65000", "2005-12-31": "1.58000"}}, "income statement, quarterly": {"Revenue": {"2020-09-30": "967.71900", "2020-06-30": "920.02300", "2020-03-31": "873.10200", "2019-12-31": "1150.35200", "2019-09-30": "820.81200", "2019-06-30": "811.64700", "2019-03-31": "835.96300", "2018-12-31": "1082.13500", "2018-09-30": "785.96500", "2018-06-30": "779.39600", "2018-03-31": "785.37100", "2017-12-31": "891.50890", "2017-09-30": "643.64200", "2017-06-30": "628.61100", "2017-03-31": "624.21700", "2016-12-31": "819.43490", "2016-09-30": "566.67700", "2016-06-30": "547.34100", "2016-03-31": "539.17500", "2015-12-31": "741.18300", "2015-09-30": "484.69600", "2015-06-30": "488.62200", "2015-03-31": "502.02700", "2014-12-31": "642.95000", "2014-09-30": "446.56800", "2014-06-30": "450.46300", "2014-03-31": "453.85200", "2013-12-31": "566.54710", "2013-09-30": "404.05000", "2013-06-30": "414.00900", "2013-03-31": "417.61700", "2012-12-31": "539.65090", "2012-09-30": "378.07700", "2012-06-30": "376.12400", "2012-03-31": "384.58700", "2011-12-31": "501.74800", "2011-09-30": "376.32600", "2011-06-30": "384.93300", "2011-03-31": "389.18600", "2010-12-31": "479.97010", "2010-09-30": "347.38800", "2010-06-30": "362.40500", "2010-03-31": "381.13100", "2009-12-31": "462.88210", "2009-09-30": "302.71500", "2009-06-30": "316.63200", "2009-03-31": "321.82800", "2008-12-31": "428.16700", "2008-09-30": "323.58800", "2008-06-30": "334.34700", "2008-03-31": "339.01200", "2007-12-31": "445.94200", "2007-09-30": "337.31800", "2007-06-30": "340.28900", "2007-03-31": "339.32100", "2006-12-31": "435.25490", "2006-09-30": "326.66900", "2006-06-30": "327.74100", "2006-03-31": "347.65400", "2005-12-31": "457.39900", "2005-09-30": "337.57600", "2005-06-30": "346.95400", "2005-03-31": "369.66800"}, "Cost Of Goods Sold": {"2020-09-30": "605.73800", "2020-06-30": "562.93200", "2020-03-31": "532.94500", "2019-12-31": "703.06390", "2019-09-30": "504.56100", "2019-06-30": "494.97600", "2019-03-31": "513.67400", "2018-12-31": "668.17990", "2018-09-30": "490.68600", "2018-06-30": "485.81600", "2018-03-31": "485.50600", "2017-12-31": "610.65700", "2017-09-30": "445.16400", "2017-06-30": "435.76600", "2017-03-31": "430.40100", "2016-12-31": "564.70110", "2016-09-30": "392.77400", "2016-06-30": "375.50300", "2016-03-31": "371.95900", "2015-12-31": "509.74400", "2015-09-30": "342.74200", "2015-06-30": "335.95000", "2015-03-31": "344.96100", "2014-12-31": "453.38490", "2014-09-30": "313.05400", "2014-06-30": "315.81800", "2014-03-31": "316.81000", "2013-12-31": "394.00000", "2013-09-30": "283.41600", "2013-06-30": "288.02200", "2013-03-31": "287.81100", "2012-12-31": "378.97600", "2012-09-30": "266.67000", "2012-06-30": "261.51700", "2012-03-31": "269.93800", "2011-12-31": "356.89100", "2011-09-30": "272.96700", "2011-06-30": "274.23900", "2011-03-31": "277.58000", "2010-12-31": "343.86410", "2010-09-30": "253.23500", "2010-06-30": "262.06900", "2010-03-31": "273.13700", "2009-12-31": "333.83300", "2009-09-30": "219.56400", "2009-06-30": "230.67300", "2009-03-31": "233.01100", "2008-12-31": "319.42000", "2008-09-30": "244.86800", "2008-06-30": "246.58800", "2008-03-31": "250.97700", "2007-12-31": "333.95300", "2007-09-30": "253.39000", "2007-06-30": "248.42200", "2007-03-31": "248.25100", "2006-12-31": "319.56290", "2006-09-30": "240.89000", "2006-06-30": "238.97600", "2006-03-31": "253.35900", "2005-12-31": "340.03500", "2005-09-30": "251.06400", "2005-06-30": "258.55500", "2005-03-31": "276.65500"}, "Gross Profit": {"2020-09-30": "361.98100", "2020-06-30": "357.09100", "2020-03-31": "340.15700", "2019-12-31": "447.28800", "2019-09-30": "316.25100", "2019-06-30": "316.67100", "2019-03-31": "322.28900", "2018-12-31": "413.95500", "2018-09-30": "295.27900", "2018-06-30": "293.58000", "2018-03-31": "299.86500", "2017-12-31": "280.85190", "2017-09-30": "198.47800", "2017-06-30": "192.84500", "2017-03-31": "193.81600", "2016-12-31": "254.73380", "2016-09-30": "173.90300", "2016-06-30": "171.83800", "2016-03-31": "167.21600", "2015-12-31": "231.43900", "2015-09-30": "141.95400", "2015-06-30": "152.67200", "2015-03-31": "157.06600", "2014-12-31": "189.56510", "2014-09-30": "133.51400", "2014-06-30": "134.64500", "2014-03-31": "137.04200", "2013-12-31": "172.54700", "2013-09-30": "120.63400", "2013-06-30": "125.98700", "2013-03-31": "129.80600", "2012-12-31": "160.67490", "2012-09-30": "111.40700", "2012-06-30": "114.60700", "2012-03-31": "114.64900", "2011-12-31": "144.85700", "2011-09-30": "103.35900", "2011-06-30": "110.69400", "2011-03-31": "111.60600", "2010-12-31": "136.10600", "2010-09-30": "94.15300", "2010-06-30": "100.33600", "2010-03-31": "107.99400", "2009-12-31": "129.04910", "2009-09-30": "83.15100", "2009-06-30": "85.95900", "2009-03-31": "88.81700", "2008-12-31": "108.74700", "2008-09-30": "78.72000", "2008-06-30": "87.75900", "2008-03-31": "88.03500", "2007-12-31": "111.98900", "2007-09-30": "83.92800", "2007-06-30": "91.86700", "2007-03-31": "91.07000", "2006-12-31": "115.69200", "2006-09-30": "85.77900", "2006-06-30": "88.76500", "2006-03-31": "94.29500", "2005-12-31": "117.36400", "2005-09-30": "86.51200", "2005-06-30": "88.39900", "2005-03-31": "93.01300"}, "Research And Development Expenses": {"2020-09-30": "", "2020-06-30": "", "2020-03-31": "", "2019-12-31": "", "2019-09-30": "", "2019-06-30": "", "2019-03-31": "", "2018-12-31": "", "2018-09-30": "", "2018-06-30": "", "2018-03-31": "", "2017-12-31": "", "2017-09-30": "", "2017-06-30": "", "2017-03-31": "", "2016-12-31": "", "2016-09-30": "", "2016-06-30": "", "2016-03-31": "", "2015-12-31": "", "2015-09-30": "", "2015-06-30": "", "2015-03-31": "", "2014-12-31": "", "2014-09-30": "", "2014-06-30": "", "2014-03-31": "", "2013-12-31": "", "2013-09-30": "", "2013-06-30": "", "2013-03-31": "", "2012-12-31": "", "2012-09-30": "", "2012-06-30": "", "2012-03-31": "", "2011-12-31": "", "2011-09-30": "", "2011-06-30": "", "2011-03-31": "", "2010-12-31": "", "2010-09-30": "", "2010-06-30": "", "2010-03-31": "", "2009-12-31": "", "2009-09-30": "", "2009-06-30": "", "2009-03-31": "", "2008-12-31": "", "2008-09-30": "", "2008-06-30": "", "2008-03-31": "", "2007-12-31": "", "2007-09-30": "", "2007-06-30": "", "2007-03-31": "", "2006-12-31": "", "2006-09-30": "", "2006-06-30": "", "2006-03-31": "", "2005-12-31": "", "2005-09-30": "", "2005-06-30": "", "2005-03-31": ""}, "SG&A Expenses": {"2020-09-30": "199.80000", "2020-06-30": "193.50800", "2020-03-31": "184.32300", "2019-12-31": "243.33710", "2019-09-30": "173.22200", "2019-06-30": "177.74800", "2019-03-31": "178.78500", "2018-12-31": "234.31900", "2018-09-30": "162.84700", "2018-06-30": "167.43500", "2018-03-31": "166.38900", "2017-12-31": "105.60100", "2017-09-30": "81.39800", "2017-06-30": "79.97800", "2017-03-31": "77.78200", "2016-12-31": "104.01600", "2016-09-30": "72.99200", "2016-06-30": "68.13700", "2016-03-31": "68.50400", "2015-12-31": "93.02700", "2015-09-30": "61.41100", "2015-06-30": "60.44100", "2015-03-31": "62.81300", "2014-12-31": "86.68300", "2014-09-30": "56.57300", "2014-06-30": "53.28200", "2014-03-31": "52.86700", "2013-12-31": "74.87800", "2013-09-30": "53.85800", "2013-06-30": "52.14600", "2013-03-31": "54.28100", "2012-12-31": "72.63500", "2012-09-30": "49.78900", "2012-06-30": "48.82900", "2012-03-31": "47.75400", "2011-12-31": "68.72400", "2011-09-30": "47.50500", "2011-06-30": "48.64800", "2011-03-31": "46.49400", "2010-12-31": "68.71800", "2010-09-30": "45.92900", "2010-06-30": "45.78700", "2010-03-31": "50.45300", "2009-12-31": "65.21200", "2009-09-30": "42.70100", "2009-06-30": "45.65500", "2009-03-31": "43.89900", "2008-12-31": "56.85600", "2008-09-30": "38.48300", "2008-06-30": "34.20700", "2008-03-31": "38.68500", "2007-12-31": "55.87100", "2007-09-30": "40.16700", "2007-06-30": "48.56800", "2007-03-31": "40.33800", "2006-12-31": "52.49800", "2006-09-30": "35.06600", "2006-06-30": "42.36600", "2006-03-31": "40.40400", "2005-12-31": "58.97600", "2005-09-30": "41.99200", "2005-06-30": "42.25100", "2005-03-31": "42.96500"}, "Other Operating Income Or Expenses": {"2020-09-30": "", "2020-06-30": "", "2020-03-31": "", "2019-12-31": "", "2019-09-30": "", "2019-06-30": "", "2019-03-31": "", "2018-12-31": "", "2018-09-30": "", "2018-06-30": "", "2018-03-31": "", "2017-12-31": "", "2017-09-30": "", "2017-06-30": "", "2017-03-31": "", "2016-12-31": "", "2016-09-30": "", "2016-06-30": "", "2016-03-31": "", "2015-12-31": "", "2015-09-30": "", "2015-06-30": "", "2015-03-31": "", "2014-12-31": "", "2014-09-30": "", "2014-06-30": "", "2014-03-31": "", "2013-12-31": "", "2013-09-30": "", "2013-06-30": "", "2013-03-31": "", "2012-12-31": "", "2012-09-30": "", "2012-06-30": "", "2012-03-31": "", "2011-12-31": "", "2011-09-30": "", "2011-06-30": "", "2011-03-31": "", "2010-12-31": "", "2010-09-30": "", "2010-06-30": "", "2010-03-31": "", "2009-12-31": "", "2009-09-30": "", "2009-06-30": "", "2009-03-31": "", "2008-12-31": "", "2008-09-30": "", "2008-06-30": "", "2008-03-31": "", "2007-12-31": "", "2007-09-30": "", "2007-06-30": "", "2007-03-31": "", "2006-12-31": "", "2006-09-30": "", "2006-06-30": "", "2006-03-31": "", "2005-12-31": "", "2005-09-30": "", "2005-06-30": "", "2005-03-31": ""}, "Operating Expenses": {"2020-09-30": "805.53800", "2020-06-30": "756.44000", "2020-03-31": "717.26800", "2019-12-31": "946.40100", "2019-09-30": "677.78300", "2019-06-30": "672.72400", "2019-03-31": "692.45900", "2018-12-31": "902.49900", "2018-09-30": "653.53300", "2018-06-30": "653.25100", "2018-03-31": "651.89500", "2017-12-31": "716.25810", "2017-09-30": "526.56200", "2017-06-30": "515.74400", "2017-03-31": "508.18300", "2016-12-31": "668.71690", "2016-09-30": "465.76600", "2016-06-30": "443.64000", "2016-03-31": "440.46300", "2015-12-31": "602.77110", "2015-09-30": "404.15300", "2015-06-30": "396.39100", "2015-03-31": "407.77400", "2014-12-31": "540.06800", "2014-09-30": "369.62700", "2014-06-30": "369.10000", "2014-03-31": "369.67700", "2013-12-31": "468.87800", "2013-09-30": "337.27400", "2013-06-30": "340.16800", "2013-03-31": "342.09200", "2012-12-31": "451.61090", "2012-09-30": "316.45900", "2012-06-30": "310.34600", "2012-03-31": "317.69200", "2011-12-31": "425.61490", "2011-09-30": "320.47200", "2011-06-30": "322.88700", "2011-03-31": "324.07400", "2010-12-31": "412.58210", "2010-09-30": "299.16400", "2010-06-30": "307.85600", "2010-03-31": "323.59000", "2009-12-31": "399.04500", "2009-09-30": "262.26500", "2009-06-30": "276.32800", "2009-03-31": "276.91000", "2008-12-31": "376.27600", "2008-09-30": "283.35100", "2008-06-30": "280.79500", "2008-03-31": "289.66200", "2007-12-31": "389.82400", "2007-09-30": "293.55700", "2007-06-30": "296.99000", "2007-03-31": "288.58900", "2006-12-31": "372.06090", "2006-09-30": "275.95600", "2006-06-30": "281.34200", "2006-03-31": "293.76300", "2005-12-31": "399.01090", "2005-09-30": "293.05600", "2005-06-30": "300.80600", "2005-03-31": "319.62000"}, "Operating Income": {"2020-09-30": "162.18100", "2020-06-30": "163.58300", "2020-03-31": "155.83400", "2019-12-31": "203.95090", "2019-09-30": "143.02900", "2019-06-30": "138.92300", "2019-03-31": "143.50400", "2018-12-31": "179.63590", "2018-09-30": "132.43200", "2018-06-30": "126.14500", "2018-03-31": "133.47600", "2017-12-31": "175.25080", "2017-09-30": "117.08000", "2017-06-30": "112.86700", "2017-03-31": "116.03400", "2016-12-31": "150.71800", "2016-09-30": "100.91100", "2016-06-30": "103.70100", "2016-03-31": "98.71200", "2015-12-31": "138.41190", "2015-09-30": "80.54300", "2015-06-30": "92.23100", "2015-03-31": "94.25300", "2014-12-31": "102.88200", "2014-09-30": "76.94100", "2014-06-30": "81.36300", "2014-03-31": "84.17500", "2013-12-31": "97.66910", "2013-09-30": "66.77600", "2013-06-30": "73.84100", "2013-03-31": "75.52500", "2012-12-31": "88.04000", "2012-09-30": "61.61800", "2012-06-30": "65.77800", "2012-03-31": "66.89500", "2011-12-31": "76.13310", "2011-09-30": "55.85400", "2011-06-30": "62.04600", "2011-03-31": "65.11200", "2010-12-31": "67.38790", "2010-09-30": "48.22400", "2010-06-30": "54.54900", "2010-03-31": "57.54100", "2009-12-31": "63.83710", "2009-09-30": "40.45000", "2009-06-30": "40.30400", "2009-03-31": "44.91800", "2008-12-31": "51.89110", "2008-09-30": "40.23700", "2008-06-30": "53.55200", "2008-03-31": "49.35000", "2007-12-31": "56.11800", "2007-09-30": "43.76100", "2007-06-30": "43.29900", "2007-03-31": "50.73200", "2006-12-31": "63.19410", "2006-09-30": "50.71300", "2006-06-30": "46.39900", "2006-03-31": "53.89100", "2005-12-31": "58.38820", "2005-09-30": "44.52000", "2005-06-30": "46.14800", "2005-03-31": "50.04800"}, "Total Non-Operating Income/Expense": {"2020-09-30": "-38.40800", "2020-06-30": "-39.08700", "2020-03-31": "-38.53800", "2019-12-31": "-46.68100", "2019-09-30": "-32.78400", "2019-06-30": "-32.94400", "2019-03-31": "-34.36100", "2018-12-31": "-45.07300", "2018-09-30": "-33.18400", "2018-06-30": "-34.94800", "2018-03-31": "-29.80600", "2017-12-31": "-38.69500", "2017-09-30": "-32.52900", "2017-06-30": "-24.33500", "2017-03-31": "-25.52000", "2016-12-31": "-33.40800", "2016-09-30": "-25.09700", "2016-06-30": "-25.00900", "2016-03-31": "-25.87000", "2015-12-31": "-40.28500", "2015-09-30": "-19.91500", "2015-06-30": "-18.95300", "2015-03-31": "-20.07100", "2014-12-31": "-26.66700", "2014-09-30": "-19.95200", "2014-06-30": "-19.82400", "2014-03-31": "-20.29500", "2013-12-31": "-27.09000", "2013-09-30": "-20.32300", "2013-06-30": "-20.39600", "2013-03-31": "-20.90300", "2012-12-31": "-27.73400", "2012-09-30": "-20.64900", "2012-06-30": "-20.66500", "2012-03-31": "-32.09600", "2011-12-31": "-28.06800", "2011-09-30": "-20.92400", "2011-06-30": "-20.97000", "2011-03-31": "-21.37700", "2010-12-31": "-29.53300", "2010-09-30": "-21.01600", "2010-06-30": "-20.22900", "2010-03-31": "-17.97900", "2009-12-31": "-25.44100", "2009-09-30": "-10.23800", "2009-06-30": "-12.98100", "2009-03-31": "-5.32700", "2008-12-31": "-35.73600", "2008-09-30": "-25.67800", "2008-06-30": "-24.92800", "2008-03-31": "-25.81800", "2007-12-31": "-34.59400", "2007-09-30": "-25.51400", "2007-06-30": "-41.05600", "2007-03-31": "-37.18700", "2006-12-31": "-16.06700", "2006-09-30": "-13.21900", "2006-06-30": "-12.77600", "2006-03-31": "-11.71000", "2005-12-31": "6.62600", "2005-09-30": "-11.59100", "2005-06-30": "-10.48600", "2005-03-31": "-10.40200"}, "Pre-Tax Income": {"2020-09-30": "123.77300", "2020-06-30": "124.49600", "2020-03-31": "117.29600", "2019-12-31": "157.27000", "2019-09-30": "110.24500", "2019-06-30": "105.97900", "2019-03-31": "109.14300", "2018-12-31": "134.56300", "2018-09-30": "99.24800", "2018-06-30": "91.19700", "2018-03-31": "103.67000", "2017-12-31": "136.55600", "2017-09-30": "84.55100", "2017-06-30": "88.53200", "2017-03-31": "90.51400", "2016-12-31": "117.31000", "2016-09-30": "75.81400", "2016-06-30": "78.69200", "2016-03-31": "72.84200", "2015-12-31": "98.12700", "2015-09-30": "60.62800", "2015-06-30": "73.27800", "2015-03-31": "74.18200", "2014-12-31": "76.21500", "2014-09-30": "56.98900", "2014-06-30": "61.53900", "2014-03-31": "63.88000", "2013-12-31": "70.57900", "2013-09-30": "46.45300", "2013-06-30": "53.44500", "2013-03-31": "54.62200", "2012-12-31": "60.30600", "2012-09-30": "40.96900", "2012-06-30": "45.11300", "2012-03-31": "34.79900", "2011-12-31": "48.06500", "2011-09-30": "34.93000", "2011-06-30": "41.07600", "2011-03-31": "43.73500", "2010-12-31": "37.85500", "2010-09-30": "27.20800", "2010-06-30": "34.32000", "2010-03-31": "39.56200", "2009-12-31": "38.39600", "2009-09-30": "30.21200", "2009-06-30": "27.32300", "2009-03-31": "39.59100", "2008-12-31": "16.15500", "2008-09-30": "14.55900", "2008-06-30": "28.62400", "2008-03-31": "23.53200", "2007-12-31": "21.52400", "2007-09-30": "18.24700", "2007-06-30": "2.24300", "2007-03-31": "13.54500", "2006-12-31": "47.12700", "2006-09-30": "37.49400", "2006-06-30": "33.62300", "2006-03-31": "42.18100", "2005-12-31": "65.01400", "2005-09-30": "32.92900", "2005-06-30": "35.66200", "2005-03-31": "39.64600"}, "Income Taxes": {"2020-09-30": "24.64400", "2020-06-30": "5.82800", "2020-03-31": "-4.30600", "2019-12-31": "27.94300", "2019-09-30": "23.87200", "2019-06-30": "13.62000", "2019-03-31": "16.49300", "2018-12-31": "22.92100", "2018-09-30": "15.15300", "2018-06-30": "13.78900", "2018-03-31": "14.84300", "2017-12-31": "43.22900", "2017-09-30": "28.18300", "2017-06-30": "22.79100", "2017-03-31": "28.04500", "2016-12-31": "44.57600", "2016-09-30": "28.58200", "2016-06-30": "29.43100", "2016-03-31": "27.39100", "2015-12-31": "35.36800", "2015-09-30": "22.79600", "2015-06-30": "27.36900", "2015-03-31": "27.89300", "2014-12-31": "28.18200", "2014-09-30": "21.37100", "2014-06-30": "23.07700", "2014-03-31": "23.40600", "2013-12-31": "25.91600", "2013-09-30": "15.82100", "2013-06-30": "20.17500", "2013-03-31": "20.20200", "2012-12-31": "22.72700", "2012-09-30": "14.99300", "2012-06-30": "17.01800", "2012-03-31": "14.05700", "2011-12-31": "17.15400", "2011-09-30": "12.83900", "2011-06-30": "15.82800", "2011-03-31": "16.62400", "2010-12-31": "13.68200", "2010-09-30": "10.60800", "2010-06-30": "11.69500", "2010-03-31": "15.04300", "2009-12-31": "14.77800", "2009-09-30": "12.38300", "2009-06-30": "12.79600", "2009-03-31": "15.82100", "2008-12-31": "5.12900", "2008-09-30": "4.46300", "2008-06-30": "9.89400", "2008-03-31": "9.41300", "2007-12-31": "5.34800", "2007-09-30": "7.25600", "2007-06-30": "-0.07400", "2007-03-31": "5.14700", "2006-12-31": "16.08200", "2006-09-30": "12.97000", "2006-06-30": "9.11700", "2006-03-31": "16.02900", "2005-12-31": "24.81700", "2005-09-30": "12.64500", "2005-06-30": "12.54100", "2005-03-31": "14.96600"}, "Income After Taxes": {"2020-09-30": "99.12900", "2020-06-30": "118.66800", "2020-03-31": "121.60200", "2019-12-31": "129.32700", "2019-09-30": "86.37300", "2019-06-30": "92.35900", "2019-03-31": "92.65000", "2018-12-31": "111.64200", "2018-09-30": "84.09500", "2018-06-30": "77.40800", "2018-03-31": "88.82700", "2017-12-31": "93.32700", "2017-09-30": "56.36800", "2017-06-30": "65.74100", "2017-03-31": "62.46900", "2016-12-31": "72.73400", "2016-09-30": "47.23200", "2016-06-30": "49.26100", "2016-03-31": "45.45100", "2015-12-31": "62.75900", "2015-09-30": "37.83200", "2015-06-30": "45.90900", "2015-03-31": "46.28900", "2014-12-31": "48.03300", "2014-09-30": "35.61800", "2014-06-30": "38.46200", "2014-03-31": "40.47400", "2013-12-31": "44.66300", "2013-09-30": "30.63200", "2013-06-30": "33.27000", "2013-03-31": "34.42000", "2012-12-31": "37.57900", "2012-09-30": "25.97600", "2012-06-30": "28.09500", "2012-03-31": "20.74200", "2011-12-31": "30.91100", "2011-09-30": "22.09100", "2011-06-30": "25.24800", "2011-03-31": "27.11100", "2010-12-31": "24.17300", "2010-09-30": "16.60000", "2010-06-30": "22.62500", "2010-03-31": "24.51900", "2009-12-31": "23.61800", "2009-09-30": "17.82900", "2009-06-30": "14.52700", "2009-03-31": "23.77000", "2008-12-31": "11.02600", "2008-09-30": "10.09600", "2008-06-30": "18.73000", "2008-03-31": "14.11900", "2007-12-31": "16.17600", "2007-09-30": "10.99100", "2007-06-30": "2.31700", "2007-03-31": "8.39800", "2006-12-31": "31.04500", "2006-09-30": "24.52400", "2006-06-30": "24.50600", "2006-03-31": "26.15200", "2005-12-31": "40.19700", "2005-09-30": "20.28400", "2005-06-30": "23.12100", "2005-03-31": "24.68000"}, "Other Income": {"2020-09-30": "", "2020-06-30": "", "2020-03-31": "", "2019-12-31": "", "2019-09-30": "", "2019-06-30": "", "2019-03-31": "", "2018-12-31": "", "2018-09-30": "", "2018-06-30": "", "2018-03-31": "", "2017-12-31": "", "2017-09-30": "", "2017-06-30": "", "2017-03-31": "", "2016-12-31": "", "2016-09-30": "", "2016-06-30": "", "2016-03-31": "", "2015-12-31": "", "2015-09-30": "", "2015-06-30": "", "2015-03-31": "", "2014-12-31": "", "2014-09-30": "", "2014-06-30": "", "2014-03-31": "", "2013-12-31": "", "2013-09-30": "", "2013-06-30": "", "2013-03-31": "", "2012-12-31": "", "2012-09-30": "", "2012-06-30": "", "2012-03-31": "", "2011-12-31": "", "2011-09-30": "", "2011-06-30": "", "2011-03-31": "", "2010-12-31": "", "2010-09-30": "", "2010-06-30": "", "2010-03-31": "", "2009-12-31": "", "2009-09-30": "", "2009-06-30": "", "2009-03-31": "", "2008-12-31": "", "2008-09-30": "", "2008-06-30": "", "2008-03-31": "", "2007-12-31": "", "2007-09-30": "", "2007-06-30": "", "2007-03-31": "", "2006-12-31": "", "2006-09-30": "", "2006-06-30": "", "2006-03-31": "", "2005-12-31": "", "2005-09-30": "", "2005-06-30": "", "2005-03-31": ""}, "Income From Continuous Operations": {"2020-09-30": "99.12900", "2020-06-30": "118.66800", "2020-03-31": "121.60200", "2019-12-31": "129.32700", "2019-09-30": "86.37300", "2019-06-30": "92.35900", "2019-03-31": "92.65000", "2018-12-31": "111.64200", "2018-09-30": "84.09500", "2018-06-30": "77.40800", "2018-03-31": "88.82700", "2017-12-31": "93.32700", "2017-09-30": "56.36800", "2017-06-30": "65.74100", "2017-03-31": "62.46900", "2016-12-31": "72.73400", "2016-09-30": "47.23200", "2016-06-30": "49.26100", "2016-03-31": "45.45100", "2015-12-31": "62.75900", "2015-09-30": "37.83200", "2015-06-30": "45.90900", "2015-03-31": "46.28900", "2014-12-31": "48.03300", "2014-09-30": "35.61800", "2014-06-30": "38.46200", "2014-03-31": "40.47400", "2013-12-31": "44.66300", "2013-09-30": "30.63200", "2013-06-30": "33.27000", "2013-03-31": "34.42000", "2012-12-31": "37.57900", "2012-09-30": "25.97600", "2012-06-30": "28.09500", "2012-03-31": "20.74200", "2011-12-31": "30.91100", "2011-09-30": "22.09100", "2011-06-30": "25.24800", "2011-03-31": "27.11100", "2010-12-31": "24.17300", "2010-09-30": "16.60000", "2010-06-30": "22.62500", "2010-03-31": "24.51900", "2009-12-31": "23.61800", "2009-09-30": "17.82900", "2009-06-30": "14.52700", "2009-03-31": "23.77000", "2008-12-31": "11.02600", "2008-09-30": "10.09600", "2008-06-30": "18.73000", "2008-03-31": "14.11900", "2007-12-31": "16.17600", "2007-09-30": "10.99100", "2007-06-30": "2.31700", "2007-03-31": "8.39800", "2006-12-31": "31.04500", "2006-09-30": "24.52400", "2006-06-30": "24.50600", "2006-03-31": "26.15200", "2005-12-31": "40.19700", "2005-09-30": "20.28400", "2005-06-30": "23.12100", "2005-03-31": "24.68000"}, "Income From Discontinued Operations": {"2020-09-30": "", "2020-06-30": "", "2020-03-31": "", "2019-12-31": "", "2019-09-30": "", "2019-06-30": "", "2019-03-31": "", "2018-12-31": "", "2018-09-30": "", "2018-06-30": "", "2018-03-31": "", "2017-12-31": "", "2017-09-30": "", "2017-06-30": "", "2017-03-31": "", "2016-12-31": "", "2016-09-30": "", "2016-06-30": "", "2016-03-31": "", "2015-12-31": "", "2015-09-30": "", "2015-06-30": "", "2015-03-31": "", "2014-12-31": "", "2014-09-30": "", "2014-06-30": "", "2014-03-31": "", "2013-12-31": "", "2013-09-30": "", "2013-06-30": "", "2013-03-31": "", "2012-12-31": "", "2012-09-30": "", "2012-06-30": "", "2012-03-31": "", "2011-12-31": "", "2011-09-30": "", "2011-06-30": "", "2011-03-31": "", "2010-12-31": "", "2010-09-30": "", "2010-06-30": "", "2010-03-31": "", "2009-12-31": "", "2009-09-30": "", "2009-06-30": "", "2009-03-31": "", "2008-12-31": "", "2008-09-30": "", "2008-06-30": "", "2008-03-31": "", "2007-12-31": "", "2007-09-30": "", "2007-06-30": "", "2007-03-31": "", "2006-12-31": "", "2006-09-30": "", "2006-06-30": "", "2006-03-31": "", "2005-12-31": "", "2005-09-30": "", "2005-06-30": "", "2005-03-31": ""}, "Net Income": {"2020-09-30": "99.12900", "2020-06-30": "118.66800", "2020-03-31": "121.60200", "2019-12-31": "129.32700", "2019-09-30": "86.37300", "2019-06-30": "92.35900", "2019-03-31": "92.65000", "2018-12-31": "111.64200", "2018-09-30": "84.09500", "2018-06-30": "77.40800", "2018-03-31": "88.82700", "2017-12-31": "93.32700", "2017-09-30": "56.36800", "2017-06-30": "65.74100", "2017-03-31": "62.46900", "2016-12-31": "72.73400", "2016-09-30": "47.23200", "2016-06-30": "49.26100", "2016-03-31": "45.45100", "2015-12-31": "62.75900", "2015-09-30": "37.83200", "2015-06-30": "45.90900", "2015-03-31": "46.28900", "2014-12-31": "48.03300", "2014-09-30": "35.61800", "2014-06-30": "38.46200", "2014-03-31": "40.47400", "2013-12-31": "44.66300", "2013-09-30": "30.63200", "2013-06-30": "33.27000", "2013-03-31": "34.42000", "2012-12-31": "37.57900", "2012-09-30": "25.97600", "2012-06-30": "28.09500", "2012-03-31": "20.74200", "2011-12-31": "30.91100", "2011-09-30": "22.09100", "2011-06-30": "25.24800", "2011-03-31": "27.11100", "2010-12-31": "24.17300", "2010-09-30": "16.60000", "2010-06-30": "22.62500", "2010-03-31": "24.51900", "2009-12-31": "23.61800", "2009-09-30": "17.82900", "2009-06-30": "14.52700", "2009-03-31": "23.77000", "2008-12-31": "11.02600", "2008-09-30": "10.09600", "2008-06-30": "18.73000", "2008-03-31": "14.11900", "2007-12-31": "16.17600", "2007-09-30": "10.99100", "2007-06-30": "2.31700", "2007-03-31": "8.39800", "2006-12-31": "31.04500", "2006-09-30": "24.52400", "2006-06-30": "24.50600", "2006-03-31": "26.15200", "2005-12-31": "40.19700", "2005-09-30": "20.28400", "2005-06-30": "23.12100", "2005-03-31": "24.68000"}, "EBITDA": {"2020-09-30": "178.78600", "2020-06-30": "179.62400", "2020-03-31": "171.15700", "2019-12-31": "224.35890", "2019-09-30": "157.25100", "2019-06-30": "154.08000", "2019-03-31": "158.39500", "2018-12-31": "198.98290", "2018-09-30": "146.00400", "2018-06-30": "142.67800", "2018-03-31": "145.72200", "2017-12-31": "191.11780", "2017-09-30": "134.07100", "2017-06-30": "124.45600", "2017-03-31": "126.93200", "2016-12-31": "165.25400", "2016-09-30": "111.04400", "2016-06-30": "113.70900", "2016-03-31": "108.59300", "2015-12-31": "156.71890", "2015-09-30": "89.48500", "2015-06-30": "101.18800", "2015-03-31": "102.87400", "2014-12-31": "120.34600", "2014-09-30": "85.16300", "2014-06-30": "89.40000", "2014-03-31": "91.98600", "2013-12-31": "107.80210", "2013-09-30": "74.26000", "2013-06-30": "81.03900", "2013-03-31": "82.58700", "2012-12-31": "98.01300", "2012-09-30": "68.48200", "2012-06-30": "71.66800", "2012-03-31": "81.93500", "2011-12-31": "86.74410", "2011-09-30": "62.71100", "2011-06-30": "67.78000", "2011-03-31": "72.14200", "2010-12-31": "79.18790", "2010-09-30": "54.70500", "2010-06-30": "60.11000", "2010-03-31": "65.58800", "2009-12-31": "74.70010", "2009-09-30": "47.75300", "2009-06-30": "47.25200", "2009-03-31": "53.48900", "2008-12-31": "65.32010", "2008-09-30": "48.84700", "2008-06-30": "61.66700", "2008-03-31": "58.67600", "2007-12-31": "69.39300", "2007-09-30": "52.59200", "2007-06-30": "73.51700", "2007-03-31": "68.19600", "2006-12-31": "73.88210", "2006-09-30": "59.11700", "2006-06-30": "54.48900", "2006-03-31": "62.35500", "2005-12-31": "69.52620", "2005-09-30": "52.68100", "2005-06-30": "54.11900", "2005-03-31": "58.21300"}, "EBIT": {"2020-09-30": "162.18100", "2020-06-30": "163.58300", "2020-03-31": "155.83400", "2019-12-31": "203.95100", "2019-09-30": "143.02900", "2019-06-30": "138.92300", "2019-03-31": "143.50400", "2018-12-31": "179.63600", "2018-09-30": "132.43200", "2018-06-30": "126.14500", "2018-03-31": "133.47600", "2017-12-31": "175.25090", "2017-09-30": "117.08000", "2017-06-30": "112.86700", "2017-03-31": "116.03400", "2016-12-31": "150.71800", "2016-09-30": "100.91100", "2016-06-30": "103.70100", "2016-03-31": "98.71200", "2015-12-31": "138.41210", "2015-09-30": "80.54300", "2015-06-30": "92.23100", "2015-03-31": "94.25300", "2014-12-31": "102.88200", "2014-09-30": "76.94100", "2014-06-30": "81.36300", "2014-03-31": "84.17500", "2013-12-31": "97.66900", "2013-09-30": "66.77600", "2013-06-30": "73.84100", "2013-03-31": "75.52500", "2012-12-31": "88.04000", "2012-09-30": "61.61800", "2012-06-30": "65.77800", "2012-03-31": "66.89500", "2011-12-31": "76.13300", "2011-09-30": "55.85400", "2011-06-30": "62.04600", "2011-03-31": "65.11200", "2010-12-31": "67.38800", "2010-09-30": "48.22400", "2010-06-30": "54.54900", "2010-03-31": "57.54100", "2009-12-31": "63.83710", "2009-09-30": "40.45000", "2009-06-30": "40.30400", "2009-03-31": "44.91800", "2008-12-31": "51.89110", "2008-09-30": "40.23700", "2008-06-30": "53.55200", "2008-03-31": "49.35000", "2007-12-31": "56.11800", "2007-09-30": "43.76100", "2007-06-30": "43.29900", "2007-03-31": "50.73200", "2006-12-31": "63.19410", "2006-09-30": "50.71300", "2006-06-30": "46.39900", "2006-03-31": "53.89100", "2005-12-31": "58.38810", "2005-09-30": "44.52000", "2005-06-30": "46.14800", "2005-03-31": "50.04800"}, "Basic Shares Outstanding": {"2020-09-30": "39.24600", "2020-06-30": "39.05800", "2020-03-31": "38.66600", "2019-12-31": "40.76600", "2019-09-30": "40.95400", "2019-06-30": "41.02300", "2019-03-31": "40.86600", "2018-12-31": "41.85600", "2018-09-30": "41.58600", "2018-06-30": "42.04400", "2018-03-31": "42.82200", "2017-12-31": "45.95500", "2017-09-30": "46.03500", "2017-06-30": "47.97300", "2017-03-31": "47.84000", "2016-12-31": "48.64700", "2016-09-30": "48.04300", "2016-06-30": "49.21300", "2016-03-31": "49.69700", "2015-12-31": "53.82900", "2015-09-30": "54.46300", "2015-06-30": "54.83300", "2015-03-31": "55.20800", "2014-12-31": "54.91800", "2014-09-30": "54.62100", "2014-06-30": "55.01500", "2014-03-31": "55.21200", "2013-12-31": "55.34600", "2013-09-30": "55.06500", "2013-06-30": "55.46900", "2013-03-31": "55.74700", "2012-12-31": "56.42000", "2012-09-30": "56.08300", "2012-06-30": "56.72500", "2012-03-31": "56.95800", "2011-12-31": "58.91800", "2011-09-30": "59.17300", "2011-06-30": "60.42800", "2011-03-31": "59.41000", "2010-12-31": "58.46800", "2010-09-30": "58.46700", "2010-06-30": "58.22100", "2010-03-31": "57.97500", "2009-12-31": "57.40900", "2009-09-30": "57.49900", "2009-06-30": "57.30300", "2009-03-31": "57.02800", "2008-12-31": "57.75600", "2008-09-30": "57.07900", "2008-06-30": "58.08300", "2008-03-31": "59.40400", "2007-12-31": "62.17700", "2007-09-30": "62.77100", "2007-06-30": "62.71000", "2007-03-31": "62.57000", "2006-12-31": "63.13900", "2006-09-30": "62.20100", "2006-06-30": "62.02500", "2006-03-31": "66.21900", "2005-12-31": "66.89470", "2005-09-30": "66.37900", "2005-06-30": "65.28600", "2005-03-31": "68.92200"}, "Shares Outstanding": {"2020-09-30": "39.79200", "2020-06-30": "39.74600", "2020-03-31": "39.63300", "2019-12-31": "41.92300", "2019-09-30": "42.04000", "2019-06-30": "42.23700", "2019-03-31": "42.20200", "2018-12-31": "43.33100", "2018-09-30": "43.06700", "2018-06-30": "43.58300", "2018-03-31": "44.37800", "2017-12-31": "47.67800", "2017-09-30": "47.71600", "2017-06-30": "49.77700", "2017-03-31": "49.70600", "2016-12-31": "49.92400", "2016-09-30": "49.24200", "2016-06-30": "50.46000", "2016-03-31": "51.23100", "2015-12-31": "55.53300", "2015-09-30": "56.11500", "2015-06-30": "56.62800", "2015-03-31": "57.01400", "2014-12-31": "56.93100", "2014-09-30": "56.61100", "2014-06-30": "57.12400", "2014-03-31": "57.37200", "2013-12-31": "57.72100", "2013-09-30": "57.34570", "2013-06-30": "57.96000", "2013-03-31": "58.22400", "2012-12-31": "58.99700", "2012-09-30": "58.52000", "2012-06-30": "59.44900", "2012-03-31": "59.66100", "2011-12-31": "61.65400", "2011-09-30": "61.83400", "2011-06-30": "63.22600", "2011-03-31": "62.34000", "2010-12-31": "60.81600", "2010-09-30": "60.68900", "2010-06-30": "60.76100", "2010-03-31": "59.73100", "2009-12-31": "57.82800", "2009-09-30": "57.98100", "2009-06-30": "57.73700", "2009-03-31": "57.35100", "2008-12-31": "58.34000", "2008-09-30": "58.04300", "2008-06-30": "58.79000", "2008-03-31": "60.08600", "2007-12-31": "63.78500", "2007-09-30": "63.97200", "2007-06-30": "64.71700", "2007-03-31": "64.07600", "2006-12-31": "64.54100", "2006-09-30": "63.40600", "2006-06-30": "63.34000", "2006-03-31": "67.67200", "2005-12-31": "68.65460", "2005-09-30": "68.22700", "2005-06-30": "67.56700", "2005-03-31": "71.30800"}, "Basic EPS": {"2020-09-30": "2.53000", "2020-06-30": "3.04000", "2020-03-31": "3.14000", "2019-12-31": "3.20000", "2019-09-30": "2.11000", "2019-06-30": "2.25000", "2019-03-31": "2.27000", "2018-12-31": "2.72000", "2018-09-30": "2.02000", "2018-06-30": "1.84000", "2018-03-31": "2.07000", "2017-12-31": "2.15000", "2017-09-30": "1.22000", "2017-06-30": "1.37000", "2017-03-31": "1.31000", "2016-12-31": "1.52000", "2016-09-30": "0.98000", "2016-06-30": "1.00000", "2016-03-31": "0.91000", "2015-12-31": "1.21000", "2015-09-30": "0.69000", "2015-06-30": "0.84000", "2015-03-31": "0.84000", "2014-12-31": "0.88000", "2014-09-30": "0.65000", "2014-06-30": "0.70000", "2014-03-31": "0.73000", "2013-12-31": "0.80000", "2013-09-30": "0.56000", "2013-06-30": "0.60000", "2013-03-31": "0.62000", "2012-12-31": "0.67000", "2012-09-30": "0.46000", "2012-06-30": "0.50000", "2012-03-31": "0.36000", "2011-12-31": "0.54000", "2011-09-30": "0.37000", "2011-06-30": "0.42000", "2011-03-31": "0.46000", "2010-12-31": "0.41000", "2010-09-30": "0.28000", "2010-06-30": "0.39000", "2010-03-31": "0.42000", "2009-12-31": "0.41000", "2009-09-30": "0.31000", "2009-06-30": "0.25000", "2009-03-31": "0.42000", "2008-12-31": "0.19000", "2008-09-30": "0.18000", "2008-06-30": "0.32000", "2008-03-31": "0.24000", "2007-12-31": "0.26000", "2007-09-30": "0.18000", "2007-06-30": "0.04000", "2007-03-31": "0.13000", "2006-12-31": "0.50000", "2006-09-30": "0.39000", "2006-06-30": "0.40000", "2006-03-31": "0.39000", "2005-12-31": "0.60000", "2005-09-30": "0.31000", "2005-06-30": "0.35000", "2005-03-31": "0.36000"}, "EPS - Earnings Per Share": {"2020-09-30": "2.49000", "2020-06-30": "2.99000", "2020-03-31": "3.07000", "2019-12-31": "3.12000", "2019-09-30": "2.05000", "2019-06-30": "2.19000", "2019-03-31": "2.20000", "2018-12-31": "2.62000", "2018-09-30": "1.95000", "2018-06-30": "1.78000", "2018-03-31": "2.00000", "2017-12-31": "2.07000", "2017-09-30": "1.18000", "2017-06-30": "1.32000", "2017-03-31": "1.26000", "2016-12-31": "1.47000", "2016-09-30": "0.96000", "2016-06-30": "0.98000", "2016-03-31": "0.89000", "2015-12-31": "1.18000", "2015-09-30": "0.67000", "2015-06-30": "0.81000", "2015-03-31": "0.81000", "2014-12-31": "0.85000", "2014-09-30": "0.63000", "2014-06-30": "0.67000", "2014-03-31": "0.71000", "2013-12-31": "0.79000", "2013-09-30": "0.53000", "2013-06-30": "0.57000", "2013-03-31": "0.59000", "2012-12-31": "0.65000", "2012-09-30": "0.44000", "2012-06-30": "0.47000", "2012-03-31": "0.35000", "2011-12-31": "0.52000", "2011-09-30": "0.36000", "2011-06-30": "0.40000", "2011-03-31": "0.43000", "2010-12-31": "0.40000", "2010-09-30": "0.27000", "2010-06-30": "0.37000", "2010-03-31": "0.41000", "2009-12-31": "0.41000", "2009-09-30": "0.31000", "2009-06-30": "0.25000", "2009-03-31": "0.41000", "2008-12-31": "0.21000", "2008-09-30": "0.17000", "2008-06-30": "0.32000", "2008-03-31": "0.23000", "2007-12-31": "0.25000", "2007-09-30": "0.17000", "2007-06-30": "0.04000", "2007-03-31": "0.13000", "2006-12-31": "0.48000", "2006-09-30": "0.39000", "2006-06-30": "0.39000", "2006-03-31": "0.39000", "2005-12-31": "0.59000", "2005-09-30": "0.30000", "2005-06-30": "0.34000", "2005-03-31": "0.35000"}}, "balance sheet": {"Cash On Hand": {"2019-12-31": "399.88400", "2018-12-31": "192.43100", "2017-12-31": "227.53000", "2016-12-31": "169.31100", "2015-12-31": "314.38900", "2014-12-31": "151.80900", "2013-12-31": "139.83600", "2012-12-31": "114.82800", "2011-12-31": "142.90400", "2010-12-31": "133.47500", "2009-12-31": "133.53300", "2008-12-31": "124.24300", "2007-12-31": "92.29500", "2006-12-31": "38.22200", "2005-12-31": "66.91900"}, "Receivables": {"2019-12-31": "210.26000", "2018-12-31": "190.09100", "2017-12-31": "173.67700", "2016-12-31": "150.36900", "2015-12-31": "131.58200", "2014-12-31": "118.39500", "2013-12-31": "105.77900", "2012-12-31": "94.10300", "2011-12-31": "87.20000", "2010-12-31": "80.41000", "2009-12-31": "76.27300", "2008-12-31": "69.39000", "2007-12-31": "68.44600", "2006-12-31": "65.69700", "2005-12-31": "74.43700"}, "Inventory": {"2019-12-31": "52.95500", "2018-12-31": "45.97500", "2017-12-31": "39.96100", "2016-12-31": "40.18100", "2015-12-31": "36.86100", "2014-12-31": "37.94400", "2013-12-31": "30.32100", "2012-12-31": "31.06100", "2011-12-31": "30.70200", "2010-12-31": "26.99800", "2009-12-31": "25.89000", "2008-12-31": "24.34200", "2007-12-31": "24.93100", "2006-12-31": "22.80300", "2005-12-31": "24.23100"}, "Pre-Paid Expenses": {"2019-12-31": "19.12900", "2018-12-31": "25.71000", "2017-12-31": "18.38900", "2016-12-31": "17.63500", "2015-12-31": "20.64600", "2014-12-31": "32.56900", "2013-12-31": "18.37600", "2012-12-31": "11.21000", "2011-12-31": "12.23200", "2010-12-31": "9.76000", "2009-12-31": "6.15500", "2008-12-31": "6.23600", "2007-12-31": "11.09800", "2006-12-31": "13.83500", "2005-12-31": "13.77100"}, "Other Current Assets": {"2019-12-31": "105.38900", "2018-12-31": "112.74400", "2017-12-31": "120.22300", "2016-12-31": "118.37700", "2015-12-31": "99.15900", "2014-12-31": "77.78700", "2013-12-31": "44.69500", "2012-12-31": "37.91700", "2011-12-31": "36.28100", "2010-12-31": "36.13400", "2009-12-31": "25.11600", "2008-12-31": "20.37700", "2007-12-31": "20.68300", "2006-12-31": "18.88000", "2005-12-31": "35.64300"}, "Total Current Assets": {"2019-12-31": "787.61700", "2018-12-31": "566.95100", "2017-12-31": "579.78000", "2016-12-31": "495.87300", "2015-12-31": "602.63700", "2014-12-31": "428.36100", "2013-12-31": "351.54000", "2012-12-31": "306.26700", "2011-12-31": "326.84300", "2010-12-31": "305.03800", "2009-12-31": "278.66800", "2008-12-31": "254.25100", "2007-12-31": "226.88200", "2006-12-31": "166.30500", "2005-12-31": "221.34600"}, "Property, Plant, And Equipment": {"2019-12-31": "242.88100", "2018-12-31": "234.93900", "2017-12-31": "169.58600", "2016-12-31": "138.53400", "2015-12-31": "131.89000", "2014-12-31": "114.04600", "2013-12-31": "97.58400", "2012-12-31": "91.44500", "2011-12-31": "92.40000", "2010-12-31": "97.38400", "2009-12-31": "102.77600", "2008-12-31": "108.43000", "2007-12-31": "122.89000", "2006-12-31": "117.14400", "2005-12-31": "131.45500"}, "Long-Term Investments": {"2019-12-31": "11.98200", "2018-12-31": "8.71800", "2017-12-31": "8.11900", "2016-12-31": "7.26000", "2015-12-31": "6.05400", "2014-12-31": "4.58600", "2013-12-31": "3.26900", "2012-12-31": "2.09700", "2011-12-31": "1.53800", "2010-12-31": "1.19300", "2009-12-31": "1.40600", "2008-12-31": "1.25800", "2007-12-31": "1.92400", "2006-12-31": "1.34000", "2005-12-31": "0.53400"}, "Goodwill And Intangible Assets": {"2019-12-31": "15.09300", "2018-12-31": "14.91900", "2017-12-31": "15.42300", "2016-12-31": "16.05800", "2015-12-31": "16.09700", "2014-12-31": "16.29700", "2013-12-31": "16.59800", "2012-12-31": "16.59800", "2011-12-31": "16.64900", "2010-12-31": "17.35600", "2009-12-31": "17.60600", "2008-12-31": "17.67500", "2007-12-31": "20.77200", "2006-12-31": "21.31900", "2005-12-31": "22.08400"}, "Other Long-Term Assets": {"2019-12-31": "12.52100", "2018-12-31": "12.52300", "2017-12-31": "8.27200", "2016-12-31": "9.37900", "2015-12-31": "8.79700", "2014-12-31": "10.00600", "2013-12-31": "9.04600", "2012-12-31": "8.63500", "2011-12-31": "8.95800", "2010-12-31": "8.49000", "2009-12-31": "9.02400", "2008-12-31": "9.26000", "2007-12-31": "10.87700", "2006-12-31": "8.62500", "2005-12-31": "13.17000"}, "Total Long-Term Assets": {"2019-12-31": "594.47500", "2018-12-31": "340.43400", "2017-12-31": "256.97300", "2016-12-31": "220.42200", "2015-12-31": "197.20800", "2014-12-31": "167.97200", "2013-12-31": "173.71500", "2012-12-31": "171.93000", "2011-12-31": "153.70000", "2010-12-31": "155.79900", "2009-12-31": "175.09300", "2008-12-31": "209.54300", "2007-12-31": "246.28200", "2006-12-31": "213.89800", "2005-12-31": "239.72800"}, "Total Assets": {"2019-12-31": "1382.09200", "2018-12-31": "907.38500", "2017-12-31": "836.75300", "2016-12-31": "716.29500", "2015-12-31": "799.84500", "2014-12-31": "596.33300", "2013-12-31": "525.25500", "2012-12-31": "478.19700", "2011-12-31": "480.54300", "2010-12-31": "460.83700", "2009-12-31": "453.76100", "2008-12-31": "463.79400", "2007-12-31": "473.16400", "2006-12-31": "380.20300", "2005-12-31": "461.07400"}, "Total Current Liabilities": {"2019-12-31": "453.83100", "2018-12-31": "379.74300", "2017-12-31": "398.28500", "2016-12-31": "403.69800", "2015-12-31": "375.98300", "2014-12-31": "265.60800", "2013-12-31": "254.61100", "2012-12-31": "229.49800", "2011-12-31": "197.17500", "2010-12-31": "186.12600", "2009-12-31": "219.42300", "2008-12-31": "149.55400", "2007-12-31": "175.50800", "2006-12-31": "155.20100", "2005-12-31": "217.38500"}, "Long Term Debt": {"2019-12-31": "4071.05500", "2018-12-31": "3495.69100", "2017-12-31": "3121.49000", "2016-12-31": "2148.99000", "2015-12-31": "2181.46000", "2014-12-31": "1500.59900", "2013-12-31": "1512.29900", "2012-12-31": "1536.44300", "2011-12-31": "1450.36900", "2010-12-31": "1451.32100", "2009-12-31": "1522.46300", "2008-12-31": "1704.44400", "2007-12-31": "1704.77100", "2006-12-31": "740.12000", "2005-12-31": "702.35800"}, "Other Non-Current Liabilities": {"2019-12-31": "70.23400", "2018-12-31": "71.87200", "2017-12-31": "52.36200", "2016-12-31": "46.75000", "2015-12-31": "42.65300", "2014-12-31": "44.00300", "2013-12-31": "40.72000", "2012-12-31": "40.77800", "2011-12-31": "37.71700", "2010-12-31": "34.04100", "2009-12-31": "32.86900", "2008-12-31": "34.41900", "2007-12-31": "43.02400", "2006-12-31": "49.77500", "2005-12-31": "52.31600"}, "Total Long Term Liabilities": {"2019-12-31": "4344.02000", "2018-12-31": "3567.56300", "2017-12-31": "3173.85200", "2016-12-31": "2195.74000", "2015-12-31": "2224.11300", "2014-12-31": "1550.19000", "2013-12-31": "1560.84600", "2012-12-31": "1584.22200", "2011-12-31": "1493.10700", "2010-12-31": "1485.36200", "2009-12-31": "1555.33200", "2008-12-31": "1738.86300", "2007-12-31": "1747.79500", "2006-12-31": "789.89500", "2005-12-31": "754.67400"}, "Total Liabilities": {"2019-12-31": "4797.85100", "2018-12-31": "3947.30600", "2017-12-31": "3572.13700", "2016-12-31": "2599.43800", "2015-12-31": "2600.09600", "2014-12-31": "1815.79800", "2013-12-31": "1815.45700", "2012-12-31": "1813.72000", "2011-12-31": "1690.28200", "2010-12-31": "1671.48800", "2009-12-31": "1774.75500", "2008-12-31": "1888.41700", "2007-12-31": "1923.30300", "2006-12-31": "945.09600", "2005-12-31": "972.05900"}, "Common Stock Net": {"2019-12-31": "0.38900", "2018-12-31": "0.41000", "2017-12-31": "0.42900", "2016-12-31": "0.48100", "2015-12-31": "0.49800", "2014-12-31": "0.55600", "2013-12-31": "0.55800", "2012-12-31": "0.56300", "2011-12-31": "0.57700", "2010-12-31": "0.60100", "2009-12-31": "0.58600", "2008-12-31": "0.57000", "2007-12-31": "0.59700", "2006-12-31": "0.62500", "2005-12-31": "0.67200"}, "Retained Earnings (Accumulated Deficit)": {"2019-12-31": "-3412.64900", "2018-12-31": "-3036.47100", "2017-12-31": "-2739.43700", "2016-12-31": "-1881.52000", "2015-12-31": "-1804.14300", "2014-12-31": "-1246.92100", "2013-12-31": "-1289.44500", "2012-12-31": "-1335.36400", "2011-12-31": "-1207.91500", "2010-12-31": "-1254.04400", "2009-12-31": "-1341.96100", "2008-12-31": "-1421.70500", "2007-12-31": "-1444.93800", "2006-12-31": "-701.52000", "2005-12-31": "-777.90600"}, "Comprehensive Income": {"2019-12-31": "-3.74200", "2018-12-31": "-4.42900", "2017-12-31": "-2.03000", "2016-12-31": "-3.11000", "2015-12-31": "-3.54800", "2014-12-31": "-2.66100", "2013-12-31": "-1.98400", "2012-12-31": "-2.38600", "2011-12-31": "-2.40100", "2010-12-31": "-2.74000", "2009-12-31": "-4.10600", "2008-12-31": "-5.34100", "2007-12-31": "-5.79800", "2006-12-31": "2.06600", "2005-12-31": "6.55400"}, "Other Share Holders Equity": {"2019-12-31": "", "2018-12-31": "", "2017-12-31": "", "2016-12-31": "", "2015-12-31": "", "2014-12-31": "", "2013-12-31": "", "2012-12-31": "", "2011-12-31": "", "2010-12-31": "", "2009-12-31": "", "2008-12-31": "", "2007-12-31": "", "2006-12-31": "", "2005-12-31": ""}, "Share Holder Equity": {"2019-12-31": "-3415.75900", "2018-12-31": "-3039.92100", "2017-12-31": "-2735.38400", "2016-12-31": "-1883.14300", "2015-12-31": "-1800.25100", "2014-12-31": "-1219.46500", "2013-12-31": "-1290.20200", "2012-12-31": "-1335.52300", "2011-12-31": "-1209.73900", "2010-12-31": "-1210.65100", "2009-12-31": "-1320.99400", "2008-12-31": "-1424.62300", "2007-12-31": "-1450.13900", "2006-12-31": "-564.89300", "2005-12-31": "-510.98500"}, "Total Liabilities And Share Holders Equity": {"2019-12-31": "1382.09200", "2018-12-31": "907.38500", "2017-12-31": "836.75300", "2016-12-31": "716.29500", "2015-12-31": "799.84500", "2014-12-31": "596.33300", "2013-12-31": "525.25500", "2012-12-31": "478.19700", "2011-12-31": "480.54300", "2010-12-31": "460.83700", "2009-12-31": "453.76100", "2008-12-31": "463.79400", "2007-12-31": "473.16400", "2006-12-31": "380.20300", "2005-12-31": "461.07400"}}, "balance sheet, quarterly": {"Cash On Hand": {"2020-09-30": "491.04900", "2020-06-30": "486.18500", "2020-03-31": "390.17100", "2019-12-31": "399.88400", "2019-09-30": "243.99800", "2019-06-30": "260.97200", "2019-03-31": "233.16900", "2018-12-31": "192.43100", "2018-09-30": "252.77000", "2018-06-30": "302.75800", "2018-03-31": "189.79500", "2017-12-31": "227.53000", "2017-09-30": "253.36100", "2017-06-30": "213.92800", "2017-03-31": "217.76000", "2016-12-31": "169.31100", "2016-09-30": "153.55000", "2016-06-30": "129.74000", "2016-03-31": "332.37500", "2015-12-31": "314.38900", "2015-09-30": "123.52700", "2015-06-30": "122.70800", "2015-03-31": "196.52400", "2014-12-31": "151.80900", "2014-09-30": "104.52800", "2014-06-30": "90.01400", "2014-03-31": "147.00200", "2013-12-31": "139.83600", "2013-09-30": "95.36700", "2013-06-30": "100.55000", "2013-03-31": "136.45600", "2012-12-31": "114.82800", "2012-09-30": "95.46800", "2012-06-30": "70.38100", "2012-03-31": "262.00100", "2011-12-31": "142.90400", "2011-09-30": "115.37100", "2011-06-30": "158.43100", "2011-03-31": "177.34700", "2010-12-31": "133.47500", "2010-09-30": "116.68100", "2010-06-30": "106.64300", "2010-03-31": "113.99800", "2009-12-31": "133.53300", "2009-09-30": "136.00100", "2009-06-30": "134.85600", "2009-03-31": "133.71100", "2008-12-31": "124.24300", "2008-09-30": "91.41600", "2008-06-30": "109.70100", "2008-03-31": "86.07900", "2007-12-31": "92.29500", "2007-09-30": "114.91700", "2007-06-30": "93.30000", "2007-03-31": "67.10600", "2006-12-31": "38.22200", "2006-09-30": "11.04300", "2006-06-30": "23.71200", "2006-03-31": "16.37200", "2005-12-31": "66.91900", "2005-09-30": "21.90200", "2005-06-30": "10.50400", "2005-03-31": "53.23300"}, "Receivables": {"2020-09-30": "229.40300", "2020-06-30": "232.11400", "2020-03-31": "219.19900", "2019-12-31": "210.26000", "2019-09-30": "185.40300", "2019-06-30": "182.90400", "2019-03-31": "194.06400", "2018-12-31": "190.09100", "2018-09-30": "170.24400", "2018-06-30": "182.81600", "2018-03-31": "174.41600", "2017-12-31": "173.67700", "2017-09-30": "154.47500", "2017-06-30": "151.64100", "2017-03-31": "150.93100", "2016-12-31": "150.36900", "2016-09-30": "138.10700", "2016-06-30": "132.53300", "2016-03-31": "130.52000", "2015-12-31": "131.58200", "2015-09-30": "112.39800", "2015-06-30": "113.32800", "2015-03-31": "118.08500", "2014-12-31": "118.39500", "2014-09-30": "103.54000", "2014-06-30": "105.97000", "2014-03-31": "103.88100", "2013-12-31": "105.77900", "2013-09-30": "92.76500", "2013-06-30": "93.98700", "2013-03-31": "90.15600", "2012-12-31": "94.10300", "2012-09-30": "86.76200", "2012-06-30": "85.52100", "2012-03-31": "80.06700", "2011-12-31": "87.20000", "2011-09-30": "81.14600", "2011-06-30": "84.32600", "2011-03-31": "83.84800", "2010-12-31": "80.41000", "2010-09-30": "75.83600", "2010-06-30": "76.56500", "2010-03-31": "75.04600", "2009-12-31": "76.27300", "2009-09-30": "64.87000", "2009-06-30": "64.85600", "2009-03-31": "66.46100", "2008-12-31": "69.39000", "2008-09-30": "69.43700", "2008-06-30": "72.11100", "2008-03-31": "69.33300", "2007-12-31": "68.44600", "2007-09-30": "68.03500", "2007-06-30": "69.32900", "2007-03-31": "62.97000", "2006-12-31": "65.69700", "2006-09-30": "66.55300", "2006-06-30": "69.24300", "2006-03-31": "70.70500", "2005-12-31": "74.43700", "2005-09-30": "68.09600", "2005-06-30": "67.77000", "2005-03-31": "73.05500"}, "Inventory": {"2020-09-30": "65.49900", "2020-06-30": "66.85000", "2020-03-31": "49.01000", "2019-12-31": "52.95500", "2019-09-30": "51.01000", "2019-06-30": "44.28100", "2019-03-31": "45.66800", "2018-12-31": "45.97500", "2018-09-30": "41.42000", "2018-06-30": "40.16100", "2018-03-31": "41.22900", "2017-12-31": "39.96100", "2017-09-30": "37.09300", "2017-06-30": "37.66400", "2017-03-31": "38.32600", "2016-12-31": "40.18100", "2016-09-30": "38.83400", "2016-06-30": "36.47300", "2016-03-31": "39.10800", "2015-12-31": "36.86100", "2015-09-30": "39.82600", "2015-06-30": "36.28300", "2015-03-31": "37.89900", "2014-12-31": "37.94400", "2014-09-30": "35.21300", "2014-06-30": "33.54200", "2014-03-31": "33.57800", "2013-12-31": "30.32100", "2013-09-30": "30.28200", "2013-06-30": "27.99600", "2013-03-31": "29.91600", "2012-12-31": "31.06100", "2012-09-30": "26.76200", "2012-06-30": "26.58500", "2012-03-31": "26.76900", "2011-12-31": "30.70200", "2011-09-30": "25.73400", "2011-06-30": "28.64700", "2011-03-31": "29.64300", "2010-12-31": "26.99800", "2010-09-30": "25.44400", "2010-06-30": "27.67500", "2010-03-31": "26.57500", "2009-12-31": "25.89000", "2009-09-30": "26.31900", "2009-06-30": "25.18500", "2009-03-31": "28.93700", "2008-12-31": "24.34200", "2008-09-30": "25.23500", "2008-06-30": "22.24300", "2008-03-31": "22.12800", "2007-12-31": "24.93100", "2007-09-30": "23.51300", "2007-06-30": "21.59500", "2007-03-31": "21.28900", "2006-12-31": "22.80300", "2006-09-30": "19.10800", "2006-06-30": "20.20700", "2006-03-31": "19.72600", "2005-12-31": "24.23100", "2005-09-30": "23.19400", "2005-06-30": "20.19100", "2005-03-31": "21.23100"}, "Pre-Paid Expenses": {"2020-09-30": "26.28800", "2020-06-30": "28.87300", "2020-03-31": "26.02500", "2019-12-31": "19.12900", "2019-09-30": "15.43800", "2019-06-30": "37.57800", "2019-03-31": "19.54400", "2018-12-31": "25.71000", "2018-09-30": "22.38200", "2018-06-30": "33.36100", "2018-03-31": "18.71800", "2017-12-31": "18.38900", "2017-09-30": "21.31700", "2017-06-30": "41.51200", "2017-03-31": "16.54100", "2016-12-31": "17.63500", "2016-09-30": "26.86500", "2016-06-30": "42.67800", "2016-03-31": "33.83200", "2015-12-31": "20.64600", "2015-09-30": "23.70100", "2015-06-30": "31.69100", "2015-03-31": "13.26700", "2014-12-31": "32.56900", "2014-09-30": "21.84600", "2014-06-30": "30.35400", "2014-03-31": "11.99100", "2013-12-31": "18.37600", "2013-09-30": "20.46600", "2013-06-30": "21.50500", "2013-03-31": "10.62800", "2012-12-31": "11.21000", "2012-09-30": "13.59800", "2012-06-30": "21.67700", "2012-03-31": "15.06600", "2011-12-31": "12.23200", "2011-09-30": "18.81300", "2011-06-30": "21.69200", "2011-03-31": "7.71800", "2010-12-31": "9.76000", "2010-09-30": "5.91100", "2010-06-30": "8.36100", "2010-03-31": "8.22200", "2009-12-31": "6.15500", "2009-09-30": "4.54400", "2009-06-30": "10.42600", "2009-03-31": "5.74200", "2008-12-31": "6.23600", "2008-09-30": "10.65500", "2008-06-30": "4.60500", "2008-03-31": "10.87700", "2007-12-31": "11.09800", "2007-09-30": "21.08500", "2007-06-30": "24.69200", "2007-03-31": "8.33700", "2006-12-31": "13.83500", "2006-09-30": "11.50200", "2006-06-30": "20.62000", "2006-03-31": "14.58200", "2005-12-31": "13.77100", "2005-09-30": "16.92800", "2005-06-30": "21.50900", "2005-03-31": "12.65600"}, "Other Current Assets": {"2020-09-30": "144.28200", "2020-06-30": "113.08700", "2020-03-31": "109.96900", "2019-12-31": "105.38900", "2019-09-30": "109.49000", "2019-06-30": "117.71200", "2019-03-31": "98.09800", "2018-12-31": "112.74400", "2018-09-30": "118.83300", "2018-06-30": "123.81800", "2018-03-31": "112.26500", "2017-12-31": "120.22300", "2017-09-30": "126.34000", "2017-06-30": "116.15800", "2017-03-31": "105.07800", "2016-12-31": "118.37700", "2016-09-30": "115.23400", "2016-06-30": "109.02500", "2016-03-31": "90.65100", "2015-12-31": "99.15900", "2015-09-30": "96.03000", "2015-06-30": "90.30200", "2015-03-31": "72.55500", "2014-12-31": "77.78700", "2014-09-30": "60.11100", "2014-06-30": "51.71300", "2014-03-31": "50.18500", "2013-12-31": "44.69500", "2013-09-30": "54.06800", "2013-06-30": "48.04900", "2013-03-31": "33.28400", "2012-12-31": "37.91700", "2012-09-30": "35.65300", "2012-06-30": "35.58500", "2012-03-31": "30.65100", "2011-12-31": "36.28100", "2011-09-30": "33.38900", "2011-06-30": "31.85500", "2011-03-31": "27.26700", "2010-12-31": "36.13400", "2010-09-30": "25.19200", "2010-06-30": "21.00400", "2010-03-31": "22.30500", "2009-12-31": "25.11600", "2009-09-30": "21.60100", "2009-06-30": "26.58900", "2009-03-31": "32.46800", "2008-12-31": "20.37700", "2008-09-30": "19.78100", "2008-06-30": "27.02300", "2008-03-31": "20.57400", "2007-12-31": "20.68300", "2007-09-30": "24.49000", "2007-06-30": "17.09900", "2007-03-31": "17.16200", "2006-12-31": "18.88000", "2006-09-30": "23.06000", "2006-06-30": "23.94600", "2006-03-31": "26.39000", "2005-12-31": "35.64300", "2005-09-30": "30.68500", "2005-06-30": "37.63600", "2005-03-31": "29.46200"}, "Total Current Assets": {"2020-09-30": "956.52100", "2020-06-30": "927.10900", "2020-03-31": "794.37400", "2019-12-31": "787.61700", "2019-09-30": "605.33900", "2019-06-30": "643.44700", "2019-03-31": "590.54300", "2018-12-31": "566.95100", "2018-09-30": "605.64900", "2018-06-30": "682.91400", "2018-03-31": "536.42300", "2017-12-31": "579.78000", "2017-09-30": "592.58600", "2017-06-30": "560.90300", "2017-03-31": "528.63600", "2016-12-31": "495.87300", "2016-09-30": "472.59000", "2016-06-30": "450.44900", "2016-03-31": "626.48600", "2015-12-31": "602.63700", "2015-09-30": "404.43200", "2015-06-30": "404.50100", "2015-03-31": "446.04100", "2014-12-31": "428.36100", "2014-09-30": "333.32400", "2014-06-30": "320.98000", "2014-03-31": "353.88000", "2013-12-31": "351.54000", "2013-09-30": "302.41000", "2013-06-30": "302.53600", "2013-03-31": "308.55700", "2012-12-31": "306.26700", "2012-09-30": "272.12700", "2012-06-30": "254.50200", "2012-03-31": "427.88800", "2011-12-31": "326.84300", "2011-09-30": "288.75600", "2011-06-30": "340.23100", "2011-03-31": "339.03900", "2010-12-31": "305.03800", "2010-09-30": "263.41400", "2010-06-30": "254.45100", "2010-03-31": "260.10400", "2009-12-31": "278.66800", "2009-09-30": "263.67600", "2009-06-30": "271.91000", "2009-03-31": "277.15300", "2008-12-31": "254.25100", "2008-09-30": "225.12300", "2008-06-30": "243.61200", "2008-03-31": "217.96900", "2007-12-31": "226.88200", "2007-09-30": "260.14800", "2007-06-30": "233.62000", "2007-03-31": "183.63400", "2006-12-31": "166.30500", "2006-09-30": "137.83800", "2006-06-30": "164.04200", "2006-03-31": "154.07000", "2005-12-31": "221.34600", "2005-09-30": "168.49900", "2005-06-30": "165.47200", "2005-03-31": "197.64500"}, "Property, Plant, And Equipment": {"2020-09-30": "262.26400", "2020-06-30": "257.38400", "2020-03-31": "240.71700", "2019-12-31": "242.88100", "2019-09-30": "216.21000", "2019-06-30": "214.13500", "2019-03-31": "227.86700", "2018-12-31": "234.93900", "2018-09-30": "206.99900", "2018-06-30": "177.19100", "2018-03-31": "169.52500", "2017-12-31": "169.58600", "2017-09-30": "139.67700", "2017-06-30": "137.79300", "2017-03-31": "137.82400", "2016-12-31": "138.53400", "2016-09-30": "132.60100", "2016-06-30": "131.97200", "2016-03-31": "131.06000", "2015-12-31": "131.89000", "2015-09-30": "119.45200", "2015-06-30": "117.19600", "2015-03-31": "114.74400", "2014-12-31": "114.04600", "2014-09-30": "100.49100", "2014-06-30": "98.05600", "2014-03-31": "95.71700", "2013-12-31": "97.58400", "2013-09-30": "89.33000", "2013-06-30": "88.55100", "2013-03-31": "89.77600", "2012-12-31": "91.44500", "2012-09-30": "86.53800", "2012-06-30": "87.78200", "2012-03-31": "89.65700", "2011-12-31": "92.40000", "2011-09-30": "89.58700", "2011-06-30": "92.32200", "2011-03-31": "93.96500", "2010-12-31": "97.38400", "2010-09-30": "97.00900", "2010-06-30": "98.43900", "2010-03-31": "99.92100", "2009-12-31": "102.77600", "2009-09-30": "102.61400", "2009-06-30": "104.82500", "2009-03-31": "105.60100", "2008-12-31": "108.43000", "2008-09-30": "112.24000", "2008-06-30": "113.46500", "2008-03-31": "118.01300", "2007-12-31": "122.89000", "2007-09-30": "108.83400", "2007-06-30": "111.79900", "2007-03-31": "114.04500", "2006-12-31": "117.14400", "2006-09-30": "120.86200", "2006-06-30": "126.38200", "2006-03-31": "128.59100", "2005-12-31": "131.45500", "2005-09-30": "135.22500", "2005-06-30": "137.19000", "2005-03-31": "135.36400"}, "Long-Term Investments": {"2020-09-30": "", "2020-06-30": "", "2020-03-31": "", "2019-12-31": "", "2019-09-30": "", "2019-06-30": "", "2019-03-31": "", "2018-12-31": "8.71800", "2018-09-30": "", "2018-06-30": "", "2018-03-31": "", "2017-12-31": "8.11900", "2017-09-30": "", "2017-06-30": "", "2017-03-31": "", "2016-12-31": "7.26000", "2016-09-30": "", "2016-06-30": "", "2016-03-31": "", "2015-12-31": "6.05400", "2015-09-30": "", "2015-06-30": "", "2015-03-31": "", "2014-12-31": "4.58600", "2014-09-30": "", "2014-06-30": "", "2014-03-31": "", "2013-12-31": "3.26900", "2013-09-30": "", "2013-06-30": "", "2013-03-31": "", "2012-12-31": "2.09700", "2012-09-30": "", "2012-06-30": "", "2012-03-31": "", "2011-12-31": "1.53800", "2011-09-30": "", "2011-06-30": "", "2011-03-31": "", "2010-12-31": "1.19300", "2010-09-30": "", "2010-06-30": "", "2010-03-31": "", "2009-12-31": "1.40600", "2009-09-30": "", "2009-06-30": "", "2009-03-31": "", "2008-12-31": "1.25800", "2008-09-30": "", "2008-06-30": "", "2008-03-31": "", "2007-12-31": "1.92400", "2007-09-30": "", "2007-06-30": "", "2007-03-31": "", "2006-12-31": "1.34000", "2006-09-30": "", "2006-06-30": "", "2006-03-31": "", "2005-12-31": "0.53400", "2005-09-30": "", "2005-06-30": "", "2005-03-31": ""}, "Goodwill And Intangible Assets": {"2020-09-30": "15.06100", "2020-06-30": "15.06100", "2020-03-31": "15.06100", "2019-12-31": "15.09300", "2019-09-30": "13.54200", "2019-06-30": "13.54200", "2019-03-31": "14.91900", "2018-12-31": "14.91900", "2018-09-30": "14.91900", "2018-06-30": "15.35100", "2018-03-31": "15.42300", "2017-12-31": "15.42300", "2017-09-30": "16.05800", "2017-06-30": "16.05800", "2017-03-31": "16.05800", "2016-12-31": "16.05800", "2016-09-30": "16.09700", "2016-06-30": "16.09700", "2016-03-31": "16.09700", "2015-12-31": "16.09700", "2015-09-30": "16.17600", "2015-06-30": "16.17600", "2015-03-31": "16.29700", "2014-12-31": "16.29700", "2014-09-30": "16.10900", "2014-06-30": "16.10900", "2014-03-31": "16.10900", "2013-12-31": "16.59800", "2013-09-30": "16.59800", "2013-06-30": "16.59800", "2013-03-31": "16.59800", "2012-12-31": "16.59800", "2012-09-30": "16.59800", "2012-06-30": "16.59800", "2012-03-31": "16.59800", "2011-12-31": "16.64900", "2011-09-30": "16.66600", "2011-06-30": "16.93500", "2011-03-31": "16.93500", "2010-12-31": "17.35600", "2010-09-30": "17.39100", "2010-06-30": "17.39100", "2010-03-31": "17.41000", "2009-12-31": "17.60600", "2009-09-30": "17.56800", "2009-06-30": "17.59200", "2009-03-31": "17.67500", "2008-12-31": "17.67500", "2008-09-30": "18.20600", "2008-06-30": "18.40500", "2008-03-31": "19.77100", "2007-12-31": "20.77200", "2007-09-30": "20.77200", "2007-06-30": "20.93500", "2007-03-31": "21.08700", "2006-12-31": "21.31900", "2006-09-30": "21.34300", "2006-06-30": "21.90800", "2006-03-31": "22.06300", "2005-12-31": "22.08400", "2005-09-30": "23.42800", "2005-06-30": "22.68500", "2005-03-31": "22.61000"}, "Other Long-Term Assets": {"2020-09-30": "72.78700", "2020-06-30": "69.51700", "2020-03-31": "27.53900", "2019-12-31": "24.50300", "2019-09-30": "22.74300", "2019-06-30": "21.96500", "2019-03-31": "22.72800", "2018-12-31": "12.52300", "2018-09-30": "21.79300", "2018-06-30": "17.05800", "2018-03-31": "16.88400", "2017-12-31": "8.27200", "2017-09-30": "16.46500", "2017-06-30": "16.17000", "2017-03-31": "16.01000", "2016-12-31": "9.37900", "2016-09-30": "16.46700", "2016-06-30": "15.69700", "2016-03-31": "15.51400", "2015-12-31": "8.79700", "2015-09-30": "17.85900", "2015-06-30": "15.26000", "2015-03-31": "15.07200", "2014-12-31": "10.00600", "2014-09-30": "14.89900", "2014-06-30": "14.39200", "2014-03-31": "13.49100", "2013-12-31": "9.04600", "2013-09-30": "13.12100", "2013-06-30": "13.11500", "2013-03-31": "13.17300", "2012-12-31": "8.63500", "2012-09-30": "14.59600", "2012-06-30": "14.53700", "2012-03-31": "15.34900", "2011-12-31": "8.95800", "2011-09-30": "14.26300", "2011-06-30": "13.10000", "2011-03-31": "12.80400", "2010-12-31": "8.49000", "2010-09-30": "12.72900", "2010-06-30": "13.15300", "2010-03-31": "11.58300", "2009-12-31": "9.02400", "2009-09-30": "11.36000", "2009-06-30": "12.06700", "2009-03-31": "12.18700", "2008-12-31": "9.26000", "2008-09-30": "12.62700", "2008-06-30": "13.06500", "2008-03-31": "13.12400", "2007-12-31": "10.87700", "2007-09-30": "10.01800", "2007-06-30": "10.19800", "2007-03-31": "16.04500", "2006-12-31": "8.62500", "2006-09-30": "11.09700", "2006-06-30": "12.63900", "2006-03-31": "14.02100", "2005-12-31": "13.17000", "2005-09-30": "15.69100", "2005-06-30": "20.94700", "2005-03-31": "21.16900"}, "Total Long-Term Assets": {"2020-09-30": "664.42700", "2020-06-30": "654.57900", "2020-03-31": "595.50200", "2019-12-31": "594.47500", "2019-09-30": "554.93300", "2019-06-30": "533.72000", "2019-03-31": "557.73210", "2018-12-31": "340.43400", "2018-09-30": "306.46500", "2018-06-30": "271.65100", "2018-03-31": "261.87700", "2017-12-31": "256.97300", "2017-09-30": "223.64900", "2017-06-30": "220.89400", "2017-03-31": "213.82600", "2016-12-31": "220.42200", "2016-09-30": "204.01700", "2016-06-30": "201.82900", "2016-03-31": "194.27300", "2015-12-31": "197.20800", "2015-09-30": "198.76400", "2015-06-30": "193.40000", "2015-03-31": "190.94000", "2014-12-31": "167.97200", "2014-09-30": "177.55900", "2014-06-30": "174.69100", "2014-03-31": "170.43200", "2013-12-31": "173.71500", "2013-09-30": "166.11400", "2013-06-30": "166.26300", "2013-03-31": "167.99800", "2012-12-31": "171.93000", "2012-09-30": "168.82500", "2012-06-30": "170.11700", "2012-03-31": "173.38900", "2011-12-31": "153.70000", "2011-09-30": "149.46900", "2011-06-30": "146.75800", "2011-03-31": "148.39000", "2010-12-31": "155.79900", "2010-09-30": "162.26600", "2010-06-30": "164.12600", "2010-03-31": "167.51600", "2009-12-31": "175.09300", "2009-09-30": "180.06800", "2009-06-30": "190.06300", "2009-03-31": "196.27600", "2008-12-31": "209.54300", "2008-09-30": "215.72300", "2008-06-30": "222.14300", "2008-03-31": "234.90300", "2007-12-31": "246.28200", "2007-09-30": "237.01900", "2007-06-30": "240.44200", "2007-03-31": "237.04700", "2006-12-31": "213.89800", "2006-09-30": "221.81100", "2006-06-30": "230.98600", "2006-03-31": "232.82500", "2005-12-31": "239.72800", "2005-09-30": "245.63000", "2005-06-30": "254.18300", "2005-03-31": "252.38000"}, "Total Assets": {"2020-09-30": "1620.94800", "2020-06-30": "1581.68800", "2020-03-31": "1389.87600", "2019-12-31": "1382.09200", "2019-09-30": "1160.27200", "2019-06-30": "1177.16700", "2019-03-31": "1148.27500", "2018-12-31": "907.38500", "2018-09-30": "912.11400", "2018-06-30": "954.56500", "2018-03-31": "798.30000", "2017-12-31": "836.75300", "2017-09-30": "816.23500", "2017-06-30": "781.79700", "2017-03-31": "742.46200", "2016-12-31": "716.29500", "2016-09-30": "676.60700", "2016-06-30": "652.27800", "2016-03-31": "820.75900", "2015-12-31": "799.84500", "2015-09-30": "603.19600", "2015-06-30": "597.90100", "2015-03-31": "636.98100", "2014-12-31": "596.33300", "2014-09-30": "510.88300", "2014-06-30": "495.67100", "2014-03-31": "524.31200", "2013-12-31": "525.25500", "2013-09-30": "468.52400", "2013-06-30": "468.79900", "2013-03-31": "476.55500", "2012-12-31": "478.19700", "2012-09-30": "440.95200", "2012-06-30": "424.61900", "2012-03-31": "601.27700", "2011-12-31": "480.54300", "2011-09-30": "438.22500", "2011-06-30": "486.98900", "2011-03-31": "487.42900", "2010-12-31": "460.83700", "2010-09-30": "425.68000", "2010-06-30": "418.57700", "2010-03-31": "427.62000", "2009-12-31": "453.76100", "2009-09-30": "443.74400", "2009-06-30": "461.97300", "2009-03-31": "473.42900", "2008-12-31": "463.79400", "2008-09-30": "440.84600", "2008-06-30": "465.75500", "2008-03-31": "452.87200", "2007-12-31": "473.16400", "2007-09-30": "497.16700", "2007-06-30": "474.06200", "2007-03-31": "420.68100", "2006-12-31": "380.20300", "2006-09-30": "359.64900", "2006-06-30": "395.02800", "2006-03-31": "386.89500", "2005-12-31": "461.07400", "2005-09-30": "414.12900", "2005-06-30": "419.65500", "2005-03-31": "450.02500"}, "Total Current Liabilities": {"2020-09-30": "488.52500", "2020-06-30": "459.86800", "2020-03-31": "452.16900", "2019-12-31": "453.83100", "2019-09-30": "421.24500", "2019-06-30": "412.90600", "2019-03-31": "412.01300", "2018-12-31": "379.74300", "2018-09-30": "376.43100", "2018-06-30": "377.41500", "2018-03-31": "384.76600", "2017-12-31": "398.28500", "2017-09-30": "398.53000", "2017-06-30": "351.51200", "2017-03-31": "369.44000", "2016-12-31": "403.69800", "2016-09-30": "410.51700", "2016-06-30": "356.72700", "2016-03-31": "333.72600", "2015-12-31": "375.98300", "2015-09-30": "279.29100", "2015-06-30": "269.21300", "2015-03-31": "275.31300", "2014-12-31": "265.60800", "2014-09-30": "220.38600", "2014-06-30": "216.00700", "2014-03-31": "240.40400", "2013-12-31": "254.61100", "2013-09-30": "225.47600", "2013-06-30": "228.81200", "2013-03-31": "223.58500", "2012-12-31": "229.49800", "2012-09-30": "198.15100", "2012-06-30": "201.59600", "2012-03-31": "369.08700", "2011-12-31": "197.17500", "2011-09-30": "170.57600", "2011-06-30": "172.35200", "2011-03-31": "171.14900", "2010-12-31": "186.12600", "2010-09-30": "159.28900", "2010-06-30": "166.47400", "2010-03-31": "167.32100", "2009-12-31": "219.42300", "2009-09-30": "156.99500", "2009-06-30": "158.89200", "2009-03-31": "177.59400", "2008-12-31": "149.55400", "2008-09-30": "140.73500", "2008-06-30": "165.45100", "2008-03-31": "159.96100", "2007-12-31": "175.50800", "2007-09-30": "177.93400", "2007-06-30": "147.10300", "2007-03-31": "144.36000", "2006-12-31": "155.20100", "2006-09-30": "157.82900", "2006-06-30": "159.88900", "2006-03-31": "164.09300", "2005-12-31": "217.38500", "2005-09-30": "165.78100", "2005-06-30": "186.65100", "2005-03-31": "171.58800"}, "Long Term Debt": {"2020-09-30": "4062.17500", "2020-06-30": "4128.57600", "2020-03-31": "4061.19800", "2019-12-31": "4071.05500", "2019-09-30": "3407.10100", "2019-06-30": "3414.98800", "2019-03-31": "3447.81900", "2018-12-31": "3495.69100", "2018-09-30": "3437.63200", "2018-06-30": "3436.96600", "2018-03-31": "3117.19300", "2017-12-31": "3121.49000", "2017-09-30": "3128.04800", "2017-06-30": "2180.51800", "2017-03-31": "2179.25800", "2016-12-31": "2148.99000", "2016-09-30": "2156.88400", "2016-06-30": "2165.17700", "2016-03-31": "2173.40300", "2015-12-31": "2181.46000", "2015-09-30": "1527.66400", "2015-06-30": "1527.16100", "2015-03-31": "1527.20200", "2014-12-31": "1500.59900", "2014-09-30": "1523.74000", "2014-06-30": "1523.88200", "2014-03-31": "1506.25600", "2013-12-31": "1512.29900", "2013-09-30": "1518.38300", "2013-06-30": "1524.42000", "2013-03-31": "1530.41100", "2012-12-31": "1536.44300", "2012-09-30": "1542.52200", "2012-06-30": "1548.57000", "2012-03-31": "1554.65100", "2011-12-31": "1450.36900", "2011-09-30": "1450.66800", "2011-06-30": "1450.91900", "2011-03-31": "1451.10300", "2010-12-31": "1451.32100", "2010-09-30": "1474.93600", "2010-06-30": "1484.57400", "2010-03-31": "1515.01700", "2009-12-31": "1522.46300", "2009-09-30": "1599.61000", "2009-06-30": "1637.39200", "2009-03-31": "1657.45000", "2008-12-31": "1704.44400", "2008-09-30": "1704.55700", "2008-06-30": "1704.63800", "2008-03-31": "1704.69200", "2007-12-31": "1704.77100", "2007-09-30": "1704.87400", "2007-06-30": "1709.98300", "2007-03-31": "785.06100", "2006-12-31": "740.12000", "2006-09-30": "740.65600", "2006-06-30": "788.44600", "2006-03-31": "800.88800", "2005-12-31": "702.35800", "2005-09-30": "752.50800", "2005-06-30": "754.18200", "2005-03-31": "751.58200"}, "Other Non-Current Liabilities": {"2020-09-30": "79.79800", "2020-06-30": "77.28200", "2020-03-31": "69.39500", "2019-12-31": "70.23400", "2019-09-30": "65.44700", "2019-06-30": "65.25400", "2019-03-31": "65.10000", "2018-12-31": "71.87200", "2018-09-30": "71.80900", "2018-06-30": "69.38900", "2018-03-31": "67.20500", "2017-12-31": "52.36200", "2017-09-30": "55.00100", "2017-06-30": "52.83800", "2017-03-31": "47.45500", "2016-12-31": "46.75000", "2016-09-30": "45.35200", "2016-06-30": "45.12800", "2016-03-31": "43.90900", "2015-12-31": "42.65300", "2015-09-30": "47.66700", "2015-06-30": "43.72500", "2015-03-31": "44.84300", "2014-12-31": "44.00300", "2014-09-30": "43.04400", "2014-06-30": "41.62400", "2014-03-31": "42.03600", "2013-12-31": "40.72000", "2013-09-30": "40.10000", "2013-06-30": "40.06700", "2013-03-31": "41.77300", "2012-12-31": "40.77800", "2012-09-30": "38.22100", "2012-06-30": "36.84400", "2012-03-31": "36.93500", "2011-12-31": "37.71700", "2011-09-30": "37.93700", "2011-06-30": "35.08300", "2011-03-31": "32.92300", "2010-12-31": "34.04100", "2010-09-30": "33.32200", "2010-06-30": "30.61500", "2010-03-31": "35.23400", "2009-12-31": "32.86900", "2009-09-30": "37.25900", "2009-06-30": "38.36500", "2009-03-31": "35.08900", "2008-12-31": "34.41900", "2008-09-30": "32.94000", "2008-06-30": "33.92100", "2008-03-31": "38.77000", "2007-12-31": "43.02400", "2007-09-30": "48.61800", "2007-06-30": "51.05000", "2007-03-31": "52.44400", "2006-12-31": "49.77500", "2006-09-30": "53.59900", "2006-06-30": "55.80500", "2006-03-31": "53.77400", "2005-12-31": "52.31600", "2005-09-30": "48.40700", "2005-06-30": "52.94700", "2005-03-31": "52.41700"}, "Total Long Term Liabilities": {"2020-09-30": "4343.95400", "2020-06-30": "4404.72700", "2020-03-31": "4329.89700", "2019-12-31": "4344.02000", "2019-09-30": "3674.67600", "2019-06-30": "3668.54700", "2019-03-31": "3711.42700", "2018-12-31": "3567.56300", "2018-09-30": "3509.44100", "2018-06-30": "3506.35500", "2018-03-31": "3184.39800", "2017-12-31": "3173.85200", "2017-09-30": "3183.04900", "2017-06-30": "2233.35600", "2017-03-31": "2226.71300", "2016-12-31": "2195.74000", "2016-09-30": "2202.23600", "2016-06-30": "2210.30500", "2016-03-31": "2217.31200", "2015-12-31": "2224.11300", "2015-09-30": "1579.85400", "2015-06-30": "1574.34300", "2015-03-31": "1575.24600", "2014-12-31": "1550.19000", "2014-09-30": "1572.23900", "2014-06-30": "1569.34600", "2014-03-31": "1552.86400", "2013-12-31": "1560.84600", "2013-09-30": "1565.22300", "2013-06-30": "1568.77800", "2013-03-31": "1576.34200", "2012-12-31": "1584.22200", "2012-09-30": "1588.33200", "2012-06-30": "1592.13300", "2012-03-31": "1597.91700", "2011-12-31": "1493.10700", "2011-09-30": "1488.60500", "2011-06-30": "1486.00200", "2011-03-31": "1484.02600", "2010-12-31": "1485.36200", "2010-09-30": "1508.25800", "2010-06-30": "1515.18900", "2010-03-31": "1550.25100", "2009-12-31": "1555.33200", "2009-09-30": "1636.86900", "2009-06-30": "1675.75700", "2009-03-31": "1692.53900", "2008-12-31": "1738.86300", "2008-09-30": "1737.49700", "2008-06-30": "1738.55900", "2008-03-31": "1743.46200", "2007-12-31": "1747.79500", "2007-09-30": "1753.49200", "2007-06-30": "1761.03300", "2007-03-31": "837.50500", "2006-12-31": "789.89500", "2006-09-30": "794.25500", "2006-06-30": "844.25100", "2006-03-31": "854.66200", "2005-12-31": "754.67400", "2005-09-30": "800.91500", "2005-06-30": "807.12900", "2005-03-31": "803.99900"}, "Total Liabilities": {"2020-09-30": "4832.47900", "2020-06-30": "4864.59400", "2020-03-31": "4782.06600", "2019-12-31": "4797.85100", "2019-09-30": "4095.92100", "2019-06-30": "4081.45300", "2019-03-31": "4123.44000", "2018-12-31": "3947.30600", "2018-09-30": "3885.87200", "2018-06-30": "3883.77000", "2018-03-31": "3569.16400", "2017-12-31": "3572.13700", "2017-09-30": "3581.57900", "2017-06-30": "2584.86800", "2017-03-31": "2596.15300", "2016-12-31": "2599.43800", "2016-09-30": "2612.75300", "2016-06-30": "2567.03200", "2016-03-31": "2551.03800", "2015-12-31": "2600.09600", "2015-09-30": "1859.14500", "2015-06-30": "1843.55600", "2015-03-31": "1850.55900", "2014-12-31": "1815.79800", "2014-09-30": "1792.62500", "2014-06-30": "1785.35300", "2014-03-31": "1793.26800", "2013-12-31": "1815.45700", "2013-09-30": "1790.69900", "2013-06-30": "1797.59000", "2013-03-31": "1799.92700", "2012-12-31": "1813.72000", "2012-09-30": "1786.48300", "2012-06-30": "1793.72900", "2012-03-31": "1967.00400", "2011-12-31": "1690.28200", "2011-09-30": "1659.18100", "2011-06-30": "1658.35400", "2011-03-31": "1655.17500", "2010-12-31": "1671.48800", "2010-09-30": "1667.54700", "2010-06-30": "1681.66300", "2010-03-31": "1717.57200", "2009-12-31": "1774.75500", "2009-09-30": "1793.86400", "2009-06-30": "1834.64900", "2009-03-31": "1870.13300", "2008-12-31": "1888.41700", "2008-09-30": "1878.23200", "2008-06-30": "1904.01000", "2008-03-31": "1903.42300", "2007-12-31": "1923.30300", "2007-09-30": "1931.42600", "2007-06-30": "1908.13600", "2007-03-31": "981.86500", "2006-12-31": "945.09600", "2006-09-30": "952.08400", "2006-06-30": "1004.14000", "2006-03-31": "1018.75500", "2005-12-31": "972.05900", "2005-09-30": "966.69600", "2005-06-30": "993.78000", "2005-03-31": "975.58700"}, "Common Stock Net": {"2020-09-30": "0.39400", "2020-06-30": "0.39300", "2020-03-31": "0.39000", "2019-12-31": "0.38900", "2019-09-30": "0.40900", "2019-06-30": "0.41200", "2019-03-31": "0.41100", "2018-12-31": "0.41000", "2018-09-30": "0.41600", "2018-06-30": "0.41800", "2018-03-31": "0.42600", "2017-12-31": "0.42900", "2017-09-30": "0.43700", "2017-06-30": "0.48200", "2017-03-31": "0.48100", "2016-12-31": "0.48100", "2016-09-30": "0.48100", "2016-06-30": "0.48300", "2016-03-31": "0.50100", "2015-12-31": "0.49800", "2015-09-30": "0.54600", "2015-06-30": "0.54800", "2015-03-31": "0.55400", "2014-12-31": "0.55600", "2014-09-30": "0.54900", "2014-06-30": "0.55100", "2014-03-31": "0.55800", "2013-12-31": "0.55800", "2013-09-30": "0.55700", "2013-06-30": "0.55800", "2013-03-31": "0.56300", "2012-12-31": "0.56300", "2012-09-30": "0.56800", "2012-06-30": "0.56800", "2012-03-31": "0.57900", "2011-12-31": "0.57700", "2011-09-30": "0.58200", "2011-06-30": "0.60700", "2011-03-31": "0.61700", "2010-12-31": "0.60100", "2010-09-30": "0.59200", "2010-06-30": "0.59000", "2010-03-31": "0.58900", "2009-12-31": "0.58600", "2009-09-30": "0.58400", "2009-06-30": "0.57600", "2009-03-31": "0.57300", "2008-12-31": "0.57000", "2008-09-30": "0.56900", "2008-06-30": "0.57800", "2008-03-31": "0.58500", "2007-12-31": "0.59700", "2007-09-30": "0.62100", "2007-06-30": "0.62800", "2007-03-31": "0.62600", "2006-12-31": "0.62500", "2006-09-30": "0.62300", "2006-06-30": "0.62100", "2006-03-31": "0.61900", "2005-12-31": "0.67200", "2005-09-30": "0.66700", "2005-06-30": "0.66100", "2005-03-31": "0.69100"}, "Retained Earnings (Accumulated Deficit)": {"2020-09-30": "-3242.62700", "2020-06-30": "-3311.01500", "2020-03-31": "-3398.98600", "2019-12-31": "-3412.64900", "2019-09-30": "-2932.19500", "2019-06-30": "-2911.27800", "2019-03-31": "-2976.84800", "2018-12-31": "-3036.47100", "2018-09-30": "-2972.56500", "2018-06-30": "-2926.92100", "2018-03-31": "-2768.59100", "2017-12-31": "-2739.43700", "2017-09-30": "-2766.23100", "2017-06-30": "-1808.78900", "2017-03-31": "-1852.34500", "2016-12-31": "-1881.52000", "2016-09-30": "-1934.17700", "2016-06-30": "-1912.75500", "2016-03-31": "-1777.69600", "2015-12-31": "-1804.14300", "2015-09-30": "-1254.28700", "2015-06-30": "-1243.35300", "2015-03-31": "-1217.80000", "2014-12-31": "-1246.92100", "2014-09-30": "-1280.99300", "2014-06-30": "-1287.99500", "2014-03-31": "-1270.11700", "2013-12-31": "-1289.44500", "2013-09-30": "-1321.05300", "2013-06-30": "-1327.02000", "2013-03-31": "-1321.49800", "2012-12-31": "-1335.36400", "2012-09-30": "-1344.58500", "2012-06-30": "-1367.27500", "2012-03-31": "-1363.99300", "2011-12-31": "-1207.91500", "2011-09-30": "-1219.01500", "2011-06-30": "-1201.68500", "2011-03-31": "-1226.93300", "2010-12-31": "-1254.04400", "2010-09-30": "-1278.21700", "2010-06-30": "-1294.81700", "2010-03-31": "-1317.44200", "2009-12-31": "-1341.96100", "2009-09-30": "-1365.57900", "2009-06-30": "-1383.40800", "2009-03-31": "-1397.93500", "2008-12-31": "-1421.70500", "2008-09-30": "-1432.69500", "2008-06-30": "-1433.46200", "2008-03-31": "-1445.45300", "2007-12-31": "-1444.93800", "2007-09-30": "-1435.92700", "2007-06-30": "-1446.91800", "2007-03-31": "-693.20800", "2006-12-31": "-701.52000", "2006-09-30": "-725.06400", "2006-06-30": "-742.12300", "2006-03-31": "-759.17300", "2005-12-31": "-777.90600", "2005-09-30": "-810.25300", "2005-06-30": "-824.44300", "2005-03-31": "-841.23400"}, "Comprehensive Income": {"2020-09-30": "-3.42200", "2020-06-30": "-4.53500", "2020-03-31": "-6.06800", "2019-12-31": "-3.74200", "2019-09-30": "-3.93800", "2019-06-30": "-4.20800", "2019-03-31": "-4.19200", "2018-12-31": "-4.42900", "2018-09-30": "-3.52300", "2018-06-30": "-3.43900", "2018-03-31": "-2.83600", "2017-12-31": "-2.03000", "2017-09-30": "-1.42200", "2017-06-30": "-2.82800", "2017-03-31": "-3.04300", "2016-12-31": "-3.11000", "2016-09-30": "-2.58800", "2016-06-30": "-2.57500", "2016-03-31": "-2.96300", "2015-12-31": "-3.54800", "2015-09-30": "-3.48100", "2015-06-30": "-2.92900", "2015-03-31": "-3.09000", "2014-12-31": "-2.66100", "2014-09-30": "-2.33400", "2014-06-30": "-2.35800", "2014-03-31": "-2.56800", "2013-12-31": "-1.98400", "2013-09-30": "-2.26700", "2013-06-30": "-2.39300", "2013-03-31": "-2.43700", "2012-12-31": "-2.38600", "2012-09-30": "-2.42500", "2012-06-30": "-2.40300", "2012-03-31": "-2.31300", "2011-12-31": "-2.40100", "2011-09-30": "-2.52300", "2011-06-30": "-2.62300", "2011-03-31": "-2.65400", "2010-12-31": "-2.74000", "2010-09-30": "-3.07700", "2010-06-30": "-3.23600", "2010-03-31": "-3.49700", "2009-12-31": "-4.10600", "2009-09-30": "-4.32800", "2009-06-30": "-4.54800", "2009-03-31": "-5.08400", "2008-12-31": "-5.34100", "2008-09-30": "-5.26000", "2008-06-30": "-5.37100", "2008-03-31": "-5.68300", "2007-12-31": "-5.79800", "2007-09-30": "-6.34700", "2007-06-30": "-6.61800", "2007-03-31": "-7.84100", "2006-12-31": "2.06600", "2006-09-30": "3.43800", "2006-06-30": "7.29400", "2006-03-31": "6.60100", "2005-12-31": "6.55400", "2005-09-30": "6.39000", "2005-06-30": "5.65700", "2005-03-31": "8.72000"}, "Other Share Holders Equity": {"2020-09-30": "", "2020-06-30": "", "2020-03-31": "", "2019-12-31": "", "2019-09-30": "", "2019-06-30": "", "2019-03-31": "", "2018-12-31": "", "2018-09-30": "", "2018-06-30": "", "2018-03-31": "", "2017-12-31": "", "2017-09-30": "", "2017-06-30": "", "2017-03-31": "", "2016-12-31": "", "2016-09-30": "", "2016-06-30": "", "2016-03-31": "", "2015-12-31": "", "2015-09-30": "", "2015-06-30": "", "2015-03-31": "", "2014-12-31": "", "2014-09-30": "", "2014-06-30": "", "2014-03-31": "", "2013-12-31": "", "2013-09-30": "", "2013-06-30": "", "2013-03-31": "", "2012-12-31": "", "2012-09-30": "", "2012-06-30": "", "2012-03-31": "", "2011-12-31": "", "2011-09-30": "", "2011-06-30": "", "2011-03-31": "", "2010-12-31": "", "2010-09-30": "", "2010-06-30": "", "2010-03-31": "", "2009-12-31": "", "2009-09-30": "", "2009-06-30": "", "2009-03-31": "", "2008-12-31": "", "2008-09-30": "", "2008-06-30": "", "2008-03-31": "", "2007-12-31": "", "2007-09-30": "", "2007-06-30": "", "2007-03-31": "", "2006-12-31": "", "2006-09-30": "", "2006-06-30": "", "2006-03-31": "", "2005-12-31": "", "2005-09-30": "", "2005-06-30": "", "2005-03-31": ""}, "Share Holder Equity": {"2020-09-30": "-3211.53100", "2020-06-30": "-3282.90600", "2020-03-31": "-3392.19000", "2019-12-31": "-3415.75900", "2019-09-30": "-2935.64900", "2019-06-30": "-2904.28600", "2019-03-31": "-2975.16500", "2018-12-31": "-3039.92100", "2018-09-30": "-2973.75800", "2018-06-30": "-2929.20500", "2018-03-31": "-2770.86400", "2017-12-31": "-2735.38400", "2017-09-30": "-2765.34400", "2017-06-30": "-1803.07100", "2017-03-31": "-1853.69100", "2016-12-31": "-1883.14300", "2016-09-30": "-1936.14600", "2016-06-30": "-1914.75400", "2016-03-31": "-1730.27900", "2015-12-31": "-1800.25100", "2015-09-30": "-1255.94900", "2015-06-30": "-1245.65500", "2015-03-31": "-1213.57800", "2014-12-31": "-1219.46500", "2014-09-30": "-1281.74200", "2014-06-30": "-1289.68200", "2014-03-31": "-1268.95600", "2013-12-31": "-1290.20200", "2013-09-30": "-1322.17500", "2013-06-30": "-1328.79100", "2013-03-31": "-1323.37200", "2012-12-31": "-1335.52300", "2012-09-30": "-1345.53100", "2012-06-30": "-1369.11000", "2012-03-31": "-1365.72700", "2011-12-31": "-1209.73900", "2011-09-30": "-1220.95600", "2011-06-30": "-1171.36500", "2011-03-31": "-1167.74600", "2010-12-31": "-1210.65100", "2010-09-30": "-1241.86700", "2010-06-30": "-1263.08600", "2010-03-31": "-1289.95200", "2009-12-31": "-1320.99400", "2009-09-30": "-1350.12000", "2009-06-30": "-1372.67600", "2009-03-31": "-1396.70400", "2008-12-31": "-1424.62300", "2008-09-30": "-1437.38600", "2008-06-30": "-1438.25500", "2008-03-31": "-1450.55100", "2007-12-31": "-1450.13900", "2007-09-30": "-1434.25900", "2007-06-30": "-1434.07400", "2007-03-31": "-561.18400", "2006-12-31": "-564.89300", "2006-09-30": "-592.43500", "2006-06-30": "-609.11200", "2006-03-31": "-631.86000", "2005-12-31": "-510.98500", "2005-09-30": "-552.56700", "2005-06-30": "-574.12500", "2005-03-31": "-525.56200"}, "Total Liabilities And Share Holders Equity": {"2020-09-30": "1620.94800", "2020-06-30": "1581.68800", "2020-03-31": "1389.87600", "2019-12-31": "1382.09200", "2019-09-30": "1160.27200", "2019-06-30": "1177.16700", "2019-03-31": "1148.27500", "2018-12-31": "907.38500", "2018-09-30": "912.11400", "2018-06-30": "954.56500", "2018-03-31": "798.30000", "2017-12-31": "836.75300", "2017-09-30": "816.23500", "2017-06-30": "781.79700", "2017-03-31": "742.46200", "2016-12-31": "716.29500", "2016-09-30": "676.60700", "2016-06-30": "652.27800", "2016-03-31": "820.75900", "2015-12-31": "799.84500", "2015-09-30": "603.19600", "2015-06-30": "597.90100", "2015-03-31": "636.98100", "2014-12-31": "596.33300", "2014-09-30": "510.88300", "2014-06-30": "495.67100", "2014-03-31": "524.31200", "2013-12-31": "525.25500", "2013-09-30": "468.52400", "2013-06-30": "468.79900", "2013-03-31": "476.55500", "2012-12-31": "478.19700", "2012-09-30": "440.95200", "2012-06-30": "424.61900", "2012-03-31": "601.27700", "2011-12-31": "480.54300", "2011-09-30": "438.22500", "2011-06-30": "486.98900", "2011-03-31": "487.42900", "2010-12-31": "460.83700", "2010-09-30": "425.68000", "2010-06-30": "418.57700", "2010-03-31": "427.62000", "2009-12-31": "453.76100", "2009-09-30": "443.74400", "2009-06-30": "461.97300", "2009-03-31": "473.42900", "2008-12-31": "463.79400", "2008-09-30": "440.84600", "2008-06-30": "465.75500", "2008-03-31": "452.87200", "2007-12-31": "473.16400", "2007-09-30": "497.16700", "2007-06-30": "474.06200", "2007-03-31": "420.68100", "2006-12-31": "380.20300", "2006-09-30": "359.64900", "2006-06-30": "395.02800", "2006-03-31": "386.89500", "2005-12-31": "461.07400", "2005-09-30": "414.12900", "2005-06-30": "419.65500", "2005-03-31": "450.02500"}}, "cash flow statement": {"Net Income/Loss": {"2019-12-31": "400.70900", "2018-12-31": "361.97200", "2017-12-31": "277.90500", "2016-12-31": "214.67800", "2015-12-31": "192.78900", "2014-12-31": "162.58700", "2013-12-31": "142.98500", "2012-12-31": "112.39200", "2011-12-31": "105.36100", "2010-12-31": "87.91700", "2009-12-31": "79.74400", "2008-12-31": "53.97100", "2007-12-31": "37.88200", "2006-12-31": "106.22700", "2005-12-31": "108.28200"}, "Total Depreciation And Amortization - Cash Flow": {"2019-12-31": "64.67800", "2018-12-31": "61.69800", "2017-12-31": "55.34500", "2016-12-31": "44.55800", "2015-12-31": "44.82700", "2014-12-31": "41.53400", "2013-12-31": "31.87700", "2012-12-31": "37.76700", "2011-12-31": "30.23200", "2010-12-31": "31.88900", "2009-12-31": "33.68500", "2008-12-31": "39.48000", "2007-12-31": "69.78800", "2006-12-31": "35.64600", "2005-12-31": "35.43500"}, "Other Non-Cash Items": {"2019-12-31": "-6.74400", "2018-12-31": "-6.60300", "2017-12-31": "-3.50200", "2016-12-31": "-31.76100", "2015-12-31": "1.87700", "2014-12-31": "-11.23500", "2013-12-31": "8.91100", "2012-12-31": "6.13400", "2011-12-31": "4.09800", "2010-12-31": "9.89100", "2009-12-31": "-18.08500", "2008-12-31": "-2.64700", "2007-12-31": "2.07500", "2006-12-31": "1.92500", "2005-12-31": "-14.89400"}, "Total Non-Cash Items": {"2019-12-31": "57.93400", "2018-12-31": "55.09500", "2017-12-31": "51.84300", "2016-12-31": "12.79700", "2015-12-31": "46.70400", "2014-12-31": "30.29900", "2013-12-31": "40.78800", "2012-12-31": "43.90100", "2011-12-31": "34.33000", "2010-12-31": "41.78000", "2009-12-31": "15.60000", "2008-12-31": "36.83300", "2007-12-31": "71.86300", "2006-12-31": "37.57100", "2005-12-31": "20.54100"}, "Change In Accounts Receivable": {"2019-12-31": "-19.70500", "2018-12-31": "-17.27300", "2017-12-31": "-22.92600", "2016-12-31": "-18.94800", "2015-12-31": "-14.76200", "2014-12-31": "-13.28000", "2013-12-31": "-12.25800", "2012-12-31": "-6.45500", "2011-12-31": "-6.28500", "2010-12-31": "-3.33100", "2009-12-31": "-5.69300", "2008-12-31": "-2.59000", "2007-12-31": "-1.97900", "2006-12-31": "-0.04100", "2005-12-31": "-2.03600"}, "Change In Inventories": {"2019-12-31": "-6.74100", "2018-12-31": "-12.45500", "2017-12-31": "1.52700", "2016-12-31": "-2.94700", "2015-12-31": "-2.26200", "2014-12-31": "-11.82700", "2013-12-31": "-0.24200", "2012-12-31": "-0.70300", "2011-12-31": "-4.90400", "2010-12-31": "-2.35700", "2009-12-31": "-1.05000", "2008-12-31": "1.24500", "2007-12-31": "-1.50300", "2006-12-31": "1.03900", "2005-12-31": "-1.18100"}, "Change In Accounts Payable": {"2019-12-31": "", "2018-12-31": "", "2017-12-31": "", "2016-12-31": "", "2015-12-31": "", "2014-12-31": "", "2013-12-31": "", "2012-12-31": "", "2011-12-31": "", "2010-12-31": "", "2009-12-31": "", "2008-12-31": "", "2007-12-31": "", "2006-12-31": "", "2005-12-31": ""}, "Change In Assets/Liabilities": {"2019-12-31": "-1.38400", "2018-12-31": "-3.17800", "2017-12-31": "10.64500", "2016-12-31": "7.95100", "2015-12-31": "0.28500", "2014-12-31": "1.78400", "2013-12-31": "0.84900", "2012-12-31": "2.80200", "2011-12-31": "3.15200", "2010-12-31": "3.79800", "2009-12-31": "-3.99600", "2008-12-31": "1.09100", "2007-12-31": "-1.09200", "2006-12-31": "-1.28100", "2005-12-31": "0.78100"}, "Total Change In Assets/Liabilities": {"2019-12-31": "38.30700", "2018-12-31": "-22.89600", "2017-12-31": "11.51300", "2016-12-31": "64.98500", "2015-12-31": "52.29300", "2014-12-31": "-0.54700", "2013-12-31": "10.21600", "2012-12-31": "20.55800", "2011-12-31": "13.38200", "2010-12-31": "-1.37200", "2009-12-31": "5.93000", "2008-12-31": "-15.54700", "2007-12-31": "-25.55700", "2006-12-31": "-10.79500", "2005-12-31": "12.37400"}, "Cash Flow From Operating Activities": {"2019-12-31": "496.95000", "2018-12-31": "394.17100", "2017-12-31": "341.26100", "2016-12-31": "292.46000", "2015-12-31": "291.78600", "2014-12-31": "192.33900", "2013-12-31": "193.98900", "2012-12-31": "176.32000", "2011-12-31": "153.07300", "2010-12-31": "128.32500", "2009-12-31": "101.27400", "2008-12-31": "75.25700", "2007-12-31": "84.18800", "2006-12-31": "133.00300", "2005-12-31": "141.19700"}, "Net Change In Property, Plant, And Equipment": {"2019-12-31": "-73.30700", "2018-12-31": "-111.52100", "2017-12-31": "-83.17600", "2016-12-31": "-53.61900", "2015-12-31": "-50.55800", "2014-12-31": "-60.93300", "2013-12-31": "-40.38700", "2012-12-31": "-26.27900", "2011-12-31": "-18.31800", "2010-12-31": "-22.68400", "2009-12-31": "-19.14000", "2008-12-31": "9.46300", "2007-12-31": "-42.41500", "2006-12-31": "-5.83500", "2005-12-31": "-24.79000"}, "Net Change In Intangible Assets": {"2019-12-31": "", "2018-12-31": "", "2017-12-31": "", "2016-12-31": "", "2015-12-31": "", "2014-12-31": "", "2013-12-31": "", "2012-12-31": "", "2011-12-31": "", "2010-12-31": "", "2009-12-31": "", "2008-12-31": "", "2007-12-31": "", "2006-12-31": "", "2005-12-31": ""}, "Net Acquisitions/Divestitures": {"2019-12-31": "-3.42300", "2018-12-31": "", "2017-12-31": "", "2016-12-31": "", "2015-12-31": "", "2014-12-31": "", "2013-12-31": "", "2012-12-31": "", "2011-12-31": "", "2010-12-31": "", "2009-12-31": "", "2008-12-31": "", "2007-12-31": "", "2006-12-31": "", "2005-12-31": ""}, "Net Change In Short-term Investments": {"2019-12-31": "", "2018-12-31": "", "2017-12-31": "", "2016-12-31": "", "2015-12-31": "", "2014-12-31": "", "2013-12-31": "", "2012-12-31": "", "2011-12-31": "", "2010-12-31": "", "2009-12-31": "", "2008-12-31": "", "2007-12-31": "", "2006-12-31": "", "2005-12-31": ""}, "Net Change In Long-Term Investments": {"2019-12-31": "", "2018-12-31": "-70.15200", "2017-12-31": "", "2016-12-31": "", "2015-12-31": "", "2014-12-31": "", "2013-12-31": "4.51800", "2012-12-31": "", "2011-12-31": "", "2010-12-31": "", "2009-12-31": "", "2008-12-31": "", "2007-12-31": "13.35400", "2006-12-31": "", "2005-12-31": "25.53200"}, "Net Change In Investments - Total": {"2019-12-31": "", "2018-12-31": "-70.15200", "2017-12-31": "", "2016-12-31": "", "2015-12-31": "", "2014-12-31": "", "2013-12-31": "4.51800", "2012-12-31": "", "2011-12-31": "", "2010-12-31": "", "2009-12-31": "", "2008-12-31": "", "2007-12-31": "13.35400", "2006-12-31": "", "2005-12-31": "25.53200"}, "Investing Activities - Other": {"2019-12-31": "48.87600", "2018-12-31": "93.41600", "2017-12-31": "-0.56200", "2016-12-31": "-1.66100", "2015-12-31": "-58.73400", "2014-12-31": "3.49000", "2013-12-31": "-63.86400", "2012-12-31": "33.62700", "2011-12-31": "-8.62300", "2010-12-31": "4.30400", "2009-12-31": "-13.75100", "2008-12-31": "2.62900", "2007-12-31": "-80.40800", "2006-12-31": "-0.09700", "2005-12-31": "-0.60500"}, "Cash Flow From Investing Activities": {"2019-12-31": "-27.85400", "2018-12-31": "-88.25700", "2017-12-31": "-83.73800", "2016-12-31": "-55.28000", "2015-12-31": "-109.29200", "2014-12-31": "-57.44300", "2013-12-31": "-99.73300", "2012-12-31": "7.34800", "2011-12-31": "-26.94100", "2010-12-31": "-18.38000", "2009-12-31": "-32.89100", "2008-12-31": "12.09200", "2007-12-31": "-109.46900", "2006-12-31": "-5.93200", "2005-12-31": "0.13700"}, "Net Long-Term Debt": {"2019-12-31": "582.91500", "2018-12-31": "365.91200", "2017-12-31": "971.80700", "2016-12-31": "-59.33400", "2015-12-31": "740.59700", "2014-12-31": "-12.33200", "2013-12-31": "-24.34900", "2012-12-31": "109.49100", "2011-12-31": "-0.89000", "2010-12-31": "-113.89900", "2009-12-31": "-75.68400", "2008-12-31": "-15.31200", "2007-12-31": "977.73690", "2006-12-31": "4.71600", "2005-12-31": "-40.34300"}, "Net Current Debt": {"2019-12-31": "", "2018-12-31": "", "2017-12-31": "", "2016-12-31": "", "2015-12-31": "", "2014-12-31": "", "2013-12-31": "", "2012-12-31": "", "2011-12-31": "", "2010-12-31": "", "2009-12-31": "", "2008-12-31": "", "2007-12-31": "", "2006-12-31": "", "2005-12-31": ""}, "Debt Issuance/Retirement Net - Total": {"2019-12-31": "582.91500", "2018-12-31": "365.91200", "2017-12-31": "971.80700", "2016-12-31": "-59.33400", "2015-12-31": "740.59700", "2014-12-31": "-12.33200", "2013-12-31": "-24.34900", "2012-12-31": "109.49100", "2011-12-31": "-0.89000", "2010-12-31": "-113.89900", "2009-12-31": "-75.68400", "2008-12-31": "-15.31200", "2007-12-31": "977.73690", "2006-12-31": "4.71600", "2005-12-31": "-40.34300"}, "Net Common Equity Issued/Repurchased": {"2019-12-31": "-685.94300", "2018-12-31": "-581.38000", "2017-12-31": "-1058.15400", "2016-12-31": "-285.01600", "2015-12-31": "-733.74300", "2014-12-31": "-73.37900", "2013-12-31": "-87.68100", "2012-12-31": "-79.29300", "2011-12-31": "-115.33100", "2010-12-31": "8.61400", "2009-12-31": "5.13400", "2008-12-31": "-37.48700", "2007-12-31": "-44.15500", "2006-12-31": "-135.45700", "2005-12-31": "-68.36300"}, "Net Total Equity Issued/Repurchased": {"2019-12-31": "-685.94300", "2018-12-31": "-581.38000", "2017-12-31": "-1058.15400", "2016-12-31": "-285.01600", "2015-12-31": "-733.74300", "2014-12-31": "-73.37900", "2013-12-31": "-87.68100", "2012-12-31": "-79.29300", "2011-12-31": "-115.33100", "2010-12-31": "8.61400", "2009-12-31": "5.13400", "2008-12-31": "-37.48700", "2007-12-31": "-44.15500", "2006-12-31": "-135.45700", "2005-12-31": "-68.36300"}, "Total Common And Preferred Stock Dividends Paid": {"2019-12-31": "-105.71500", "2018-12-31": "-92.16600", "2017-12-31": "-84.29800", "2016-12-31": "-73.92500", "2015-12-31": "-80.32900", "2014-12-31": "-52.84300", "2013-12-31": "-34.24100", "2012-12-31": "-185.48400", "2011-12-31": "", "2010-12-31": "", "2009-12-31": "", "2008-12-31": "", "2007-12-31": "-896.97200", "2006-12-31": "-29.84100", "2005-12-31": "-26.89900"}, "Financial Activities - Other": {"2019-12-31": "-14.04900", "2018-12-31": "-15.16900", "2017-12-31": "-26.50000", "2016-12-31": "42.48300", "2015-12-31": "-7.46100", "2014-12-31": "19.65600", "2013-12-31": "11.46700", "2012-12-31": "-22.16300", "2011-12-31": "-7.26400", "2010-12-31": "1.01800", "2009-12-31": "-0.24600", "2008-12-31": "-0.73200", "2007-12-31": "-38.22400", "2006-12-31": "4.82500", "2005-12-31": "21.02200"}, "Cash Flow From Financial Activities": {"2019-12-31": "-222.79200", "2018-12-31": "-322.80300", "2017-12-31": "-197.14500", "2016-12-31": "-375.79200", "2015-12-31": "-80.93600", "2014-12-31": "-118.89800", "2013-12-31": "-134.80400", "2012-12-31": "-177.44900", "2011-12-31": "-123.48500", "2010-12-31": "-104.26700", "2009-12-31": "-70.79600", "2008-12-31": "-53.53100", "2007-12-31": "-1.61400", "2006-12-31": "-155.75700", "2005-12-31": "-114.58300"}, "Net Cash Flow": {"2019-12-31": "246.50500", "2018-12-31": "-17.42700", "2017-12-31": "60.44400", "2016-12-31": "-139.89100", "2015-12-31": "102.59400", "2014-12-31": "16.47200", "2013-12-31": "-40.43000", "2012-12-31": "4.52100", "2011-12-31": "2.34700", "2010-12-31": "5.55300", "2009-12-31": "-2.98000", "2008-12-31": "34.02800", "2007-12-31": "-26.87800", "2006-12-31": "-28.69700", "2005-12-31": "26.52300"}, "Stock-Based Compensation": {"2019-12-31": "20.26500", "2018-12-31": "22.79200", "2017-12-31": "20.71300", "2016-12-31": "18.56400", "2015-12-31": "17.62300", "2014-12-31": "17.58700", "2013-12-31": "21.98700", "2012-12-31": "17.62100", "2011-12-31": "13.95400", "2010-12-31": "13.37000", "2009-12-31": "17.25400", "2008-12-31": "9.05900", "2007-12-31": "8.40500", "2006-12-31": "5.21800", "2005-12-31": "3.79600"}, "Common Stock Dividends Paid": {"2019-12-31": "-105.71500", "2018-12-31": "-92.16600", "2017-12-31": "-84.29800", "2016-12-31": "-73.92500", "2015-12-31": "-80.32900", "2014-12-31": "-52.84300", "2013-12-31": "-34.24100", "2012-12-31": "-185.48400", "2011-12-31": "", "2010-12-31": "", "2009-12-31": "", "2008-12-31": "", "2007-12-31": "-896.97200", "2006-12-31": "-29.84100", "2005-12-31": "-26.89900"}}, "cash flow statement, quarterly": {"Net Income/Loss": {"2020-09-30": 99.129, "2020-06-30": 118.668, "2020-03-31": "121.60200", "2019-12-31": 129.327, "2019-09-30": 86.373, "2019-06-30": 92.359, "2019-03-31": "92.65000", "2018-12-31": 111.642, "2018-09-30": 84.095, "2018-06-30": 77.408, "2018-03-31": "88.82700", "2017-12-31": 93.327, "2017-09-30": 56.368, "2017-06-30": 65.741, "2017-03-31": "62.46900", "2016-12-31": 72.733, "2016-09-30": 47.233, "2016-06-30": 49.261, "2016-03-31": "45.45100", "2015-12-31": 62.759, "2015-09-30": 37.832, "2015-06-30": 45.909, "2015-03-31": "46.28900", "2014-12-31": 48.033, "2014-09-30": 35.618, "2014-06-30": 38.462, "2014-03-31": "40.47400", "2013-12-31": 44.663, "2013-09-30": 30.632, "2013-06-30": 33.27, "2013-03-31": "34.42000", "2012-12-31": 37.578, "2012-09-30": 25.977, "2012-06-30": 28.095, "2012-03-31": "20.74200", "2011-12-31": 30.911, "2011-09-30": 22.091, "2011-06-30": 25.248, "2011-03-31": "27.11100", "2010-12-31": 24.173, "2010-09-30": 16.6, "2010-06-30": 22.625, "2010-03-31": "24.51900", "2009-12-31": 23.618, "2009-09-30": 17.829, "2009-06-30": 14.527, "2009-03-31": "23.77000", "2008-12-31": 11.026, "2008-09-30": 10.096, "2008-06-30": 18.73, "2008-03-31": "14.11900", "2007-12-31": 16.177, "2007-09-30": 10.991, "2007-06-30": 2.316, "2007-03-31": "8.39800", "2006-12-31": 31.045, "2006-09-30": 24.524, "2006-06-30": 24.506, "2006-03-31": "26.15200", "2005-12-31": 40.196, "2005-09-30": 20.285, "2005-06-30": 23.121, "2005-03-31": "24.68000"}, "Total Depreciation And Amortization - Cash Flow": {"2020-09-30": 16.605, "2020-06-30": 16.041, "2020-03-31": "15.32300", "2019-12-31": 20.408, "2019-09-30": 14.222, "2019-06-30": 15.157, "2019-03-31": "14.89100", "2018-12-31": 19.347, "2018-09-30": 13.572, "2018-06-30": 16.533, "2018-03-31": "12.24600", "2017-12-31": 15.867, "2017-09-30": 16.991, "2017-06-30": 11.589, "2017-03-31": "10.89800", "2016-12-31": 14.536, "2016-09-30": 10.133, "2016-06-30": 10.008, "2016-03-31": "9.88100", "2015-12-31": 18.307, "2015-09-30": 8.942, "2015-06-30": 8.957, "2015-03-31": "8.62100", "2014-12-31": 17.464, "2014-09-30": 8.222, "2014-06-30": 8.037, "2014-03-31": "7.81100", "2013-12-31": 10.133, "2013-09-30": 7.484, "2013-06-30": 7.198, "2013-03-31": "7.06200", "2012-12-31": 9.973, "2012-09-30": 6.864, "2012-06-30": 5.89, "2012-03-31": "15.04000", "2011-12-31": 10.611, "2011-09-30": 6.857, "2011-06-30": 5.734, "2011-03-31": "7.03000", "2010-12-31": 11.8, "2010-09-30": 6.481, "2010-06-30": 5.561, "2010-03-31": "8.04700", "2009-12-31": 10.863, "2009-09-30": 7.303, "2009-06-30": 6.948, "2009-03-31": "8.57100", "2008-12-31": 13.429, "2008-09-30": 8.61, "2008-06-30": 8.115, "2008-03-31": "9.32600", "2007-12-31": 13.275, "2007-09-30": 8.831, "2007-06-30": 30.218, "2007-03-31": "17.46400", "2006-12-31": 10.688, "2006-09-30": 8.404, "2006-06-30": 8.09, "2006-03-31": "8.46400", "2005-12-31": 11.138, "2005-09-30": 8.161, "2005-06-30": 7.971, "2005-03-31": "8.16500"}, "Other Non-Cash Items": {"2020-09-30": 4.64, "2020-06-30": -16.83, "2020-03-31": "-24.52700", "2019-12-31": -5.111, "2019-09-30": 3.119, "2019-06-30": -2.313, "2019-03-31": "-2.43900", "2018-12-31": 3.909, "2018-09-30": -8.64, "2018-06-30": -0.456, "2018-03-31": "-1.41600", "2017-12-31": -3.671, "2017-09-30": 3.516, "2017-06-30": -8.483, "2017-03-31": "5.13600", "2016-12-31": -5.756, "2016-09-30": -1.792, "2016-06-30": -1.698, "2016-03-31": "-22.51500", "2015-12-31": 5.548, "2015-09-30": -1.655, "2015-06-30": -2.153, "2015-03-31": "0.13700", "2014-12-31": -11.86, "2014-09-30": 4.738, "2014-06-30": 0.122, "2014-03-31": "-4.23500", "2013-12-31": 0.11, "2013-09-30": 2.332, "2013-06-30": -1.053, "2013-03-31": "7.52200", "2012-12-31": -2.321, "2012-09-30": 3.54, "2012-06-30": 2.378, "2012-03-31": "2.53700", "2011-12-31": -4.731, "2011-09-30": 7.331, "2011-06-30": -2.295, "2011-03-31": "3.79300", "2010-12-31": 5.046, "2010-09-30": 2.292, "2010-06-30": 4.444, "2010-03-31": "-1.89100", "2009-12-31": 0.451, "2009-09-30": -5.343, "2009-06-30": -2.313, "2009-03-31": "-10.88000", "2008-12-31": -0.531, "2008-09-30": 0.599, "2008-06-30": -2.388, "2008-03-31": "-0.32700", "2007-12-31": -0.144, "2007-09-30": -1.286, "2007-06-30": 1.594, "2007-03-31": "1.91100", "2006-12-31": 1.083, "2006-09-30": 1.02, "2006-06-30": -1.952, "2006-03-31": "1.77400", "2005-12-31": -18.159, "2005-09-30": 1.646, "2005-06-30": 0.661, "2005-03-31": "0.95800"}, "Total Non-Cash Items": {"2020-09-30": 21.245, "2020-06-30": -0.789, "2020-03-31": "-9.20400", "2019-12-31": 15.297, "2019-09-30": 17.341, "2019-06-30": 12.844, "2019-03-31": "12.45200", "2018-12-31": 23.256, "2018-09-30": 4.932, "2018-06-30": 16.077, "2018-03-31": "10.83000", "2017-12-31": 12.196, "2017-09-30": 20.507, "2017-06-30": 3.106, "2017-03-31": "16.03400", "2016-12-31": 8.78, "2016-09-30": 8.341, "2016-06-30": 8.31, "2016-03-31": "-12.63400", "2015-12-31": 23.855, "2015-09-30": 7.287, "2015-06-30": 6.804, "2015-03-31": "8.75800", "2014-12-31": 5.604, "2014-09-30": 12.96, "2014-06-30": 8.159, "2014-03-31": "3.57600", "2013-12-31": 10.243, "2013-09-30": 9.816, "2013-06-30": 6.145, "2013-03-31": "14.58400", "2012-12-31": 7.652, "2012-09-30": 10.404, "2012-06-30": 8.268, "2012-03-31": "17.57700", "2011-12-31": 5.88, "2011-09-30": 14.188, "2011-06-30": 3.439, "2011-03-31": "10.82300", "2010-12-31": 16.846, "2010-09-30": 8.773, "2010-06-30": 10.005, "2010-03-31": "6.15600", "2009-12-31": 11.314, "2009-09-30": 1.96, "2009-06-30": 4.635, "2009-03-31": "-2.30900", "2008-12-31": 12.898, "2008-09-30": 9.209, "2008-06-30": 5.727, "2008-03-31": "8.99900", "2007-12-31": 13.131, "2007-09-30": 7.545, "2007-06-30": 31.812, "2007-03-31": "19.37500", "2006-12-31": 11.771, "2006-09-30": 9.424, "2006-06-30": 6.138, "2006-03-31": "10.23800", "2005-12-31": -7.021, "2005-09-30": 9.807, "2005-06-30": 8.632, "2005-03-31": "9.12300"}, "Change In Accounts Receivable": {"2020-09-30": -0.056, "2020-06-30": 0.003, "2020-03-31": "1.58900", "2019-12-31": -20.479, "2019-09-30": 0.224, "2019-06-30": 0.456, "2019-03-31": "0.09400", "2018-12-31": -17.273, "2018-09-30": 0, "2018-06-30": 0, "2018-03-31": "", "2017-12-31": -22.926, "2017-09-30": 0, "2017-06-30": 0, "2017-03-31": "", "2016-12-31": -18.948, "2016-09-30": 0, "2016-06-30": 0, "2016-03-31": "", "2015-12-31": -14.762, "2015-09-30": 0, "2015-06-30": 0, "2015-03-31": "", "2014-12-31": -13.28, "2014-09-30": 0, "2014-06-30": 0, "2014-03-31": "", "2013-12-31": -12.258, "2013-09-30": 0, "2013-06-30": 0, "2013-03-31": "", "2012-12-31": -6.455, "2012-09-30": 0, "2012-06-30": 0, "2012-03-31": "", "2011-12-31": -6.285, "2011-09-30": 0, "2011-06-30": 0, "2011-03-31": "", "2010-12-31": -3.331, "2010-09-30": 0, "2010-06-30": 0, "2010-03-31": "", "2009-12-31": -5.693, "2009-09-30": 0, "2009-06-30": 0, "2009-03-31": "", "2008-12-31": -2.59, "2008-09-30": 0, "2008-06-30": 0, "2008-03-31": "", "2007-12-31": -1.979, "2007-09-30": 0, "2007-06-30": 0, "2007-03-31": "", "2006-12-31": -0.041, "2006-09-30": 0, "2006-06-30": 0, "2006-03-31": "", "2005-12-31": -2.036, "2005-09-30": 0, "2005-06-30": 0, "2005-03-31": ""}, "Change In Inventories": {"2020-09-30": 0, "2020-06-30": 0, "2020-03-31": "", "2019-12-31": -6.741, "2019-09-30": 0, "2019-06-30": 0, "2019-03-31": "", "2018-12-31": -12.455, "2018-09-30": 0, "2018-06-30": 0, "2018-03-31": "", "2017-12-31": 1.527, "2017-09-30": 0, "2017-06-30": 0, "2017-03-31": "", "2016-12-31": -2.947, "2016-09-30": 0, "2016-06-30": 0, "2016-03-31": "", "2015-12-31": -2.262, "2015-09-30": 0, "2015-06-30": 0, "2015-03-31": "", "2014-12-31": -11.827, "2014-09-30": 0, "2014-06-30": 0, "2014-03-31": "", "2013-12-31": -0.242, "2013-09-30": 0, "2013-06-30": 0, "2013-03-31": "", "2012-12-31": -0.703, "2012-09-30": 0, "2012-06-30": 0, "2012-03-31": "", "2011-12-31": -4.904, "2011-09-30": 0, "2011-06-30": 0, "2011-03-31": "", "2010-12-31": -2.357, "2010-09-30": 0, "2010-06-30": 0, "2010-03-31": "", "2009-12-31": -1.05, "2009-09-30": 0, "2009-06-30": 0, "2009-03-31": "", "2008-12-31": 1.245, "2008-09-30": 0, "2008-06-30": 0, "2008-03-31": "", "2007-12-31": -1.503, "2007-09-30": 0, "2007-06-30": 0, "2007-03-31": "", "2006-12-31": 1.039, "2006-09-30": 0, "2006-06-30": 0, "2006-03-31": "", "2005-12-31": -1.181, "2005-09-30": 0, "2005-06-30": 0, "2005-03-31": ""}, "Change In Accounts Payable": {"2020-09-30": 0, "2020-06-30": 0, "2020-03-31": "", "2019-12-31": 0, "2019-09-30": 0, "2019-06-30": 0, "2019-03-31": "", "2018-12-31": 0, "2018-09-30": 0, "2018-06-30": 0, "2018-03-31": "", "2017-12-31": 0, "2017-09-30": 0, "2017-06-30": 0, "2017-03-31": "", "2016-12-31": 0, "2016-09-30": 0, "2016-06-30": 0, "2016-03-31": "", "2015-12-31": 0, "2015-09-30": 0, "2015-06-30": 0, "2015-03-31": "", "2014-12-31": 0, "2014-09-30": 0, "2014-06-30": 0, "2014-03-31": "", "2013-12-31": 0, "2013-09-30": 0, "2013-06-30": 0, "2013-03-31": "", "2012-12-31": 0, "2012-09-30": 0, "2012-06-30": 0, "2012-03-31": "", "2011-12-31": 0, "2011-09-30": 0, "2011-06-30": 0, "2011-03-31": "", "2010-12-31": 0, "2010-09-30": 0, "2010-06-30": 0, "2010-03-31": "", "2009-12-31": 0, "2009-09-30": 0, "2009-06-30": 0, "2009-03-31": "", "2008-12-31": 0, "2008-09-30": 0, "2008-06-30": 0, "2008-03-31": "", "2007-12-31": 0, "2007-09-30": 0, "2007-06-30": 0, "2007-03-31": "", "2006-12-31": 0, "2006-09-30": 0, "2006-06-30": 0, "2006-03-31": "", "2005-12-31": 0, "2005-09-30": 0, "2005-06-30": 0, "2005-03-31": ""}, "Change In Assets/Liabilities": {"2020-09-30": 38.253, "2020-06-30": -1.412, "2020-03-31": "-18.62900", "2019-12-31": -11.187, "2019-09-30": 19.105, "2019-06-30": -1.104, "2019-03-31": "-8.19800", "2018-12-31": 16.828, "2018-09-30": 18.535, "2018-06-30": -22.617, "2018-03-31": "-15.92400", "2017-12-31": 7.005, "2017-09-30": 38.424, "2017-06-30": -32.961, "2017-03-31": "-1.82300", "2016-12-31": -9.11, "2016-09-30": 38.012, "2016-06-30": -5.147, "2016-03-31": "-15.80400", "2015-12-31": -15.36, "2015-09-30": 19.086, "2015-06-30": -33.065, "2015-03-31": "29.62400", "2014-12-31": 21.26, "2014-09-30": 9.782, "2014-06-30": -21.367, "2014-03-31": "-7.89100", "2013-12-31": 23.858, "2013-09-30": -2.52, "2013-06-30": -20.093, "2013-03-31": "-0.39600", "2012-12-31": 12.529, "2012-09-30": 7.077, "2012-06-30": 1.101, "2012-03-31": "-17.90500", "2011-12-31": 23.293, "2011-09-30": 3.503, "2011-06-30": -12.963, "2011-03-31": "-10.68100", "2010-12-31": 11.788, "2010-09-30": 6.494, "2010-06-30": -16.744, "2010-03-31": "2.26000", "2009-12-31": 4.094, "2009-09-30": 4.979, "2009-06-30": -3.489, "2009-03-31": "-9.58000", "2008-12-31": 34.356, "2008-09-30": -26.926, "2008-06-30": -3.294, "2008-03-31": "-3.04500", "2007-12-31": 14.977, "2007-09-30": 22.481, "2007-06-30": -17.394, "2007-03-31": "-21.15600", "2006-12-31": 5.753, "2006-09-30": 6.082, "2006-06-30": -5.66, "2006-03-31": "-7.45600", "2005-12-31": 6.722, "2005-09-30": 1.604, "2005-06-30": -12.018, "2005-03-31": "4.47300"}, "Total Change In Assets/Liabilities": {"2020-09-30": 38.197, "2020-06-30": -1.409, "2020-03-31": "-17.04000", "2019-12-31": 27.73, "2019-09-30": 19.329, "2019-06-30": -0.648, "2019-03-31": "-8.10400", "2018-12-31": -2.89, "2018-09-30": 18.535, "2018-06-30": -22.617, "2018-03-31": "-15.92400", "2017-12-31": 7.873, "2017-09-30": 38.424, "2017-06-30": -32.961, "2017-03-31": "-1.82300", "2016-12-31": 47.924, "2016-09-30": 38.012, "2016-06-30": -5.147, "2016-03-31": "-15.80400", "2015-12-31": 36.648, "2015-09-30": 19.086, "2015-06-30": -33.065, "2015-03-31": "29.62400", "2014-12-31": 18.929, "2014-09-30": 9.782, "2014-06-30": -21.367, "2014-03-31": "-7.89100", "2013-12-31": 33.225, "2013-09-30": -2.52, "2013-06-30": -20.093, "2013-03-31": "-0.39600", "2012-12-31": 30.285, "2012-09-30": 7.077, "2012-06-30": 1.101, "2012-03-31": "-17.90500", "2011-12-31": 33.523, "2011-09-30": 3.503, "2011-06-30": -12.963, "2011-03-31": "-10.68100", "2010-12-31": 6.618, "2010-09-30": 6.494, "2010-06-30": -16.744, "2010-03-31": "2.26000", "2009-12-31": 14.02, "2009-09-30": 4.979, "2009-06-30": -3.489, "2009-03-31": "-9.58000", "2008-12-31": 17.718, "2008-09-30": -26.926, "2008-06-30": -3.294, "2008-03-31": "-3.04500", "2007-12-31": -9.488, "2007-09-30": 22.481, "2007-06-30": -17.394, "2007-03-31": "-21.15600", "2006-12-31": -3.761, "2006-09-30": 6.082, "2006-06-30": -5.66, "2006-03-31": "-7.45600", "2005-12-31": 18.315, "2005-09-30": 1.604, "2005-06-30": -12.018, "2005-03-31": "4.47300"}, "Cash Flow From Operating Activities": {"2020-09-30": 158.571, "2020-06-30": 116.47, "2020-03-31": "95.35800", "2019-12-31": 172.354, "2019-09-30": 123.043, "2019-06-30": 104.555, "2019-03-31": "96.99800", "2018-12-31": 131.652, "2018-09-30": 107.807, "2018-06-30": 71.036, "2018-03-31": "83.67600", "2017-12-31": 113.162, "2017-09-30": 115.329, "2017-06-30": 36.142, "2017-03-31": "76.62800", "2016-12-31": 129.843, "2016-09-30": 93.164, "2016-06-30": 52.305, "2016-03-31": "17.14800", "2015-12-31": 124.478, "2015-09-30": 63.714, "2015-06-30": 18.849, "2015-03-31": "84.74500", "2014-12-31": 73.454, "2014-09-30": 58.095, "2014-06-30": 24.586, "2014-03-31": "36.20400", "2013-12-31": 89.414, "2013-09-30": 37.735, "2013-06-30": 19.191, "2013-03-31": "47.64900", "2012-12-31": 75.068, "2012-09-30": 43.142, "2012-06-30": 37.893, "2012-03-31": "20.21700", "2011-12-31": 67.967, "2011-09-30": 40.694, "2011-06-30": 16.603, "2011-03-31": "27.80900", "2010-12-31": 46.059, "2010-09-30": 32.626, "2010-06-30": 17.261, "2010-03-31": "32.37900", "2009-12-31": 46.462, "2009-09-30": 25.674, "2009-06-30": 16.867, "2009-03-31": "12.27100", "2008-12-31": 36.344, "2008-09-30": -4.702, "2008-06-30": 23.343, "2008-03-31": "20.27200", "2007-12-31": 17.969, "2007-09-30": 42, "2007-06-30": 17.311, "2007-03-31": "6.90800", "2006-12-31": 42.887, "2006-09-30": 36.192, "2006-06-30": 25.255, "2006-03-31": "28.66900", "2005-12-31": 50.122, "2005-09-30": 32.141, "2005-06-30": 20.338, "2005-03-31": "38.59600"}, "Net Change In Property, Plant, And Equipment": {"2020-09-30": -17.426, "2020-06-30": -16.259, "2020-03-31": "-17.46700", "2019-12-31": -40.369, "2019-09-30": -15.391, "2019-06-30": -5.325, "2019-03-31": "-12.22200", "2018-12-31": -54.66, "2018-09-30": -19.894, "2018-06-30": -23.32, "2018-03-31": "-13.64700", "2017-12-31": -44.31, "2017-09-30": -13.662, "2017-06-30": -13.539, "2017-03-31": "-11.66500", "2016-12-31": -15.365, "2016-09-30": -13.209, "2016-06-30": -16.301, "2016-03-31": "-8.74400", "2015-12-31": -27.188, "2015-09-30": -11.917, "2015-06-30": -10.642, "2015-03-31": "-0.81100", "2014-12-31": -35.752, "2014-09-30": -11.2, "2014-06-30": -11.326, "2014-03-31": "-2.65500", "2013-12-31": -23.285, "2013-09-30": -7.592, "2013-06-30": -5.652, "2013-03-31": "-3.85800", "2012-12-31": -14.24, "2012-09-30": -5.186, "2012-06-30": -3.727, "2012-03-31": "-3.12600", "2011-12-31": -10.385, "2011-09-30": -3.199, "2011-06-30": -4.113, "2011-03-31": "-0.62100", "2010-12-31": -8.531, "2010-09-30": -4.874, "2010-06-30": -5.21, "2010-03-31": "-4.06900", "2009-12-31": -8.911, "2009-09-30": -3.051, "2009-06-30": -4.171, "2009-03-31": "-3.00700", "2008-12-31": -2.098, "2008-09-30": -1.999, "2008-06-30": 8.819, "2008-03-31": "4.74100", "2007-12-31": -33.056, "2007-09-30": -1.522, "2007-06-30": -4.606, "2007-03-31": "-3.23100", "2006-12-31": -4.015, "2006-09-30": 7.627, "2006-06-30": -5.286, "2006-03-31": "-4.16100", "2005-12-31": -6.77, "2005-09-30": -2.81, "2005-06-30": -8.517, "2005-03-31": "-6.69300"}, "Net Change In Intangible Assets": {"2020-09-30": 0, "2020-06-30": 0, "2020-03-31": "", "2019-12-31": 0, "2019-09-30": 0, "2019-06-30": 0, "2019-03-31": "", "2018-12-31": 0, "2018-09-30": 0, "2018-06-30": 0, "2018-03-31": "", "2017-12-31": 0, "2017-09-30": 0, "2017-06-30": 0, "2017-03-31": "", "2016-12-31": 0, "2016-09-30": 0, "2016-06-30": 0, "2016-03-31": "", "2015-12-31": 0, "2015-09-30": 0, "2015-06-30": 0, "2015-03-31": "", "2014-12-31": 0, "2014-09-30": 0, "2014-06-30": 0, "2014-03-31": "", "2013-12-31": 0, "2013-09-30": 0, "2013-06-30": 0, "2013-03-31": "", "2012-12-31": 0, "2012-09-30": 0, "2012-06-30": 0, "2012-03-31": "", "2011-12-31": 0, "2011-09-30": 0, "2011-06-30": 0, "2011-03-31": "", "2010-12-31": 0, "2010-09-30": 0, "2010-06-30": 0, "2010-03-31": "", "2009-12-31": 0, "2009-09-30": 0, "2009-06-30": 0, "2009-03-31": "", "2008-12-31": 0, "2008-09-30": 0, "2008-06-30": 0, "2008-03-31": "", "2007-12-31": 0, "2007-09-30": 0, "2007-06-30": 0, "2007-03-31": "", "2006-12-31": 0, "2006-09-30": 0, "2006-06-30": 0, "2006-03-31": "", "2005-12-31": 0, "2005-09-30": 0, "2005-06-30": 0, "2005-03-31": ""}, "Net Acquisitions/Divestitures": {"2020-09-30": 0, "2020-06-30": 0, "2020-03-31": "", "2019-12-31": -3.423, "2019-09-30": 0, "2019-06-30": 0, "2019-03-31": "", "2018-12-31": 0, "2018-09-30": 0, "2018-06-30": 0, "2018-03-31": "", "2017-12-31": 0, "2017-09-30": 0, "2017-06-30": 0, "2017-03-31": "", "2016-12-31": 0, "2016-09-30": 0, "2016-06-30": 0, "2016-03-31": "", "2015-12-31": 0, "2015-09-30": 0, "2015-06-30": 0, "2015-03-31": "", "2014-12-31": 0, "2014-09-30": 0, "2014-06-30": 0, "2014-03-31": "", "2013-12-31": 0, "2013-09-30": 0, "2013-06-30": 0, "2013-03-31": "", "2012-12-31": 0, "2012-09-30": 0, "2012-06-30": 0, "2012-03-31": "", "2011-12-31": 0, "2011-09-30": 0, "2011-06-30": 0, "2011-03-31": "", "2010-12-31": 0, "2010-09-30": 0, "2010-06-30": 0, "2010-03-31": "", "2009-12-31": 0, "2009-09-30": 0, "2009-06-30": 0, "2009-03-31": "", "2008-12-31": 0, "2008-09-30": 0, "2008-06-30": 0, "2008-03-31": "", "2007-12-31": 0, "2007-09-30": 0, "2007-06-30": 0, "2007-03-31": "", "2006-12-31": 0, "2006-09-30": 0, "2006-06-30": 0, "2006-03-31": "", "2005-12-31": 0, "2005-09-30": 0, "2005-06-30": 0, "2005-03-31": ""}, "Net Change In Short-term Investments": {"2020-09-30": 0, "2020-06-30": 0, "2020-03-31": "", "2019-12-31": 0, "2019-09-30": 0, "2019-06-30": 0, "2019-03-31": "", "2018-12-31": 0, "2018-09-30": 0, "2018-06-30": 0, "2018-03-31": "", "2017-12-31": 0, "2017-09-30": 0, "2017-06-30": 0, "2017-03-31": "", "2016-12-31": 0, "2016-09-30": 0, "2016-06-30": 0, "2016-03-31": "", "2015-12-31": 0, "2015-09-30": 0, "2015-06-30": 0, "2015-03-31": "", "2014-12-31": 0, "2014-09-30": 0, "2014-06-30": 0, "2014-03-31": "", "2013-12-31": 0, "2013-09-30": 0, "2013-06-30": 0, "2013-03-31": "", "2012-12-31": 0, "2012-09-30": 0, "2012-06-30": 0, "2012-03-31": "", "2011-12-31": 0, "2011-09-30": 0, "2011-06-30": 0, "2011-03-31": "", "2010-12-31": 0, "2010-09-30": 0, "2010-06-30": 0, "2010-03-31": "", "2009-12-31": 0, "2009-09-30": 0, "2009-06-30": 0, "2009-03-31": "", "2008-12-31": 0, "2008-09-30": 0, "2008-06-30": 0, "2008-03-31": "", "2007-12-31": 0, "2007-09-30": 0, "2007-06-30": 0, "2007-03-31": "", "2006-12-31": 0, "2006-09-30": 0, "2006-06-30": 0, "2006-03-31": "", "2005-12-31": 0, "2005-09-30": 0, "2005-06-30": 0, "2005-03-31": ""}, "Net Change In Long-Term Investments": {"2020-09-30": 0, "2020-06-30": -40, "2020-03-31": "", "2019-12-31": 0, "2019-09-30": 0, "2019-06-30": 0, "2019-03-31": "", "2018-12-31": -20, "2018-09-30": -15, "2018-06-30": -35.152, "2018-03-31": "", "2017-12-31": 0, "2017-09-30": 0, "2017-06-30": 0, "2017-03-31": "", "2016-12-31": 0, "2016-09-30": 0, "2016-06-30": 0, "2016-03-31": "", "2015-12-31": 0, "2015-09-30": 0, "2015-06-30": 0, "2015-03-31": "", "2014-12-31": 0, "2014-09-30": 0, "2014-06-30": 0, "2014-03-31": "", "2013-12-31": 4.518, "2013-09-30": 0, "2013-06-30": 0, "2013-03-31": "", "2012-12-31": 0, "2012-09-30": 0, "2012-06-30": 0, "2012-03-31": "", "2011-12-31": 0, "2011-09-30": 0, "2011-06-30": 0, "2011-03-31": "", "2010-12-31": 0, "2010-09-30": 0, "2010-06-30": 0, "2010-03-31": "", "2009-12-31": 0, "2009-09-30": 0, "2009-06-30": 0, "2009-03-31": "", "2008-12-31": 0, "2008-09-30": 0, "2008-06-30": 0, "2008-03-31": "", "2007-12-31": 13.354, "2007-09-30": 0, "2007-06-30": 0, "2007-03-31": "", "2006-12-31": 0, "2006-09-30": 0, "2006-06-30": 0, "2006-03-31": "", "2005-12-31": 25.532, "2005-09-30": 0, "2005-06-30": 0, "2005-03-31": ""}, "Net Change In Investments - Total": {"2020-09-30": 0, "2020-06-30": -40, "2020-03-31": "", "2019-12-31": 0, "2019-09-30": 0, "2019-06-30": 0, "2019-03-31": "", "2018-12-31": -20, "2018-09-30": -15, "2018-06-30": -35.152, "2018-03-31": "", "2017-12-31": 0, "2017-09-30": 0, "2017-06-30": 0, "2017-03-31": "", "2016-12-31": 0, "2016-09-30": 0, "2016-06-30": 0, "2016-03-31": "", "2015-12-31": 0, "2015-09-30": 0, "2015-06-30": 0, "2015-03-31": "", "2014-12-31": 0, "2014-09-30": 0, "2014-06-30": 0, "2014-03-31": "", "2013-12-31": 4.518, "2013-09-30": 0, "2013-06-30": 0, "2013-03-31": "", "2012-12-31": 0, "2012-09-30": 0, "2012-06-30": 0, "2012-03-31": "", "2011-12-31": 0, "2011-09-30": 0, "2011-06-30": 0, "2011-03-31": "", "2010-12-31": 0, "2010-09-30": 0, "2010-06-30": 0, "2010-03-31": "", "2009-12-31": 0, "2009-09-30": 0, "2009-06-30": 0, "2009-03-31": "", "2008-12-31": 0, "2008-09-30": 0, "2008-06-30": 0, "2008-03-31": "", "2007-12-31": 13.354, "2007-09-30": 0, "2007-06-30": 0, "2007-03-31": "", "2006-12-31": 0, "2006-09-30": 0, "2006-06-30": 0, "2006-03-31": "", "2005-12-31": 25.532, "2005-09-30": 0, "2005-06-30": 0, "2005-03-31": ""}, "Investing Activities - Other": {"2020-09-30": 0.568, "2020-06-30": -0.059, "2020-03-31": "-0.42600", "2019-12-31": 19.075, "2019-09-30": 14.781, "2019-06-30": 14.758, "2019-03-31": "0.26200", "2018-12-31": 51.766, "2018-09-30": 13.315, "2018-06-30": 24.827, "2018-03-31": "3.50800", "2017-12-31": -0.858, "2017-09-30": -0.197, "2017-06-30": -0.051, "2017-03-31": "0.54400", "2016-12-31": -62.021, "2016-09-30": -15.006, "2016-06-30": 49.136, "2016-03-31": "26.23000", "2015-12-31": -89.971, "2015-09-30": 5.651, "2015-06-30": 24.609, "2015-03-31": "0.97700", "2014-12-31": -47.006, "2014-09-30": 0.802, "2014-06-30": 33.146, "2014-03-31": "16.54800", "2013-12-31": -62.13, "2013-09-30": -3.303, "2013-06-30": 2.047, "2013-03-31": "-0.47800", "2012-12-31": 0.778, "2012-09-30": -1.289, "2012-06-30": -11.44, "2012-03-31": "45.57800", "2011-12-31": -10.938, "2011-09-30": -3.199, "2011-06-30": 4.599, "2011-03-31": "0.91500", "2010-12-31": -7.897, "2010-09-30": 0.342, "2010-06-30": 6.33, "2010-03-31": "5.52900", "2009-12-31": -4.575, "2009-09-30": -13.846, "2009-06-30": -8.142, "2009-03-31": "12.81200", "2008-12-31": -7.645, "2008-09-30": 1.488, "2008-06-30": 10.069, "2008-03-31": "-1.28300", "2007-12-31": 27.151, "2007-09-30": -24.589, "2007-06-30": -83.178, "2007-03-31": "0.20800", "2006-12-31": -0.17, "2006-09-30": -1.089, "2006-06-30": 0.815, "2006-03-31": "0.34700", "2005-12-31": 0.073, "2005-09-30": -3.164, "2005-06-30": 0.343, "2005-03-31": "2.14300"}, "Cash Flow From Investing Activities": {"2020-09-30": -16.858, "2020-06-30": -56.318, "2020-03-31": "-17.89300", "2019-12-31": -24.717, "2019-09-30": -0.61, "2019-06-30": 9.433, "2019-03-31": "-11.96000", "2018-12-31": -22.894, "2018-09-30": -21.579, "2018-06-30": -33.645, "2018-03-31": "-10.13900", "2017-12-31": -45.168, "2017-09-30": -13.859, "2017-06-30": -13.59, "2017-03-31": "-11.12100", "2016-12-31": -77.386, "2016-09-30": -28.215, "2016-06-30": 32.835, "2016-03-31": "17.48600", "2015-12-31": -117.159, "2015-09-30": -6.266, "2015-06-30": 13.967, "2015-03-31": "0.16600", "2014-12-31": -82.758, "2014-09-30": -10.398, "2014-06-30": 21.82, "2014-03-31": "13.89300", "2013-12-31": -80.897, "2013-09-30": -10.895, "2013-06-30": -3.605, "2013-03-31": "-4.33600", "2012-12-31": -13.462, "2012-09-30": -6.475, "2012-06-30": -15.167, "2012-03-31": "42.45200", "2011-12-31": -21.323, "2011-09-30": -6.398, "2011-06-30": 0.486, "2011-03-31": "0.29400", "2010-12-31": -16.428, "2010-09-30": -4.532, "2010-06-30": 1.12, "2010-03-31": "1.46000", "2009-12-31": -13.486, "2009-09-30": -16.897, "2009-06-30": -12.313, "2009-03-31": "9.80500", "2008-12-31": -9.743, "2008-09-30": -0.511, "2008-06-30": 18.888, "2008-03-31": "3.45800", "2007-12-31": 7.449, "2007-09-30": -26.111, "2007-06-30": -87.784, "2007-03-31": "-3.02300", "2006-12-31": -4.185, "2006-09-30": 6.538, "2006-06-30": -4.471, "2006-03-31": "-3.81400", "2005-12-31": 18.835, "2005-09-30": -5.974, "2005-06-30": -8.174, "2005-03-31": "-4.55000"}, "Net Long-Term Debt": {"2020-09-30": -68.803, "2020-06-30": 46.809, "2020-03-31": "-10.84900", "2019-12-31": 674.775, "2019-09-30": -8.974, "2019-06-30": -33.918, "2019-03-31": "-48.96800", "2018-12-31": 55.979, "2018-09-30": -8.934, "2018-06-30": 326.945, "2018-03-31": "-8.07800", "2017-12-31": -8.1, "2017-09-30": 989.673, "2017-06-30": -0.048, "2017-03-31": "-9.71800", "2016-12-31": -44.742, "2016-09-30": 15.286, "2016-06-30": -2.419, "2016-03-31": "-27.45900", "2015-12-31": 740.795, "2015-09-30": -0.057, "2015-06-30": -0.038, "2015-03-31": "-0.10300", "2014-12-31": -0.18, "2014-09-30": -0.13, "2014-06-30": -5.99, "2014-03-31": "-6.03200", "2013-12-31": -6.081, "2013-09-30": -6.049, "2013-06-30": -6.049, "2013-03-31": "-6.17000", "2012-12-31": -6.187, "2012-09-30": -6.14, "2012-06-30": -6.055, "2012-03-31": "127.87300", "2011-12-31": -0.291, "2011-09-30": -0.182, "2011-06-30": -0.191, "2011-03-31": "-0.22600", "2010-12-31": -24.583, "2010-09-30": -19.209, "2010-06-30": -18.944, "2010-03-31": "-51.16300", "2009-12-31": -40.194, "2009-09-30": -22.557, "2009-06-30": -12.117, "2009-03-31": "-0.81600", "2008-12-31": -0.107, "2008-09-30": -0.078, "2008-06-30": -0.052, "2008-03-31": "-15.07500", "2007-12-31": 14.901, "2007-09-30": -5.109, "2007-06-30": 924.6009, "2007-03-31": "43.34400", "2006-12-31": -0.09, "2006-09-30": -50.066, "2006-06-30": -10.054, "2006-03-31": "64.92600", "2005-12-31": -15.123, "2005-09-30": -15.084, "2005-06-30": 14.944, "2005-03-31": "-25.08000"}, "Net Current Debt": {"2020-09-30": 0, "2020-06-30": 0, "2020-03-31": "", "2019-12-31": 0, "2019-09-30": 0, "2019-06-30": 0, "2019-03-31": "", "2018-12-31": 0, "2018-09-30": 0, "2018-06-30": 0, "2018-03-31": "", "2017-12-31": 0, "2017-09-30": 0, "2017-06-30": 0, "2017-03-31": "", "2016-12-31": 0, "2016-09-30": 0, "2016-06-30": 0, "2016-03-31": "", "2015-12-31": 0, "2015-09-30": 0, "2015-06-30": 0, "2015-03-31": "", "2014-12-31": 0, "2014-09-30": 0, "2014-06-30": 0, "2014-03-31": "", "2013-12-31": 0, "2013-09-30": 0, "2013-06-30": 0, "2013-03-31": "", "2012-12-31": 0, "2012-09-30": 0, "2012-06-30": 0, "2012-03-31": "", "2011-12-31": 0, "2011-09-30": 0, "2011-06-30": 0, "2011-03-31": "", "2010-12-31": 0, "2010-09-30": 0, "2010-06-30": 0, "2010-03-31": "", "2009-12-31": 0, "2009-09-30": 0, "2009-06-30": 0, "2009-03-31": "", "2008-12-31": 0, "2008-09-30": 0, "2008-06-30": 0, "2008-03-31": "", "2007-12-31": 0, "2007-09-30": 0, "2007-06-30": 0, "2007-03-31": "", "2006-12-31": 0, "2006-09-30": 0, "2006-06-30": 0, "2006-03-31": "", "2005-12-31": 0, "2005-09-30": 0, "2005-06-30": 0, "2005-03-31": ""}, "Debt Issuance/Retirement Net - Total": {"2020-09-30": -68.803, "2020-06-30": 46.809, "2020-03-31": "-10.84900", "2019-12-31": 674.775, "2019-09-30": -8.974, "2019-06-30": -33.918, "2019-03-31": "-48.96800", "2018-12-31": 55.979, "2018-09-30": -8.934, "2018-06-30": 326.945, "2018-03-31": "-8.07800", "2017-12-31": -8.1, "2017-09-30": 989.673, "2017-06-30": -0.048, "2017-03-31": "-9.71800", "2016-12-31": -44.742, "2016-09-30": 15.286, "2016-06-30": -2.419, "2016-03-31": "-27.45900", "2015-12-31": 740.795, "2015-09-30": -0.057, "2015-06-30": -0.038, "2015-03-31": "-0.10300", "2014-12-31": -0.18, "2014-09-30": -0.13, "2014-06-30": -5.99, "2014-03-31": "-6.03200", "2013-12-31": -6.081, "2013-09-30": -6.049, "2013-06-30": -6.049, "2013-03-31": "-6.17000", "2012-12-31": -6.187, "2012-09-30": -6.14, "2012-06-30": -6.055, "2012-03-31": "127.87300", "2011-12-31": -0.291, "2011-09-30": -0.182, "2011-06-30": -0.191, "2011-03-31": "-0.22600", "2010-12-31": -24.583, "2010-09-30": -19.209, "2010-06-30": -18.944, "2010-03-31": "-51.16300", "2009-12-31": -40.194, "2009-09-30": -22.557, "2009-06-30": -12.117, "2009-03-31": "-0.81600", "2008-12-31": -0.107, "2008-09-30": -0.078, "2008-06-30": -0.052, "2008-03-31": "-15.07500", "2007-12-31": 14.901, "2007-09-30": -5.109, "2007-06-30": 924.6009, "2007-03-31": "43.34400", "2006-12-31": -0.09, "2006-09-30": -50.066, "2006-06-30": -10.054, "2006-03-31": "64.92600", "2005-12-31": -15.123, "2005-09-30": -15.084, "2005-06-30": 14.944, "2005-03-31": "-25.08000"}, "Net Common Equity Issued/Repurchased": {"2020-09-30": 1.725, "2020-06-30": 14.696, "2020-03-31": "-69.48500", "2019-12-31": -590.916, "2019-09-30": -92.864, "2019-06-30": 1.444, "2019-03-31": "-3.60700", "2018-12-31": -161.157, "2018-09-30": -105.362, "2018-06-30": -217.495, "2018-03-31": "-97.36600", "2017-12-31": -49.447, "2017-09-30": -999.87, "2017-06-30": 2.451, "2017-03-31": "-11.28800", "2016-12-31": -13.482, "2016-09-30": -58.243, "2016-06-30": -222.473, "2016-03-31": "9.18200", "2015-12-31": -599.652, "2015-09-30": -38.524, "2015-06-30": -67.251, "2015-03-31": "-28.31600", "2014-12-31": 5.934, "2014-09-30": -16.955, "2014-06-30": -49.685, "2014-03-31": "-12.67300", "2013-12-31": -16.593, "2013-09-30": -18.769, "2013-06-30": -35.828, "2013-03-31": "-16.49100", "2012-12-31": -39.637, "2012-09-30": -4.877, "2012-06-30": -35.981, "2012-03-31": "1.20200", "2011-12-31": -14.561, "2011-09-30": -76.601, "2011-06-30": -35.592, "2011-03-31": "11.42300", "2010-12-31": 2.389, "2010-09-30": 1.879, "2010-06-30": 1.548, "2010-03-31": "2.79800", "2009-12-31": 1.206, "2009-09-30": 1.185, "2009-06-30": 1.62, "2009-03-31": "1.12300", "2008-12-31": -0.554, "2008-09-30": -11.582, "2008-06-30": -8.542, "2008-03-31": "-16.80900", "2007-12-31": -35.148, "2007-09-30": -13.991, "2007-06-30": 2.228, "2007-03-31": "2.75600", "2006-12-31": 2.636, "2006-09-30": 1.706, "2006-06-30": 2.393, "2006-03-31": "-142.19200", "2005-12-31": 2.017, "2005-09-30": 1.404, "2005-06-30": -72.961, "2005-03-31": "1.17700"}, "Net Total Equity Issued/Repurchased": {"2020-09-30": 1.725, "2020-06-30": 14.696, "2020-03-31": "-69.48500", "2019-12-31": -590.916, "2019-09-30": -92.864, "2019-06-30": 1.444, "2019-03-31": "-3.60700", "2018-12-31": -161.157, "2018-09-30": -105.362, "2018-06-30": -217.495, "2018-03-31": "-97.36600", "2017-12-31": -49.447, "2017-09-30": -999.87, "2017-06-30": 2.451, "2017-03-31": "-11.28800", "2016-12-31": -13.482, "2016-09-30": -58.243, "2016-06-30": -222.473, "2016-03-31": "9.18200", "2015-12-31": -599.652, "2015-09-30": -38.524, "2015-06-30": -67.251, "2015-03-31": "-28.31600", "2014-12-31": 5.934, "2014-09-30": -16.955, "2014-06-30": -49.685, "2014-03-31": "-12.67300", "2013-12-31": -16.593, "2013-09-30": -18.769, "2013-06-30": -35.828, "2013-03-31": "-16.49100", "2012-12-31": -39.637, "2012-09-30": -4.877, "2012-06-30": -35.981, "2012-03-31": "1.20200", "2011-12-31": -14.561, "2011-09-30": -76.601, "2011-06-30": -35.592, "2011-03-31": "11.42300", "2010-12-31": 2.389, "2010-09-30": 1.879, "2010-06-30": 1.548, "2010-03-31": "2.79800", "2009-12-31": 1.206, "2009-09-30": 1.185, "2009-06-30": 1.62, "2009-03-31": "1.12300", "2008-12-31": -0.554, "2008-09-30": -11.582, "2008-06-30": -8.542, "2008-03-31": "-16.80900", "2007-12-31": -35.148, "2007-09-30": -13.991, "2007-06-30": 2.228, "2007-03-31": "2.75600", "2006-12-31": 2.636, "2006-09-30": 1.706, "2006-06-30": 2.393, "2006-03-31": "-142.19200", "2005-12-31": 2.017, "2005-09-30": 1.404, "2005-06-30": -72.961, "2005-03-31": "1.17700"}, "Total Common And Preferred Stock Dividends Paid": {"2020-09-30": -30.827, "2020-06-30": -30.186, "2020-03-31": "-0.08000", "2019-12-31": -52.117, "2019-09-30": -26.918, "2019-06-30": -26.59, "2019-03-31": "-0.09000", "2018-12-31": -45.446, "2018-09-30": -23.182, "2018-06-30": -23.459, "2018-03-31": "-0.07900", "2017-12-31": -39.668, "2017-09-30": -22.35, "2017-06-30": -22.027, "2017-03-31": "-0.25300", "2016-12-31": -36.377, "2016-09-30": -18.449, "2016-06-30": -18.935, "2016-03-31": "-0.16400", "2015-12-31": -32.188, "2015-09-30": -17.102, "2015-06-30": -17.074, "2015-03-31": "-13.96500", "2014-12-31": -13.635, "2014-09-30": -14.078, "2014-06-30": -14.077, "2014-03-31": "-11.05300", "2013-12-31": -11.018, "2013-09-30": -11.769, "2013-06-30": -11.127, "2013-03-31": "-0.32700", "2012-12-31": -0.009, "2012-09-30": -0.617, "2012-06-30": -184.858, "2012-03-31": "", "2011-12-31": 0, "2011-09-30": 0, "2011-06-30": 0, "2011-03-31": "", "2010-12-31": 0, "2010-09-30": 0, "2010-06-30": 0, "2010-03-31": "", "2009-12-31": 0, "2009-09-30": 0, "2009-06-30": 0, "2009-03-31": "", "2008-12-31": 0, "2008-09-30": 0, "2008-06-30": 0, "2008-03-31": "", "2007-12-31": 0, "2007-09-30": -0.001, "2007-06-30": -896.971, "2007-03-31": "", "2006-12-31": -14.966, "2006-09-30": -7.456, "2006-06-30": -7.419, "2006-03-31": "", "2005-12-31": -13.387, "2005-09-30": -6.609, "2005-06-30": -6.903, "2005-03-31": ""}, "Financial Activities - Other": {"2020-09-30": -4.757, "2020-06-30": -0.183, "2020-03-31": "-1.64400", "2019-12-31": -8.229, "2019-09-30": -3.253, "2019-06-30": -0.1, "2019-03-31": "-2.46700", "2018-12-31": -0.113, "2018-09-30": -4.531, "2018-06-30": -8.226, "2018-03-31": "-2.29900", "2017-12-31": -0.063, "2017-09-30": -21.526, "2017-06-30": -0.015, "2017-03-31": "-4.89600", "2016-12-31": 6.609, "2016-09-30": 4.058, "2016-06-30": 2.956, "2016-03-31": "28.86000", "2015-12-31": -15.764, "2015-09-30": 4.484, "2015-06-30": 2.774, "2015-03-31": "1.04500", "2014-12-31": 16.646, "2014-09-30": -0.946, "2014-06-30": 0.43, "2014-03-31": "3.52600", "2013-12-31": 7.33, "2013-09-30": 0.939, "2013-06-30": 3.28, "2013-03-31": "-0.08200", "2012-12-31": 5.688, "2012-09-30": -1.507, "2012-06-30": 0.179, "2012-03-31": "-26.52300", "2011-12-31": -13.519, "2011-09-30": -3.978, "2011-06-30": 4.78, "2011-03-31": "5.45300", "2010-12-31": 1.439, "2010-09-30": -0.558, "2010-06-30": -0.02, "2010-03-31": "0.15700", "2009-12-31": -0.142, "2009-09-30": -0.408, "2009-06-30": 0.135, "2009-03-31": "0.16900", "2008-12-31": -0.806, "2008-09-30": 0.026, "2008-06-30": -0.049, "2008-03-31": "0.09700", "2007-12-31": -1.255, "2007-09-30": 0.216, "2007-06-30": -16.097, "2007-03-31": "-21.08800", "2006-12-31": 0.963, "2006-09-30": 0.446, "2006-06-30": 1.55, "2006-03-31": "1.86600", "2005-12-31": 3, "2005-09-30": 5.15, "2005-06-30": 10.075, "2005-03-31": "2.79700"}, "Cash Flow From Financial Activities": {"2020-09-30": -102.662, "2020-06-30": 31.136, "2020-03-31": "-82.05800", "2019-12-31": 23.513, "2019-09-30": -132.009, "2019-06-30": -59.164, "2019-03-31": "-55.13200", "2018-12-31": -150.737, "2018-09-30": -142.009, "2018-06-30": 77.765, "2018-03-31": "-107.82200", "2017-12-31": -97.278, "2017-09-30": -54.073, "2017-06-30": -19.639, "2017-03-31": "-26.15500", "2016-12-31": -87.992, "2016-09-30": -57.348, "2016-06-30": -240.871, "2016-03-31": "10.41900", "2015-12-31": 93.191, "2015-09-30": -51.199, "2015-06-30": -81.589, "2015-03-31": "-41.33900", "2014-12-31": 8.765, "2014-09-30": -32.109, "2014-06-30": -69.322, "2014-03-31": "-26.23200", "2013-12-31": -26.362, "2013-09-30": -35.648, "2013-06-30": -49.724, "2013-03-31": "-23.07000", "2012-12-31": -40.145, "2012-09-30": -13.141, "2012-06-30": -226.715, "2012-03-31": "102.55200", "2011-12-31": -28.371, "2011-09-30": -80.761, "2011-06-30": -31.003, "2011-03-31": "16.65000", "2010-12-31": -20.755, "2010-09-30": -17.888, "2010-06-30": -17.416, "2010-03-31": "-48.20800", "2009-12-31": -39.13, "2009-09-30": -21.78, "2009-06-30": -10.362, "2009-03-31": "0.47600", "2008-12-31": -1.467, "2008-09-30": -11.634, "2008-06-30": -8.643, "2008-03-31": "-31.78700", "2007-12-31": -21.502, "2007-09-30": -18.885, "2007-06-30": 13.761, "2007-03-31": "25.01200", "2006-12-31": -11.457, "2006-09-30": -55.37, "2006-06-30": -13.53, "2006-03-31": "-75.40000", "2005-12-31": -23.493, "2005-09-30": -15.139, "2005-06-30": -54.845, "2005-03-31": "-21.10600"}, "Net Cash Flow": {"2020-09-30": 39.547, "2020-06-30": 91.996, "2020-03-31": "-5.55400", "2019-12-31": 171.212, "2019-09-30": -9.548, "2019-06-30": 54.811, "2019-03-31": "30.03000", "2018-12-31": -42.282, "2018-09-30": -55.884, "2018-06-30": 114.976, "2018-03-31": "-34.23700", "2017-12-31": -29.567, "2017-09-30": 47.71, "2017-06-30": 2.917, "2017-03-31": "39.38400", "2016-12-31": -36.423, "2016-09-30": 7.676, "2016-06-30": -155.947, "2016-03-31": "44.80300", "2015-12-31": 100.943, "2015-09-30": 6.615, "2015-06-30": -49.1, "2015-03-31": "44.13600", "2014-12-31": -0.081, "2014-09-30": 15.632, "2014-06-30": -23.072, "2014-03-31": "23.99300", "2013-12-31": -17.696, "2013-09-30": -8.759, "2013-06-30": -34.243, "2013-03-31": "20.26800", "2012-12-31": 20.263, "2012-09-30": 23.8, "2012-06-30": -203.98, "2012-03-31": "164.43800", "2011-12-31": 18.212, "2011-09-30": -46.559, "2011-06-30": -13.945, "2011-03-31": "44.63900", "2010-12-31": 8.75, "2010-09-30": 10.215, "2010-06-30": 0.99, "2010-03-31": "-14.40200", "2009-12-31": -6.337, "2009-09-30": -12.966, "2009-06-30": -6.156, "2009-03-31": "22.47900", "2008-12-31": 25.246, "2008-09-30": -16.916, "2008-06-30": 33.717, "2008-03-31": "-8.01900", "2007-12-31": 3.928, "2007-09-30": -3.032, "2007-06-30": -56.658, "2007-03-31": "28.88400", "2006-12-31": 27.179, "2006-09-30": -12.669, "2006-06-30": 7.34, "2006-03-31": "-50.54700", "2005-12-31": 45.017, "2005-09-30": 11.398, "2005-06-30": -42.729, "2005-03-31": "12.83700"}, "Stock-Based Compensation": {"2020-09-30": 4.905, "2020-06-30": 5.115, "2020-03-31": "4.91400", "2019-12-31": 6.996, "2019-09-30": 4.68, "2019-06-30": 3.981, "2019-03-31": "4.60800", "2018-12-31": 7.132, "2018-09-30": 4.217, "2018-06-30": 5.38, "2018-03-31": "6.06300", "2017-12-31": 6.442, "2017-09-30": 4.638, "2017-06-30": 4.413, "2017-03-31": "5.22000", "2016-12-31": 6.22, "2016-09-30": 3.727, "2016-06-30": 3.719, "2016-03-31": "4.89800", "2015-12-31": 6.435, "2015-09-30": 3.412, "2015-06-30": 3.31, "2015-03-31": "4.46600", "2014-12-31": 5.69, "2014-09-30": 3.817, "2014-06-30": 3.625, "2014-03-31": "4.45500", "2013-12-31": 7.121, "2013-09-30": 4.626, "2013-06-30": 4.624, "2013-03-31": "5.61600", "2012-12-31": 5.438, "2012-09-30": 3.895, "2012-06-30": 3.998, "2012-03-31": "4.29000", "2011-12-31": 4.723, "2011-09-30": 3.347, "2011-06-30": 2.876, "2011-03-31": "3.00800", "2010-12-31": 4.393, "2010-09-30": 3.076, "2010-06-30": 2.557, "2010-03-31": "3.34400", "2009-12-31": 4.091, "2009-09-30": 3.325, "2009-06-30": 7.193, "2009-03-31": "2.64500", "2008-12-31": 3.097, "2008-09-30": 2.155, "2008-06-30": 1.742, "2008-03-31": "2.06500", "2007-12-31": 2.336, "2007-09-30": 1.482, "2007-06-30": 3.076, "2007-03-31": "1.51100", "2006-12-31": 1.806, "2006-09-30": 1.322, "2006-06-30": 1.073, "2006-03-31": "1.01700", "2005-12-31": 1.812, "2005-09-30": 0.944, "2005-06-30": 0.514, "2005-03-31": "0.52600"}, "Common Stock Dividends Paid": {"2020-09-30": -30.827, "2020-06-30": -30.186, "2020-03-31": "-0.08000", "2019-12-31": -52.117, "2019-09-30": -26.918, "2019-06-30": -26.59, "2019-03-31": "-0.09000", "2018-12-31": -45.446, "2018-09-30": -23.182, "2018-06-30": -23.459, "2018-03-31": "-0.07900", "2017-12-31": -39.668, "2017-09-30": -22.35, "2017-06-30": -22.027, "2017-03-31": "-0.25300", "2016-12-31": -36.377, "2016-09-30": -18.449, "2016-06-30": -18.935, "2016-03-31": "-0.16400", "2015-12-31": -32.188, "2015-09-30": -17.102, "2015-06-30": -17.074, "2015-03-31": "-13.96500", "2014-12-31": -13.635, "2014-09-30": -14.078, "2014-06-30": -14.077, "2014-03-31": "-11.05300", "2013-12-31": -11.018, "2013-09-30": -11.769, "2013-06-30": -11.127, "2013-03-31": "-0.32700", "2012-12-31": -0.009, "2012-09-30": -0.617, "2012-06-30": -184.858, "2012-03-31": "0.00000", "2011-12-31": 0, "2011-09-30": 0, "2011-06-30": 0, "2011-03-31": "", "2010-12-31": 0, "2010-09-30": 0, "2010-06-30": 0, "2010-03-31": "", "2009-12-31": 0, "2009-09-30": 0, "2009-06-30": 0, "2009-03-31": "", "2008-12-31": 0, "2008-09-30": 0, "2008-06-30": 0, "2008-03-31": "", "2007-12-31": 0, "2007-09-30": -0.001, "2007-06-30": -896.971, "2007-03-31": "", "2006-12-31": -14.966, "2006-09-30": -7.456, "2006-06-30": -7.419, "2006-03-31": "", "2005-12-31": -13.387, "2005-09-30": -6.609, "2005-06-30": -6.903, "2005-03-31": ""}}, "financial ratios": {"Current Ratio": {"2019-12-31": "1.73550", "2018-12-31": "1.49300", "2017-12-31": "1.45570", "2016-12-31": "1.22830", "2015-12-31": "1.60280", "2014-12-31": "1.61280", "2013-12-31": "1.38070", "2012-12-31": "1.33450", "2011-12-31": "1.65760", "2010-12-31": "1.63890", "2009-12-31": "1.27000", "2008-12-31": "1.70010", "2007-12-31": "1.29270", "2006-12-31": "1.07150", "2005-12-31": "1.01820"}, "Long-term Debt / Capital": {"2019-12-31": "6.21250", "2018-12-31": "7.66990", "2017-12-31": "8.08450", "2016-12-31": "8.08360", "2015-12-31": "5.72250", "2014-12-31": "5.33770", "2013-12-31": "6.80920", "2012-12-31": "7.64700", "2011-12-31": "6.02740", "2010-12-31": "6.03030", "2009-12-31": "7.55680", "2008-12-31": "6.09120", "2007-12-31": "6.69500", "2006-12-31": "4.22380", "2005-12-31": "3.67010"}, "Debt/Equity Ratio": {"2019-12-31": "-1.20450", "2018-12-31": "-1.16170", "2017-12-31": "-1.15300", "2016-12-31": "-1.16180", "2015-12-31": "-1.24470", "2014-12-31": "-1.23100", "2013-12-31": "-1.19090", "2012-12-31": "-1.16870", "2011-12-31": "-1.19970", "2010-12-31": "-1.19950", "2009-12-31": "-1.19060", "2008-12-31": "-1.19670", "2007-12-31": "-1.18620", "2006-12-31": "-1.31280", "2005-12-31": "-1.44360"}, "Gross Margin": {"2019-12-31": "38.75620", "2018-12-31": "37.94730", "2017-12-31": "31.06160", "2016-12-31": "31.04760", "2015-12-31": "30.81990", "2014-12-31": "29.83030", "2013-12-31": "30.46090", "2012-12-31": "29.86930", "2011-12-31": "28.47830", "2010-12-31": "27.91970", "2009-12-31": "27.56130", "2008-12-31": "25.49000", "2007-12-31": "25.89800", "2006-12-31": "26.75340", "2005-12-31": "25.48880"}, "Operating Margin": {"2019-12-31": "17.39280", "2018-12-31": "16.65340", "2017-12-31": "18.69570", "2016-12-31": "18.36270", "2015-12-31": "18.29160", "2014-12-31": "17.32150", "2013-12-31": "17.41240", "2012-12-31": "16.82110", "2011-12-31": "15.68490", "2010-12-31": "14.49510", "2009-12-31": "13.49730", "2008-12-31": "13.68520", "2007-12-31": "13.25550", "2006-12-31": "14.90250", "2005-12-31": "13.17180"}, "EBIT Margin": {"2019-12-31": "17.39280", "2018-12-31": "16.65340", "2017-12-31": "18.69570", "2016-12-31": "18.36270", "2015-12-31": "18.29160", "2014-12-31": "17.32150", "2013-12-31": "17.41240", "2012-12-31": "16.82110", "2011-12-31": "15.68490", "2010-12-31": "14.49510", "2009-12-31": "13.49730", "2008-12-31": "13.68520", "2007-12-31": "13.25550", "2006-12-31": "14.90250", "2005-12-31": "13.17180"}, "EBITDA Margin": {"2019-12-31": "19.18010", "2018-12-31": "18.45070", "2017-12-31": "20.68080", "2016-12-31": "20.16480", "2015-12-31": "20.31400", "2014-12-31": "19.40460", "2013-12-31": "19.18120", "2012-12-31": "19.07120", "2011-12-31": "17.51470", "2010-12-31": "16.52510", "2009-12-31": "15.89640", "2008-12-31": "16.45550", "2007-12-31": "18.02610", "2006-12-31": "17.38260", "2005-12-31": "15.51600"}, "Pre-Tax Profit Margin": {"2019-12-31": "13.33700", "2018-12-31": "12.48750", "2017-12-31": "14.35280", "2016-12-31": "13.93890", "2015-12-31": "13.81510", "2014-12-31": "12.97120", "2013-12-31": "12.49010", "2012-12-31": "10.79500", "2011-12-31": "10.15660", "2010-12-31": "8.84500", "2009-12-31": "9.65220", "2008-12-31": "5.81500", "2007-12-31": "3.79790", "2006-12-31": "11.16140", "2005-12-31": "11.46150"}, "Net Profit Margin": {"2019-12-31": "11.07310", "2018-12-31": "10.54430", "2017-12-31": "9.96800", "2016-12-31": "8.68220", "2015-12-31": "8.69780", "2014-12-31": "8.15450", "2013-12-31": "7.93380", "2012-12-31": "6.69620", "2011-12-31": "6.37700", "2010-12-31": "5.59660", "2009-12-31": "5.67950", "2008-12-31": "3.78710", "2007-12-31": "2.58960", "2006-12-31": "7.39060", "2005-12-31": "7.16340"}, "Asset Turnover": {"2019-12-31": "2.61830", "2018-12-31": "3.78330", "2017-12-31": "3.33190", "2016-12-31": "3.45200", "2015-12-31": "2.77120", "2014-12-31": "3.34350", "2013-12-31": "3.43110", "2012-12-31": "3.50990", "2011-12-31": "3.43820", "2010-12-31": "3.40880", "2009-12-31": "3.09430", "2008-12-31": "3.07270", "2007-12-31": "3.09170", "2006-12-31": "3.78040", "2005-12-31": "3.27840"}, "Inventory Turnover Ratio": {"2019-12-31": "41.85200", "2018-12-31": "46.33360", "2017-12-31": "48.09660", "2016-12-31": "42.43140", "2015-12-31": "41.59940", "2014-12-31": "36.87190", "2013-12-31": "41.33270", "2012-12-31": "37.89640", "2011-12-31": "38.48860", "2010-12-31": "41.94030", "2009-12-31": "39.28470", "2008-12-31": "43.62230", "2007-12-31": "43.48070", "2006-12-31": "46.16880", "2005-12-31": "46.48220"}, "Receiveable Turnover": {"2019-12-31": "17.21100", "2018-12-31": "18.05910", "2017-12-31": "16.05270", "2016-12-31": "16.44370", "2015-12-31": "16.84520", "2014-12-31": "16.84050", "2013-12-31": "17.03760", "2012-12-31": "17.83620", "2011-12-31": "18.94720", "2010-12-31": "19.53610", "2009-12-31": "18.40830", "2008-12-31": "20.53770", "2007-12-31": "21.37260", "2006-12-31": "21.87800", "2005-12-31": "20.30710"}, "Days Sales In Receivables": {"2019-12-31": "21.20740", "2018-12-31": "20.21150", "2017-12-31": "22.73770", "2016-12-31": "22.19690", "2015-12-31": "21.66790", "2014-12-31": "21.67390", "2013-12-31": "21.42320", "2012-12-31": "20.46400", "2011-12-31": "19.26410", "2010-12-31": "18.68340", "2009-12-31": "19.82800", "2008-12-31": "17.77220", "2007-12-31": "17.07790", "2006-12-31": "16.68340", "2005-12-31": "17.97400"}, "ROE - Return On Equity": {"2019-12-31": "-11.73120", "2018-12-31": "-11.90730", "2017-12-31": "-10.15960", "2016-12-31": "-11.40000", "2015-12-31": "-10.70900", "2014-12-31": "-13.33270", "2013-12-31": "-11.08240", "2012-12-31": "-8.41560", "2011-12-31": "-8.70940", "2010-12-31": "-7.26200", "2009-12-31": "-6.03670", "2008-12-31": "-3.78840", "2007-12-31": "-2.61230", "2006-12-31": "-18.80480", "2005-12-31": "-21.19080"}, "Return On Tangible Equity": {"2019-12-31": "-11.67960", "2018-12-31": "-11.84910", "2017-12-31": "-10.10270", "2016-12-31": "-11.30360", "2015-12-31": "-10.61410", "2014-12-31": "-13.15680", "2013-12-31": "-10.94160", "2012-12-31": "-8.31230", "2011-12-31": "-8.59120", "2010-12-31": "-7.15930", "2009-12-31": "-5.95730", "2008-12-31": "-3.74200", "2007-12-31": "-2.57540", "2006-12-31": "-18.12090", "2005-12-31": "-20.31290"}, "ROA - Return On Assets": {"2019-12-31": "28.99290", "2018-12-31": "39.89180", "2017-12-31": "33.21230", "2016-12-31": "29.97060", "2015-12-31": "24.10330", "2014-12-31": "27.26450", "2013-12-31": "27.22200", "2012-12-31": "23.50330", "2011-12-31": "21.92540", "2010-12-31": "19.07770", "2009-12-31": "17.57400", "2008-12-31": "11.63690", "2007-12-31": "8.00610", "2006-12-31": "27.93960", "2005-12-31": "23.48470"}, "ROI - Return On Investment": {"2019-12-31": "61.14930", "2018-12-31": "79.41990", "2017-12-31": "71.97640", "2016-12-31": "80.75240", "2015-12-31": "50.57300", "2014-12-31": "57.83260", "2013-12-31": "64.37960", "2012-12-31": "55.93870", "2011-12-31": "43.78550", "2010-12-31": "36.53010", "2009-12-31": "39.58130", "2008-12-31": "19.28770", "2007-12-31": "14.87720", "2006-12-31": "60.62250", "2005-12-31": "56.58170"}, "Book Value Per Share": {"2019-12-31": "-87.73200", "2018-12-31": "-74.18420", "2017-12-31": "-63.76480", "2016-12-31": "-39.15060", "2015-12-31": "-36.12210", "2014-12-31": "-21.95140", "2013-12-31": "-23.13480", "2012-12-31": "-23.71610", "2011-12-31": "-20.95110", "2010-12-31": "-20.13090", "2009-12-31": "-22.55300", "2008-12-31": "-25.00040", "2007-12-31": "-24.30470", "2006-12-31": "-9.46770", "2005-12-31": "-7.60580"}, "Operating Cash Flow Per Share": {"2019-12-31": 2.7572, "2018-12-31": 1.9391, "2017-12-31": 1.2995, "2016-12-31": 0.6038, "2015-12-31": 1.8758, "2014-12-31": 0.0177, "2013-12-31": 0.3722, "2012-12-31": 0.5058, "2011-12-31": 0.3727, "2010-12-31": 0.3588, "2009-12-31": 0.4613, "2008-12-31": -0.0299, "2007-12-31": -0.7409, "2006-12-31": 0.0042, "2005-12-31": 2.0566}, "Free Cash Flow Per Share": {"2019-12-31": 3.5823, "2018-12-31": 1.1099, "2017-12-31": 0.629, "2016-12-31": 0.4402, "2015-12-31": 2.0357, "2014-12-31": -0.3529, "2013-12-31": 0.1179, "2012-12-31": 0.3575, "2011-12-31": 0.4486, "2010-12-31": 0.3168, "2009-12-31": -0.0319, "2008-12-31": 0.7973, "2007-12-31": -1.3154, "2006-12-31": 0.2748, "2005-12-31": 1.6955}}, "financial ratios, quarterly": {"Current Ratio": {"2020-09-30": "1.95800", "2020-06-30": "2.01600", "2020-03-31": "1.75680", "2019-12-31": "1.73550", "2019-09-30": "1.43700", "2019-06-30": "1.55830", "2019-03-31": "1.43330", "2018-12-31": "1.49300", "2018-09-30": "1.60890", "2018-06-30": "1.80950", "2018-03-31": "1.39420", "2017-12-31": "1.45570", "2017-09-30": "1.48690", "2017-06-30": "1.59570", "2017-03-31": "1.43090", "2016-12-31": "1.22830", "2016-09-30": "1.15120", "2016-06-30": "1.26270", "2016-03-31": "1.87720", "2015-12-31": "1.60280", "2015-09-30": "1.44810", "2015-06-30": "1.50250", "2015-03-31": "1.62010", "2014-12-31": "1.61280", "2014-09-30": "1.51250", "2014-06-30": "1.48600", "2014-03-31": "1.47200", "2013-12-31": "1.38070", "2013-09-30": "1.34120", "2013-06-30": "1.32220", "2013-03-31": "1.38000", "2012-12-31": "1.33450", "2012-09-30": "1.37330", "2012-06-30": "1.26240", "2012-03-31": "1.15930", "2011-12-31": "1.65760", "2011-09-30": "1.69280", "2011-06-30": "1.97400", "2011-03-31": "1.98100", "2010-12-31": "1.63890", "2010-09-30": "1.65370", "2010-06-30": "1.52850", "2010-03-31": "1.55450", "2009-12-31": "1.27000", "2009-09-30": "1.67950", "2009-06-30": "1.71130", "2009-03-31": "1.56060", "2008-12-31": "1.70010", "2008-09-30": "1.59960", "2008-06-30": "1.47240", "2008-03-31": "1.36260", "2007-12-31": "1.29270", "2007-09-30": "1.46200", "2007-06-30": "1.58810", "2007-03-31": "1.27210", "2006-12-31": "1.07150", "2006-09-30": "0.87330", "2006-06-30": "1.02600", "2006-03-31": "0.93890", "2005-12-31": "1.01820", "2005-09-30": "1.01640", "2005-06-30": "0.88650", "2005-03-31": "1.15190"}, "Long-term Debt / Capital": {"2020-09-30": "4.77540", "2020-06-30": "4.88200", "2020-03-31": "6.07050", "2019-12-31": "6.21250", "2019-09-30": "7.22680", "2019-06-30": "6.68680", "2019-03-31": "7.29460", "2018-12-31": "7.66990", "2018-09-30": "7.41070", "2018-06-30": "6.76890", "2018-03-31": "9.00070", "2017-12-31": "8.08450", "2017-09-30": "8.62420", "2017-06-30": "5.77700", "2017-03-31": "6.69370", "2016-12-31": "8.08360", "2016-09-30": "9.77120", "2016-06-30": "8.64610", "2016-03-31": "4.90470", "2015-12-31": "5.72250", "2015-09-30": "5.62230", "2015-06-30": "5.42500", "2015-03-31": "4.86950", "2014-12-31": "5.33770", "2014-09-30": "6.29650", "2014-06-30": "6.50680", "2014-03-31": "6.34750", "2013-12-31": "6.80920", "2013-09-30": "7.73860", "2013-06-30": "7.79240", "2013-03-31": "7.39190", "2012-12-31": "7.64700", "2012-09-30": "7.83040", "2012-06-30": "8.62910", "2012-03-31": "8.22900", "2011-12-31": "6.02740", "2011-09-30": "6.31520", "2011-06-30": "5.19010", "2011-03-31": "5.12110", "2010-12-31": "6.03030", "2010-09-30": "6.32830", "2010-06-30": "6.70270", "2010-03-31": "6.73150", "2009-12-31": "7.55680", "2009-09-30": "6.41150", "2009-06-30": "6.18550", "2009-03-31": "6.35660", "2008-12-31": "6.09120", "2008-09-30": "6.38000", "2008-06-30": "6.39920", "2008-03-31": "6.70770", "2007-12-31": "6.69500", "2007-09-30": "6.30000", "2007-06-30": "6.19760", "2007-03-31": "3.50670", "2006-12-31": "4.22380", "2006-09-30": "4.99700", "2006-06-30": "4.39650", "2006-03-31": "4.73820", "2005-12-31": "3.67010", "2005-09-30": "3.76370", "2005-06-30": "4.18860", "2005-03-31": "3.32530"}, "Debt/Equity Ratio": {"2020-09-30": "-1.27850", "2020-06-30": "-1.27070", "2020-03-31": "-1.21000", "2019-12-31": "-1.20450", "2019-09-30": "-1.17280", "2019-06-30": "-1.18820", "2019-03-31": "-1.17090", "2018-12-31": "-1.16170", "2018-09-30": "-1.16800", "2018-06-30": "-1.18550", "2018-03-31": "-1.13670", "2017-12-31": "-1.15300", "2017-09-30": "-1.14280", "2017-06-30": "-1.20950", "2017-03-31": "-1.17580", "2016-12-31": "-1.16180", "2016-09-30": "-1.15220", "2016-06-30": "-1.15630", "2016-03-31": "-1.28010", "2015-12-31": "-1.24470", "2015-09-30": "-1.21650", "2015-06-30": "-1.22620", "2015-03-31": "-1.25860", "2014-12-31": "-1.23100", "2014-09-30": "-1.18920", "2014-06-30": "-1.18200", "2014-03-31": "-1.20600", "2013-12-31": "-1.19090", "2013-09-30": "-1.16670", "2013-06-30": "-1.16540", "2013-03-31": "-1.17470", "2012-12-31": "-1.16870", "2012-09-30": "-1.16460", "2012-06-30": "-1.14900", "2012-03-31": "-1.15630", "2011-12-31": "-1.19970", "2011-09-30": "-1.18890", "2011-06-30": "-1.23940", "2011-03-31": "-1.24340", "2010-12-31": "-1.19950", "2010-09-30": "-1.18830", "2010-06-30": "-1.18370", "2010-03-31": "-1.17490", "2009-12-31": "-1.19060", "2009-09-30": "-1.20060", "2009-06-30": "-1.20770", "2009-03-31": "-1.20480", "2008-12-31": "-1.19670", "2008-09-30": "-1.18610", "2008-06-30": "-1.18540", "2008-03-31": "-1.17540", "2007-12-31": "-1.18620", "2007-09-30": "-1.18890", "2007-06-30": "-1.19260", "2007-03-31": "-1.40000", "2006-12-31": "-1.31280", "2006-09-30": "-1.25070", "2006-06-30": "-1.29490", "2006-03-31": "-1.26800", "2005-12-31": "-1.44360", "2005-09-30": "-1.36670", "2005-06-30": "-1.34230", "2005-03-31": "-1.43060"}, "Gross Margin": {"2020-09-30": "37.40560", "2020-06-30": "38.81330", "2020-03-31": "38.95960", "2019-12-31": "38.88270", "2019-09-30": "38.52900", "2019-06-30": "39.01590", "2019-03-31": "38.55300", "2018-12-31": "38.25360", "2018-09-30": "37.56900", "2018-06-30": "37.66760", "2018-03-31": "38.18130", "2017-12-31": "31.50300", "2017-09-30": "30.83670", "2017-06-30": "30.67800", "2017-03-31": "31.04950", "2016-12-31": "31.08650", "2016-09-30": "30.68820", "2016-06-30": "31.39510", "2016-03-31": "31.01330", "2015-12-31": "31.22560", "2015-09-30": "29.28720", "2015-06-30": "31.24540", "2015-03-31": "31.28640", "2014-12-31": "29.48360", "2014-09-30": "29.89780", "2014-06-30": "29.89040", "2014-03-31": "30.19530", "2013-12-31": "30.45590", "2013-09-30": "29.85620", "2013-06-30": "30.43100", "2013-03-31": "31.08260", "2012-12-31": "29.77390", "2012-09-30": "29.46680", "2012-06-30": "30.47050", "2012-03-31": "29.81090", "2011-12-31": "28.87050", "2011-09-30": "27.46530", "2011-06-30": "28.75670", "2011-03-31": "28.67680", "2010-12-31": "28.35720", "2010-09-30": "27.10310", "2010-06-30": "27.68620", "2010-03-31": "28.33510", "2009-12-31": "27.87950", "2009-09-30": "27.46840", "2009-06-30": "27.14790", "2009-03-31": "27.59770", "2008-12-31": "25.39830", "2008-09-30": "24.32720", "2008-06-30": "26.24790", "2008-03-31": "25.96810", "2007-12-31": "25.11290", "2007-09-30": "24.88100", "2007-06-30": "26.99680", "2007-03-31": "26.83890", "2006-12-31": "26.58030", "2006-09-30": "26.25870", "2006-06-30": "27.08390", "2006-03-31": "27.12320", "2005-12-31": "25.65900", "2005-09-30": "25.62740", "2005-06-30": "25.47860", "2005-03-31": "25.16120"}, "Operating Margin": {"2020-09-30": "16.75910", "2020-06-30": "17.78030", "2020-03-31": "17.84830", "2019-12-31": "17.72940", "2019-09-30": "17.42530", "2019-06-30": "17.11620", "2019-03-31": "17.16630", "2018-12-31": "16.60010", "2018-09-30": "16.84960", "2018-06-30": "16.18500", "2018-03-31": "16.99530", "2017-12-31": "19.65780", "2017-09-30": "18.19020", "2017-06-30": "17.95500", "2017-03-31": "18.58870", "2016-12-31": "18.39290", "2016-09-30": "17.80750", "2016-06-30": "18.94630", "2016-03-31": "18.30800", "2015-12-31": "18.67450", "2015-09-30": "16.61720", "2015-06-30": "18.87570", "2015-03-31": "18.77450", "2014-12-31": "16.00160", "2014-09-30": "17.22940", "2014-06-30": "18.06210", "2014-03-31": "18.54680", "2013-12-31": "17.23940", "2013-09-30": "16.52670", "2013-06-30": "17.83560", "2013-03-31": "18.08480", "2012-12-31": "16.31420", "2012-09-30": "16.29770", "2012-06-30": "17.48840", "2012-03-31": "17.39400", "2011-12-31": "15.17360", "2011-09-30": "14.84190", "2011-06-30": "16.11860", "2011-03-31": "16.73030", "2010-12-31": "14.04000", "2010-09-30": "13.88190", "2010-06-30": "15.05200", "2010-03-31": "15.09740", "2009-12-31": "13.79120", "2009-09-30": "13.36240", "2009-06-30": "12.72900", "2009-03-31": "13.95710", "2008-12-31": "12.11940", "2008-09-30": "12.43460", "2008-06-30": "16.01690", "2008-03-31": "14.55700", "2007-12-31": "12.58420", "2007-09-30": "12.97320", "2007-06-30": "12.72420", "2007-03-31": "14.95100", "2006-12-31": "14.51890", "2006-09-30": "15.52430", "2006-06-30": "14.15720", "2006-03-31": "15.50130", "2005-12-31": "12.76530", "2005-09-30": "13.18810", "2005-06-30": "13.30090", "2005-03-31": "13.53860"}, "EBIT Margin": {"2020-09-30": "16.75910", "2020-06-30": "17.78030", "2020-03-31": "17.84830", "2019-12-31": "17.72940", "2019-09-30": "17.42530", "2019-06-30": "17.11620", "2019-03-31": "17.16630", "2018-12-31": "16.60020", "2018-09-30": "16.84960", "2018-06-30": "16.18500", "2018-03-31": "16.99530", "2017-12-31": "19.65780", "2017-09-30": "18.19020", "2017-06-30": "17.95500", "2017-03-31": "18.58870", "2016-12-31": "18.39290", "2016-09-30": "17.80750", "2016-06-30": "18.94630", "2016-03-31": "18.30800", "2015-12-31": "18.67450", "2015-09-30": "16.61720", "2015-06-30": "18.87570", "2015-03-31": "18.77450", "2014-12-31": "16.00160", "2014-09-30": "17.22940", "2014-06-30": "18.06210", "2014-03-31": "18.54680", "2013-12-31": "17.23940", "2013-09-30": "16.52670", "2013-06-30": "17.83560", "2013-03-31": "18.08480", "2012-12-31": "16.31430", "2012-09-30": "16.29770", "2012-06-30": "17.48840", "2012-03-31": "17.39400", "2011-12-31": "15.17360", "2011-09-30": "14.84190", "2011-06-30": "16.11860", "2011-03-31": "16.73030", "2010-12-31": "14.04000", "2010-09-30": "13.88190", "2010-06-30": "15.05200", "2010-03-31": "15.09740", "2009-12-31": "13.79120", "2009-09-30": "13.36240", "2009-06-30": "12.72900", "2009-03-31": "13.95710", "2008-12-31": "12.11940", "2008-09-30": "12.43460", "2008-06-30": "16.01690", "2008-03-31": "14.55700", "2007-12-31": "12.58420", "2007-09-30": "12.97320", "2007-06-30": "12.72420", "2007-03-31": "14.95100", "2006-12-31": "14.51890", "2006-09-30": "15.52430", "2006-06-30": "14.15720", "2006-03-31": "15.50130", "2005-12-31": "12.76530", "2005-09-30": "13.18810", "2005-06-30": "13.30090", "2005-03-31": "13.53860"}, "EBITDA Margin": {"2020-09-30": "", "2020-06-30": "", "2020-03-31": "", "2019-12-31": "", "2019-09-30": "", "2019-06-30": "", "2019-03-31": "", "2018-12-31": "", "2018-09-30": "", "2018-06-30": "", "2018-03-31": "", "2017-12-31": "", "2017-09-30": "", "2017-06-30": "", "2017-03-31": "", "2016-12-31": "", "2016-09-30": "", "2016-06-30": "", "2016-03-31": "", "2015-12-31": "", "2015-09-30": "", "2015-06-30": "", "2015-03-31": "", "2014-12-31": "", "2014-09-30": "", "2014-06-30": "", "2014-03-31": "", "2013-12-31": "", "2013-09-30": "", "2013-06-30": "", "2013-03-31": "", "2012-12-31": "", "2012-09-30": "", "2012-06-30": "", "2012-03-31": "", "2011-12-31": "", "2011-09-30": "", "2011-06-30": "", "2011-03-31": "", "2010-12-31": "", "2010-09-30": "", "2010-06-30": "", "2010-03-31": "", "2009-12-31": "", "2009-09-30": "", "2009-06-30": "", "2009-03-31": "", "2008-12-31": "", "2008-09-30": "", "2008-06-30": "", "2008-03-31": "", "2007-12-31": "", "2007-09-30": "", "2007-06-30": "", "2007-03-31": "", "2006-12-31": "", "2006-09-30": "", "2006-06-30": "", "2006-03-31": "", "2005-12-31": "", "2005-09-30": "", "2005-06-30": "", "2005-03-31": ""}, "Pre-Tax Profit Margin": {"2020-09-30": "12.79020", "2020-06-30": "13.53180", "2020-03-31": "13.43440", "2019-12-31": "13.67150", "2019-09-30": "13.43120", "2019-06-30": "13.05730", "2019-03-31": "13.05600", "2018-12-31": "12.43500", "2018-09-30": "12.62750", "2018-06-30": "11.70100", "2018-03-31": "13.20010", "2017-12-31": "15.31740", "2017-09-30": "13.13630", "2017-06-30": "14.08380", "2017-03-31": "14.50040", "2016-12-31": "14.31600", "2016-09-30": "13.37870", "2016-06-30": "14.37710", "2016-03-31": "13.50990", "2015-12-31": "13.23920", "2015-09-30": "12.50850", "2015-06-30": "14.99690", "2015-03-31": "14.77650", "2014-12-31": "11.85400", "2014-09-30": "12.76160", "2014-06-30": "13.66130", "2014-03-31": "14.07510", "2013-12-31": "12.45780", "2013-09-30": "11.49690", "2013-06-30": "12.90910", "2013-03-31": "13.07950", "2012-12-31": "11.17500", "2012-09-30": "10.83620", "2012-06-30": "11.99420", "2012-03-31": "9.04840", "2011-12-31": "9.57950", "2011-09-30": "9.28180", "2011-06-30": "10.67100", "2011-03-31": "11.23760", "2010-12-31": "7.88700", "2010-09-30": "7.83220", "2010-06-30": "9.47010", "2010-03-31": "10.38020", "2009-12-31": "8.29500", "2009-09-30": "9.98030", "2009-06-30": "8.62930", "2009-03-31": "12.30190", "2008-12-31": "3.77310", "2008-09-30": "4.49920", "2008-06-30": "8.56120", "2008-03-31": "6.94130", "2007-12-31": "4.82660", "2007-09-30": "5.40940", "2007-06-30": "0.65910", "2007-03-31": "3.99180", "2006-12-31": "10.82750", "2006-09-30": "11.47770", "2006-06-30": "10.25900", "2006-03-31": "12.13300", "2005-12-31": "14.21390", "2005-09-30": "9.75450", "2005-06-30": "10.27860", "2005-03-31": "10.72480"}, "Net Profit Margin": {"2020-09-30": "10.24360", "2020-06-30": "12.89840", "2020-03-31": "13.92760", "2019-12-31": "11.24240", "2019-09-30": "10.52290", "2019-06-30": "11.37920", "2019-03-31": "11.08300", "2018-12-31": "10.31680", "2018-09-30": "10.69960", "2018-06-30": "9.93180", "2018-03-31": "11.31020", "2017-12-31": "10.46840", "2017-09-30": "8.75770", "2017-06-30": "10.45810", "2017-03-31": "10.00760", "2016-12-31": "8.87610", "2016-09-30": "8.33490", "2016-06-30": "9.00010", "2016-03-31": "8.42970", "2015-12-31": "8.46740", "2015-09-30": "7.80530", "2015-06-30": "9.39560", "2015-03-31": "9.22040", "2014-12-31": "7.47070", "2014-09-30": "7.97590", "2014-06-30": "8.53830", "2014-03-31": "8.91790", "2013-12-31": "7.88340", "2013-09-30": "7.58120", "2013-06-30": "8.03610", "2013-03-31": "8.24200", "2012-12-31": "6.96360", "2012-09-30": "6.87060", "2012-06-30": "7.46960", "2012-03-31": "5.39330", "2011-12-31": "6.16070", "2011-09-30": "5.87020", "2011-06-30": "6.55910", "2011-03-31": "6.96610", "2010-12-31": "5.03640", "2010-09-30": "4.77850", "2010-06-30": "6.24300", "2010-03-31": "6.43320", "2009-12-31": "5.10240", "2009-09-30": "5.88970", "2009-06-30": "4.58800", "2009-03-31": "7.38590", "2008-12-31": "2.57520", "2008-09-30": "3.12000", "2008-06-30": "5.60200", "2008-03-31": "4.16470", "2007-12-31": "3.62740", "2007-09-30": "3.25840", "2007-06-30": "0.68090", "2007-03-31": "2.47490", "2006-12-31": "7.13260", "2006-09-30": "7.50730", "2006-06-30": "7.47720", "2006-03-31": "7.52240", "2005-12-31": "8.78820", "2005-09-30": "6.00870", "2005-06-30": "6.66400", "2005-03-31": "6.67630"}, "Asset Turnover": {"2020-09-30": "0.59700", "2020-06-30": "0.58170", "2020-03-31": "0.62820", "2019-12-31": "0.83230", "2019-09-30": "0.70740", "2019-06-30": "0.68950", "2019-03-31": "0.72800", "2018-12-31": "1.19260", "2018-09-30": "0.86170", "2018-06-30": "0.81650", "2018-03-31": "0.98380", "2017-12-31": "1.06540", "2017-09-30": "0.78850", "2017-06-30": "0.80410", "2017-03-31": "0.84070", "2016-12-31": "1.14400", "2016-09-30": "0.83750", "2016-06-30": "0.83910", "2016-03-31": "0.65690", "2015-12-31": "0.92670", "2015-09-30": "0.80350", "2015-06-30": "0.81720", "2015-03-31": "0.78810", "2014-12-31": "1.07820", "2014-09-30": "0.87410", "2014-06-30": "0.90880", "2014-03-31": "0.86560", "2013-12-31": "1.07860", "2013-09-30": "0.86240", "2013-06-30": "0.88310", "2013-03-31": "0.87630", "2012-12-31": "1.12850", "2012-09-30": "0.85740", "2012-06-30": "0.88580", "2012-03-31": "0.63960", "2011-12-31": "1.04410", "2011-09-30": "0.85880", "2011-06-30": "0.79040", "2011-03-31": "0.79840", "2010-12-31": "1.04150", "2010-09-30": "0.81610", "2010-06-30": "0.86580", "2010-03-31": "0.89130", "2009-12-31": "1.02010", "2009-09-30": "0.68220", "2009-06-30": "0.68540", "2009-03-31": "0.67980", "2008-12-31": "0.92320", "2008-09-30": "0.73400", "2008-06-30": "0.71790", "2008-03-31": "0.74860", "2007-12-31": "0.94250", "2007-09-30": "0.67850", "2007-06-30": "0.71780", "2007-03-31": "0.80660", "2006-12-31": "1.14480", "2006-09-30": "0.90830", "2006-06-30": "0.82970", "2006-03-31": "0.89860", "2005-12-31": "0.99200", "2005-09-30": "0.81510", "2005-06-30": "0.82680", "2005-03-31": "0.82140"}, "Inventory Turnover Ratio": {"2020-09-30": "9.24800", "2020-06-30": "8.42080", "2020-03-31": "10.87420", "2019-12-31": "13.27660", "2019-09-30": "9.89140", "2019-06-30": "11.17810", "2019-03-31": "11.24800", "2018-12-31": "14.53360", "2018-09-30": "11.84660", "2018-06-30": "12.09670", "2018-03-31": "11.77580", "2017-12-31": "15.28130", "2017-09-30": "12.00130", "2017-06-30": "11.56980", "2017-03-31": "11.23000", "2016-12-31": "14.05390", "2016-09-30": "10.11420", "2016-06-30": "10.29540", "2016-03-31": "9.51110", "2015-12-31": "13.82880", "2015-09-30": "8.60600", "2015-06-30": "9.25920", "2015-03-31": "9.10210", "2014-12-31": "11.94880", "2014-09-30": "8.89030", "2014-06-30": "9.41560", "2014-03-31": "9.43500", "2013-12-31": "12.99430", "2013-09-30": "9.35920", "2013-06-30": "10.28800", "2013-03-31": "9.62060", "2012-12-31": "12.20100", "2012-09-30": "9.96450", "2012-06-30": "9.83700", "2012-03-31": "10.08400", "2011-12-31": "11.62440", "2011-09-30": "10.60730", "2011-06-30": "9.57300", "2011-03-31": "9.36410", "2010-12-31": "12.73670", "2010-09-30": "9.95260", "2010-06-30": "9.46950", "2010-03-31": "10.27800", "2009-12-31": "12.89430", "2009-09-30": "8.34240", "2009-06-30": "9.15910", "2009-03-31": "8.05240", "2008-12-31": "13.12220", "2008-09-30": "9.70350", "2008-06-30": "11.08610", "2008-03-31": "11.34210", "2007-12-31": "13.39510", "2007-09-30": "10.77660", "2007-06-30": "11.50370", "2007-03-31": "11.66100", "2006-12-31": "14.01410", "2006-09-30": "12.60680", "2006-06-30": "11.82640", "2006-03-31": "12.84390", "2005-12-31": "14.03310", "2005-09-30": "10.82450", "2005-06-30": "12.80550", "2005-03-31": "13.03070"}, "Receiveable Turnover": {"2020-09-30": "4.21840", "2020-06-30": "3.96370", "2020-03-31": "3.98310", "2019-12-31": "5.47110", "2019-09-30": "4.42720", "2019-06-30": "4.43760", "2019-03-31": "4.30770", "2018-12-31": "5.69270", "2018-09-30": "4.61670", "2018-06-30": "4.26330", "2018-03-31": "4.50290", "2017-12-31": "5.13310", "2017-09-30": "4.16660", "2017-06-30": "4.14540", "2017-03-31": "4.13580", "2016-12-31": "5.44950", "2016-09-30": "4.10320", "2016-06-30": "4.12980", "2016-03-31": "4.13100", "2015-12-31": "5.63290", "2015-09-30": "4.31230", "2015-06-30": "4.31160", "2015-03-31": "4.25140", "2014-12-31": "5.43060", "2014-09-30": "4.31300", "2014-06-30": "4.25090", "2014-03-31": "4.36900", "2013-12-31": "5.35600", "2013-09-30": "4.35560", "2013-06-30": "4.40500", "2013-03-31": "4.63220", "2012-12-31": "5.73470", "2012-09-30": "4.35760", "2012-06-30": "4.39800", "2012-03-31": "4.80330", "2011-12-31": "5.75400", "2011-09-30": "4.63760", "2011-06-30": "4.56480", "2011-03-31": "4.64160", "2010-12-31": "5.96900", "2010-09-30": "4.58080", "2010-06-30": "4.73330", "2010-03-31": "5.07860", "2009-12-31": "6.06880", "2009-09-30": "4.66650", "2009-06-30": "4.88210", "2009-03-31": "4.84240", "2008-12-31": "6.17040", "2008-09-30": "4.66020", "2008-06-30": "4.63660", "2008-03-31": "4.88960", "2007-12-31": "6.51520", "2007-09-30": "4.95800", "2007-06-30": "4.90830", "2007-03-31": "5.38860", "2006-12-31": "6.62520", "2006-09-30": "4.90840", "2006-06-30": "4.73320", "2006-03-31": "4.91700", "2005-12-31": "6.14480", "2005-09-30": "4.95740", "2005-06-30": "5.11960", "2005-03-31": "5.06010"}, "Days Sales In Receivables": {"2020-09-30": "21.33500", "2020-06-30": "22.70620", "2020-03-31": "22.59520", "2019-12-31": "16.45010", "2019-09-30": "20.32900", "2019-06-30": "20.28140", "2019-03-31": "20.89300", "2018-12-31": "15.80970", "2018-09-30": "19.49450", "2018-06-30": "21.11050", "2018-03-31": "19.98730", "2017-12-31": "17.53310", "2017-09-30": "21.60010", "2017-06-30": "21.71090", "2017-03-31": "21.76130", "2016-12-31": "16.51530", "2016-09-30": "21.93420", "2016-06-30": "21.79260", "2016-03-31": "21.78660", "2015-12-31": "15.97770", "2015-09-30": "20.87040", "2015-06-30": "20.87410", "2015-03-31": "21.16950", "2014-12-31": "16.57290", "2014-09-30": "20.86720", "2014-06-30": "21.17220", "2014-03-31": "20.59990", "2013-12-31": "16.80370", "2013-09-30": "20.66290", "2013-06-30": "20.43150", "2013-03-31": "19.42940", "2012-12-31": "15.69400", "2012-09-30": "20.65340", "2012-06-30": "20.46370", "2012-03-31": "18.73710", "2011-12-31": "15.64130", "2011-09-30": "19.40640", "2011-06-30": "19.71600", "2011-03-31": "19.39000", "2010-12-31": "15.07780", "2010-09-30": "19.64730", "2010-06-30": "19.01420", "2010-03-31": "17.72130", "2009-12-31": "14.83010", "2009-09-30": "19.28650", "2009-06-30": "18.43480", "2009-03-31": "18.58600", "2008-12-31": "14.58570", "2008-09-30": "19.31260", "2008-06-30": "19.41090", "2008-03-31": "18.40630", "2007-12-31": "13.81380", "2007-09-30": "18.15250", "2007-06-30": "18.33620", "2007-03-31": "16.70190", "2006-12-31": "13.58450", "2006-09-30": "18.33590", "2006-06-30": "19.01460", "2006-03-31": "18.30400", "2005-12-31": "14.64660", "2005-09-30": "18.15490", "2005-06-30": "17.57960", "2005-03-31": "17.78610"}, "ROE - Return On Equity": {"2020-09-30": "-3.08670", "2020-06-30": "-3.61470", "2020-03-31": "-3.58480", "2019-12-31": "-3.78620", "2019-09-30": "-2.94220", "2019-06-30": "-3.18010", "2019-03-31": "-3.11410", "2018-12-31": "-3.67250", "2018-09-30": "-2.82790", "2018-06-30": "-2.64260", "2018-03-31": "-3.20580", "2017-12-31": "-3.41180", "2017-09-30": "-2.03840", "2017-06-30": "-3.64610", "2017-03-31": "-3.37000", "2016-12-31": "-3.86240", "2016-09-30": "-2.43950", "2016-06-30": "-2.57270", "2016-03-31": "-2.62680", "2015-12-31": "-3.48610", "2015-09-30": "-3.01220", "2015-06-30": "-3.68550", "2015-03-31": "-3.81430", "2014-12-31": "-3.93890", "2014-09-30": "-2.77890", "2014-06-30": "-2.98230", "2014-03-31": "-3.18960", "2013-12-31": "-3.46170", "2013-09-30": "-2.31680", "2013-06-30": "-2.50380", "2013-03-31": "-2.60090", "2012-12-31": "-2.81380", "2012-09-30": "-1.93050", "2012-06-30": "-2.05210", "2012-03-31": "-1.51880", "2011-12-31": "-2.55520", "2011-09-30": "-1.80930", "2011-06-30": "-2.15540", "2011-03-31": "-2.32170", "2010-12-31": "-1.99670", "2010-09-30": "-1.33670", "2010-06-30": "-1.79120", "2010-03-31": "-1.90080", "2009-12-31": "-1.78790", "2009-09-30": "-1.32050", "2009-06-30": "-1.05830", "2009-03-31": "-1.70190", "2008-12-31": "-0.77400", "2008-09-30": "-0.70240", "2008-06-30": "-1.30230", "2008-03-31": "-0.97340", "2007-12-31": "-1.11550", "2007-09-30": "-0.76630", "2007-06-30": "-0.16160", "2007-03-31": "-1.49650", "2006-12-31": "-5.49570", "2006-09-30": "-4.13950", "2006-06-30": "-4.02320", "2006-03-31": "-4.13890", "2005-12-31": "-7.86660", "2005-09-30": "-3.67090", "2005-06-30": "-4.02720", "2005-03-31": "-4.69590"}, "Return On Tangible Equity": {"2020-09-30": "-3.07230", "2020-06-30": "-3.59820", "2020-03-31": "-3.56890", "2019-12-31": "-3.76950", "2019-09-30": "-2.92870", "2019-06-30": "-3.16530", "2019-03-31": "-3.09860", "2018-12-31": "-3.65460", "2018-09-30": "-2.81380", "2018-06-30": "-2.62890", "2018-03-31": "-3.18800", "2017-12-31": "-3.39270", "2017-09-30": "-2.02660", "2017-06-30": "-3.61390", "2017-03-31": "-3.34100", "2016-12-31": "-3.82970", "2016-09-30": "-2.41940", "2016-06-30": "-2.55130", "2016-03-31": "-2.60260", "2015-12-31": "-3.45520", "2015-09-30": "-2.97390", "2015-06-30": "-3.63830", "2015-03-31": "-3.76370", "2014-12-31": "-3.88690", "2014-09-30": "-2.74440", "2014-06-30": "-2.94550", "2014-03-31": "-3.14960", "2013-12-31": "-3.41770", "2013-09-30": "-2.28810", "2013-06-30": "-2.47290", "2013-03-31": "-2.56870", "2012-12-31": "-2.77930", "2012-09-30": "-1.90700", "2012-06-30": "-2.02750", "2012-03-31": "-1.50050", "2011-12-31": "-2.52050", "2011-09-30": "-1.78500", "2011-06-30": "-2.12470", "2011-03-31": "-2.28850", "2010-12-31": "-1.96850", "2010-09-30": "-1.31820", "2010-06-30": "-1.76690", "2010-03-31": "-1.87550", "2009-12-31": "-1.76440", "2009-09-30": "-1.30360", "2009-06-30": "-1.04490", "2009-03-31": "-1.68060", "2008-12-31": "-0.76450", "2008-09-30": "-0.69360", "2008-06-30": "-1.28580", "2008-03-31": "-0.96030", "2007-12-31": "-1.09970", "2007-09-30": "-0.75540", "2007-06-30": "-0.15920", "2007-03-31": "-1.44230", "2006-12-31": "-5.29590", "2006-09-30": "-3.99560", "2006-06-30": "-3.88360", "2006-03-31": "-3.99920", "2005-12-31": "-7.54070", "2005-09-30": "-3.52160", "2005-06-30": "-3.87410", "2005-03-31": "-4.50220"}, "ROA - Return On Assets": {"2020-09-30": "6.11550", "2020-06-30": "7.50260", "2020-03-31": "8.74910", "2019-12-31": "9.35730", "2019-09-30": "7.44420", "2019-06-30": "7.84590", "2019-03-31": "8.06860", "2018-12-31": "12.30370", "2018-09-30": "9.21980", "2018-06-30": "8.10920", "2018-03-31": "11.12700", "2017-12-31": "11.15350", "2017-09-30": "6.90590", "2017-06-30": "8.40900", "2017-03-31": "8.41380", "2016-12-31": "10.15420", "2016-09-30": "6.98070", "2016-06-30": "7.55210", "2016-03-31": "5.53770", "2015-12-31": "7.84640", "2015-09-30": "6.27190", "2015-06-30": "7.67840", "2015-03-31": "7.26690", "2014-12-31": "8.05470", "2014-09-30": "6.97190", "2014-06-30": "7.75960", "2014-03-31": "7.71940", "2013-12-31": "8.50310", "2013-09-30": "6.53800", "2013-06-30": "7.09690", "2013-03-31": "7.22270", "2012-12-31": "7.85850", "2012-09-30": "5.89090", "2012-06-30": "6.61650", "2012-03-31": "3.44970", "2011-12-31": "6.43250", "2011-09-30": "5.04100", "2011-06-30": "5.18450", "2011-03-31": "5.56200", "2010-12-31": "5.24550", "2010-09-30": "3.89960", "2010-06-30": "5.40520", "2010-03-31": "5.73380", "2009-12-31": "5.20490", "2009-09-30": "4.01790", "2009-06-30": "3.14460", "2009-03-31": "5.02080", "2008-12-31": "2.37730", "2008-09-30": "2.29010", "2008-06-30": "4.02140", "2008-03-31": "3.11770", "2007-12-31": "3.41870", "2007-09-30": "2.21070", "2007-06-30": "0.48880", "2007-03-31": "1.99630", "2006-12-31": "8.16540", "2006-09-30": "6.81890", "2006-06-30": "6.20360", "2006-03-31": "6.75950", "2005-12-31": "8.71810", "2005-09-30": "4.89800", "2005-06-30": "5.50950", "2005-03-31": "5.48410"}, "ROI - Return On Investment": {"2020-09-30": "11.65340", "2020-06-30": "14.03240", "2020-03-31": "18.17650", "2019-12-31": "19.73570", "2019-09-30": "18.32060", "2019-06-30": "18.08470", "2019-03-31": "19.60210", "2018-12-31": "24.49530", "2018-09-30": "18.12890", "2018-06-30": "15.24500", "2018-03-31": "25.64820", "2017-12-31": "24.17140", "2017-09-30": "15.54100", "2017-06-30": "17.41730", "2017-03-31": "19.18780", "2016-12-31": "27.35930", "2016-09-30": "21.39730", "2016-06-30": "19.67110", "2016-03-31": "10.25700", "2015-12-31": "16.46320", "2015-09-30": "13.92340", "2015-06-30": "16.30840", "2015-03-31": "14.75940", "2014-12-31": "17.08540", "2014-09-30": "14.71830", "2014-06-30": "16.42270", "2014-03-31": "17.05610", "2013-12-31": "20.10970", "2013-09-30": "15.61200", "2013-06-30": "17.00670", "2013-03-31": "16.62490", "2012-12-31": "18.70350", "2012-09-30": "13.18640", "2012-06-30": "15.65530", "2012-03-31": "10.97900", "2011-12-31": "12.84590", "2011-09-30": "9.61680", "2011-06-30": "9.03150", "2011-03-31": "9.56780", "2010-12-31": "10.04410", "2010-09-30": "7.12240", "2010-06-30": "10.21500", "2010-03-31": "10.89420", "2009-12-31": "11.72290", "2009-09-30": "7.14620", "2009-06-30": "5.48780", "2009-03-31": "9.11620", "2008-12-31": "3.94040", "2008-09-30": "3.77890", "2008-06-30": "7.03120", "2008-03-31": "5.55560", "2007-12-31": "6.35270", "2007-09-30": "4.06150", "2007-06-30": "0.83980", "2007-03-31": "3.75120", "2006-12-31": "17.71700", "2006-09-30": "16.54560", "2006-06-30": "13.66500", "2006-03-31": "15.47200", "2005-12-31": "21.00450", "2005-09-30": "10.14500", "2005-06-30": "12.84090", "2005-03-31": "10.91940"}, "Book Value Per Share": {"2020-09-30": "-81.52750", "2020-06-30": "-83.43470", "2020-03-31": "-86.89010", "2019-12-31": "-87.73200", "2019-09-30": "-71.77800", "2019-06-30": "-70.43770", "2019-03-31": "-72.41660", "2018-12-31": "-74.18420", "2018-09-30": "-71.49140", "2018-06-30": "-70.01300", "2018-03-31": "-65.00410", "2017-12-31": "-63.76480", "2017-09-30": "-63.23530", "2017-06-30": "-37.37170", "2017-03-31": "-38.54630", "2016-12-31": "-39.15060", "2016-09-30": "-40.27180", "2016-06-30": "-39.67740", "2016-03-31": "-34.49930", "2015-12-31": "-36.12210", "2015-09-30": "-22.98290", "2015-06-30": "-22.68370", "2015-03-31": "-21.98790", "2014-12-31": "-21.95140", "2014-09-30": "-23.30190", "2014-06-30": "-23.39810", "2014-03-31": "-22.81060", "2013-12-31": "-23.13480", "2013-09-30": "-23.72930", "2013-06-30": "-23.87680", "2013-03-31": "-23.52620", "2012-12-31": "-23.71610", "2012-09-30": "-23.66930", "2012-06-30": "-24.14490", "2012-03-31": "-23.58520", "2011-12-31": "-20.95110", "2011-09-30": "-20.97940", "2011-06-30": "-19.26900", "2011-03-31": "-18.91520", "2010-12-31": "-20.13090", "2010-09-30": "-20.68330", "2010-06-30": "-21.33230", "2010-03-31": "-21.83360", "2009-12-31": "-22.55300", "2009-09-30": "-23.10500", "2009-06-30": "-23.83120", "2009-03-31": "-24.34770", "2008-12-31": "-25.00040", "2008-09-30": "-25.31280", "2008-06-30": "-25.21490", "2008-03-31": "-24.89110", "2007-12-31": "-24.30470", "2007-09-30": "-23.14550", "2007-06-30": "-22.82720", "2007-03-31": "-8.95320", "2006-12-31": "-9.46770", "2006-09-30": "-9.50660", "2006-06-30": "-9.79560", "2006-03-31": "-10.20410", "2005-12-31": "-7.60580", "2005-09-30": "-8.27980", "2005-06-30": "-8.67480", "2005-03-31": "-8.11500"}, "Operating Cash Flow Per Share": {"2020-09-30": 3.9789, "2020-06-30": 2.9235, "2020-03-31": "2.40600", "2019-12-31": 4.1328, "2019-09-30": 2.9491, "2019-06-30": 2.4736, "2019-03-31": "2.29840", "2018-12-31": 3.0011, "2018-09-30": 2.5458, "2018-06-30": 1.6643, "2018-03-31": "1.88550", "2017-12-31": 2.3773, "2017-09-30": 2.5148, "2017-06-30": 0.7239, "2017-03-31": "1.54160", "2016-12-31": 2.5557, "2016-09-30": 1.926, "2016-06-30": 1.0417, "2016-03-31": "0.33470", "2015-12-31": 2.2728, "2015-09-30": 1.1521, "2015-06-30": 0.343, "2015-03-31": "1.48640", "2014-12-31": 1.2785, "2014-09-30": 1.0358, "2014-06-30": 0.4332, "2014-03-31": "0.63100", "2013-12-31": 1.5372, "2013-09-30": 0.6704, "2013-06-30": 0.3348, "2013-03-31": "0.81840", "2012-12-31": 1.2584, "2012-09-30": 0.7527, "2012-06-30": 0.6386, "2012-03-31": "0.33890", "2011-12-31": 1.1064, "2011-09-30": 0.674, "2011-06-30": 0.2563, "2011-03-31": "0.44610", "2010-12-31": 0.7546, "2010-09-30": 0.5385, "2010-06-30": 0.2749, "2010-03-31": "0.54210", "2009-12-31": 0.806, "2009-09-30": 0.4406, "2009-06-30": 0.2907, "2009-03-31": "0.21400", "2008-12-31": 0.6196, "2008-09-30": -0.0715, "2008-06-30": 0.4045, "2008-03-31": "0.33740", "2007-12-31": 0.2848, "2007-09-30": 0.6609, "2007-06-30": 0.2664, "2007-03-31": "0.10780", "2006-12-31": 0.6395, "2006-09-30": 0.57, "2006-06-30": 0.4277, "2006-03-31": "0.42360", "2005-12-31": 0.7217, "2005-09-30": 0.4627, "2005-06-30": 0.3309, "2005-03-31": "0.54130"}, "Free Cash Flow Per Share": {"2020-09-30": 3.5419, "2020-06-30": 2.5157, "2020-03-31": "1.96530", "2019-12-31": 3.1677, "2019-09-30": 2.5811, "2019-06-30": 2.3477, "2019-03-31": "2.00880", "2018-12-31": 1.7477, "2018-09-30": 2.0737, "2018-06-30": 1.1236, "2018-03-31": "1.57800", "2017-12-31": 1.4473, "2017-09-30": 2.2066, "2017-06-30": 0.4523, "2017-03-31": "1.30690", "2016-12-31": 2.2586, "2016-09-30": 1.6454, "2016-06-30": 0.7161, "2016-03-31": "0.16400", "2015-12-31": 1.7788, "2015-09-30": 0.938, "2015-06-30": 0.1549, "2015-03-31": "1.47220", "2014-12-31": 0.653, "2014-09-30": 0.8358, "2014-06-30": 0.2346, "2014-03-31": "0.58480", "2013-12-31": 1.1357, "2013-09-30": 0.5363, "2013-06-30": 0.237, "2013-03-31": "0.75210", "2012-12-31": 1.0187, "2012-09-30": 0.6623, "2012-06-30": 0.5757, "2012-03-31": "0.28650", "2011-12-31": 0.9376, "2011-09-30": 0.6205, "2011-06-30": 0.1915, "2011-03-31": "0.43610", "2010-12-31": 0.6148, "2010-09-30": 0.458, "2010-06-30": 0.1903, "2010-03-31": "0.47400", "2009-12-31": 0.6514, "2009-09-30": 0.3886, "2009-06-30": 0.2188, "2009-03-31": "0.16150", "2008-12-31": 0.5826, "2008-09-30": -0.1029, "2008-06-30": 0.5562, "2008-03-31": "0.41630", "2007-12-31": -0.2339, "2007-09-30": 0.6357, "2007-06-30": 0.1957, "2007-03-31": "0.05740", "2006-12-31": 0.5777, "2006-09-30": 0.6904, "2006-06-30": 0.34, "2006-03-31": "0.36220", "2005-12-31": 0.6247, "2005-09-30": 0.4237, "2005-06-30": 0.1997, "2005-03-31": "0.44740"}}, "revenue": {"Domino's Pizza Inc Annual Revenue (Millions of US $)": {"2019": "$3,619", "2018": "$3,433", "2017": "$2,788", "2016": "$2,473", "2015": "$2,217", "2014": "$1,994", "2013": "$1,802", "2012": "$1,678", "2011": "$1,652", "2010": "$1,571", "2009": "$1,404", "2008": "$1,425", "2007": "$1,463", "2006": "$1,437", "2005": "$1,512"}, "Domino's Pizza Inc Quarterly Revenue (Millions of US $)": {"2020-09-30": "$968", "2020-06-30": "$920", "2020-03-31": "$873", "2019-12-31": "$1,150", "2019-09-30": "$821", "2019-06-30": "$812", "2019-03-31": "$836", "2018-12-31": "$1,082", "2018-09-30": "$786", "2018-06-30": "$779", "2018-03-31": "$785", "2017-12-31": "$892", "2017-09-30": "$644", "2017-06-30": "$629", "2017-03-31": "$624", "2016-12-31": "$819", "2016-09-30": "$567", "2016-06-30": "$547", "2016-03-31": "$539", "2015-12-31": "$741", "2015-09-30": "$485", "2015-06-30": "$489", "2015-03-31": "$502", "2014-12-31": "$643", "2014-09-30": "$447", "2014-06-30": "$450", "2014-03-31": "$454", "2013-12-31": "$567", "2013-09-30": "$404", "2013-06-30": "$414", "2013-03-31": "$418", "2012-12-31": "$540", "2012-09-30": "$378", "2012-06-30": "$376", "2012-03-31": "$385", "2011-12-31": "$502", "2011-09-30": "$376", "2011-06-30": "$385", "2011-03-31": "$389", "2010-12-31": "$480", "2010-09-30": "$347", "2010-06-30": "$362", "2010-03-31": "$381", "2009-12-31": "$463", "2009-09-30": "$303", "2009-06-30": "$317", "2009-03-31": "$322", "2008-12-31": "$428", "2008-09-30": "$324", "2008-06-30": "$334", "2008-03-31": "$339", "2007-12-31": "$446", "2007-09-30": "$337", "2007-06-30": "$340", "2007-03-31": "$339", "2006-12-31": "$435", "2006-09-30": "$327", "2006-06-30": "$328", "2006-03-31": "$348", "2005-12-31": "$457", "2005-09-30": "$338", "2005-06-30": "$347", "2005-03-31": "$370"}}, "gross-profit": {"Domino's Pizza Inc Annual Gross Profit (Millions of US $)": {"2019": "$1,402", "2018": "$1,303", "2017": "$866", "2016": "$768", "2015": "$683", "2014": "$595", "2013": "$549", "2012": "$501", "2011": "$471", "2010": "$439", "2009": "$387", "2008": "$363", "2007": "$379", "2006": "$385", "2005": "$385"}, "Domino's Pizza Inc Quarterly Gross Profit (Millions of US $)": {"2020-09-30": "$362", "2020-06-30": "$357", "2020-03-31": "$340", "2019-12-31": "$447", "2019-09-30": "$316", "2019-06-30": "$317", "2019-03-31": "$322", "2018-12-31": "$414", "2018-09-30": "$295", "2018-06-30": "$294", "2018-03-31": "$300", "2017-12-31": "$281", "2017-09-30": "$198", "2017-06-30": "$193", "2017-03-31": "$194", "2016-12-31": "$255", "2016-09-30": "$174", "2016-06-30": "$172", "2016-03-31": "$167", "2015-12-31": "$231", "2015-09-30": "$142", "2015-06-30": "$153", "2015-03-31": "$157", "2014-12-31": "$190", "2014-09-30": "$134", "2014-06-30": "$135", "2014-03-31": "$137", "2013-12-31": "$173", "2013-09-30": "$121", "2013-06-30": "$126", "2013-03-31": "$130", "2012-12-31": "$161", "2012-09-30": "$111", "2012-06-30": "$115", "2012-03-31": "$115", "2011-12-31": "$145", "2011-09-30": "$103", "2011-06-30": "$111", "2011-03-31": "$112", "2010-12-31": "$136", "2010-09-30": "$94", "2010-06-30": "$100", "2010-03-31": "$108", "2009-12-31": "$129", "2009-09-30": "$83", "2009-06-30": "$86", "2009-03-31": "$89", "2008-12-31": "$109", "2008-09-30": "$79", "2008-06-30": "$88", "2008-03-31": "$88", "2007-12-31": "$112", "2007-09-30": "$84", "2007-06-30": "$92", "2007-03-31": "$91", "2006-12-31": "$116", "2006-09-30": "$86", "2006-06-30": "$89", "2006-03-31": "$94", "2005-12-31": "$117", "2005-09-30": "$87", "2005-06-30": "$88", "2005-03-31": "$93"}}, "operating-income": {"Domino's Pizza Inc Annual Operating Income (Millions of US $)": {"2019": "$629", "2018": "$572", "2017": "$521", "2016": "$454", "2015": "$405", "2014": "$345", "2013": "$314", "2012": "$282", "2011": "$259", "2010": "$228", "2009": "$190", "2008": "$195", "2007": "$194", "2006": "$214", "2005": "$199"}, "Domino's Pizza Inc Quarterly Operating Income (Millions of US $)": {"2020-09-30": "$162", "2020-06-30": "$164", "2020-03-31": "$156", "2019-12-31": "$204", "2019-09-30": "$143", "2019-06-30": "$139", "2019-03-31": "$144", "2018-12-31": "$180", "2018-09-30": "$132", "2018-06-30": "$126", "2018-03-31": "$133", "2017-12-31": "$175", "2017-09-30": "$117", "2017-06-30": "$113", "2017-03-31": "$116", "2016-12-31": "$151", "2016-09-30": "$101", "2016-06-30": "$104", "2016-03-31": "$99", "2015-12-31": "$138", "2015-09-30": "$81", "2015-06-30": "$92", "2015-03-31": "$94", "2014-12-31": "$103", "2014-09-30": "$77", "2014-06-30": "$81", "2014-03-31": "$84", "2013-12-31": "$98", "2013-09-30": "$67", "2013-06-30": "$74", "2013-03-31": "$76", "2012-12-31": "$88", "2012-09-30": "$62", "2012-06-30": "$66", "2012-03-31": "$67", "2011-12-31": "$76", "2011-09-30": "$56", "2011-06-30": "$62", "2011-03-31": "$65", "2010-12-31": "$67", "2010-09-30": "$48", "2010-06-30": "$55", "2010-03-31": "$58", "2009-12-31": "$64", "2009-09-30": "$40", "2009-06-30": "$40", "2009-03-31": "$45", "2008-12-31": "$52", "2008-09-30": "$40", "2008-06-30": "$54", "2008-03-31": "$49", "2007-12-31": "$56", "2007-09-30": "$44", "2007-06-30": "$43", "2007-03-31": "$51", "2006-12-31": "$63", "2006-09-30": "$51", "2006-06-30": "$46", "2006-03-31": "$54", "2005-12-31": "$58", "2005-09-30": "$45", "2005-06-30": "$46", "2005-03-31": "$50"}}, "ebitda": {"Domino's Pizza Inc Annual EBITDA (Millions of US $)": {"2019": "$694", "2018": "$633", "2017": "$577", "2016": "$499", "2015": "$450", "2014": "$387", "2013": "$346", "2012": "$320", "2011": "$289", "2010": "$260", "2009": "$223", "2008": "$235", "2007": "$264", "2006": "$250", "2005": "$235"}, "Domino's Pizza Inc Quarterly EBITDA (Millions of US $)": {"2020-09-30": "$179", "2020-06-30": "$180", "2020-03-31": "$171", "2019-12-31": "$224", "2019-09-30": "$157", "2019-06-30": "$154", "2019-03-31": "$158", "2018-12-31": "$199", "2018-09-30": "$146", "2018-06-30": "$143", "2018-03-31": "$146", "2017-12-31": "$191", "2017-09-30": "$134", "2017-06-30": "$124", "2017-03-31": "$127", "2016-12-31": "$165", "2016-09-30": "$111", "2016-06-30": "$114", "2016-03-31": "$109", "2015-12-31": "$157", "2015-09-30": "$89", "2015-06-30": "$101", "2015-03-31": "$103", "2014-12-31": "$120", "2014-09-30": "$85", "2014-06-30": "$89", "2014-03-31": "$92", "2013-12-31": "$108", "2013-09-30": "$74", "2013-06-30": "$81", "2013-03-31": "$83", "2012-12-31": "$98", "2012-09-30": "$68", "2012-06-30": "$72", "2012-03-31": "$82", "2011-12-31": "$87", "2011-09-30": "$63", "2011-06-30": "$68", "2011-03-31": "$72", "2010-12-31": "$79", "2010-09-30": "$55", "2010-06-30": "$60", "2010-03-31": "$66", "2009-12-31": "$75", "2009-09-30": "$48", "2009-06-30": "$47", "2009-03-31": "$53", "2008-12-31": "$65", "2008-09-30": "$49", "2008-06-30": "$62", "2008-03-31": "$59", "2007-12-31": "$69", "2007-09-30": "$53", "2007-06-30": "$74", "2007-03-31": "$68", "2006-12-31": "$74", "2006-09-30": "$59", "2006-06-30": "$54", "2006-03-31": "$62", "2005-12-31": "$70", "2005-09-30": "$53", "2005-06-30": "$54", "2005-03-31": "$58"}}, "net-income": {"Domino's Pizza Inc Annual Net Income (Millions of US $)": {"2019": "$401", "2018": "$362", "2017": "$278", "2016": "$215", "2015": "$193", "2014": "$163", "2013": "$143", "2012": "$112", "2011": "$105", "2010": "$88", "2009": "$80", "2008": "$54", "2007": "$38", "2006": "$106", "2005": "$108"}, "Domino's Pizza Inc Quarterly Net Income (Millions of US $)": {"2020-09-30": "$99", "2020-06-30": "$119", "2020-03-31": "$122", "2019-12-31": "$129", "2019-09-30": "$86", "2019-06-30": "$92", "2019-03-31": "$93", "2018-12-31": "$112", "2018-09-30": "$84", "2018-06-30": "$77", "2018-03-31": "$89", "2017-12-31": "$93", "2017-09-30": "$56", "2017-06-30": "$66", "2017-03-31": "$62", "2016-12-31": "$73", "2016-09-30": "$47", "2016-06-30": "$49", "2016-03-31": "$45", "2015-12-31": "$63", "2015-09-30": "$38", "2015-06-30": "$46", "2015-03-31": "$46", "2014-12-31": "$48", "2014-09-30": "$36", "2014-06-30": "$38", "2014-03-31": "$40", "2013-12-31": "$45", "2013-09-30": "$31", "2013-06-30": "$33", "2013-03-31": "$34", "2012-12-31": "$38", "2012-09-30": "$26", "2012-06-30": "$28", "2012-03-31": "$21", "2011-12-31": "$31", "2011-09-30": "$22", "2011-06-30": "$25", "2011-03-31": "$27", "2010-12-31": "$24", "2010-09-30": "$17", "2010-06-30": "$23", "2010-03-31": "$25", "2009-12-31": "$24", "2009-09-30": "$18", "2009-06-30": "$15", "2009-03-31": "$24", "2008-12-31": "$11", "2008-09-30": "$10", "2008-06-30": "$19", "2008-03-31": "$14", "2007-12-31": "$16", "2007-09-30": "$11", "2007-06-30": "$2", "2007-03-31": "$8", "2006-12-31": "$31", "2006-09-30": "$25", "2006-06-30": "$25", "2006-03-31": "$26", "2005-12-31": "$40", "2005-09-30": "$20", "2005-06-30": "$23", "2005-03-31": "$25"}}, "eps-earnings-per-share-diluted": {"Domino's Pizza Inc Annual EPS": {"2019": "$9.56", "2018": "$8.35", "2017": "$5.83", "2016": "$4.30", "2015": "$3.47", "2014": "$2.86", "2013": "$2.48", "2012": "$1.91", "2011": "$1.71", "2010": "$1.45", "2009": "$1.38", "2008": "$0.93", "2007": "$0.59", "2006": "$1.65", "2005": "$1.58"}, "Domino's Pizza Inc Quarterly EPS": {"2020-09-30": "$2.49", "2020-06-30": "$2.99", "2020-03-31": "$3.07", "2019-12-31": "$3.12", "2019-09-30": "$2.05", "2019-06-30": "$2.19", "2019-03-31": "$2.20", "2018-12-31": "$2.62", "2018-09-30": "$1.95", "2018-06-30": "$1.78", "2018-03-31": "$2.00", "2017-12-31": "$2.07", "2017-09-30": "$1.18", "2017-06-30": "$1.32", "2017-03-31": "$1.26", "2016-12-31": "$1.47", "2016-09-30": "$0.96", "2016-06-30": "$0.98", "2016-03-31": "$0.89", "2015-12-31": "$1.18", "2015-09-30": "$0.67", "2015-06-30": "$0.81", "2015-03-31": "$0.81", "2014-12-31": "$0.85", "2014-09-30": "$0.63", "2014-06-30": "$0.67", "2014-03-31": "$0.71", "2013-12-31": "$0.79", "2013-09-30": "$0.53", "2013-06-30": "$0.57", "2013-03-31": "$0.59", "2012-12-31": "$0.65", "2012-09-30": "$0.44", "2012-06-30": "$0.47", "2012-03-31": "$0.35", "2011-12-31": "$0.52", "2011-09-30": "$0.36", "2011-06-30": "$0.40", "2011-03-31": "$0.43", "2010-12-31": "$0.40", "2010-09-30": "$0.27", "2010-06-30": "$0.37", "2010-03-31": "$0.41", "2009-12-31": "$0.41", "2009-09-30": "$0.31", "2009-06-30": "$0.25", "2009-03-31": "$0.41", "2008-12-31": "$0.21", "2008-09-30": "$0.17", "2008-06-30": "$0.32", "2008-03-31": "$0.23", "2007-12-31": "$0.25", "2007-09-30": "$0.17", "2007-06-30": "$0.04", "2007-03-31": "$0.13", "2006-12-31": "$0.48", "2006-09-30": "$0.39", "2006-06-30": "$0.39", "2006-03-31": "$0.39", "2005-12-31": "$0.59", "2005-09-30": "$0.30", "2005-06-30": "$0.34", "2005-03-31": "$0.35"}}, "shares-outstanding": {"Domino's Pizza Inc Annual Shares Outstanding (Millions of Shares)": {"2019": "42", "2018": "43", "2017": "48", "2016": "50", "2015": "56", "2014": "57", "2013": "58", "2012": "59", "2011": "62", "2010": "61", "2009": "58", "2008": "58", "2007": "64", "2006": "65", "2005": "69"}, "Domino's Pizza Inc Quarterly Shares Outstanding (Millions of Shares)": {"2020-09-30": "40", "2020-06-30": "40", "2020-03-31": "40", "2019-12-31": "42", "2019-09-30": "42", "2019-06-30": "42", "2019-03-31": "42", "2018-12-31": "43", "2018-09-30": "43", "2018-06-30": "44", "2018-03-31": "44", "2017-12-31": "48", "2017-09-30": "48", "2017-06-30": "50", "2017-03-31": "50", "2016-12-31": "50", "2016-09-30": "49", "2016-06-30": "50", "2016-03-31": "51", "2015-12-31": "56", "2015-09-30": "56", "2015-06-30": "57", "2015-03-31": "57", "2014-12-31": "57", "2014-09-30": "57", "2014-06-30": "57", "2014-03-31": "57", "2013-12-31": "58", "2013-09-30": "57", "2013-06-30": "58", "2013-03-31": "58", "2012-12-31": "59", "2012-09-30": "59", "2012-06-30": "59", "2012-03-31": "60", "2011-12-31": "62", "2011-09-30": "62", "2011-06-30": "63", "2011-03-31": "62", "2010-12-31": "61", "2010-09-30": "61", "2010-06-30": "61", "2010-03-31": "60", "2009-12-31": "58", "2009-09-30": "58", "2009-06-30": "58", "2009-03-31": "57", "2008-12-31": "58", "2008-09-30": "58", "2008-06-30": "59", "2008-03-31": "60", "2007-12-31": "64", "2007-09-30": "64", "2007-06-30": "65", "2007-03-31": "64", "2006-12-31": "65", "2006-09-30": "63", "2006-06-30": "63", "2006-03-31": "68", "2005-12-31": "69", "2005-09-30": "68", "2005-06-30": "68", "2005-03-31": "71"}}, "total-assets": {"Domino's Pizza Inc Annual Total Assets (Millions of US $)": {"2019": "$1,382", "2018": "$907", "2017": "$837", "2016": "$716", "2015": "$800", "2014": "$596", "2013": "$525", "2012": "$478", "2011": "$481", "2010": "$461", "2009": "$454", "2008": "$464", "2007": "$473", "2006": "$380", "2005": "$461"}, "Domino's Pizza Inc Quarterly Total Assets (Millions of US $)": {"2020-09-30": "$1,621", "2020-06-30": "$1,582", "2020-03-31": "$1,390", "2019-12-31": "$1,382", "2019-09-30": "$1,160", "2019-06-30": "$1,177", "2019-03-31": "$1,148", "2018-12-31": "$907", "2018-09-30": "$912", "2018-06-30": "$955", "2018-03-31": "$798", "2017-12-31": "$837", "2017-09-30": "$816", "2017-06-30": "$782", "2017-03-31": "$742", "2016-12-31": "$716", "2016-09-30": "$677", "2016-06-30": "$652", "2016-03-31": "$821", "2015-12-31": "$800", "2015-09-30": "$603", "2015-06-30": "$598", "2015-03-31": "$637", "2014-12-31": "$596", "2014-09-30": "$511", "2014-06-30": "$496", "2014-03-31": "$524", "2013-12-31": "$525", "2013-09-30": "$469", "2013-06-30": "$469", "2013-03-31": "$477", "2012-12-31": "$478", "2012-09-30": "$441", "2012-06-30": "$425", "2012-03-31": "$601", "2011-12-31": "$481", "2011-09-30": "$438", "2011-06-30": "$487", "2011-03-31": "$487", "2010-12-31": "$461", "2010-09-30": "$426", "2010-06-30": "$419", "2010-03-31": "$428", "2009-12-31": "$454", "2009-09-30": "$444", "2009-06-30": "$462", "2009-03-31": "$473", "2008-12-31": "$464", "2008-09-30": "$441", "2008-06-30": "$466", "2008-03-31": "$453", "2007-12-31": "$473", "2007-09-30": "$497", "2007-06-30": "$474", "2007-03-31": "$421", "2006-12-31": "$380", "2006-09-30": "$360", "2006-06-30": "$395", "2006-03-31": "$387", "2005-12-31": "$461", "2005-09-30": "$414", "2005-06-30": "$420", "2005-03-31": "$450"}}, "cash-on-hand": {"Domino's Pizza Inc Annual Cash on Hand (Millions of US $)": {"2019": "$400", "2018": "$192", "2017": "$228", "2016": "$169", "2015": "$314", "2014": "$152", "2013": "$140", "2012": "$115", "2011": "$143", "2010": "$133", "2009": "$134", "2008": "$124", "2007": "$92", "2006": "$38", "2005": "$67"}, "Domino's Pizza Inc Quarterly Cash on Hand (Millions of US $)": {"2020-09-30": "$491", "2020-06-30": "$486", "2020-03-31": "$390", "2019-12-31": "$400", "2019-09-30": "$244", "2019-06-30": "$261", "2019-03-31": "$233", "2018-12-31": "$192", "2018-09-30": "$253", "2018-06-30": "$303", "2018-03-31": "$190", "2017-12-31": "$228", "2017-09-30": "$253", "2017-06-30": "$214", "2017-03-31": "$218", "2016-12-31": "$169", "2016-09-30": "$154", "2016-06-30": "$130", "2016-03-31": "$332", "2015-12-31": "$314", "2015-09-30": "$124", "2015-06-30": "$123", "2015-03-31": "$197", "2014-12-31": "$152", "2014-09-30": "$105", "2014-06-30": "$90", "2014-03-31": "$147", "2013-12-31": "$140", "2013-09-30": "$95", "2013-06-30": "$101", "2013-03-31": "$136", "2012-12-31": "$115", "2012-09-30": "$95", "2012-06-30": "$70", "2012-03-31": "$262", "2011-12-31": "$143", "2011-09-30": "$115", "2011-06-30": "$158", "2011-03-31": "$177", "2010-12-31": "$133", "2010-09-30": "$117", "2010-06-30": "$107", "2010-03-31": "$114", "2009-12-31": "$134", "2009-09-30": "$136", "2009-06-30": "$135", "2009-03-31": "$134", "2008-12-31": "$124", "2008-09-30": "$91", "2008-06-30": "$110", "2008-03-31": "$86", "2007-12-31": "$92", "2007-09-30": "$115", "2007-06-30": "$93", "2007-03-31": "$67", "2006-12-31": "$38", "2006-09-30": "$11", "2006-06-30": "$24", "2006-03-31": "$16", "2005-12-31": "$67", "2005-09-30": "$22", "2005-06-30": "$11", "2005-03-31": "$53"}}, "long-term-debt": {"Domino's Pizza Inc Annual Long Term Debt (Millions of US $)": {"2019": "$4,071", "2018": "$3,496", "2017": "$3,121", "2016": "$2,149", "2015": "$2,181", "2014": "$1,501", "2013": "$1,512", "2012": "$1,536", "2011": "$1,450", "2010": "$1,451", "2009": "$1,522", "2008": "$1,704", "2007": "$1,705", "2006": "$740", "2005": "$702"}, "Domino's Pizza Inc Quarterly Long Term Debt (Millions of US $)": {"2020-09-30": "$4,062", "2020-06-30": "$4,129", "2020-03-31": "$4,061", "2019-12-31": "$4,071", "2019-09-30": "$3,407", "2019-06-30": "$3,415", "2019-03-31": "$3,448", "2018-12-31": "$3,496", "2018-09-30": "$3,438", "2018-06-30": "$3,437", "2018-03-31": "$3,117", "2017-12-31": "$3,121", "2017-09-30": "$3,128", "2017-06-30": "$2,181", "2017-03-31": "$2,179", "2016-12-31": "$2,149", "2016-09-30": "$2,157", "2016-06-30": "$2,165", "2016-03-31": "$2,173", "2015-12-31": "$2,181", "2015-09-30": "$1,528", "2015-06-30": "$1,527", "2015-03-31": "$1,527", "2014-12-31": "$1,501", "2014-09-30": "$1,524", "2014-06-30": "$1,524", "2014-03-31": "$1,506", "2013-12-31": "$1,512", "2013-09-30": "$1,518", "2013-06-30": "$1,524", "2013-03-31": "$1,530", "2012-12-31": "$1,536", "2012-09-30": "$1,543", "2012-06-30": "$1,549", "2012-03-31": "$1,555", "2011-12-31": "$1,450", "2011-09-30": "$1,451", "2011-06-30": "$1,451", "2011-03-31": "$1,451", "2010-12-31": "$1,451", "2010-09-30": "$1,475", "2010-06-30": "$1,485", "2010-03-31": "$1,515", "2009-12-31": "$1,522", "2009-09-30": "$1,600", "2009-06-30": "$1,637", "2009-03-31": "$1,657", "2008-12-31": "$1,704", "2008-09-30": "$1,705", "2008-06-30": "$1,705", "2008-03-31": "$1,705", "2007-12-31": "$1,705", "2007-09-30": "$1,705", "2007-06-30": "$1,710", "2007-03-31": "$785", "2006-12-31": "$740", "2006-09-30": "$741", "2006-06-30": "$788", "2006-03-31": "$801", "2005-12-31": "$702", "2005-09-30": "$753", "2005-06-30": "$754", "2005-03-31": "$752"}}, "total-liabilities": {"Domino's Pizza Inc Annual Total Liabilities (Millions of US $)": {"2019": "$4,798", "2018": "$3,947", "2017": "$3,572", "2016": "$2,599", "2015": "$2,600", "2014": "$1,816", "2013": "$1,815", "2012": "$1,814", "2011": "$1,690", "2010": "$1,671", "2009": "$1,775", "2008": "$1,888", "2007": "$1,923", "2006": "$945", "2005": "$972"}, "Domino's Pizza Inc Quarterly Total Liabilities (Millions of US $)": {"2020-09-30": "$4,832", "2020-06-30": "$4,865", "2020-03-31": "$4,782", "2019-12-31": "$4,798", "2019-09-30": "$4,096", "2019-06-30": "$4,081", "2019-03-31": "$4,123", "2018-12-31": "$3,947", "2018-09-30": "$3,886", "2018-06-30": "$3,884", "2018-03-31": "$3,569", "2017-12-31": "$3,572", "2017-09-30": "$3,582", "2017-06-30": "$2,585", "2017-03-31": "$2,596", "2016-12-31": "$2,599", "2016-09-30": "$2,613", "2016-06-30": "$2,567", "2016-03-31": "$2,551", "2015-12-31": "$2,600", "2015-09-30": "$1,859", "2015-06-30": "$1,844", "2015-03-31": "$1,851", "2014-12-31": "$1,816", "2014-09-30": "$1,793", "2014-06-30": "$1,785", "2014-03-31": "$1,793", "2013-12-31": "$1,815", "2013-09-30": "$1,791", "2013-06-30": "$1,798", "2013-03-31": "$1,800", "2012-12-31": "$1,814", "2012-09-30": "$1,786", "2012-06-30": "$1,794", "2012-03-31": "$1,967", "2011-12-31": "$1,690", "2011-09-30": "$1,659", "2011-06-30": "$1,658", "2011-03-31": "$1,655", "2010-12-31": "$1,671", "2010-09-30": "$1,668", "2010-06-30": "$1,682", "2010-03-31": "$1,718", "2009-12-31": "$1,775", "2009-09-30": "$1,794", "2009-06-30": "$1,835", "2009-03-31": "$1,870", "2008-12-31": "$1,888", "2008-09-30": "$1,878", "2008-06-30": "$1,904", "2008-03-31": "$1,903", "2007-12-31": "$1,923", "2007-09-30": "$1,931", "2007-06-30": "$1,908", "2007-03-31": "$982", "2006-12-31": "$945", "2006-09-30": "$952", "2006-06-30": "$1,004", "2006-03-31": "$1,019", "2005-12-31": "$972", "2005-09-30": "$967", "2005-06-30": "$994", "2005-03-31": "$976"}}, "total-share-holder-equity": {"Domino's Pizza Inc Annual Share Holder Equity (Millions of US $)": {"2019": "$-3,416", "2018": "$-3,040", "2017": "$-2,735", "2016": "$-1,883", "2015": "$-1,800", "2014": "$-1,219", "2013": "$-1,290", "2012": "$-1,336", "2011": "$-1,210", "2010": "$-1,211", "2009": "$-1,321", "2008": "$-1,425", "2007": "$-1,450", "2006": "$-565", "2005": "$-511"}, "Domino's Pizza Inc Quarterly Share Holder Equity (Millions of US $)": {"2020-09-30": "$-3,212", "2020-06-30": "$-3,283", "2020-03-31": "$-3,392", "2019-12-31": "$-3,416", "2019-09-30": "$-2,936", "2019-06-30": "$-2,904", "2019-03-31": "$-2,975", "2018-12-31": "$-3,040", "2018-09-30": "$-2,974", "2018-06-30": "$-2,929", "2018-03-31": "$-2,771", "2017-12-31": "$-2,735", "2017-09-30": "$-2,765", "2017-06-30": "$-1,803", "2017-03-31": "$-1,854", "2016-12-31": "$-1,883", "2016-09-30": "$-1,936", "2016-06-30": "$-1,915", "2016-03-31": "$-1,730", "2015-12-31": "$-1,800", "2015-09-30": "$-1,256", "2015-06-30": "$-1,246", "2015-03-31": "$-1,214", "2014-12-31": "$-1,219", "2014-09-30": "$-1,282", "2014-06-30": "$-1,290", "2014-03-31": "$-1,269", "2013-12-31": "$-1,290", "2013-09-30": "$-1,322", "2013-06-30": "$-1,329", "2013-03-31": "$-1,323", "2012-12-31": "$-1,336", "2012-09-30": "$-1,346", "2012-06-30": "$-1,369", "2012-03-31": "$-1,366", "2011-12-31": "$-1,210", "2011-09-30": "$-1,221", "2011-06-30": "$-1,171", "2011-03-31": "$-1,168", "2010-12-31": "$-1,211", "2010-09-30": "$-1,242", "2010-06-30": "$-1,263", "2010-03-31": "$-1,290", "2009-12-31": "$-1,321", "2009-09-30": "$-1,350", "2009-06-30": "$-1,373", "2009-03-31": "$-1,397", "2008-12-31": "$-1,425", "2008-09-30": "$-1,437", "2008-06-30": "$-1,438", "2008-03-31": "$-1,451", "2007-12-31": "$-1,450", "2007-09-30": "$-1,434", "2007-06-30": "$-1,434", "2007-03-31": "$-561", "2006-12-31": "$-565", "2006-09-30": "$-592", "2006-06-30": "$-609", "2006-03-31": "$-632", "2005-12-31": "$-511", "2005-09-30": "$-553", "2005-06-30": "$-574", "2005-03-31": "$-526"}}, "profit-margins": {"current": "11.98%"}, "gross margin": {"2020-09-30": "38.51%", "2020-06-30": "38.79%", "2020-03-31": "38.84%", "2019-12-31": "38.74%", "2019-09-30": "38.55%", "2019-06-30": "38.34%", "2019-03-31": "38.04%", "2018-12-31": "37.97%", "2018-09-30": "36.09%", "2018-06-30": "34.61%", "2018-03-31": "32.95%", "2017-12-31": "31.05%", "2017-09-30": "30.93%", "2017-06-30": "30.92%", "2017-03-31": "31.09%", "2016-12-31": "31.07%", "2016-09-30": "31.08%", "2016-06-30": "30.80%", "2016-03-31": "30.75%", "2015-12-31": "30.81%", "2015-09-30": "30.30%", "2015-06-30": "30.47%", "2015-03-31": "30.17%", "2014-12-31": "29.89%", "2014-09-30": "30.19%", "2014-06-30": "30.19%", "2014-03-31": "30.29%", "2013-12-31": "30.50%", "2013-09-30": "30.29%", "2013-06-30": "30.17%", "2013-03-31": "30.20%", "2012-12-31": "29.90%", "2012-09-30": "29.62%", "2012-06-30": "29.16%", "2012-03-31": "28.76%", "2011-12-31": "28.51%", "2011-09-30": "28.34%", "2011-06-30": "28.29%", "2011-03-31": "28.01%", "2010-12-31": "27.90%", "2010-09-30": "27.75%", "2010-06-30": "27.83%", "2010-03-31": "27.73%", "2009-12-31": "27.54%", "2009-09-30": "26.79%", "2009-06-30": "26.10%", "2009-03-31": "25.92%", "2008-12-31": "25.54%", "2008-09-30": "25.43%", "2008-06-30": "25.55%", "2008-03-31": "25.72%", "2007-12-31": "25.92%", "2007-09-30": "26.40%", "2007-06-30": "26.72%", "2007-03-31": "26.73%", "2006-12-31": "26.77%", "2006-09-30": "26.44%", "2006-06-30": "26.31%", "2006-03-31": "25.91%", "2005-12-31": "25.46%"}, "operating margin": {"2020-09-30": "17.54%", "2020-06-30": "17.72%", "2020-03-31": "17.56%", "2019-12-31": "17.41%", "2019-09-30": "17.07%", "2019-06-30": "16.92%", "2019-03-31": "16.71%", "2018-12-31": "16.64%", "2018-09-30": "17.46%", "2018-06-30": "17.77%", "2018-03-31": "18.24%", "2017-12-31": "18.68%", "2017-09-30": "18.30%", "2017-06-30": "18.23%", "2017-03-31": "18.46%", "2016-12-31": "18.41%", "2016-09-30": "18.46%", "2016-06-30": "18.25%", "2016-03-31": "18.19%", "2015-12-31": "18.27%", "2015-09-30": "17.46%", "2015-06-30": "17.59%", "2015-03-31": "17.38%", "2014-12-31": "17.30%", "2014-09-30": "17.73%", "2014-06-30": "17.60%", "2014-03-31": "17.56%", "2013-12-31": "17.47%", "2013-09-30": "17.17%", "2013-06-30": "17.14%", "2013-03-31": "17.06%", "2012-12-31": "16.86%", "2012-09-30": "16.51%", "2012-06-30": "16.17%", "2012-03-31": "15.84%", "2011-12-31": "15.68%", "2011-09-30": "15.34%", "2011-06-30": "15.12%", "2011-03-31": "14.89%", "2010-12-31": "14.52%", "2010-09-30": "14.49%", "2010-06-30": "14.38%", "2010-03-31": "13.80%", "2009-12-31": "13.45%", "2009-09-30": "12.92%", "2009-06-30": "12.72%", "2009-03-31": "13.57%", "2008-12-31": "13.68%", "2008-09-30": "13.79%", "2008-06-30": "13.94%", "2008-03-31": "13.13%", "2007-12-31": "13.27%", "2007-09-30": "13.85%", "2007-06-30": "14.43%", "2007-03-31": "14.77%", "2006-12-31": "14.88%", "2006-09-30": "14.32%", "2006-06-30": "13.80%", "2006-03-31": "13.62%", "2005-12-31": "13.16%"}, "ebitda margin": {"2020-09-30": "19.28%", "2020-06-30": "19.45%", "2020-03-31": "19.31%", "2019-12-31": "19.15%", "2019-09-30": "18.81%", "2019-06-30": "18.69%", "2019-03-31": "18.55%", "2018-12-31": "18.47%", "2018-09-30": "19.31%", "2018-06-30": "19.81%", "2018-03-31": "20.17%", "2017-12-31": "20.65%", "2017-09-30": "20.25%", "2017-06-30": "19.97%", "2017-03-31": "20.22%", "2016-12-31": "20.19%", "2016-09-30": "20.51%", "2016-06-30": "20.29%", "2016-03-31": "20.23%", "2015-12-31": "20.30%", "2015-09-30": "19.49%", "2015-06-30": "19.65%", "2015-03-31": "19.44%", "2014-12-31": "19.36%", "2014-09-30": "19.50%", "2014-06-30": "19.36%", "2014-03-31": "19.30%", "2013-12-31": "19.19%", "2013-09-30": "18.92%", "2013-06-30": "18.86%", "2013-03-31": "18.75%", "2012-12-31": "19.06%", "2012-09-30": "18.83%", "2012-06-30": "18.55%", "2012-03-31": "18.20%", "2011-12-31": "17.55%", "2011-09-30": "17.30%", "2011-06-30": "17.11%", "2011-03-31": "16.86%", "2010-12-31": "16.56%", "2010-09-30": "16.48%", "2010-06-30": "16.50%", "2010-03-31": "16.12%", "2009-12-31": "15.87%", "2009-09-30": "15.55%", "2009-06-30": "15.38%", "2009-03-31": "16.26%", "2008-12-31": "16.49%", "2008-09-30": "16.56%", "2008-06-30": "16.69%", "2008-03-31": "17.44%", "2007-12-31": "18.06%", "2007-09-30": "18.54%", "2007-06-30": "19.08%", "2007-03-31": "17.84%", "2006-12-31": "17.32%", "2006-09-30": "16.78%", "2006-06-30": "16.25%", "2006-03-31": "16.04%", "2005-12-31": "15.54%"}, "pre tax profit margin": {"2020-09-30": "13.35%", "2020-06-30": "13.50%", "2020-03-31": "13.40%", "2019-12-31": "13.32%", "2019-09-30": "12.95%", "2019-06-30": "12.77%", "2019-03-31": "12.46%", "2018-12-31": "12.50%", "2018-09-30": "13.29%", "2018-06-30": "13.45%", "2018-03-31": "14.07%", "2017-12-31": "14.41%", "2017-09-30": "14.06%", "2017-06-30": "14.13%", "2017-03-31": "14.20%", "2016-12-31": "13.96%", "2016-09-30": "13.62%", "2016-06-30": "13.45%", "2016-03-31": "13.53%", "2015-12-31": "13.80%", "2015-09-30": "13.40%", "2015-06-30": "13.46%", "2015-03-31": "13.17%", "2014-12-31": "12.99%", "2014-09-30": "13.24%", "2014-06-30": "12.96%", "2014-03-31": "12.72%", "2013-12-31": "12.48%", "2013-09-30": "12.05%", "2013-06-30": "11.94%", "2013-03-31": "11.74%", "2012-12-31": "10.78%", "2012-09-30": "10.30%", "2012-06-30": "9.95%", "2012-03-31": "9.65%", "2011-12-31": "10.17%", "2011-09-30": "9.69%", "2011-06-30": "9.37%", "2011-03-31": "9.06%", "2010-12-31": "8.85%", "2010-09-30": "8.95%", "2010-06-30": "9.41%", "2010-03-31": "9.22%", "2009-12-31": "9.61%", "2009-09-30": "8.25%", "2009-06-30": "7.05%", "2009-03-31": "7.10%", "2008-12-31": "5.89%", "2008-09-30": "6.24%", "2008-06-30": "6.39%", "2008-03-31": "4.51%", "2007-12-31": "3.83%", "2007-09-30": "5.58%", "2007-06-30": "6.94%", "2007-03-31": "9.24%", "2006-12-31": "11.13%", "2006-09-30": "12.19%", "2006-06-30": "11.83%", "2006-03-31": "11.81%", "2005-12-31": "11.51%"}, "net profit margin": {"2020-09-30": "11.99%", "2020-06-30": "12.11%", "2020-03-31": "11.73%", "2019-12-31": "11.05%", "2019-09-30": "10.79%", "2019-06-30": "10.84%", "2019-03-31": "10.51%", "2018-12-31": "10.55%", "2018-09-30": "10.58%", "2018-06-30": "10.16%", "2018-03-31": "10.31%", "2017-12-31": "9.93%", "2017-09-30": "9.46%", "2017-06-30": "9.40%", "2017-03-31": "9.03%", "2016-12-31": "8.66%", "2016-09-30": "8.52%", "2016-06-30": "8.43%", "2016-03-31": "8.52%", "2015-12-31": "8.71%", "2015-09-30": "8.40%", "2015-06-30": "8.46%", "2015-03-31": "8.23%", "2014-12-31": "8.12%", "2014-09-30": "8.29%", "2014-06-30": "8.21%", "2014-03-31": "8.10%", "2013-12-31": "7.93%", "2013-09-30": "7.66%", "2013-06-30": "7.49%", "2013-03-31": "7.36%", "2012-12-31": "6.73%", "2012-09-30": "6.46%", "2012-06-30": "6.22%", "2012-03-31": "6.01%", "2011-12-31": "6.36%", "2011-09-30": "6.01%", "2011-06-30": "5.81%", "2011-03-31": "5.77%", "2010-12-31": "5.67%", "2010-09-30": "5.73%", "2010-06-30": "5.96%", "2010-03-31": "5.60%", "2009-12-31": "5.77%", "2009-09-30": "4.96%", "2009-06-30": "4.31%", "2009-03-31": "4.55%", "2008-12-31": "3.79%", "2008-09-30": "4.09%", "2008-06-30": "4.12%", "2008-03-31": "2.94%", "2007-12-31": "2.53%", "2007-09-30": "3.58%", "2007-06-30": "4.58%", "2007-03-31": "6.23%", "2006-12-31": "7.44%", "2006-09-30": "7.95%", "2006-06-30": "7.55%", "2006-03-31": "7.32%", "2005-12-31": "7.14%"}, "pe ratio": {"current": "32.79", "2021-02-11": "33.01", "2020-09-30": "36.37", "2020-06-30": "32.76", "2020-03-31": "30.88", "2019-12-31": "30.47", "2019-09-30": "26.71", "2019-06-30": "30.65", "2019-03-31": "29.72", "2018-12-31": "29.16", "2018-09-30": "36.93", "2018-06-30": "39.14", "2018-03-31": "34.59", "2017-12-31": "31.44", "2017-09-30": "36.79", "2017-06-30": "40.82", "2017-03-31": "38.06", "2016-12-31": "35.62", "2016-09-30": "36.43", "2016-06-30": "33.89", "2016-03-31": "35.53", "2015-12-31": "30.58", "2015-09-30": "32.69", "2015-06-30": "34.69", "2015-03-31": "32.13", "2014-12-31": "31.04", "2014-09-30": "25.94", "2014-06-30": "25.47", "2014-03-31": "27.76", "2013-12-31": "26.26", "2013-09-30": "27.08", "2013-06-30": "24.03", "2013-03-31": "22.18", "2012-12-31": "21.06", "2012-09-30": "19.46", "2012-06-30": "16.71", "2012-03-31": "20.46", "2011-12-31": "16.86", "2011-09-30": "14.65", "2011-06-30": "14.39", "2011-03-31": "10.72", "2010-12-31": "9.41", "2010-09-30": "7.69", "2010-06-30": "6.40", "2010-03-31": "8.40", "2009-12-31": "5.16", "2009-09-30": "6.47", "2009-06-30": "6.24", "2009-03-31": "5.10", "2008-12-31": "4.40", "2008-09-30": "10.52", "2008-06-30": "9.97", "2008-03-31": "16.37", "2007-12-31": "18.73", "2007-09-30": "16.98", "2007-06-30": "14.78", "2007-03-31": "11.67", "2006-12-31": "8.49"}, "price sales": {"2021-02-11": "3.97", "2020-09-30": "4.38", "2020-06-30": "3.99", "2020-03-31": "3.65", "2019-12-31": "3.39", "2019-09-30": "2.90", "2019-06-30": "3.34", "2019-03-31": "3.14", "2018-12-31": "3.09", "2018-09-30": "3.98", "2018-06-30": "4.07", "2018-03-31": "3.65", "2017-12-31": "3.21", "2017-09-30": "3.50", "2017-06-30": "3.86", "2017-03-31": "3.47", "2016-12-31": "3.11", "2016-09-30": "3.16", "2016-06-30": "2.91", "2016-03-31": "3.07", "2015-12-31": "2.69", "2015-09-30": "2.75", "2015-06-30": "2.94", "2015-03-31": "2.65", "2014-12-31": "2.54", "2014-09-30": "2.16", "2014-06-30": "2.10", "2014-03-31": "2.25", "2013-12-31": "2.08", "2013-09-30": "2.07", "2013-06-30": "1.80", "2013-03-31": "1.63", "2012-12-31": "1.41", "2012-09-30": "1.27", "2012-06-30": "1.05", "2012-03-31": "1.25", "2011-12-31": "1.09", "2011-09-30": "0.88", "2011-06-30": "0.83", "2011-03-31": "0.61", "2010-12-31": "0.52", "2010-09-30": "0.43", "2010-06-30": "0.38", "2010-03-31": "0.46", "2009-12-31": "0.29", "2009-09-30": "0.32", "2009-06-30": "0.26", "2009-03-31": "0.23", "2008-12-31": "0.17", "2008-09-30": "0.43", "2008-06-30": "0.41", "2008-03-31": "0.49", "2007-12-31": "0.49", "2007-09-30": "0.62", "2007-06-30": "0.69", "2007-03-31": "0.73", "2006-12-31": "0.63"}, "price book": {"current": "0.00", "2021-02-11": "0.00", "2020-09-30": "-5.21", "2020-06-30": "-4.41", "2020-03-31": "-3.71", "2019-12-31": "-3.32", "2019-09-30": "-3.37", "2019-06-30": "-3.90", "2019-03-31": "-3.51", "2018-12-31": "-3.28", "2018-09-30": "-4.04", "2018-06-30": "-3.94", "2018-03-31": "-3.51", "2017-12-31": "-2.88", "2017-09-30": "-3.05", "2017-06-30": "-5.48", "2017-03-31": "-4.62", "2016-12-31": "-3.92", "2016-09-30": "-3.63", "2016-06-30": "-3.18", "2016-03-31": "-3.66", "2015-12-31": "-2.94", "2015-09-30": "-4.47", "2015-06-30": "-4.74", "2015-03-31": "-4.33", "2014-12-31": "-4.04", "2014-09-30": "-3.11", "2014-06-30": "-2.93", "2014-03-31": "-3.15", "2013-12-31": "-2.80", "2013-09-30": "-2.66", "2013-06-30": "-2.25", "2013-03-31": "-2.02", "2012-12-31": "-1.69", "2012-09-30": "-1.46", "2012-06-30": "-1.18", "2012-03-31": "-1.41", "2011-12-31": "-1.38", "2011-09-30": "-1.10", "2011-06-30": "-1.11", "2011-03-31": "-0.83", "2010-12-31": "-0.67", "2010-09-30": "-0.54", "2010-06-30": "-0.45", "2010-03-31": "-0.53", "2009-12-31": "-0.32", "2009-09-30": "-0.32", "2009-06-30": "-0.27", "2009-03-31": "-0.23", "2008-12-31": "-0.16", "2008-09-30": "-0.41", "2008-06-30": "-0.39", "2008-03-31": "-0.46", "2007-12-31": "-0.46", "2007-09-30": "-0.61", "2007-06-30": "-0.68", "2007-03-31": "-1.83", "2006-12-31": "-1.49", "2006-09-30": "-1.35", "2006-06-30": "-1.26", "2006-03-31": "-1.39"}, "price fcf": {"2021-02-11": "", "2020-09-30": "$11.19", "2020-06-30": "$10.23", "2020-03-31": "$10.06", "2019-12-31": "$10.11", "2019-09-30": "$8.69", "2019-06-30": "$8.18", "2019-03-31": "$6.95", "2018-12-31": "$6.52", "2018-09-30": "$6.22", "2018-06-30": "$6.36", "2018-03-31": "$5.68", "2017-12-31": "$5.41", "2017-09-30": "$6.22", "2017-06-30": "$5.66", "2017-03-31": "$5.93", "2016-12-31": "$4.78", "2016-09-30": "$4.30", "2016-06-30": "$3.60", "2016-03-31": "$3.04", "2015-12-31": "$4.34", "2015-09-30": "$3.22", "2015-06-30": "$3.12", "2015-03-31": "$3.20", "2014-12-31": "$2.31", "2014-09-30": "$2.79", "2014-06-30": "$2.49", "2014-03-31": "$2.49", "2013-12-31": "$2.66", "2013-09-30": "$2.54", "2013-06-30": "$2.67", "2013-03-31": "$3.01", "2012-12-31": "$2.54", "2012-09-30": "$2.46", "2012-06-30": "$2.42", "2012-03-31": "$2.04", "2011-12-31": "$2.19", "2011-09-30": "$1.86", "2011-06-30": "$1.70", "2011-03-31": "$1.70", "2010-12-31": "$1.74", "2010-09-30": "$1.77", "2010-06-30": "$1.70", "2010-03-31": "$1.73", "2009-12-31": "$1.42", "2009-09-30": "$1.35", "2009-06-30": "$0.86", "2009-03-31": "$1.20", "2008-12-31": "$1.45", "2008-09-30": "$0.64", "2008-06-30": "$1.37", "2008-03-31": "$1.01", "2007-12-31": "$0.65", "2007-09-30": "$1.47", "2007-06-30": "$1.52", "2007-03-31": "$1.67", "2006-12-31": "$1.97"}, "net worth": {"value": "$15.09B"}, "current ratio": {"current": "1.96", "2020-09-30": "1.96", "2020-06-30": "2.02", "2020-03-31": "1.76", "2019-12-31": "1.74", "2019-09-30": "1.44", "2019-06-30": "1.56", "2019-03-31": "1.43", "2018-12-31": "1.49", "2018-09-30": "1.61", "2018-06-30": "1.81", "2018-03-31": "1.39", "2017-12-31": "1.46", "2017-09-30": "1.49", "2017-06-30": "1.60", "2017-03-31": "1.43", "2016-12-31": "1.23", "2016-09-30": "1.15", "2016-06-30": "1.26", "2016-03-31": "1.88", "2015-12-31": "1.60", "2015-09-30": "1.45", "2015-06-30": "1.50", "2015-03-31": "1.62", "2014-12-31": "1.61", "2014-09-30": "1.51", "2014-06-30": "1.49", "2014-03-31": "1.47", "2013-12-31": "1.38", "2013-09-30": "1.34", "2013-06-30": "1.32", "2013-03-31": "1.38", "2012-12-31": "1.34", "2012-09-30": "1.37", "2012-06-30": "1.26", "2012-03-31": "1.16", "2011-12-31": "1.66", "2011-09-30": "1.69", "2011-06-30": "1.97", "2011-03-31": "1.98", "2010-12-31": "1.64", "2010-09-30": "1.65", "2010-06-30": "1.53", "2010-03-31": "1.56", "2009-12-31": "1.27", "2009-09-30": "1.68", "2009-06-30": "1.71", "2009-03-31": "1.56", "2008-12-31": "1.70", "2008-09-30": "1.60", "2008-06-30": "1.47", "2008-03-31": "1.36", "2007-12-31": "1.29", "2007-09-30": "1.46", "2007-06-30": "1.59", "2007-03-31": "1.27", "2006-12-31": "1.07", "2006-09-30": "0.87", "2006-06-30": "1.03", "2006-03-31": "0.94", "2005-12-31": "1.02", "2005-09-30": "1.02", "2005-06-30": "0.89", "2005-03-31": "1.15"}, "quick ratio": {"2020-09-30": "1.82", "2020-06-30": "1.87", "2020-03-31": "1.65", "2019-12-31": "1.62", "2019-09-30": "1.32", "2019-06-30": "1.45", "2019-03-31": "1.32", "2018-12-31": "1.37", "2018-09-30": "1.50", "2018-06-30": "1.70", "2018-03-31": "1.29", "2017-12-31": "1.36", "2017-09-30": "1.39", "2017-06-30": "1.49", "2017-03-31": "1.33", "2016-12-31": "1.13", "2016-09-30": "1.06", "2016-06-30": "1.16", "2016-03-31": "1.76", "2015-12-31": "1.51", "2015-09-30": "1.31", "2015-06-30": "1.37", "2015-03-31": "1.48", "2014-12-31": "1.47", "2014-09-30": "1.35", "2014-06-30": "1.33", "2014-03-31": "1.33", "2013-12-31": "1.26", "2013-09-30": "1.21", "2013-06-30": "1.20", "2013-03-31": "1.25", "2012-12-31": "1.20", "2012-09-30": "1.24", "2012-06-30": "1.13", "2012-03-31": "1.09", "2011-12-31": "1.50", "2011-09-30": "1.54", "2011-06-30": "1.81", "2011-03-31": "1.81", "2010-12-31": "1.49", "2010-09-30": "1.49", "2010-06-30": "1.36", "2010-03-31": "1.40", "2009-12-31": "1.15", "2009-09-30": "1.51", "2009-06-30": "1.55", "2009-03-31": "1.40", "2008-12-31": "1.54", "2008-09-30": "1.42", "2008-06-30": "1.34", "2008-03-31": "1.22", "2007-12-31": "1.15", "2007-09-30": "1.33", "2007-06-30": "1.44", "2007-03-31": "1.13", "2006-12-31": "0.93", "2006-09-30": "0.75", "2006-06-30": "0.90", "2006-03-31": "0.82", "2005-12-31": "0.91", "2005-09-30": "0.88", "2005-06-30": "0.78", "2005-03-31": "1.03"}, "debt equity ratio": {"current": "0.00", "2020-09-30": "-1.51", "2020-06-30": "-1.48", "2020-03-31": "-1.41", "2019-12-31": "-1.41", "2019-09-30": "-1.40", "2019-06-30": "-1.41", "2019-03-31": "-1.39", "2018-12-31": "-1.30", "2018-09-30": "-1.31", "2018-06-30": "-1.33", "2018-03-31": "-1.29", "2017-12-31": "-1.31", "2017-09-30": "-1.30", "2017-06-30": "-1.43", "2017-03-31": "-1.40", "2016-12-31": "-1.38", "2016-09-30": "-1.35", "2016-06-30": "-1.34", "2016-03-31": "-1.47", "2015-12-31": "-1.44", "2015-09-30": "-1.48", "2015-06-30": "-1.48", "2015-03-31": "-1.53", "2014-12-31": "-1.49", "2014-09-30": "-1.40", "2014-06-30": "-1.38", "2014-03-31": "-1.41", "2013-12-31": "-1.41", "2013-09-30": "-1.35", "2013-06-30": "-1.35", "2013-03-31": "-1.36", "2012-12-31": "-1.36", "2012-09-30": "-1.33", "2012-06-30": "-1.31", "2012-03-31": "-1.44", "2011-12-31": "-1.40", "2011-09-30": "-1.36", "2011-06-30": "-1.42", "2011-03-31": "-1.42", "2010-12-31": "-1.38", "2010-09-30": "-1.34", "2010-06-30": "-1.33", "2010-03-31": "-1.33", "2009-12-31": "-1.34", "2009-09-30": "-1.33", "2009-06-30": "-1.34", "2009-03-31": "-1.34", "2008-12-31": "-1.33", "2008-09-30": "-1.31", "2008-06-30": "-1.32", "2008-03-31": "-1.31", "2007-12-31": "-1.33", "2007-09-30": "-1.35", "2007-06-30": "-1.33", "2007-03-31": "-1.75", "2006-12-31": "-1.67", "2006-09-30": "-1.61", "2006-06-30": "-1.65", "2006-03-31": "-1.61", "2005-12-31": "-1.90", "2005-09-30": "-1.75", "2005-06-30": "-1.73", "2005-03-31": "-1.86"}, "return on equity": {"2020-09-30": "-14.10%", "2020-06-30": "-14.00%", "2020-03-31": "-13.57%", "2019-12-31": "-13.08%", "2019-09-30": "-12.92%", "2019-06-30": "-12.81%", "2019-03-31": "-12.28%", "2018-12-31": "-12.36%", "2018-09-30": "-12.03%", "2018-06-30": "-11.25%", "2018-03-31": "-12.07%", "2017-12-31": "-12.10%", "2017-09-30": "-12.38%", "2017-06-30": "-13.27%", "2017-03-31": "-12.18%", "2016-12-31": "-11.47%", "2016-09-30": "-11.06%", "2016-06-30": "-11.64%", "2016-03-31": "-12.73%", "2015-12-31": "-14.00%", "2015-09-30": "-14.43%", "2015-06-30": "-14.19%", "2015-03-31": "-13.43%", "2014-12-31": "-12.81%", "2014-09-30": "-12.40%", "2014-06-30": "-11.91%", "2014-03-31": "-11.44%", "2013-12-31": "-10.87%", "2013-09-30": "-10.24%", "2013-06-30": "-9.82%", "2013-03-31": "-9.38%", "2012-12-31": "-8.34%", "2012-09-30": "-8.01%", "2012-06-30": "-7.90%", "2012-03-31": "-7.97%", "2011-12-31": "-8.81%", "2011-09-30": "-8.22%", "2011-06-30": "-7.76%", "2011-03-31": "-7.45%", "2010-12-31": "-7.11%", "2010-09-30": "-6.96%", "2010-06-30": "-6.89%", "2010-03-31": "-6.15%", "2009-12-31": "-5.95%", "2009-09-30": "-4.91%", "2009-06-30": "-4.26%", "2009-03-31": "-4.49%", "2008-12-31": "-3.76%", "2008-09-30": "-4.09%", "2008-06-30": "-4.16%", "2008-03-31": "-2.98%", "2007-12-31": "-3.03%", "2007-09-30": "-5.21%", "2007-06-30": "-8.38%", "2007-03-31": "-15.30%", "2006-12-31": "-17.85%", "2006-09-30": "-19.80%", "2006-06-30": "-19.26%", "2006-03-31": "-19.21%", "2005-12-31": "-19.96%"}, "return on assets": {"2020-09-30": "31.40%", "2020-06-30": "33.08%", "2020-03-31": "33.59%", "2019-12-31": "32.87%", "2019-09-30": "34.88%", "2019-06-30": "36.78%", "2019-03-31": "37.33%", "2018-12-31": "40.54%", "2018-09-30": "39.18%", "2018-06-30": "36.99%", "2018-03-31": "37.61%", "2017-12-31": "34.88%", "2017-09-30": "33.64%", "2017-06-30": "34.01%", "2017-03-31": "33.15%", "2016-12-31": "29.87%", "2016-09-30": "27.66%", "2016-06-30": "27.12%", "2016-03-31": "27.21%", "2015-12-31": "29.26%", "2015-09-30": "29.25%", "2015-06-30": "30.06%", "2015-03-31": "30.00%", "2014-12-31": "30.47%", "2014-09-30": "30.93%", "2014-06-30": "30.59%", "2014-03-31": "29.99%", "2013-12-31": "29.48%", "2013-09-30": "28.74%", "2013-06-30": "28.10%", "2013-03-31": "27.68%", "2012-12-31": "23.24%", "2012-09-30": "21.77%", "2012-06-30": "20.98%", "2012-03-31": "19.73%", "2011-12-31": "22.19%", "2011-09-30": "20.93%", "2011-06-30": "19.99%", "2011-03-31": "20.30%", "2010-12-31": "20.53%", "2010-09-30": "20.61%", "2010-06-30": "20.63%", "2010-03-31": "18.34%", "2009-12-31": "17.68%", "2009-09-30": "14.76%", "2009-06-30": "13.04%", "2009-03-31": "13.88%", "2008-12-31": "11.84%", "2008-09-30": "12.88%", "2008-06-30": "12.71%", "2008-03-31": "9.07%", "2007-12-31": "7.94%", "2007-09-30": "11.74%", "2007-06-30": "16.15%", "2007-03-31": "22.88%", "2006-12-31": "28.12%", "2006-09-30": "28.95%", "2006-06-30": "26.80%", "2006-03-31": "25.92%", "2005-12-31": "24.76%"}, "return on investments": {"2020-09-30": "90.83%", "2020-06-30": "101.02%", "2020-03-31": "111.36%", "2019-12-31": "119.43%", "2019-09-30": "126.84%", "2019-06-30": "125.00%", "2019-03-31": "122.46%", "2018-12-31": "128.75%", "2018-09-30": "132.86%", "2018-06-30": "137.49%", "2018-03-31": "146.20%", "2017-12-31": "143.53%", "2017-09-30": "149.25%", "2017-06-30": "161.68%", "2017-03-31": "177.61%", "2016-12-31": "154.24%", "2016-09-30": "136.53%", "2016-06-30": "125.41%", "2016-03-31": "119.01%", "2015-12-31": "129.70%", "2015-09-30": "128.81%", "2015-06-30": "130.83%", "2015-03-31": "132.59%", "2014-12-31": "138.83%", "2014-09-30": "145.45%", "2014-06-30": "148.48%", "2014-03-31": "151.82%", "2013-12-31": "153.47%", "2013-09-30": "152.50%", "2013-06-30": "149.81%", "2013-03-31": "148.98%", "2012-12-31": "147.78%", "2012-09-30": "134.49%", "2012-06-30": "126.34%", "2012-03-31": "111.06%", "2011-12-31": "100.19%", "2011-09-30": "96.71%", "2011-06-30": "93.35%", "2011-03-31": "96.11%", "2010-12-31": "99.13%", "2010-09-30": "102.27%", "2010-06-30": "96.88%", "2010-03-31": "85.96%", "2009-12-31": "77.46%", "2009-09-30": "67.11%", "2009-06-30": "65.98%", "2009-03-31": "71.14%", "2008-12-31": "73.10%", "2008-09-30": "76.39%", "2008-06-30": "77.63%", "2008-03-31": "72.73%", "2007-12-31": "75.63%", "2007-09-30": "84.99%", "2007-06-30": "101.09%", "2007-03-31": "116.25%", "2006-12-31": "127.57%", "2006-09-30": "121.69%", "2006-06-30": "109.88%", "2006-03-31": "109.73%", "2005-12-31": "99.87%"}, "return on tangible equity": {"2020-09-30": "-14.04%", "2020-06-30": "-13.94%", "2020-03-31": "-13.51%", "2019-12-31": "-13.02%", "2019-09-30": "-12.86%", "2019-06-30": "-12.75%", "2019-03-31": "-12.22%", "2018-12-31": "-12.30%", "2018-09-30": "-11.96%", "2018-06-30": "-11.19%", "2018-03-31": "-12.00%", "2017-12-31": "-12.02%", "2017-09-30": "-12.28%", "2017-06-30": "-13.16%", "2017-03-31": "-12.08%", "2016-12-31": "-11.37%", "2016-09-30": "-10.96%", "2016-06-30": "-11.53%", "2016-03-31": "-12.60%", "2015-12-31": "-13.84%", "2015-09-30": "-14.24%", "2015-06-30": "-14.01%", "2015-03-31": "-13.25%", "2014-12-31": "-12.64%", "2014-09-30": "-12.24%", "2014-06-30": "-11.76%", "2014-03-31": "-11.30%", "2013-12-31": "-10.73%", "2013-09-30": "-10.12%", "2013-06-30": "-9.71%", "2013-03-31": "-9.26%", "2012-12-31": "-8.25%", "2012-09-30": "-7.92%", "2012-06-30": "-7.80%", "2012-03-31": "-7.87%", "2011-12-31": "-8.68%", "2011-09-30": "-8.10%", "2011-06-30": "-7.65%", "2011-03-31": "-7.35%", "2010-12-31": "-7.02%", "2010-09-30": "-6.87%", "2010-06-30": "-6.80%", "2010-03-31": "-6.07%", "2009-12-31": "-5.88%", "2009-09-30": "-4.85%", "2009-06-30": "-4.21%", "2009-03-31": "-4.44%", "2008-12-31": "-3.71%", "2008-09-30": "-4.03%", "2008-06-30": "-4.10%", "2008-03-31": "-2.94%", "2007-12-31": "-2.98%", "2007-09-30": "-5.10%", "2007-06-30": "-8.16%", "2007-03-31": "-14.75%", "2006-12-31": "-17.22%", "2006-09-30": "-19.08%", "2006-06-30": "-18.55%", "2006-03-31": "-18.47%", "2005-12-31": "-19.17%"}, "dividend yield history": {"last payout": "$3.12", "last yield": "0.81%"}}