{"ticker": "DTE", "price": {"title": "DTE Energy Historical Annual Stock Price Data", "value": 122.16, "historical": {"2021": {"Average Stock Price": "120.7363", "Year Open": "119.3900", "Year High": "123.5200", "Year Low": "117.9800", "Year Close": "122.1600", "Annual % Change": "0.62%"}, "2020": {"Average Stock Price": "115.4828", "Year Open": "128.7000", "Year High": "135.2000", "Year Low": "76.8100", "Year Close": "121.4100", "Annual % Change": "-6.51%"}, "2019": {"Average Stock Price": "125.4228", "Year Open": "107.8900", "Year High": "133.8000", "Year Low": "107.8900", "Year Close": "129.8700", "Annual % Change": "17.74%"}, "2018": {"Average Stock Price": "107.2806", "Year Open": "108.4500", "Year High": "119.9500", "Year Low": "94.7000", "Year Close": "110.3000", "Annual % Change": "0.77%"}, "2017": {"Average Stock Price": "106.6547", "Year Open": "98.2100", "Year High": "115.9900", "Year Low": "97.1000", "Year Close": "109.4600", "Annual % Change": "11.12%"}, "2016": {"Average Stock Price": "91.5581", "Year Open": "79.1400", "Year High": "100.1000", "Year Low": "78.3800", "Year Close": "98.5100", "Annual % Change": "22.85%"}, "2015": {"Average Stock Price": "80.5700", "Year Open": "87.0100", "Year High": "91.5400", "Year Low": "73.7800", "Year Close": "80.1900", "Annual % Change": "-7.16%"}, "2014": {"Average Stock Price": "75.8562", "Year Open": "65.2600", "Year High": "90.1800", "Year Low": "65.1000", "Year Close": "86.3700", "Annual % Change": "30.09%"}, "2013": {"Average Stock Price": "67.3099", "Year Open": "61.4800", "Year High": "72.9000", "Year Low": "60.7100", "Year Close": "66.3900", "Annual % Change": "10.56%"}, "2012": {"Average Stock Price": "57.7470", "Year Open": "53.8700", "Year High": "62.1000", "Year Low": "52.9600", "Year Close": "60.0500", "Annual % Change": "10.28%"}, "2011": {"Average Stock Price": "49.5420", "Year Open": "45.5700", "Year High": "55.0500", "Year Low": "44.0300", "Year Close": "54.4500", "Annual % Change": "20.15%"}, "2010": {"Average Stock Price": "45.8423", "Year Open": "43.5400", "Year High": "48.9700", "Year Low": "41.5000", "Year Close": "45.3200", "Annual % Change": "3.97%"}, "2009": {"Average Stock Price": "33.7445", "Year Open": "36.2100", "Year High": "44.6400", "Year Low": "23.6100", "Year Close": "43.5900", "Annual % Change": "22.20%"}, "2008": {"Average Stock Price": "40.3545", "Year Open": "44.0500", "Year High": "45.2300", "Year Low": "30.4200", "Year Close": "35.6700", "Annual % Change": "-18.86%"}, "2007": {"Average Stock Price": "48.6814", "Year Open": "49.2000", "Year High": "54.2000", "Year Low": "43.9600", "Year Close": "43.9600", "Annual % Change": "-9.19%"}, "2006": {"Average Stock Price": "42.6139", "Year Open": "43.7200", "Year High": "49.1900", "Year Low": "39.0000", "Year Close": "48.4100", "Annual % Change": "12.09%"}, "2005": {"Average Stock Price": "45.1342", "Year Open": "42.7600", "Year High": "48.1100", "Year Low": "41.8100", "Year Close": "43.1900", "Annual % Change": "0.14%"}, "2004": {"Average Stock Price": "40.8835", "Year Open": "39.4900", "Year High": "45.3000", "Year Low": "38.0700", "Year Close": "43.1300", "Annual % Change": "9.47%"}, "2003": {"Average Stock Price": "39.0483", "Year Open": "46.9800", "Year High": "49.2800", "Year Low": "34.5400", "Year Close": "39.4000", "Annual % Change": "-15.09%"}, "2002": {"Average Stock Price": "43.1431", "Year Open": "42.3700", "Year High": "47.6800", "Year Low": "34.1000", "Year Close": "46.4000", "Annual % Change": "10.63%"}, "2001": {"Average Stock Price": "41.4522", "Year Open": "38.2500", "Year High": "46.6800", "Year Low": "33.7500", "Year Close": "41.9400", "Annual % Change": "7.70%"}, "2000": {"Average Stock Price": "33.8640", "Year Open": "30.0600", "Year High": "39.1900", "Year Low": "29.1900", "Year Close": "38.9400", "Annual % Change": "23.11%"}, "1999": {"Average Stock Price": "38.7324", "Year Open": "42.8800", "Year High": "44.3100", "Year Low": "31.1900", "Year Close": "31.6300", "Annual % Change": "-26.54%"}, "1998": {"Average Stock Price": "40.5239", "Year Open": "34.6300", "Year High": "49.0600", "Year Low": "33.8800", "Year Close": "43.0600", "Annual % Change": "24.13%"}, "1997": {"Average Stock Price": "29.7219", "Year Open": "32.5000", "Year High": "34.6900", "Year Low": "26.2500", "Year Close": "34.6900", "Annual % Change": "7.13%"}, "1996": {"Average Stock Price": "31.3546", "Year Open": "34.8800", "Year High": "36.8750", "Year Low": "27.8750", "Year Close": "32.3800", "Annual % Change": "-6.14%"}, "1995": {"Average Stock Price": "30.0466", "Year Open": "26.1300", "Year High": "34.6300", "Year Low": "26.1300", "Year Close": "34.5000", "Annual % Change": "31.43%"}, "1994": {"Average Stock Price": "26.6273", "Year Open": "29.8800", "Year High": "29.8800", "Year Low": "24.3800", "Year Close": "26.2500", "Annual % Change": "-12.50%"}, "1993": {"Average Stock Price": "34.1839", "Year Open": "32.8800", "Year High": "36.8800", "Year Low": "30.0000", "Year Close": "30.0000", "Annual % Change": "-8.40%"}, "1992": {"Average Stock Price": "32.3504", "Year Open": "34.7500", "Year High": "35.2500", "Year Low": "30.2500", "Year Close": "32.7500", "Annual % Change": "-5.76%"}, "1991": {"Average Stock Price": "30.1834", "Year Open": "28.2500", "Year High": "35.0000", "Year Low": "27.8800", "Year Close": "34.7500", "Annual % Change": "23.01%"}, "1990": {"Average Stock Price": "26.8057", "Year Open": "25.6300", "Year High": "30.0000", "Year Low": "23.7500", "Year Close": "28.2500", "Annual % Change": "11.31%"}, "1989": {"Average Stock Price": "20.8782", "Year Open": "17.3800", "Year High": "25.8800", "Year Low": "17.3800", "Year Close": "25.3800", "Annual % Change": "46.03%"}, "1988": {"Average Stock Price": "14.5737", "Year Open": "13.8800", "Year High": "17.3800", "Year Low": "12.1200", "Year Close": "17.3800", "Annual % Change": "29.90%"}, "1987": {"Average Stock Price": "16.0801", "Year Open": "17.2500", "Year High": "18.8800", "Year Low": "13.2500", "Year Close": "13.3800", "Annual % Change": "-18.91%"}, "1986": {"Average Stock Price": "17.2844", "Year Open": "15.7500", "Year High": "19.0000", "Year Low": "15.6200", "Year Close": "16.5000", "Annual % Change": "3.90%"}, "1985": {"Average Stock Price": "15.9646", "Year Open": "15.5000", "Year High": "17.7500", "Year Low": "14.1200", "Year Close": "15.8800", "Annual % Change": "-0.75%"}, "1984": {"Average Stock Price": "13.7442", "Year Open": "14.0000", "Year High": "16.1200", "Year Low": "11.7500", "Year Close": "16.0000", "Annual % Change": "16.36%"}, "1983": {"Average Stock Price": "14.4755", "Year Open": "13.1200", "Year High": "15.8800", "Year Low": "13.1200", "Year Close": "13.7500", "Annual % Change": "4.80%"}, "1982": {"Average Stock Price": "12.1223", "Year Open": "11.3800", "Year High": "13.7500", "Year Low": "11.1200", "Year Close": "13.1200", "Annual % Change": "15.29%"}, "1981": {"Average Stock Price": "11.4906", "Year Open": "11.2500", "Year High": "12.7500", "Year Low": "11.0000", "Year Close": "11.3800", "Annual % Change": "4.60%"}, "1980": {"Average Stock Price": "12.3013", "Year Open": "12.3800", "Year High": "13.5000", "Year Low": "10.2500", "Year Close": "10.8800", "Annual % Change": "-12.12%"}, "1979": {"Average Stock Price": "14.3521", "Year Open": "13.8800", "Year High": "15.7500", "Year Low": "12.3800", "Year Close": "12.3800", "Annual % Change": "-8.30%"}, "1978": {"Average Stock Price": "15.7985", "Year Open": "16.5000", "Year High": "16.7500", "Year Low": "13.5000", "Year Close": "13.5000", "Annual % Change": "-18.18%"}, "1977": {"Average Stock Price": "16.3643", "Year Open": "15.2500", "Year High": "17.8800", "Year Low": "15.2500", "Year Close": "16.5000", "Annual % Change": "9.13%"}, "1976": {"Average Stock Price": "14.3800", "Year Open": "13.7500", "Year High": "15.5000", "Year Low": "13.1200", "Year Close": "15.1200", "Annual % Change": "14.11%"}, "1975": {"Average Stock Price": "12.1896", "Year Open": "9.2500", "Year High": "14.2500", "Year Low": "9.2500", "Year Close": "13.2500", "Annual % Change": "65.63%"}, "1974": {"Average Stock Price": "12.3758", "Year Open": "16.8800", "Year High": "17.8800", "Year Low": "7.5000", "Year Close": "8.0000", "Annual % Change": "-51.16%"}, "1973": {"Average Stock Price": "19.3700", "Year Open": "20.7500", "Year High": "21.1200", "Year Low": "16.0000", "Year Close": "16.3800", "Annual % Change": "-20.56%"}, "1972": {"Average Stock Price": "20.4363", "Year Open": "21.1200", "Year High": "22.1200", "Year Low": "19.2500", "Year Close": "20.6200", "Annual % Change": "-1.81%"}, "1971": {"Average Stock Price": "20.7733", "Year Open": "22.2500", "Year High": "23.2500", "Year Low": "19.1200", "Year Close": "21.0000", "Annual % Change": "-6.67%"}}}, "market cap": {"value": "$23.37B"}, "income statement": {"Revenue": {"2019-12-31": "12669.00000", "2018-12-31": "14212.00000", "2017-12-31": "12607.00000", "2016-12-31": "10630.00000", "2015-12-31": "10337.00000", "2014-12-31": "12301.00000", "2013-12-31": "9661.00000", "2012-12-31": "8791.00000", "2011-12-31": "8858.00000", "2010-12-31": "8525.00000", "2009-12-31": "8014.00000", "2008-12-31": "9329.00000", "2007-12-31": "8475.00000", "2006-12-31": "8157.00000", "2005-12-31": "8094.00000"}, "Cost Of Goods Sold": {"2019-12-31": "6851.00000", "2018-12-31": "8611.00000", "2017-12-31": "7164.00000", "2016-12-31": "5530.00000", "2015-12-31": "5562.00000", "2014-12-31": "7022.00000", "2013-12-31": "4825.00000", "2012-12-31": "3296.00000", "2011-12-31": "3537.00000", "2010-12-31": "3190.00000", "2009-12-31": "3118.00000", "2008-12-31": "4306.00000", "2007-12-31": "3552.00000", "2006-12-31": "3047.00000", "2005-12-31": "3530.00000"}, "Gross Profit": {"2019-12-31": "5818.00000", "2018-12-31": "5601.00000", "2017-12-31": "5443.00000", "2016-12-31": "5100.00000", "2015-12-31": "4775.00000", "2014-12-31": "5279.00000", "2013-12-31": "4836.00000", "2012-12-31": "5495.00000", "2011-12-31": "5321.00000", "2010-12-31": "5335.00000", "2009-12-31": "4896.00000", "2008-12-31": "5023.00000", "2007-12-31": "4923.00000", "2006-12-31": "5110.00000", "2005-12-31": "4564.00000"}, "Research And Development Expenses": {"2019-12-31": "", "2018-12-31": "", "2017-12-31": "", "2016-12-31": "", "2015-12-31": "", "2014-12-31": "", "2013-12-31": "", "2012-12-31": "", "2011-12-31": "", "2010-12-31": "", "2009-12-31": "", "2008-12-31": "", "2007-12-31": "", "2006-12-31": "", "2005-12-31": ""}, "SG&A Expenses": {"2019-12-31": "2833.00000", "2018-12-31": "2856.00000", "2017-12-31": "2661.00000", "2016-12-31": "2631.00000", "2015-12-31": "2578.00000", "2014-12-31": "2556.00000", "2013-12-31": "2548.00000", "2012-12-31": "3224.00000", "2011-12-31": "2922.00000", "2010-12-31": "2873.00000", "2009-12-31": "2647.00000", "2008-12-31": "2998.00000", "2007-12-31": "3249.00000", "2006-12-31": "2986.00000", "2005-12-31": "2879.00000"}, "Other Operating Income Or Expenses": {"2019-12-31": "-15.00000", "2018-12-31": "-27.00000", "2017-12-31": "-41.00000", "2016-12-31": "-7.00000", "2015-12-31": "-106.00000", "2014-12-31": "12.00000", "2013-12-31": "9.00000", "2012-12-31": "3.00000", "2011-12-31": "-1.00000", "2010-12-31": "20.00000", "2009-12-31": "20.00000", "2008-12-31": "139.00000", "2007-12-31": "863.00000", "2006-12-31": "-67.00000", "2005-12-31": "23.00000"}, "Operating Expenses": {"2019-12-31": "10962.00000", "2018-12-31": "12618.00000", "2017-12-31": "10896.00000", "2016-12-31": "9144.00000", "2015-12-31": "9098.00000", "2014-12-31": "10711.00000", "2013-12-31": "8458.00000", "2012-12-31": "7512.00000", "2011-12-31": "7437.00000", "2010-12-31": "7055.00000", "2009-12-31": "6765.00000", "2008-12-31": "8066.00000", "2007-12-31": "6870.00000", "2006-12-31": "7090.00000", "2005-12-31": "7196.00000"}, "Operating Income": {"2019-12-31": "1707.00000", "2018-12-31": "1594.00000", "2017-12-31": "1711.00000", "2016-12-31": "1486.00000", "2015-12-31": "1239.00000", "2014-12-31": "1590.00000", "2013-12-31": "1203.00000", "2012-12-31": "1279.00000", "2011-12-31": "1421.00000", "2010-12-31": "1470.00000", "2009-12-31": "1249.00000", "2008-12-31": "1263.00000", "2007-12-31": "1605.00000", "2006-12-31": "1067.00000", "2005-12-31": "898.00000"}, "Total Non-Operating Income/Expense": {"2019-12-31": "-383.00000", "2018-12-31": "-378.00000", "2017-12-31": "-424.00000", "2016-12-31": "-381.00000", "2015-12-31": "-289.00000", "2014-12-31": "-315.00000", "2013-12-31": "-281.00000", "2012-12-31": "-319.00000", "2011-12-31": "-430.00000", "2010-12-31": "-508.00000", "2009-12-31": "-467.00000", "2008-12-31": "-444.00000", "2007-12-31": "-450.00000", "2006-12-31": "-531.00000", "2005-12-31": "-483.00000"}, "Pre-Tax Income": {"2019-12-31": "1324.00000", "2018-12-31": "1216.00000", "2017-12-31": "1287.00000", "2016-12-31": "1105.00000", "2015-12-31": "950.00000", "2014-12-31": "1275.00000", "2013-12-31": "922.00000", "2012-12-31": "960.00000", "2011-12-31": "991.00000", "2010-12-31": "962.00000", "2009-12-31": "782.00000", "2008-12-31": "819.00000", "2007-12-31": "1155.00000", "2006-12-31": "536.00000", "2005-12-31": "415.00000"}, "Income Taxes": {"2019-12-31": "152.00000", "2018-12-31": "98.00000", "2017-12-31": "175.00000", "2016-12-31": "271.00000", "2015-12-31": "230.00000", "2014-12-31": "364.00000", "2013-12-31": "254.00000", "2012-12-31": "286.00000", "2011-12-31": "268.00000", "2010-12-31": "315.00000", "2009-12-31": "247.00000", "2008-12-31": "288.00000", "2007-12-31": "364.00000", "2006-12-31": "146.00000", "2005-12-31": "106.00000"}, "Income After Taxes": {"2019-12-31": "1172.00000", "2018-12-31": "1118.00000", "2017-12-31": "1112.00000", "2016-12-31": "834.00000", "2015-12-31": "720.00000", "2014-12-31": "911.00000", "2013-12-31": "668.00000", "2012-12-31": "674.00000", "2011-12-31": "723.00000", "2010-12-31": "647.00000", "2009-12-31": "535.00000", "2008-12-31": "531.00000", "2007-12-31": "791.00000", "2006-12-31": "390.00000", "2005-12-31": "309.00000"}, "Other Income": {"2019-12-31": "", "2018-12-31": "", "2017-12-31": "", "2016-12-31": "", "2015-12-31": "", "2014-12-31": "", "2013-12-31": "", "2012-12-31": "", "2011-12-31": "", "2010-12-31": "", "2009-12-31": "", "2008-12-31": "", "2007-12-31": "", "2006-12-31": "", "2005-12-31": ""}, "Income From Continuous Operations": {"2019-12-31": "1172.00000", "2018-12-31": "1118.00000", "2017-12-31": "1112.00000", "2016-12-31": "834.00000", "2015-12-31": "720.00000", "2014-12-31": "911.00000", "2013-12-31": "668.00000", "2012-12-31": "674.00000", "2011-12-31": "723.00000", "2010-12-31": "647.00000", "2009-12-31": "535.00000", "2008-12-31": "531.00000", "2007-12-31": "791.00000", "2006-12-31": "389.00000", "2005-12-31": "272.00000"}, "Income From Discontinued Operations": {"2019-12-31": "", "2018-12-31": "", "2017-12-31": "", "2016-12-31": "", "2015-12-31": "", "2014-12-31": "", "2013-12-31": "", "2012-12-31": "-56.00000", "2011-12-31": "-3.00000", "2010-12-31": "-8.00000", "2009-12-31": "", "2008-12-31": "22.00000", "2007-12-31": "-4.00000", "2006-12-31": "43.00000", "2005-12-31": "268.00000"}, "Net Income": {"2019-12-31": "1169.00000", "2018-12-31": "1120.00000", "2017-12-31": "1134.00000", "2016-12-31": "868.00000", "2015-12-31": "727.00000", "2014-12-31": "905.00000", "2013-12-31": "661.00000", "2012-12-31": "610.00000", "2011-12-31": "711.00000", "2010-12-31": "630.00000", "2009-12-31": "532.00000", "2008-12-31": "546.00000", "2007-12-31": "787.00000", "2006-12-31": "433.00000", "2005-12-31": "537.00000"}, "EBITDA": {"2019-12-31": "3030.00000", "2018-12-31": "2763.00000", "2017-12-31": "2794.00000", "2016-12-31": "2520.00000", "2015-12-31": "2137.00000", "2014-12-31": "2783.00000", "2013-12-31": "2335.00000", "2012-12-31": "2326.00000", "2011-12-31": "2462.00000", "2010-12-31": "2497.00000", "2009-12-31": "2269.00000", "2008-12-31": "2162.00000", "2007-12-31": "2531.00000", "2006-12-31": "2081.00000", "2005-12-31": "1770.00000"}, "EBIT": {"2019-12-31": "1707.00000", "2018-12-31": "1594.00000", "2017-12-31": "1711.00000", "2016-12-31": "1486.00000", "2015-12-31": "1239.00000", "2014-12-31": "1590.00000", "2013-12-31": "1203.00000", "2012-12-31": "1279.00000", "2011-12-31": "1421.00000", "2010-12-31": "1470.00000", "2009-12-31": "1249.00000", "2008-12-31": "1263.00000", "2007-12-31": "1605.00000", "2006-12-31": "1067.00000", "2005-12-31": "898.00000"}, "Basic Shares Outstanding": {"2019-12-31": "185.00000", "2018-12-31": "181.00000", "2017-12-31": "179.00000", "2016-12-31": "179.00000", "2015-12-31": "179.00000", "2014-12-31": "177.00000", "2013-12-31": "175.00000", "2012-12-31": "171.00000", "2011-12-31": "169.00000", "2010-12-31": "168.00000", "2009-12-31": "164.00000", "2008-12-31": "163.00000", "2007-12-31": "170.00000", "2006-12-31": "177.00000", "2005-12-31": "175.00000"}, "Shares Outstanding": {"2019-12-31": "185.00000", "2018-12-31": "181.00000", "2017-12-31": "179.00000", "2016-12-31": "179.00000", "2015-12-31": "179.00000", "2014-12-31": "177.00000", "2013-12-31": "175.00000", "2012-12-31": "172.00000", "2011-12-31": "170.00000", "2010-12-31": "169.00000", "2009-12-31": "164.00000", "2008-12-31": "163.00000", "2007-12-31": "171.00000", "2006-12-31": "178.00000", "2005-12-31": "176.00000"}, "Basic EPS": {"2019-12-31": "6.32000", "2018-12-31": "6.18000", "2017-12-31": "6.32000", "2016-12-31": "4.84000", "2015-12-31": "4.05000", "2014-12-31": "5.11000", "2013-12-31": "3.76000", "2012-12-31": "3.56000", "2011-12-31": "4.19000", "2010-12-31": "3.75000", "2009-12-31": "3.24000", "2008-12-31": "3.34000", "2007-12-31": "5.70000", "2006-12-31": "2.44000", "2005-12-31": "3.07000"}, "EPS - Earnings Per Share": {"2019-12-31": "6.31000", "2018-12-31": "6.17000", "2017-12-31": "6.32000", "2016-12-31": "4.83000", "2015-12-31": "4.05000", "2014-12-31": "5.10000", "2013-12-31": "3.76000", "2012-12-31": "3.55000", "2011-12-31": "4.18000", "2010-12-31": "3.74000", "2009-12-31": "3.24000", "2008-12-31": "3.34000", "2007-12-31": "5.69000", "2006-12-31": "2.43000", "2005-12-31": "3.05000"}}, "income statement, quarterly": {"Revenue": {"2020-09-30": "3284.00000", "2020-06-30": "2583.00000", "2020-03-31": "3022.00000", "2019-12-31": "3148.00000", "2019-09-30": "3119.00000", "2019-06-30": "2888.00000", "2019-03-31": "3514.00000", "2018-12-31": "3750.00000", "2018-09-30": "3550.00000", "2018-06-30": "3159.00000", "2018-03-31": "3753.00000", "2017-12-31": "3271.00000", "2017-09-30": "3245.00000", "2017-06-30": "2855.00000", "2017-03-31": "3236.00000", "2016-12-31": "2874.00000", "2016-09-30": "2928.00000", "2016-06-30": "2262.00000", "2016-03-31": "2566.00000", "2015-12-31": "2487.00000", "2015-09-30": "2598.00000", "2015-06-30": "2268.00000", "2015-03-31": "2984.00000", "2014-12-31": "3078.00000", "2014-09-30": "2595.00000", "2014-06-30": "2698.00000", "2014-03-31": "3930.00000", "2013-12-31": "2533.00000", "2013-09-30": "2387.00000", "2013-06-30": "2225.00000", "2013-03-31": "2516.00000", "2012-12-31": "2349.00000", "2012-09-30": "2190.00000", "2012-06-30": "2013.00000", "2012-03-31": "2239.00000", "2011-12-31": "2134.00000", "2011-09-30": "2265.00000", "2011-06-30": "2028.00000", "2011-03-31": "2431.00000", "2010-12-31": "2141.00000", "2010-09-30": "2139.00000", "2010-06-30": "1792.00000", "2010-03-31": "2453.00000", "2009-12-31": "2121.00000", "2009-09-30": "1950.00000", "2009-06-30": "1688.00000", "2009-03-31": "2255.00000", "2008-12-31": "2170.00000", "2008-09-30": "2338.00000", "2008-06-30": "2251.00000", "2008-03-31": "2570.00000", "2007-12-31": "2207.00000", "2007-09-30": "2128.00000", "2007-06-30": "1677.00000", "2007-03-31": "2463.00000", "2006-12-31": "1431.00000", "2006-09-30": "2196.00000", "2006-06-30": "1895.00000", "2006-03-31": "2635.00000", "2005-12-31": "1784.00000", "2005-09-30": "2060.00000", "2005-06-30": "1941.00000", "2005-03-31": "2309.00000"}, "Cost Of Goods Sold": {"2020-09-30": "1635.00000", "2020-06-30": "1163.00000", "2020-03-31": "1435.00000", "2019-12-31": "1609.00000", "2019-09-30": "1657.00000", "2019-06-30": "1618.00000", "2019-03-31": "1967.00000", "2018-12-31": "2273.00000", "2018-09-30": "2135.00000", "2018-06-30": "1877.00000", "2018-03-31": "2326.00000", "2017-12-31": "1905.00000", "2017-09-30": "1906.00000", "2017-06-30": "1644.00000", "2017-03-31": "1709.00000", "2016-12-31": "1521.00000", "2016-09-30": "1537.00000", "2016-06-30": "1131.00000", "2016-03-31": "1341.00000", "2015-12-31": "1333.00000", "2015-09-30": "1328.00000", "2015-06-30": "1203.00000", "2015-03-31": "1698.00000", "2014-12-31": "2472.00000", "2014-09-30": "1119.00000", "2014-06-30": "1276.00000", "2014-03-31": "2155.00000", "2013-12-31": "1894.00000", "2013-09-30": "967.00000", "2013-06-30": "940.00000", "2013-03-31": "1024.00000", "2012-12-31": "949.00000", "2012-09-30": "761.00000", "2012-06-30": "697.00000", "2012-03-31": "889.00000", "2011-12-31": "829.00000", "2011-09-30": "866.00000", "2011-06-30": "771.00000", "2011-03-31": "1071.00000", "2010-12-31": "824.00000", "2010-09-30": "763.00000", "2010-06-30": "608.00000", "2010-03-31": "995.00000", "2009-12-31": "846.00000", "2009-09-30": "735.00000", "2009-06-30": "577.00000", "2009-03-31": "960.00000", "2008-12-31": "974.00000", "2008-09-30": "1034.00000", "2008-06-30": "1032.00000", "2008-03-31": "1266.00000", "2007-12-31": "956.00000", "2007-09-30": "763.00000", "2007-06-30": "698.00000", "2007-03-31": "1135.00000", "2006-12-31": "770.00000", "2006-09-30": "629.00000", "2006-06-30": "588.00000", "2006-03-31": "1060.00000", "2005-12-31": "1084.00000", "2005-09-30": "839.00000", "2005-06-30": "638.00000", "2005-03-31": "969.00000"}, "Gross Profit": {"2020-09-30": "1649.00000", "2020-06-30": "1420.00000", "2020-03-31": "1587.00000", "2019-12-31": "1539.00000", "2019-09-30": "1462.00000", "2019-06-30": "1270.00000", "2019-03-31": "1547.00000", "2018-12-31": "1477.00000", "2018-09-30": "1415.00000", "2018-06-30": "1282.00000", "2018-03-31": "1427.00000", "2017-12-31": "1366.00000", "2017-09-30": "1339.00000", "2017-06-30": "1211.00000", "2017-03-31": "1527.00000", "2016-12-31": "1353.00000", "2016-09-30": "1391.00000", "2016-06-30": "1131.00000", "2016-03-31": "1225.00000", "2015-12-31": "1154.00000", "2015-09-30": "1270.00000", "2015-06-30": "1065.00000", "2015-03-31": "1286.00000", "2014-12-31": "606.00000", "2014-09-30": "1476.00000", "2014-06-30": "1422.00000", "2014-03-31": "1775.00000", "2013-12-31": "639.00000", "2013-09-30": "1420.00000", "2013-06-30": "1285.00000", "2013-03-31": "1492.00000", "2012-12-31": "1400.00000", "2012-09-30": "1429.00000", "2012-06-30": "1316.00000", "2012-03-31": "1350.00000", "2011-12-31": "1305.00000", "2011-09-30": "1399.00000", "2011-06-30": "1257.00000", "2011-03-31": "1360.00000", "2010-12-31": "1317.00000", "2010-09-30": "1376.00000", "2010-06-30": "1184.00000", "2010-03-31": "1458.00000", "2009-12-31": "1275.00000", "2009-09-30": "1215.00000", "2009-06-30": "1111.00000", "2009-03-31": "1295.00000", "2008-12-31": "1196.00000", "2008-09-30": "1304.00000", "2008-06-30": "1219.00000", "2008-03-31": "1304.00000", "2007-12-31": "1251.00000", "2007-09-30": "1365.00000", "2007-06-30": "979.00000", "2007-03-31": "1328.00000", "2006-12-31": "661.00000", "2006-09-30": "1567.00000", "2006-06-30": "1307.00000", "2006-03-31": "1575.00000", "2005-12-31": "700.00000", "2005-09-30": "1221.00000", "2005-06-30": "1303.00000", "2005-03-31": "1340.00000"}, "Research And Development Expenses": {"2020-09-30": "", "2020-06-30": "", "2020-03-31": "", "2019-12-31": "", "2019-09-30": "", "2019-06-30": "", "2019-03-31": "", "2018-12-31": "", "2018-09-30": "", "2018-06-30": "", "2018-03-31": "", "2017-12-31": "", "2017-09-30": "", "2017-06-30": "", "2017-03-31": "", "2016-12-31": "", "2016-09-30": "", "2016-06-30": "", "2016-03-31": "", "2015-12-31": "", "2015-09-30": "", "2015-06-30": "", "2015-03-31": "", "2014-12-31": "", "2014-09-30": "", "2014-06-30": "", "2014-03-31": "", "2013-12-31": "", "2013-09-30": "", "2013-06-30": "", "2013-03-31": "", "2012-12-31": "", "2012-09-30": "", "2012-06-30": "", "2012-03-31": "", "2011-12-31": "", "2011-09-30": "", "2011-06-30": "", "2011-03-31": "", "2010-12-31": "", "2010-09-30": "", "2010-06-30": "", "2010-03-31": "", "2009-12-31": "", "2009-09-30": "", "2009-06-30": "", "2009-03-31": "", "2008-12-31": "", "2008-09-30": "", "2008-06-30": "", "2008-03-31": "", "2007-12-31": "", "2007-09-30": "", "2007-06-30": "", "2007-03-31": "", "2006-12-31": "", "2006-09-30": "", "2006-06-30": "", "2006-03-31": "", "2005-12-31": "", "2005-09-30": "", "2005-06-30": "", "2005-03-31": ""}, "SG&A Expenses": {"2020-09-30": "691.00000", "2020-06-30": "648.00000", "2020-03-31": "698.00000", "2019-12-31": "783.00000", "2019-09-30": "689.00000", "2019-06-30": "652.00000", "2019-03-31": "709.00000", "2018-12-31": "828.00000", "2018-09-30": "703.00000", "2018-06-30": "680.00000", "2018-03-31": "645.00000", "2017-12-31": "688.00000", "2017-09-30": "641.00000", "2017-06-30": "639.00000", "2017-03-31": "693.00000", "2016-12-31": "729.00000", "2016-09-30": "654.00000", "2016-06-30": "633.00000", "2016-03-31": "615.00000", "2015-12-31": "696.00000", "2015-09-30": "633.00000", "2015-06-30": "623.00000", "2015-03-31": "626.00000", "2014-12-31": "-224.00000", "2014-09-30": "946.00000", "2014-06-30": "898.00000", "2014-03-31": "936.00000", "2013-12-31": "118.00000", "2013-09-30": "812.00000", "2013-06-30": "789.00000", "2013-03-31": "829.00000", "2012-12-31": "861.00000", "2012-09-30": "765.00000", "2012-06-30": "782.00000", "2012-03-31": "816.00000", "2011-12-31": "735.00000", "2011-09-30": "749.00000", "2011-06-30": "724.00000", "2011-03-31": "714.00000", "2010-12-31": "744.00000", "2010-09-30": "718.00000", "2010-06-30": "677.00000", "2010-03-31": "734.00000", "2009-12-31": "703.00000", "2009-09-30": "617.00000", "2009-06-30": "656.00000", "2009-03-31": "671.00000", "2008-12-31": "688.00000", "2008-09-30": "699.00000", "2008-06-30": "832.00000", "2008-03-31": "779.00000", "2007-12-31": "691.00000", "2007-09-30": "828.00000", "2007-06-30": "906.00000", "2007-03-31": "824.00000", "2006-12-31": "39.00000", "2006-09-30": "845.00000", "2006-06-30": "989.00000", "2006-03-31": "1113.00000", "2005-12-31": "-160.00000", "2005-09-30": "1039.00000", "2005-06-30": "1016.00000", "2005-03-31": "984.00000"}, "Other Operating Income Or Expenses": {"2020-09-30": "6.00000", "2020-06-30": "-55.00000", "2020-03-31": "10.00000", "2019-12-31": "-1.00000", "2019-09-30": "-1.00000", "2019-06-30": "-13.00000", "2019-03-31": "", "2018-12-31": "-19.00000", "2018-09-30": "-10.00000", "2018-06-30": "-1.00000", "2018-03-31": "3.00000", "2017-12-31": "-32.00000", "2017-09-30": "-6.00000", "2017-06-30": "-3.00000", "2017-03-31": "", "2016-12-31": "-8.00000", "2016-09-30": "", "2016-06-30": "1.00000", "2016-03-31": "", "2015-12-31": "-97.00000", "2015-09-30": "-1.00000", "2015-06-30": "-18.00000", "2015-03-31": "10.00000", "2014-12-31": "2.00000", "2014-09-30": "2.00000", "2014-06-30": "7.00000", "2014-03-31": "1.00000", "2013-12-31": "3.00000", "2013-09-30": "5.00000", "2013-06-30": "-5.00000", "2013-03-31": "6.00000", "2012-12-31": "-7.00000", "2012-09-30": "1.00000", "2012-06-30": "4.00000", "2012-03-31": "5.00000", "2011-12-31": "-1.00000", "2011-09-30": "8.00000", "2011-06-30": "3.00000", "2011-03-31": "-11.00000", "2010-12-31": "20.00000", "2010-09-30": "-1.00000", "2010-06-30": "2.00000", "2010-03-31": "-1.00000", "2009-12-31": "17.00000", "2009-09-30": "", "2009-06-30": "", "2009-03-31": "3.00000", "2008-12-31": "18.00000", "2008-09-30": "5.00000", "2008-06-30": "-14.00000", "2008-03-31": "130.00000", "2007-12-31": "-12.00000", "2007-09-30": "-3.00000", "2007-06-30": "888.00000", "2007-03-31": "-10.00000", "2006-12-31": "49.00000", "2006-09-30": "6.00000", "2006-06-30": "-127.00000", "2006-03-31": "5.00000", "2005-12-31": "-180.00000", "2005-09-30": "108.00000", "2005-06-30": "19.00000", "2005-03-31": "76.00000"}, "Operating Expenses": {"2020-09-30": "2676.00000", "2020-06-30": "2216.00000", "2020-03-31": "2476.00000", "2019-12-31": "2733.00000", "2019-09-30": "2669.00000", "2019-06-30": "2588.00000", "2019-03-31": "2972.00000", "2018-12-31": "3418.00000", "2018-09-30": "3121.00000", "2018-06-30": "2830.00000", "2018-03-31": "3249.00000", "2017-12-31": "2899.00000", "2017-09-30": "2811.00000", "2017-06-30": "2535.00000", "2017-03-31": "2651.00000", "2016-12-31": "2532.00000", "2016-09-30": "2421.00000", "2016-06-30": "2006.00000", "2016-03-31": "2185.00000", "2015-12-31": "2353.00000", "2015-09-30": "2158.00000", "2015-06-30": "2064.00000", "2015-03-31": "2523.00000", "2014-12-31": "2536.00000", "2014-09-30": "2356.00000", "2014-06-30": "2449.00000", "2014-03-31": "3370.00000", "2013-12-31": "2292.00000", "2013-09-30": "2058.00000", "2013-06-30": "2002.00000", "2013-03-31": "2106.00000", "2012-12-31": "2082.00000", "2012-09-30": "1784.00000", "2012-06-30": "1719.00000", "2012-03-31": "1927.00000", "2011-12-31": "1790.00000", "2011-09-30": "1866.00000", "2011-06-30": "1740.00000", "2011-03-31": "2041.00000", "2010-12-31": "1785.00000", "2010-09-30": "1753.00000", "2010-06-30": "1536.00000", "2010-03-31": "1981.00000", "2009-12-31": "1814.00000", "2009-09-30": "1618.00000", "2009-06-30": "1473.00000", "2009-03-31": "1860.00000", "2008-12-31": "1868.00000", "2008-09-30": "1963.00000", "2008-06-30": "2094.00000", "2008-03-31": "2141.00000", "2007-12-31": "1879.00000", "2007-09-30": "1842.00000", "2007-06-30": "956.00000", "2007-03-31": "2193.00000", "2006-12-31": "949.00000", "2006-09-30": "1823.00000", "2006-06-30": "1925.00000", "2006-03-31": "2393.00000", "2005-12-31": "1251.00000", "2005-09-30": "2009.00000", "2005-06-30": "1851.00000", "2005-03-31": "2085.00000"}, "Operating Income": {"2020-09-30": "608.00000", "2020-06-30": "367.00000", "2020-03-31": "546.00000", "2019-12-31": "415.00000", "2019-09-30": "450.00000", "2019-06-30": "300.00000", "2019-03-31": "542.00000", "2018-12-31": "332.00000", "2018-09-30": "429.00000", "2018-06-30": "329.00000", "2018-03-31": "504.00000", "2017-12-31": "372.00000", "2017-09-30": "434.00000", "2017-06-30": "320.00000", "2017-03-31": "585.00000", "2016-12-31": "342.00000", "2016-09-30": "507.00000", "2016-06-30": "256.00000", "2016-03-31": "381.00000", "2015-12-31": "134.00000", "2015-09-30": "440.00000", "2015-06-30": "204.00000", "2015-03-31": "461.00000", "2014-12-31": "542.00000", "2014-09-30": "239.00000", "2014-06-30": "249.00000", "2014-03-31": "560.00000", "2013-12-31": "241.00000", "2013-09-30": "329.00000", "2013-06-30": "223.00000", "2013-03-31": "410.00000", "2012-12-31": "267.00000", "2012-09-30": "406.00000", "2012-06-30": "294.00000", "2012-03-31": "312.00000", "2011-12-31": "344.00000", "2011-09-30": "399.00000", "2011-06-30": "288.00000", "2011-03-31": "390.00000", "2010-12-31": "356.00000", "2010-09-30": "386.00000", "2010-06-30": "256.00000", "2010-03-31": "472.00000", "2009-12-31": "307.00000", "2009-09-30": "332.00000", "2009-06-30": "215.00000", "2009-03-31": "395.00000", "2008-12-31": "302.00000", "2008-09-30": "375.00000", "2008-06-30": "157.00000", "2008-03-31": "429.00000", "2007-12-31": "328.00000", "2007-09-30": "286.00000", "2007-06-30": "721.00000", "2007-03-31": "270.00000", "2006-12-31": "482.00000", "2006-09-30": "373.00000", "2006-06-30": "-30.00000", "2006-03-31": "242.00000", "2005-12-31": "533.00000", "2005-09-30": "51.00000", "2005-06-30": "90.00000", "2005-03-31": "224.00000"}, "Total Non-Operating Income/Expense": {"2020-09-30": "-68.00000", "2020-06-30": "-84.00000", "2020-03-31": "-155.00000", "2019-12-31": "-117.00000", "2019-09-30": "-86.00000", "2019-06-30": "-100.00000", "2019-03-31": "-80.00000", "2018-12-31": "-159.00000", "2018-09-30": "-60.00000", "2018-06-30": "-74.00000", "2018-03-31": "-85.00000", "2017-12-31": "-158.00000", "2017-09-30": "-97.00000", "2017-06-30": "-88.00000", "2017-03-31": "-81.00000", "2016-12-31": "-190.00000", "2016-09-30": "-72.00000", "2016-06-30": "-61.00000", "2016-03-31": "-58.00000", "2015-12-31": "-77.00000", "2015-09-30": "-74.00000", "2015-06-30": "-73.00000", "2015-03-31": "-65.00000", "2014-12-31": "-106.00000", "2014-09-30": "-61.00000", "2014-06-30": "-73.00000", "2014-03-31": "-75.00000", "2013-12-31": "-86.00000", "2013-09-30": "-53.00000", "2013-06-30": "-72.00000", "2013-03-31": "-70.00000", "2012-12-31": "-93.00000", "2012-09-30": "-69.00000", "2012-06-30": "-76.00000", "2012-03-31": "-81.00000", "2011-12-31": "-96.00000", "2011-09-30": "-113.00000", "2011-06-30": "-112.00000", "2011-03-31": "-109.00000", "2010-12-31": "-129.00000", "2010-09-30": "-128.00000", "2010-06-30": "-125.00000", "2010-03-31": "-126.00000", "2009-12-31": "-132.00000", "2009-09-30": "-112.00000", "2009-06-30": "-104.00000", "2009-03-31": "-119.00000", "2008-12-31": "-115.00000", "2008-09-30": "-108.00000", "2008-06-30": "-109.00000", "2008-03-31": "-112.00000", "2007-12-31": "-100.00000", "2007-09-30": "-99.00000", "2007-06-30": "-129.00000", "2007-03-31": "-122.00000", "2006-12-31": "-158.00000", "2006-09-30": "-135.00000", "2006-06-30": "-119.00000", "2006-03-31": "-119.00000", "2005-12-31": "-150.00000", "2005-09-30": "-100.00000", "2005-06-30": "-120.00000", "2005-03-31": "-113.00000"}, "Pre-Tax Income": {"2020-09-30": "540.00000", "2020-06-30": "283.00000", "2020-03-31": "391.00000", "2019-12-31": "298.00000", "2019-09-30": "364.00000", "2019-06-30": "200.00000", "2019-03-31": "462.00000", "2018-12-31": "173.00000", "2018-09-30": "369.00000", "2018-06-30": "255.00000", "2018-03-31": "419.00000", "2017-12-31": "214.00000", "2017-09-30": "337.00000", "2017-06-30": "232.00000", "2017-03-31": "504.00000", "2016-12-31": "152.00000", "2016-09-30": "435.00000", "2016-06-30": "195.00000", "2016-03-31": "323.00000", "2015-12-31": "57.00000", "2015-09-30": "366.00000", "2015-06-30": "131.00000", "2015-03-31": "396.00000", "2014-12-31": "436.00000", "2014-09-30": "178.00000", "2014-06-30": "176.00000", "2014-03-31": "485.00000", "2013-12-31": "155.00000", "2013-09-30": "276.00000", "2013-06-30": "151.00000", "2013-03-31": "340.00000", "2012-12-31": "174.00000", "2012-09-30": "337.00000", "2012-06-30": "218.00000", "2012-03-31": "231.00000", "2011-12-31": "248.00000", "2011-09-30": "286.00000", "2011-06-30": "176.00000", "2011-03-31": "281.00000", "2010-12-31": "227.00000", "2010-09-30": "258.00000", "2010-06-30": "131.00000", "2010-03-31": "346.00000", "2009-12-31": "175.00000", "2009-09-30": "220.00000", "2009-06-30": "111.00000", "2009-03-31": "276.00000", "2008-12-31": "187.00000", "2008-09-30": "267.00000", "2008-06-30": "48.00000", "2008-03-31": "317.00000", "2007-12-31": "228.00000", "2007-09-30": "187.00000", "2007-06-30": "592.00000", "2007-03-31": "148.00000", "2006-12-31": "324.00000", "2006-09-30": "238.00000", "2006-06-30": "-149.00000", "2006-03-31": "123.00000", "2005-12-31": "383.00000", "2005-09-30": "-49.00000", "2005-06-30": "-30.00000", "2005-03-31": "111.00000"}, "Income Taxes": {"2020-09-30": "63.00000", "2020-06-30": "6.00000", "2020-03-31": "49.00000", "2019-12-31": "30.00000", "2019-09-30": "47.00000", "2019-06-30": "21.00000", "2019-03-31": "54.00000", "2018-12-31": "-23.00000", "2018-09-30": "34.00000", "2018-06-30": "19.00000", "2018-03-31": "68.00000", "2017-12-31": "-66.00000", "2017-09-30": "74.00000", "2017-06-30": "57.00000", "2017-03-31": "110.00000", "2016-12-31": "28.00000", "2016-09-30": "110.00000", "2016-06-30": "50.00000", "2016-03-31": "83.00000", "2015-12-31": "-20.00000", "2015-09-30": "102.00000", "2015-06-30": "26.00000", "2015-03-31": "122.00000", "2014-12-31": "135.00000", "2014-09-30": "21.00000", "2014-06-30": "50.00000", "2014-03-31": "158.00000", "2013-12-31": "29.00000", "2013-09-30": "76.00000", "2013-06-30": "44.00000", "2013-03-31": "105.00000", "2012-12-31": "35.00000", "2012-09-30": "108.00000", "2012-06-30": "70.00000", "2012-03-31": "73.00000", "2011-12-31": "88.00000", "2011-09-30": "101.00000", "2011-06-30": "-24.00000", "2011-03-31": "103.00000", "2010-12-31": "63.00000", "2010-09-30": "92.00000", "2010-06-30": "44.00000", "2010-03-31": "116.00000", "2009-12-31": "54.00000", "2009-09-30": "69.00000", "2009-06-30": "27.00000", "2009-03-31": "97.00000", "2008-12-31": "57.00000", "2008-09-30": "97.00000", "2008-06-30": "18.00000", "2008-03-31": "116.00000", "2007-12-31": "36.00000", "2007-09-30": "34.00000", "2007-06-30": "243.00000", "2007-03-31": "51.00000", "2006-12-31": "37.00000", "2006-09-30": "59.00000", "2006-06-30": "-8.00000", "2006-03-31": "58.00000", "2005-12-31": "53.00000", "2005-09-30": "10.00000", "2005-06-30": "5.00000", "2005-03-31": "38.00000"}, "Income After Taxes": {"2020-09-30": "477.00000", "2020-06-30": "277.00000", "2020-03-31": "342.00000", "2019-12-31": "268.00000", "2019-09-30": "317.00000", "2019-06-30": "179.00000", "2019-03-31": "408.00000", "2018-12-31": "196.00000", "2018-09-30": "335.00000", "2018-06-30": "236.00000", "2018-03-31": "351.00000", "2017-12-31": "280.00000", "2017-09-30": "263.00000", "2017-06-30": "175.00000", "2017-03-31": "394.00000", "2016-12-31": "124.00000", "2016-09-30": "325.00000", "2016-06-30": "145.00000", "2016-03-31": "240.00000", "2015-12-31": "77.00000", "2015-09-30": "264.00000", "2015-06-30": "105.00000", "2015-03-31": "274.00000", "2014-12-31": "301.00000", "2014-09-30": "157.00000", "2014-06-30": "126.00000", "2014-03-31": "327.00000", "2013-12-31": "126.00000", "2013-09-30": "200.00000", "2013-06-30": "107.00000", "2013-03-31": "235.00000", "2012-12-31": "139.00000", "2012-09-30": "229.00000", "2012-06-30": "148.00000", "2012-03-31": "158.00000", "2011-12-31": "160.00000", "2011-09-30": "185.00000", "2011-06-30": "200.00000", "2011-03-31": "178.00000", "2010-12-31": "164.00000", "2010-09-30": "166.00000", "2010-06-30": "87.00000", "2010-03-31": "230.00000", "2009-12-31": "121.00000", "2009-09-30": "151.00000", "2009-06-30": "84.00000", "2009-03-31": "179.00000", "2008-12-31": "130.00000", "2008-09-30": "170.00000", "2008-06-30": "30.00000", "2008-03-31": "201.00000", "2007-12-31": "192.00000", "2007-09-30": "153.00000", "2007-06-30": "349.00000", "2007-03-31": "97.00000", "2006-12-31": "287.00000", "2006-09-30": "179.00000", "2006-06-30": "-141.00000", "2006-03-31": "65.00000", "2005-12-31": "330.00000", "2005-09-30": "-59.00000", "2005-06-30": "-35.00000", "2005-03-31": "73.00000"}, "Other Income": {"2020-09-30": "", "2020-06-30": "", "2020-03-31": "", "2019-12-31": "", "2019-09-30": "", "2019-06-30": "", "2019-03-31": "", "2018-12-31": "", "2018-09-30": "", "2018-06-30": "", "2018-03-31": "", "2017-12-31": "", "2017-09-30": "", "2017-06-30": "", "2017-03-31": "", "2016-12-31": "", "2016-09-30": "", "2016-06-30": "", "2016-03-31": "", "2015-12-31": "", "2015-09-30": "", "2015-06-30": "", "2015-03-31": "", "2014-12-31": "", "2014-09-30": "", "2014-06-30": "", "2014-03-31": "", "2013-12-31": "", "2013-09-30": "", "2013-06-30": "", "2013-03-31": "", "2012-12-31": "", "2012-09-30": "", "2012-06-30": "", "2012-03-31": "", "2011-12-31": "", "2011-09-30": "", "2011-06-30": "", "2011-03-31": "", "2010-12-31": "", "2010-09-30": "", "2010-06-30": "", "2010-03-31": "", "2009-12-31": "", "2009-09-30": "", "2009-06-30": "", "2009-03-31": "", "2008-12-31": "", "2008-09-30": "", "2008-06-30": "", "2008-03-31": "", "2007-12-31": "", "2007-09-30": "", "2007-06-30": "", "2007-03-31": "", "2006-12-31": "", "2006-09-30": "", "2006-06-30": "", "2006-03-31": "", "2005-12-31": "", "2005-09-30": "", "2005-06-30": "", "2005-03-31": ""}, "Income From Continuous Operations": {"2020-09-30": "477.00000", "2020-06-30": "277.00000", "2020-03-31": "342.00000", "2019-12-31": "268.00000", "2019-09-30": "317.00000", "2019-06-30": "179.00000", "2019-03-31": "408.00000", "2018-12-31": "196.00000", "2018-09-30": "335.00000", "2018-06-30": "236.00000", "2018-03-31": "351.00000", "2017-12-31": "280.00000", "2017-09-30": "263.00000", "2017-06-30": "175.00000", "2017-03-31": "394.00000", "2016-12-31": "124.00000", "2016-09-30": "325.00000", "2016-06-30": "145.00000", "2016-03-31": "240.00000", "2015-12-31": "77.00000", "2015-09-30": "264.00000", "2015-06-30": "105.00000", "2015-03-31": "274.00000", "2014-12-31": "301.00000", "2014-09-30": "157.00000", "2014-06-30": "126.00000", "2014-03-31": "327.00000", "2013-12-31": "126.00000", "2013-09-30": "200.00000", "2013-06-30": "107.00000", "2013-03-31": "235.00000", "2012-12-31": "139.00000", "2012-09-30": "229.00000", "2012-06-30": "148.00000", "2012-03-31": "158.00000", "2011-12-31": "160.00000", "2011-09-30": "185.00000", "2011-06-30": "200.00000", "2011-03-31": "178.00000", "2010-12-31": "164.00000", "2010-09-30": "166.00000", "2010-06-30": "87.00000", "2010-03-31": "230.00000", "2009-12-31": "121.00000", "2009-09-30": "151.00000", "2009-06-30": "84.00000", "2009-03-31": "179.00000", "2008-12-31": "130.00000", "2008-09-30": "170.00000", "2008-06-30": "30.00000", "2008-03-31": "201.00000", "2007-12-31": "195.00000", "2007-09-30": "152.00000", "2007-06-30": "348.00000", "2007-03-31": "96.00000", "2006-12-31": "96.00000", "2006-09-30": "189.00000", "2006-06-30": "-32.00000", "2006-03-31": "136.00000", "2005-12-31": "84.00000", "2005-09-30": "29.00000", "2005-06-30": "33.00000", "2005-03-31": "126.00000"}, "Income From Discontinued Operations": {"2020-09-30": "", "2020-06-30": "", "2020-03-31": "", "2019-12-31": "", "2019-09-30": "", "2019-06-30": "", "2019-03-31": "", "2018-12-31": "", "2018-09-30": "", "2018-06-30": "", "2018-03-31": "", "2017-12-31": "", "2017-09-30": "", "2017-06-30": "", "2017-03-31": "", "2016-12-31": "", "2016-09-30": "", "2016-06-30": "", "2016-03-31": "", "2015-12-31": "", "2015-09-30": "", "2015-06-30": "", "2015-03-31": "", "2014-12-31": "", "2014-09-30": "", "2014-06-30": "", "2014-03-31": "", "2013-12-31": "", "2013-09-30": "", "2013-06-30": "", "2013-03-31": "", "2012-12-31": "-56.00000", "2012-09-30": "1.00000", "2012-06-30": "-1.00000", "2012-03-31": "", "2011-12-31": "", "2011-09-30": "", "2011-06-30": "", "2011-03-31": "", "2010-12-31": "", "2010-09-30": "", "2010-06-30": "", "2010-03-31": "", "2009-12-31": "", "2009-09-30": "", "2009-06-30": "", "2009-03-31": "", "2008-12-31": "", "2008-09-30": "8.00000", "2008-06-30": "2.00000", "2008-03-31": "12.00000", "2007-12-31": "-124.00000", "2007-09-30": "45.00000", "2007-06-30": "37.00000", "2007-03-31": "38.00000", "2006-12-31": "46.00000", "2006-09-30": "-1.00000", "2006-06-30": "-1.00000", "2006-03-31": "-1.00000", "2005-12-31": "301.00000", "2005-09-30": "-25.00000", "2005-06-30": "-4.00000", "2005-03-31": "-4.00000"}, "Net Income": {"2020-09-30": "476.00000", "2020-06-30": "277.00000", "2020-03-31": "340.00000", "2019-12-31": "267.00000", "2019-09-30": "319.00000", "2019-06-30": "182.00000", "2019-03-31": "401.00000", "2018-12-31": "191.00000", "2018-09-30": "334.00000", "2018-06-30": "234.00000", "2018-03-31": "361.00000", "2017-12-31": "287.00000", "2017-09-30": "270.00000", "2017-06-30": "177.00000", "2017-03-31": "400.00000", "2016-12-31": "131.00000", "2016-09-30": "338.00000", "2016-06-30": "152.00000", "2016-03-31": "247.00000", "2015-12-31": "80.00000", "2015-09-30": "265.00000", "2015-06-30": "109.00000", "2015-03-31": "273.00000", "2014-12-31": "299.00000", "2014-09-30": "156.00000", "2014-06-30": "124.00000", "2014-03-31": "326.00000", "2013-12-31": "124.00000", "2013-09-30": "198.00000", "2013-06-30": "105.00000", "2013-03-31": "234.00000", "2012-12-31": "81.00000", "2012-09-30": "227.00000", "2012-06-30": "146.00000", "2012-03-31": "156.00000", "2011-12-31": "150.00000", "2011-09-30": "183.00000", "2011-06-30": "202.00000", "2011-03-31": "176.00000", "2010-12-31": "152.00000", "2010-09-30": "163.00000", "2010-06-30": "86.00000", "2010-03-31": "229.00000", "2009-12-31": "120.00000", "2009-09-30": "151.00000", "2009-06-30": "83.00000", "2009-03-31": "178.00000", "2008-12-31": "129.00000", "2008-09-30": "177.00000", "2008-06-30": "28.00000", "2008-03-31": "212.00000", "2007-12-31": "71.00000", "2007-09-30": "197.00000", "2007-06-30": "385.00000", "2007-03-31": "134.00000", "2006-12-31": "142.00000", "2006-09-30": "188.00000", "2006-06-30": "-33.00000", "2006-03-31": "136.00000", "2005-12-31": "382.00000", "2005-09-30": "4.00000", "2005-06-30": "29.00000", "2005-03-31": "122.00000"}, "EBITDA": {"2020-09-30": "973.00000", "2020-06-30": "717.00000", "2020-03-31": "912.00000", "2019-12-31": "770.00000", "2019-09-30": "787.00000", "2019-06-30": "620.00000", "2019-03-31": "853.00000", "2018-12-31": "636.00000", "2018-09-30": "716.00000", "2018-06-30": "611.00000", "2018-03-31": "800.00000", "2017-12-31": "660.00000", "2017-09-30": "707.00000", "2017-06-30": "581.00000", "2017-03-31": "846.00000", "2016-12-31": "630.00000", "2016-09-30": "752.00000", "2016-06-30": "513.00000", "2016-03-31": "625.00000", "2015-12-31": "367.00000", "2015-09-30": "648.00000", "2015-06-30": "439.00000", "2015-03-31": "683.00000", "2014-12-31": "847.00000", "2014-09-30": "546.00000", "2014-06-30": "545.00000", "2014-03-31": "845.00000", "2013-12-31": "537.00000", "2013-09-30": "621.00000", "2013-06-30": "499.00000", "2013-03-31": "678.00000", "2012-12-31": "542.00000", "2012-09-30": "696.00000", "2012-06-30": "544.00000", "2012-03-31": "544.00000", "2011-12-31": "633.00000", "2011-09-30": "658.00000", "2011-06-30": "536.00000", "2011-03-31": "635.00000", "2010-12-31": "608.00000", "2010-09-30": "657.00000", "2010-06-30": "509.00000", "2010-03-31": "723.00000", "2009-12-31": "589.00000", "2009-09-30": "598.00000", "2009-06-30": "455.00000", "2009-03-31": "627.00000", "2008-12-31": "526.00000", "2008-09-30": "610.00000", "2008-06-30": "372.00000", "2008-03-31": "654.00000", "2007-12-31": "538.00000", "2007-09-30": "535.00000", "2007-06-30": "963.00000", "2007-03-31": "495.00000", "2006-12-31": "695.00000", "2006-09-30": "728.00000", "2006-06-30": "191.00000", "2006-03-31": "467.00000", "2005-12-31": "742.00000", "2005-09-30": "290.00000", "2005-06-30": "306.00000", "2005-03-31": "432.00000"}, "EBIT": {"2020-09-30": "608.00000", "2020-06-30": "367.00000", "2020-03-31": "546.00000", "2019-12-31": "415.00000", "2019-09-30": "450.00000", "2019-06-30": "300.00000", "2019-03-31": "542.00000", "2018-12-31": "332.00000", "2018-09-30": "429.00000", "2018-06-30": "329.00000", "2018-03-31": "504.00000", "2017-12-31": "372.00000", "2017-09-30": "434.00000", "2017-06-30": "320.00000", "2017-03-31": "585.00000", "2016-12-31": "342.00000", "2016-09-30": "507.00000", "2016-06-30": "256.00000", "2016-03-31": "381.00000", "2015-12-31": "134.00000", "2015-09-30": "440.00000", "2015-06-30": "204.00000", "2015-03-31": "461.00000", "2014-12-31": "542.00000", "2014-09-30": "239.00000", "2014-06-30": "249.00000", "2014-03-31": "560.00000", "2013-12-31": "241.00000", "2013-09-30": "329.00000", "2013-06-30": "223.00000", "2013-03-31": "410.00000", "2012-12-31": "267.00000", "2012-09-30": "406.00000", "2012-06-30": "294.00000", "2012-03-31": "312.00000", "2011-12-31": "344.00000", "2011-09-30": "399.00000", "2011-06-30": "288.00000", "2011-03-31": "390.00000", "2010-12-31": "356.00000", "2010-09-30": "386.00000", "2010-06-30": "256.00000", "2010-03-31": "472.00000", "2009-12-31": "307.00000", "2009-09-30": "332.00000", "2009-06-30": "215.00000", "2009-03-31": "395.00000", "2008-12-31": "302.00000", "2008-09-30": "375.00000", "2008-06-30": "157.00000", "2008-03-31": "429.00000", "2007-12-31": "328.00000", "2007-09-30": "286.00000", "2007-06-30": "721.00000", "2007-03-31": "270.00000", "2006-12-31": "482.00000", "2006-09-30": "373.00000", "2006-06-30": "-30.00000", "2006-03-31": "242.00000", "2005-12-31": "533.00000", "2005-09-30": "51.00000", "2005-06-30": "90.00000", "2005-03-31": "224.00000"}, "Basic Shares Outstanding": {"2020-09-30": "193.00000", "2020-06-30": "192.00000", "2020-03-31": "192.00000", "2019-12-31": "185.00000", "2019-09-30": "183.00000", "2019-06-30": "183.00000", "2019-03-31": "182.00000", "2018-12-31": "181.00000", "2018-09-30": "182.00000", "2018-06-30": "181.00000", "2018-03-31": "180.00000", "2017-12-31": "179.00000", "2017-09-30": "179.00000", "2017-06-30": "179.00000", "2017-03-31": "179.00000", "2016-12-31": "179.00000", "2016-09-30": "179.00000", "2016-06-30": "179.00000", "2016-03-31": "179.00000", "2015-12-31": "179.00000", "2015-09-30": "179.00000", "2015-06-30": "179.00000", "2015-03-31": "178.00000", "2014-12-31": "177.00000", "2014-09-30": "177.00000", "2014-06-30": "177.00000", "2014-03-31": "177.00000", "2013-12-31": "175.00000", "2013-09-30": "175.00000", "2013-06-30": "174.00000", "2013-03-31": "173.00000", "2012-12-31": "171.00000", "2012-09-30": "172.00000", "2012-06-30": "170.00000", "2012-03-31": "170.00000", "2011-12-31": "169.00000", "2011-09-30": "169.00000", "2011-06-30": "169.00000", "2011-03-31": "169.00000", "2010-12-31": "168.00000", "2010-09-30": "169.00000", "2010-06-30": "169.00000", "2010-03-31": "166.00000", "2009-12-31": "164.00000", "2009-09-30": "165.00000", "2009-06-30": "164.00000", "2009-03-31": "163.00000", "2008-12-31": "163.00000", "2008-09-30": "163.00000", "2008-06-30": "163.00000", "2008-03-31": "163.00000", "2007-12-31": "170.00000", "2007-09-30": "165.00000", "2007-06-30": "174.00000", "2007-03-31": "176.00000", "2006-12-31": "177.00000", "2006-09-30": "177.00000", "2006-06-30": "177.00000", "2006-03-31": "177.00000", "2005-12-31": "175.00000", "2005-09-30": "176.00000", "2005-06-30": "174.00000", "2005-03-31": "174.00000"}, "Shares Outstanding": {"2020-09-30": "193.00000", "2020-06-30": "193.00000", "2020-03-31": "192.00000", "2019-12-31": "185.00000", "2019-09-30": "184.00000", "2019-06-30": "184.00000", "2019-03-31": "183.00000", "2018-12-31": "181.00000", "2018-09-30": "182.00000", "2018-06-30": "181.00000", "2018-03-31": "180.00000", "2017-12-31": "179.00000", "2017-09-30": "179.00000", "2017-06-30": "179.00000", "2017-03-31": "179.00000", "2016-12-31": "179.00000", "2016-09-30": "180.00000", "2016-06-30": "180.00000", "2016-03-31": "180.00000", "2015-12-31": "179.00000", "2015-09-30": "180.00000", "2015-06-30": "179.00000", "2015-03-31": "178.00000", "2014-12-31": "177.00000", "2014-09-30": "177.00000", "2014-06-30": "177.00000", "2014-03-31": "177.00000", "2013-12-31": "175.00000", "2013-09-30": "176.00000", "2013-06-30": "175.00000", "2013-03-31": "173.00000", "2012-12-31": "172.00000", "2012-09-30": "172.00000", "2012-06-30": "171.00000", "2012-03-31": "170.00000", "2011-12-31": "170.00000", "2011-09-30": "170.00000", "2011-06-30": "170.00000", "2011-03-31": "170.00000", "2010-12-31": "169.00000", "2010-09-30": "170.00000", "2010-06-30": "169.00000", "2010-03-31": "166.00000", "2009-12-31": "164.00000", "2009-09-30": "165.00000", "2009-06-30": "164.00000", "2009-03-31": "163.00000", "2008-12-31": "163.00000", "2008-09-30": "163.00000", "2008-06-30": "163.00000", "2008-03-31": "163.00000", "2007-12-31": "171.00000", "2007-09-30": "166.00000", "2007-06-30": "175.00000", "2007-03-31": "177.00000", "2006-12-31": "178.00000", "2006-09-30": "178.00000", "2006-06-30": "177.00000", "2006-03-31": "178.00000", "2005-12-31": "176.00000", "2005-09-30": "177.00000", "2005-06-30": "175.00000", "2005-03-31": "175.00000"}, "Basic EPS": {"2020-09-30": "2.47000", "2020-06-30": "1.44000", "2020-03-31": "1.77000", "2019-12-31": "1.39000", "2019-09-30": "1.74000", "2019-06-30": "0.99000", "2019-03-31": "2.20000", "2018-12-31": "1.04000", "2018-09-30": "1.84000", "2018-06-30": "1.29000", "2018-03-31": "2.01000", "2017-12-31": "1.59000", "2017-09-30": "1.51000", "2017-06-30": "0.99000", "2017-03-31": "2.23000", "2016-12-31": "0.74000", "2016-09-30": "1.88000", "2016-06-30": "0.84000", "2016-03-31": "1.38000", "2015-12-31": "0.44000", "2015-09-30": "1.47000", "2015-06-30": "0.61000", "2015-03-31": "1.53000", "2014-12-31": "1.69000", "2014-09-30": "0.88000", "2014-06-30": "0.70000", "2014-03-31": "1.84000", "2013-12-31": "0.68000", "2013-09-30": "1.13000", "2013-06-30": "0.60000", "2013-03-31": "1.35000", "2012-12-31": "0.47000", "2012-09-30": "1.32000", "2012-06-30": "0.86000", "2012-03-31": "0.91000", "2011-12-31": "0.88000", "2011-09-30": "1.08000", "2011-06-30": "1.19000", "2011-03-31": "1.04000", "2010-12-31": "0.89000", "2010-09-30": "0.97000", "2010-06-30": "0.51000", "2010-03-31": "1.38000", "2009-12-31": "0.72000", "2009-09-30": "0.92000", "2009-06-30": "0.51000", "2009-03-31": "1.09000", "2008-12-31": "0.79000", "2008-09-30": "1.08000", "2008-06-30": "0.17000", "2008-03-31": "1.30000", "2007-12-31": "1.53000", "2007-09-30": "1.20000", "2007-06-30": "2.21000", "2007-03-31": "0.76000", "2006-12-31": "0.80000", "2006-09-30": "1.06000", "2006-06-30": "-0.19000", "2006-03-31": "0.77000", "2005-12-31": "2.18000", "2005-09-30": "0.02000", "2005-06-30": "0.17000", "2005-03-31": "0.70000"}, "EPS - Earnings Per Share": {"2020-09-30": "2.46000", "2020-06-30": "1.44000", "2020-03-31": "1.76000", "2019-12-31": "1.40000", "2019-09-30": "1.73000", "2019-06-30": "0.99000", "2019-03-31": "2.19000", "2018-12-31": "1.04000", "2018-09-30": "1.84000", "2018-06-30": "1.29000", "2018-03-31": "2.00000", "2017-12-31": "1.59000", "2017-09-30": "1.51000", "2017-06-30": "0.99000", "2017-03-31": "2.23000", "2016-12-31": "0.74000", "2016-09-30": "1.88000", "2016-06-30": "0.84000", "2016-03-31": "1.37000", "2015-12-31": "0.44000", "2015-09-30": "1.47000", "2015-06-30": "0.61000", "2015-03-31": "1.53000", "2014-12-31": "1.68000", "2014-09-30": "0.88000", "2014-06-30": "0.70000", "2014-03-31": "1.84000", "2013-12-31": "0.69000", "2013-09-30": "1.13000", "2013-06-30": "0.60000", "2013-03-31": "1.34000", "2012-12-31": "0.47000", "2012-09-30": "1.31000", "2012-06-30": "0.86000", "2012-03-31": "0.91000", "2011-12-31": "0.88000", "2011-09-30": "1.07000", "2011-06-30": "1.19000", "2011-03-31": "1.04000", "2010-12-31": "0.89000", "2010-09-30": "0.96000", "2010-06-30": "0.51000", "2010-03-31": "1.38000", "2009-12-31": "0.72000", "2009-09-30": "0.92000", "2009-06-30": "0.51000", "2009-03-31": "1.09000", "2008-12-31": "0.80000", "2008-09-30": "1.08000", "2008-06-30": "0.17000", "2008-03-31": "1.29000", "2007-12-31": "1.54000", "2007-09-30": "1.19000", "2007-06-30": "2.20000", "2007-03-31": "0.76000", "2006-12-31": "0.80000", "2006-09-30": "1.06000", "2006-06-30": "-0.19000", "2006-03-31": "0.76000", "2005-12-31": "2.16000", "2005-09-30": "0.02000", "2005-06-30": "0.17000", "2005-03-31": "0.70000"}}, "balance sheet": {"Cash On Hand": {"2019-12-31": "93.00000", "2018-12-31": "76.00000", "2017-12-31": "89.00000", "2016-12-31": "113.00000", "2015-12-31": "60.00000", "2014-12-31": "168.00000", "2013-12-31": "175.00000", "2012-12-31": "187.00000", "2011-12-31": "215.00000", "2010-12-31": "185.00000", "2009-12-31": "136.00000", "2008-12-31": "172.00000", "2007-12-31": "263.00000", "2006-12-31": "293.00000", "2005-12-31": "210.00000"}, "Receivables": {"2019-12-31": "1887.00000", "2018-12-31": "1897.00000", "2017-12-31": "1856.00000", "2016-12-31": "1593.00000", "2015-12-31": "1348.00000", "2014-12-31": "1598.00000", "2013-12-31": "1669.00000", "2012-12-31": "1462.00000", "2011-12-31": "1407.00000", "2010-12-31": "1753.00000", "2009-12-31": "1655.00000", "2008-12-31": "1832.00000", "2007-12-31": "2172.00000", "2006-12-31": "1937.00000", "2005-12-31": "2395.00000"}, "Inventory": {"2019-12-31": "759.00000", "2018-12-31": "811.00000", "2017-12-31": "779.00000", "2016-12-31": "772.00000", "2015-12-31": "803.00000", "2014-12-31": "804.00000", "2013-12-31": "628.00000", "2012-12-31": "761.00000", "2011-12-31": "791.00000", "2010-12-31": "662.00000", "2009-12-31": "509.00000", "2008-12-31": "539.00000", "2007-12-31": "633.00000", "2006-12-31": "715.00000", "2005-12-31": "668.00000"}, "Pre-Paid Expenses": {"2019-12-31": "", "2018-12-31": "", "2017-12-31": "", "2016-12-31": "", "2015-12-31": "", "2014-12-31": "", "2013-12-31": "", "2012-12-31": "", "2011-12-31": "", "2010-12-31": "", "2009-12-31": "", "2008-12-31": "", "2007-12-31": "", "2006-12-31": "", "2005-12-31": ""}, "Other Current Assets": {"2019-12-31": "347.00000", "2018-12-31": "476.00000", "2017-12-31": "357.00000", "2016-12-31": "284.00000", "2015-12-31": "364.00000", "2014-12-31": "442.00000", "2013-12-31": "334.00000", "2012-12-31": "505.00000", "2011-12-31": "732.00000", "2010-12-31": "428.00000", "2009-12-31": "410.00000", "2008-12-31": "558.00000", "2007-12-31": "536.00000", "2006-12-31": "771.00000", "2005-12-31": "1152.00000"}, "Total Current Assets": {"2019-12-31": "3086.00000", "2018-12-31": "3260.00000", "2017-12-31": "3081.00000", "2016-12-31": "2762.00000", "2015-12-31": "2575.00000", "2014-12-31": "3012.00000", "2013-12-31": "2806.00000", "2012-12-31": "2915.00000", "2011-12-31": "3196.00000", "2010-12-31": "3167.00000", "2009-12-31": "2877.00000", "2008-12-31": "3328.00000", "2007-12-31": "3991.00000", "2006-12-31": "3961.00000", "2005-12-31": "4682.00000"}, "Property, Plant, And Equipment": {"2019-12-31": "25317.00000", "2018-12-31": "21650.00000", "2017-12-31": "20721.00000", "2016-12-31": "19730.00000", "2015-12-31": "18034.00000", "2014-12-31": "16820.00000", "2013-12-31": "15800.00000", "2012-12-31": "14684.00000", "2011-12-31": "13746.00000", "2010-12-31": "12992.00000", "2009-12-31": "12431.00000", "2008-12-31": "12231.00000", "2007-12-31": "11408.00000", "2006-12-31": "11451.00000", "2005-12-31": "10830.00000"}, "Long-Term Investments": {"2019-12-31": "3788.00000", "2018-12-31": "3368.00000", "2017-12-31": "2797.00000", "2016-12-31": "2273.00000", "2015-12-31": "1936.00000", "2014-12-31": "1869.00000", "2013-12-31": "1794.00000", "2012-12-31": "1591.00000", "2011-12-31": "1462.00000", "2010-12-31": "1457.00000", "2009-12-31": "1415.00000", "2008-12-31": "1280.00000", "2007-12-31": "1270.00000", "2006-12-31": "1245.00000", "2005-12-31": "1176.00000"}, "Goodwill And Intangible Assets": {"2019-12-31": "4857.00000", "2018-12-31": "3142.00000", "2017-12-31": "3160.00000", "2016-12-31": "3128.00000", "2015-12-31": "2107.00000", "2014-12-31": "2120.00000", "2013-12-31": "2140.00000", "2012-12-31": "2153.00000", "2011-12-31": "2093.00000", "2010-12-31": "2087.00000", "2009-12-31": "2078.00000", "2008-12-31": "2107.00000", "2007-12-31": "2062.00000", "2006-12-31": "2129.00000", "2005-12-31": "2156.00000"}, "Other Long-Term Assets": {"2019-12-31": "425.00000", "2018-12-31": "255.00000", "2017-12-31": "285.00000", "2016-12-31": "277.00000", "2015-12-31": "318.00000", "2014-12-31": "393.00000", "2013-12-31": "327.00000", "2012-12-31": "348.00000", "2011-12-31": "396.00000", "2010-12-31": "406.00000", "2009-12-31": "414.00000", "2008-12-31": "412.00000", "2007-12-31": "949.00000", "2006-12-31": "467.00000", "2005-12-31": "891.00000"}, "Total Long-Term Assets": {"2019-12-31": "38627.00000", "2018-12-31": "33028.00000", "2017-12-31": "30686.00000", "2016-12-31": "29279.00000", "2015-12-31": "26087.00000", "2014-12-31": "24887.00000", "2013-12-31": "23129.00000", "2012-12-31": "23424.00000", "2011-12-31": "22813.00000", "2010-12-31": "21729.00000", "2009-12-31": "21318.00000", "2008-12-31": "21262.00000", "2007-12-31": "19751.00000", "2006-12-31": "19824.00000", "2005-12-31": "18653.00000"}, "Total Assets": {"2019-12-31": "41882.00000", "2018-12-31": "36288.00000", "2017-12-31": "33767.00000", "2016-12-31": "32041.00000", "2015-12-31": "28662.00000", "2014-12-31": "27899.00000", "2013-12-31": "25935.00000", "2012-12-31": "26339.00000", "2011-12-31": "26009.00000", "2010-12-31": "24896.00000", "2009-12-31": "24195.00000", "2008-12-31": "24590.00000", "2007-12-31": "23742.00000", "2006-12-31": "23785.00000", "2005-12-31": "23335.00000"}, "Total Current Liabilities": {"2019-12-31": "3997.00000", "2018-12-31": "4438.00000", "2017-12-31": "2812.00000", "2016-12-31": "2437.00000", "2015-12-31": "2528.00000", "2014-12-31": "2577.00000", "2013-12-31": "3189.00000", "2012-12-31": "2768.00000", "2011-12-31": "2628.00000", "2010-12-31": "2749.00000", "2009-12-31": "2645.00000", "2008-12-31": "3013.00000", "2007-12-31": "4221.00000", "2006-12-31": "4164.00000", "2005-12-31": "4920.00000"}, "Long Term Debt": {"2019-12-31": "15935.00000", "2018-12-31": "12134.00000", "2017-12-31": "12185.00000", "2016-12-31": "11269.00000", "2015-12-31": "8760.00000", "2014-12-31": "8343.00000", "2013-12-31": "7214.00000", "2012-12-31": "7014.00000", "2011-12-31": "7187.00000", "2010-12-31": "7089.00000", "2009-12-31": "7370.00000", "2008-12-31": "7741.00000", "2007-12-31": "6971.00000", "2006-12-31": "7474.00000", "2005-12-31": "7080.00000"}, "Other Non-Current Liabilities": {"2019-12-31": "6698.00000", "2018-12-31": "6049.00000", "2017-12-31": "5785.00000", "2016-12-31": "3393.00000", "2015-12-31": "3233.00000", "2014-12-31": "3100.00000", "2013-12-31": "3207.00000", "2012-12-31": "3241.00000", "2011-12-31": "3178.00000", "2010-12-31": "3443.00000", "2009-12-31": "3515.00000", "2008-12-31": "3439.00000", "2007-12-31": "3555.00000", "2006-12-31": "2833.00000", "2005-12-31": "3069.00000"}, "Total Long Term Liabilities": {"2019-12-31": "26049.00000", "2018-12-31": "21133.00000", "2017-12-31": "20965.00000", "2016-12-31": "20105.00000", "2015-12-31": "17339.00000", "2014-12-31": "16980.00000", "2013-12-31": "14792.00000", "2012-12-31": "16160.00000", "2011-12-31": "16328.00000", "2010-12-31": "15380.00000", "2009-12-31": "15234.00000", "2008-12-31": "15539.00000", "2007-12-31": "13668.00000", "2006-12-31": "13772.00000", "2005-12-31": "12646.00000"}, "Total Liabilities": {"2019-12-31": "30046.00000", "2018-12-31": "25571.00000", "2017-12-31": "23777.00000", "2016-12-31": "22542.00000", "2015-12-31": "19867.00000", "2014-12-31": "19557.00000", "2013-12-31": "17981.00000", "2012-12-31": "18928.00000", "2011-12-31": "18956.00000", "2010-12-31": "18129.00000", "2009-12-31": "17879.00000", "2008-12-31": "18552.00000", "2007-12-31": "17889.00000", "2006-12-31": "17936.00000", "2005-12-31": "17566.00000"}, "Common Stock Net": {"2019-12-31": "5233.00000", "2018-12-31": "4245.00000", "2017-12-31": "3989.00000", "2016-12-31": "4030.00000", "2015-12-31": "4123.00000", "2014-12-31": "3904.00000", "2013-12-31": "3907.00000", "2012-12-31": "3587.00000", "2011-12-31": "3417.00000", "2010-12-31": "3440.00000", "2009-12-31": "3257.00000", "2008-12-31": "3175.00000", "2007-12-31": "3176.00000", "2006-12-31": "3467.00000", "2005-12-31": "3483.00000"}, "Retained Earnings (Accumulated Deficit)": {"2019-12-31": "6587.00000", "2018-12-31": "6112.00000", "2017-12-31": "5643.00000", "2016-12-31": "5114.00000", "2015-12-31": "4794.00000", "2014-12-31": "4578.00000", "2013-12-31": "4150.00000", "2012-12-31": "3944.00000", "2011-12-31": "3750.00000", "2010-12-31": "3431.00000", "2009-12-31": "3168.00000", "2008-12-31": "2985.00000", "2007-12-31": "2790.00000", "2006-12-31": "2593.00000", "2005-12-31": "2557.00000"}, "Comprehensive Income": {"2019-12-31": "-148.00000", "2018-12-31": "-120.00000", "2017-12-31": "-120.00000", "2016-12-31": "-133.00000", "2015-12-31": "-145.00000", "2014-12-31": "-155.00000", "2013-12-31": "-136.00000", "2012-12-31": "-158.00000", "2011-12-31": "-158.00000", "2010-12-31": "-149.00000", "2009-12-31": "-147.00000", "2008-12-31": "-165.00000", "2007-12-31": "-113.00000", "2006-12-31": "-211.00000", "2005-12-31": "-271.00000"}, "Other Share Holders Equity": {"2019-12-31": "", "2018-12-31": "", "2017-12-31": "", "2016-12-31": "", "2015-12-31": "", "2014-12-31": "", "2013-12-31": "", "2012-12-31": "", "2011-12-31": "", "2010-12-31": "", "2009-12-31": "", "2008-12-31": "", "2007-12-31": "", "2006-12-31": "", "2005-12-31": ""}, "Share Holder Equity": {"2019-12-31": "11836.00000", "2018-12-31": "10717.00000", "2017-12-31": "9990.00000", "2016-12-31": "9499.00000", "2015-12-31": "8795.00000", "2014-12-31": "8342.00000", "2013-12-31": "7954.00000", "2012-12-31": "7411.00000", "2011-12-31": "7053.00000", "2010-12-31": "6767.00000", "2009-12-31": "6316.00000", "2008-12-31": "6038.00000", "2007-12-31": "5853.00000", "2006-12-31": "5849.00000", "2005-12-31": "5769.00000"}, "Total Liabilities And Share Holders Equity": {"2019-12-31": "41882.00000", "2018-12-31": "36288.00000", "2017-12-31": "33767.00000", "2016-12-31": "32041.00000", "2015-12-31": "28662.00000", "2014-12-31": "27899.00000", "2013-12-31": "25935.00000", "2012-12-31": "26339.00000", "2011-12-31": "26009.00000", "2010-12-31": "24896.00000", "2009-12-31": "24195.00000", "2008-12-31": "24590.00000", "2007-12-31": "23742.00000", "2006-12-31": "23785.00000", "2005-12-31": "23335.00000"}}, "balance sheet, quarterly": {"Cash On Hand": {"2020-09-30": "962.00000", "2020-06-30": "621.00000", "2020-03-31": "676.00000", "2019-12-31": "93.00000", "2019-09-30": "76.00000", "2019-06-30": "62.00000", "2019-03-31": "61.00000", "2018-12-31": "76.00000", "2018-09-30": "104.00000", "2018-06-30": "86.00000", "2018-03-31": "186.00000", "2017-12-31": "89.00000", "2017-09-30": "86.00000", "2017-06-30": "84.00000", "2017-03-31": "102.00000", "2016-12-31": "113.00000", "2016-09-30": "87.00000", "2016-06-30": "54.00000", "2016-03-31": "58.00000", "2015-12-31": "60.00000", "2015-09-30": "88.00000", "2015-06-30": "251.00000", "2015-03-31": "123.00000", "2014-12-31": "168.00000", "2014-09-30": "121.00000", "2014-06-30": "185.00000", "2014-03-31": "155.00000", "2013-12-31": "175.00000", "2013-09-30": "135.00000", "2013-06-30": "158.00000", "2013-03-31": "283.00000", "2012-12-31": "187.00000", "2012-09-30": "128.00000", "2012-06-30": "295.00000", "2012-03-31": "143.00000", "2011-12-31": "215.00000", "2011-09-30": "119.00000", "2011-06-30": "179.00000", "2011-03-31": "264.00000", "2010-12-31": "185.00000", "2010-09-30": "140.00000", "2010-06-30": "211.00000", "2010-03-31": "232.00000", "2009-12-31": "136.00000", "2009-09-30": "111.00000", "2009-06-30": "111.00000", "2009-03-31": "110.00000", "2008-12-31": "172.00000", "2008-09-30": "259.00000", "2008-06-30": "531.00000", "2008-03-31": "160.00000", "2007-12-31": "263.00000", "2007-09-30": "249.00000", "2007-06-30": "1136.00000", "2007-03-31": "234.00000", "2006-12-31": "293.00000", "2006-09-30": "158.00000", "2006-06-30": "203.00000", "2006-03-31": "174.00000", "2005-12-31": "210.00000", "2005-09-30": "187.00000", "2005-06-30": "193.00000", "2005-03-31": "134.00000"}, "Receivables": {"2020-09-30": "1559.00000", "2020-06-30": "1746.00000", "2020-03-31": "1742.00000", "2019-12-31": "1887.00000", "2019-09-30": "1717.00000", "2019-06-30": "1529.00000", "2019-03-31": "1755.00000", "2018-12-31": "1897.00000", "2018-09-30": "1773.00000", "2018-06-30": "1837.00000", "2018-03-31": "1825.00000", "2017-12-31": "1856.00000", "2017-09-30": "1561.00000", "2017-06-30": "1543.00000", "2017-03-31": "1509.00000", "2016-12-31": "1593.00000", "2016-09-30": "1337.00000", "2016-06-30": "1262.00000", "2016-03-31": "1265.00000", "2015-12-31": "1348.00000", "2015-09-30": "1321.00000", "2015-06-30": "1364.00000", "2015-03-31": "1607.00000", "2014-12-31": "1598.00000", "2014-09-30": "1377.00000", "2014-06-30": "1526.00000", "2014-03-31": "1951.00000", "2013-12-31": "1669.00000", "2013-09-30": "1320.00000", "2013-06-30": "1416.00000", "2013-03-31": "1549.00000", "2012-12-31": "1462.00000", "2012-09-30": "1235.00000", "2012-06-30": "1403.00000", "2012-03-31": "1384.00000", "2011-12-31": "1407.00000", "2011-09-30": "1327.00000", "2011-06-30": "1448.00000", "2011-03-31": "1513.00000", "2010-12-31": "1753.00000", "2010-09-30": "1237.00000", "2010-06-30": "1314.00000", "2010-03-31": "1463.00000", "2009-12-31": "1655.00000", "2009-09-30": "1217.00000", "2009-06-30": "1281.00000", "2009-03-31": "1662.00000", "2008-12-31": "1832.00000", "2008-09-30": "1695.00000", "2008-06-30": "1877.00000", "2008-03-31": "2009.00000", "2007-12-31": "2172.00000", "2007-09-30": "1557.00000", "2007-06-30": "1698.00000", "2007-03-31": "1837.00000", "2006-12-31": "1937.00000", "2006-09-30": "1609.00000", "2006-06-30": "1600.00000", "2006-03-31": "1883.00000", "2005-12-31": "2395.00000", "2005-09-30": "2223.00000", "2005-06-30": "1573.00000", "2005-03-31": "1567.00000"}, "Inventory": {"2020-09-30": "815.00000", "2020-06-30": "785.00000", "2020-03-31": "707.00000", "2019-12-31": "759.00000", "2019-09-30": "806.00000", "2019-06-30": "765.00000", "2019-03-31": "604.00000", "2018-12-31": "811.00000", "2018-09-30": "767.00000", "2018-06-30": "675.00000", "2018-03-31": "597.00000", "2017-12-31": "779.00000", "2017-09-30": "816.00000", "2017-06-30": "743.00000", "2017-03-31": "640.00000", "2016-12-31": "772.00000", "2016-09-30": "793.00000", "2016-06-30": "717.00000", "2016-03-31": "660.00000", "2015-12-31": "803.00000", "2015-09-30": "840.00000", "2015-06-30": "731.00000", "2015-03-31": "633.00000", "2014-12-31": "804.00000", "2014-09-30": "793.00000", "2014-06-30": "619.00000", "2014-03-31": "480.00000", "2013-12-31": "628.00000", "2013-09-30": "725.00000", "2013-06-30": "627.00000", "2013-03-31": "540.00000", "2012-12-31": "761.00000", "2012-09-30": "785.00000", "2012-06-30": "710.00000", "2012-03-31": "666.00000", "2011-12-31": "791.00000", "2011-09-30": "776.00000", "2011-06-30": "685.00000", "2011-03-31": "536.00000", "2010-12-31": "662.00000", "2010-09-30": "732.00000", "2010-06-30": "565.00000", "2010-03-31": "443.00000", "2009-12-31": "509.00000", "2009-09-30": "585.00000", "2009-06-30": "459.00000", "2009-03-31": "432.00000", "2008-12-31": "539.00000", "2008-09-30": "770.00000", "2008-06-30": "583.00000", "2008-03-31": "483.00000", "2007-12-31": "633.00000", "2007-09-30": "756.00000", "2007-06-30": "710.00000", "2007-03-31": "569.00000", "2006-12-31": "715.00000", "2006-09-30": "809.00000", "2006-06-30": "665.00000", "2006-03-31": "457.00000", "2005-12-31": "668.00000", "2005-09-30": "850.00000", "2005-06-30": "670.00000", "2005-03-31": "514.00000"}, "Pre-Paid Expenses": {"2020-09-30": "", "2020-06-30": "", "2020-03-31": "", "2019-12-31": "", "2019-09-30": "153.00000", "2019-06-30": "", "2019-03-31": "", "2018-12-31": "", "2018-09-30": "", "2018-06-30": "", "2018-03-31": "", "2017-12-31": "", "2017-09-30": "", "2017-06-30": "", "2017-03-31": "", "2016-12-31": "", "2016-09-30": "130.00000", "2016-06-30": "", "2016-03-31": "", "2015-12-31": "", "2015-09-30": "", "2015-06-30": "", "2015-03-31": "", "2014-12-31": "", "2014-09-30": "", "2014-06-30": "", "2014-03-31": "", "2013-12-31": "", "2013-09-30": "", "2013-06-30": "", "2013-03-31": "", "2012-12-31": "", "2012-09-30": "", "2012-06-30": "", "2012-03-31": "", "2011-12-31": "", "2011-09-30": "", "2011-06-30": "", "2011-03-31": "", "2010-12-31": "", "2010-09-30": "", "2010-06-30": "", "2010-03-31": "", "2009-12-31": "", "2009-09-30": "", "2009-06-30": "", "2009-03-31": "", "2008-12-31": "", "2008-09-30": "", "2008-06-30": "", "2008-03-31": "", "2007-12-31": "", "2007-09-30": "", "2007-06-30": "", "2007-03-31": "", "2006-12-31": "", "2006-09-30": "", "2006-06-30": "", "2006-03-31": "", "2005-12-31": "", "2005-09-30": "", "2005-06-30": "", "2005-03-31": ""}, "Other Current Assets": {"2020-09-30": "485.00000", "2020-06-30": "345.00000", "2020-03-31": "401.00000", "2019-12-31": "347.00000", "2019-09-30": "233.00000", "2019-06-30": "370.00000", "2019-03-31": "420.00000", "2018-12-31": "476.00000", "2018-09-30": "459.00000", "2018-06-30": "297.00000", "2018-03-31": "349.00000", "2017-12-31": "357.00000", "2017-09-30": "352.00000", "2017-06-30": "261.00000", "2017-03-31": "316.00000", "2016-12-31": "284.00000", "2016-09-30": "248.00000", "2016-06-30": "225.00000", "2016-03-31": "379.00000", "2015-12-31": "364.00000", "2015-09-30": "451.00000", "2015-06-30": "345.00000", "2015-03-31": "425.00000", "2014-12-31": "442.00000", "2014-09-30": "464.00000", "2014-06-30": "391.00000", "2014-03-31": "387.00000", "2013-12-31": "334.00000", "2013-09-30": "369.00000", "2013-06-30": "295.00000", "2013-03-31": "389.00000", "2012-12-31": "505.00000", "2012-09-30": "524.00000", "2012-06-30": "577.00000", "2012-03-31": "696.00000", "2011-12-31": "732.00000", "2011-09-30": "559.00000", "2011-06-30": "332.00000", "2011-03-31": "355.00000", "2010-12-31": "428.00000", "2010-09-30": "482.00000", "2010-06-30": "340.00000", "2010-03-31": "432.00000", "2009-12-31": "410.00000", "2009-09-30": "515.00000", "2009-06-30": "477.00000", "2009-03-31": "463.00000", "2008-12-31": "558.00000", "2008-09-30": "740.00000", "2008-06-30": "696.00000", "2008-03-31": "615.00000", "2007-12-31": "536.00000", "2007-09-30": "801.00000", "2007-06-30": "509.00000", "2007-03-31": "664.00000", "2006-12-31": "771.00000", "2006-09-30": "991.00000", "2006-06-30": "988.00000", "2006-03-31": "1063.00000", "2005-12-31": "1152.00000", "2005-09-30": "1726.00000", "2005-06-30": "911.00000", "2005-03-31": "976.00000"}, "Total Current Assets": {"2020-09-30": "3821.00000", "2020-06-30": "3497.00000", "2020-03-31": "3526.00000", "2019-12-31": "3086.00000", "2019-09-30": "2985.00000", "2019-06-30": "2726.00000", "2019-03-31": "2840.00000", "2018-12-31": "3260.00000", "2018-09-30": "3103.00000", "2018-06-30": "2895.00000", "2018-03-31": "2957.00000", "2017-12-31": "3081.00000", "2017-09-30": "2815.00000", "2017-06-30": "2631.00000", "2017-03-31": "2567.00000", "2016-12-31": "2762.00000", "2016-09-30": "2595.00000", "2016-06-30": "2258.00000", "2016-03-31": "2362.00000", "2015-12-31": "2575.00000", "2015-09-30": "2700.00000", "2015-06-30": "2691.00000", "2015-03-31": "2788.00000", "2014-12-31": "3012.00000", "2014-09-30": "2755.00000", "2014-06-30": "2721.00000", "2014-03-31": "2973.00000", "2013-12-31": "2806.00000", "2013-09-30": "2549.00000", "2013-06-30": "2496.00000", "2013-03-31": "2769.00000", "2012-12-31": "2915.00000", "2012-09-30": "2730.00000", "2012-06-30": "3050.00000", "2012-03-31": "2951.00000", "2011-12-31": "3196.00000", "2011-09-30": "2911.00000", "2011-06-30": "2771.00000", "2011-03-31": "2800.00000", "2010-12-31": "3167.00000", "2010-09-30": "2741.00000", "2010-06-30": "2581.00000", "2010-03-31": "2733.00000", "2009-12-31": "2877.00000", "2009-09-30": "2654.00000", "2009-06-30": "2535.00000", "2009-03-31": "2866.00000", "2008-12-31": "3328.00000", "2008-09-30": "3723.00000", "2008-06-30": "3894.00000", "2008-03-31": "3434.00000", "2007-12-31": "3991.00000", "2007-09-30": "3729.00000", "2007-06-30": "4336.00000", "2007-03-31": "3540.00000", "2006-12-31": "3961.00000", "2006-09-30": "3710.00000", "2006-06-30": "3526.00000", "2006-03-31": "3780.00000", "2005-12-31": "4682.00000", "2005-09-30": "4986.00000", "2005-06-30": "3347.00000", "2005-03-31": "3191.00000"}, "Property, Plant, And Equipment": {"2020-09-30": "27159.00000", "2020-06-30": "26724.00000", "2020-03-31": "26236.00000", "2019-12-31": "25317.00000", "2019-09-30": "23758.00000", "2019-06-30": "22297.00000", "2019-03-31": "21864.00000", "2018-12-31": "21650.00000", "2018-09-30": "21612.00000", "2018-06-30": "21239.00000", "2018-03-31": "20870.00000", "2017-12-31": "20721.00000", "2017-09-30": "20307.00000", "2017-06-30": "20063.00000", "2017-03-31": "19866.00000", "2016-12-31": "19730.00000", "2016-09-30": "18550.00000", "2016-06-30": "18295.00000", "2016-03-31": "18127.00000", "2015-12-31": "18034.00000", "2015-09-30": "17867.00000", "2015-06-30": "17576.00000", "2015-03-31": "17235.00000", "2014-12-31": "16820.00000", "2014-09-30": "16499.00000", "2014-06-30": "16307.00000", "2014-03-31": "15985.00000", "2013-12-31": "15800.00000", "2013-09-30": "15511.00000", "2013-06-30": "15190.00000", "2013-03-31": "14866.00000", "2012-12-31": "14684.00000", "2012-09-30": "14404.00000", "2012-06-30": "14152.00000", "2012-03-31": "13924.00000", "2011-12-31": "13746.00000", "2011-09-30": "13422.00000", "2011-06-30": "13284.00000", "2011-03-31": "13053.00000", "2010-12-31": "12992.00000", "2010-09-30": "12822.00000", "2010-06-30": "12771.00000", "2010-03-31": "12654.00000", "2009-12-31": "12431.00000", "2009-09-30": "12395.00000", "2009-06-30": "12393.00000", "2009-03-31": "12324.00000", "2008-12-31": "12231.00000", "2008-09-30": "12070.00000", "2008-06-30": "11895.00000", "2008-03-31": "11492.00000", "2007-12-31": "11408.00000", "2007-09-30": "11338.00000", "2007-06-30": "11460.00000", "2007-03-31": "11621.00000", "2006-12-31": "11451.00000", "2006-09-30": "11165.00000", "2006-06-30": "11058.00000", "2006-03-31": "10917.00000", "2005-12-31": "10830.00000", "2005-09-30": "10593.00000", "2005-06-30": "10499.00000", "2005-03-31": "10524.00000"}, "Long-Term Investments": {"2020-09-30": "3715.00000", "2020-06-30": "3714.00000", "2020-03-31": "3534.00000", "2019-12-31": "3788.00000", "2019-09-30": "3669.00000", "2019-06-30": "3566.00000", "2019-03-31": "3519.00000", "2018-12-31": "3368.00000", "2018-09-30": "3436.00000", "2018-06-30": "3041.00000", "2018-03-31": "2852.00000", "2017-12-31": "2797.00000", "2017-09-30": "2634.00000", "2017-06-30": "2550.00000", "2017-03-31": "2442.00000", "2016-12-31": "2273.00000", "2016-09-30": "2226.00000", "2016-06-30": "2101.00000", "2016-03-31": "1979.00000", "2015-12-31": "1936.00000", "2015-09-30": "1883.00000", "2015-06-30": "1921.00000", "2015-03-31": "1911.00000", "2014-12-31": "1869.00000", "2014-09-30": "1847.00000", "2014-06-30": "1841.00000", "2014-03-31": "1791.00000", "2013-12-31": "1794.00000", "2013-09-30": "1723.00000", "2013-06-30": "1654.00000", "2013-03-31": "1651.00000", "2012-12-31": "1591.00000", "2012-09-30": "1566.00000", "2012-06-30": "1518.00000", "2012-03-31": "1536.00000", "2011-12-31": "1462.00000", "2011-09-30": "1420.00000", "2011-06-30": "1501.00000", "2011-03-31": "1482.00000", "2010-12-31": "1457.00000", "2010-09-30": "1357.00000", "2010-06-30": "1252.00000", "2010-03-31": "1336.00000", "2009-12-31": "1415.00000", "2009-09-30": "1421.00000", "2009-06-30": "1326.00000", "2009-03-31": "1257.00000", "2008-12-31": "1280.00000", "2008-09-30": "1294.00000", "2008-06-30": "1353.00000", "2008-03-31": "1234.00000", "2007-12-31": "1270.00000", "2007-09-30": "1279.00000", "2007-06-30": "1314.00000", "2007-03-31": "1262.00000", "2006-12-31": "1245.00000", "2006-09-30": "1210.00000", "2006-06-30": "1216.00000", "2006-03-31": "1221.00000", "2005-12-31": "1176.00000", "2005-09-30": "1199.00000", "2005-06-30": "1176.00000", "2005-03-31": "1150.00000"}, "Goodwill And Intangible Assets": {"2020-09-30": "4823.00000", "2020-06-30": "4845.00000", "2020-03-31": "4868.00000", "2019-12-31": "4857.00000", "2019-09-30": "3233.00000", "2019-06-30": "3130.00000", "2019-03-31": "3139.00000", "2018-12-31": "3142.00000", "2018-09-30": "3157.00000", "2018-06-30": "3155.00000", "2018-03-31": "3160.00000", "2017-12-31": "3160.00000", "2017-09-30": "3176.00000", "2017-06-30": "3181.00000", "2017-03-31": "3129.00000", "2016-12-31": "3128.00000", "2016-09-30": "2109.00000", "2016-06-30": "2115.00000", "2016-03-31": "2108.00000", "2015-12-31": "2107.00000", "2015-09-30": "2107.00000", "2015-06-30": "2108.00000", "2015-03-31": "2118.00000", "2014-12-31": "2120.00000", "2014-09-30": "2126.00000", "2014-06-30": "2130.00000", "2014-03-31": "2136.00000", "2013-12-31": "2140.00000", "2013-09-30": "2140.00000", "2013-06-30": "2156.00000", "2013-03-31": "2153.00000", "2012-12-31": "2153.00000", "2012-09-30": "2087.00000", "2012-06-30": "2087.00000", "2012-03-31": "2090.00000", "2011-12-31": "2093.00000", "2011-09-30": "2094.00000", "2011-06-30": "2091.00000", "2011-03-31": "2089.00000", "2010-12-31": "2087.00000", "2010-09-30": "2087.00000", "2010-06-30": "2082.00000", "2010-03-31": "2078.00000", "2009-12-31": "2078.00000", "2009-09-30": "2094.00000", "2009-06-30": "2095.00000", "2009-03-31": "2096.00000", "2008-12-31": "2107.00000", "2008-09-30": "2123.00000", "2008-06-30": "2124.00000", "2008-03-31": "2067.00000", "2007-12-31": "2062.00000", "2007-09-30": "2070.00000", "2007-06-30": "2115.00000", "2007-03-31": "2146.00000", "2006-12-31": "2129.00000", "2006-09-30": "2159.00000", "2006-06-30": "2057.00000", "2006-03-31": "2057.00000", "2005-12-31": "2156.00000", "2005-09-30": "2049.00000", "2005-06-30": "2064.00000", "2005-03-31": "2067.00000"}, "Other Long-Term Assets": {"2020-09-30": "452.00000", "2020-06-30": "446.00000", "2020-03-31": "465.00000", "2019-12-31": "425.00000", "2019-09-30": "424.00000", "2019-06-30": "399.00000", "2019-03-31": "338.00000", "2018-12-31": "255.00000", "2018-09-30": "250.00000", "2018-06-30": "262.00000", "2018-03-31": "287.00000", "2017-12-31": "285.00000", "2017-09-30": "311.00000", "2017-06-30": "296.00000", "2017-03-31": "312.00000", "2016-12-31": "277.00000", "2016-09-30": "296.00000", "2016-06-30": "271.00000", "2016-03-31": "289.00000", "2015-12-31": "318.00000", "2015-09-30": "378.00000", "2015-06-30": "366.00000", "2015-03-31": "373.00000", "2014-12-31": "393.00000", "2014-09-30": "359.00000", "2014-06-30": "336.00000", "2014-03-31": "302.00000", "2013-12-31": "327.00000", "2013-09-30": "328.00000", "2013-06-30": "332.00000", "2013-03-31": "322.00000", "2012-12-31": "348.00000", "2012-09-30": "367.00000", "2012-06-30": "381.00000", "2012-03-31": "386.00000", "2011-12-31": "396.00000", "2011-09-30": "375.00000", "2011-06-30": "371.00000", "2011-03-31": "393.00000", "2010-12-31": "406.00000", "2010-09-30": "436.00000", "2010-06-30": "417.00000", "2010-03-31": "468.00000", "2009-12-31": "414.00000", "2009-09-30": "461.00000", "2009-06-30": "464.00000", "2009-03-31": "458.00000", "2008-12-31": "412.00000", "2008-09-30": "446.00000", "2008-06-30": "609.00000", "2008-03-31": "894.00000", "2007-12-31": "949.00000", "2007-09-30": "790.00000", "2007-06-30": "364.00000", "2007-03-31": "393.00000", "2006-12-31": "467.00000", "2006-09-30": "633.00000", "2006-06-30": "824.00000", "2006-03-31": "865.00000", "2005-12-31": "891.00000", "2005-09-30": "1208.00000", "2005-06-30": "1028.00000", "2005-03-31": "868.00000"}, "Total Long-Term Assets": {"2020-09-30": "40461.00000", "2020-06-30": "40081.00000", "2020-03-31": "39542.00000", "2019-12-31": "38627.00000", "2019-09-30": "35215.00000", "2019-06-30": "33983.00000", "2019-03-31": "33456.00000", "2018-12-31": "33028.00000", "2018-09-30": "32189.00000", "2018-06-30": "31435.00000", "2018-03-31": "30884.00000", "2017-12-31": "30686.00000", "2017-09-30": "30256.00000", "2017-06-30": "29951.00000", "2017-03-31": "29582.00000", "2016-12-31": "29279.00000", "2016-09-30": "26867.00000", "2016-06-30": "26511.00000", "2016-03-31": "26202.00000", "2015-12-31": "26087.00000", "2015-09-30": "25954.00000", "2015-06-30": "25659.00000", "2015-03-31": "25280.00000", "2014-12-31": "24887.00000", "2014-09-30": "23621.00000", "2014-06-30": "23468.00000", "2014-03-31": "23188.00000", "2013-12-31": "23129.00000", "2013-09-30": "23682.00000", "2013-06-30": "23448.00000", "2013-03-31": "23180.00000", "2012-12-31": "23424.00000", "2012-09-30": "23179.00000", "2012-06-30": "23025.00000", "2012-03-31": "22895.00000", "2011-12-31": "22813.00000", "2011-09-30": "21869.00000", "2011-06-30": "21808.00000", "2011-03-31": "21689.00000", "2010-12-31": "21729.00000", "2010-09-30": "21525.00000", "2010-06-30": "21452.00000", "2010-03-31": "21470.00000", "2009-12-31": "21318.00000", "2009-09-30": "21305.00000", "2009-06-30": "21360.00000", "2009-03-31": "21322.00000", "2008-12-31": "21262.00000", "2008-09-30": "19965.00000", "2008-06-30": "20012.00000", "2008-03-31": "19714.00000", "2007-12-31": "19751.00000", "2007-09-30": "20097.00000", "2007-06-30": "19622.00000", "2007-03-31": "19896.00000", "2006-12-31": "19824.00000", "2006-09-30": "18606.00000", "2006-06-30": "18694.00000", "2006-03-31": "18597.00000", "2005-12-31": "18653.00000", "2005-09-30": "18728.00000", "2005-06-30": "18475.00000", "2005-03-31": "18352.00000"}, "Total Assets": {"2020-09-30": "44439.00000", "2020-06-30": "43739.00000", "2020-03-31": "43232.00000", "2019-12-31": "41882.00000", "2019-09-30": "38345.00000", "2019-06-30": "36851.00000", "2019-03-31": "36434.00000", "2018-12-31": "36288.00000", "2018-09-30": "35292.00000", "2018-06-30": "34330.00000", "2018-03-31": "33841.00000", "2017-12-31": "33767.00000", "2017-09-30": "33071.00000", "2017-06-30": "32582.00000", "2017-03-31": "32149.00000", "2016-12-31": "32041.00000", "2016-09-30": "29462.00000", "2016-06-30": "28769.00000", "2016-03-31": "28564.00000", "2015-12-31": "28662.00000", "2015-09-30": "28654.00000", "2015-06-30": "28350.00000", "2015-03-31": "28068.00000", "2014-12-31": "27899.00000", "2014-09-30": "26376.00000", "2014-06-30": "26189.00000", "2014-03-31": "26161.00000", "2013-12-31": "25935.00000", "2013-09-30": "26231.00000", "2013-06-30": "25944.00000", "2013-03-31": "25949.00000", "2012-12-31": "26339.00000", "2012-09-30": "25909.00000", "2012-06-30": "26075.00000", "2012-03-31": "25846.00000", "2011-12-31": "26009.00000", "2011-09-30": "24780.00000", "2011-06-30": "24579.00000", "2011-03-31": "24489.00000", "2010-12-31": "24896.00000", "2010-09-30": "24266.00000", "2010-06-30": "24033.00000", "2010-03-31": "24203.00000", "2009-12-31": "24195.00000", "2009-09-30": "23959.00000", "2009-06-30": "23895.00000", "2009-03-31": "24188.00000", "2008-12-31": "24590.00000", "2008-09-30": "23688.00000", "2008-06-30": "23906.00000", "2008-03-31": "23148.00000", "2007-12-31": "23742.00000", "2007-09-30": "23826.00000", "2007-06-30": "23958.00000", "2007-03-31": "23436.00000", "2006-12-31": "23785.00000", "2006-09-30": "22316.00000", "2006-06-30": "22220.00000", "2006-03-31": "22377.00000", "2005-12-31": "23335.00000", "2005-09-30": "23714.00000", "2005-06-30": "21822.00000", "2005-03-31": "21543.00000"}, "Total Current Liabilities": {"2020-09-30": "3417.00000", "2020-06-30": "4196.00000", "2020-03-31": "3972.00000", "2019-12-31": "3997.00000", "2019-09-30": "3865.00000", "2019-06-30": "3654.00000", "2019-03-31": "3647.00000", "2018-12-31": "4438.00000", "2018-09-30": "2117.00000", "2018-06-30": "2499.00000", "2018-03-31": "2541.00000", "2017-12-31": "2812.00000", "2017-09-30": "2598.00000", "2017-06-30": "2747.00000", "2017-03-31": "1834.00000", "2016-12-31": "2437.00000", "2016-09-30": "1969.00000", "2016-06-30": "1883.00000", "2016-03-31": "2209.00000", "2015-12-31": "2528.00000", "2015-09-30": "2273.00000", "2015-06-30": "2232.00000", "2015-03-31": "1839.00000", "2014-12-31": "2577.00000", "2014-09-30": "2805.00000", "2014-06-30": "2819.00000", "2014-03-31": "3569.00000", "2013-12-31": "3189.00000", "2013-09-30": "3008.00000", "2013-06-30": "2962.00000", "2013-03-31": "2476.00000", "2012-12-31": "2768.00000", "2012-09-30": "2309.00000", "2012-06-30": "2635.00000", "2012-03-31": "2530.00000", "2011-12-31": "2628.00000", "2011-09-30": "2100.00000", "2011-06-30": "2246.00000", "2011-03-31": "2555.00000", "2010-12-31": "2749.00000", "2010-09-30": "2513.00000", "2010-06-30": "2931.00000", "2010-03-31": "2482.00000", "2009-12-31": "2645.00000", "2009-09-30": "1976.00000", "2009-06-30": "2076.00000", "2009-03-31": "2833.00000", "2008-12-31": "3013.00000", "2008-09-30": "3593.00000", "2008-06-30": "3834.00000", "2008-03-31": "3902.00000", "2007-12-31": "4221.00000", "2007-09-30": "3965.00000", "2007-06-30": "4152.00000", "2007-03-31": "3987.00000", "2006-12-31": "4164.00000", "2006-09-30": "3833.00000", "2006-06-30": "3654.00000", "2006-03-31": "4183.00000", "2005-12-31": "4920.00000", "2005-09-30": "5776.00000", "2005-06-30": "3998.00000", "2005-03-31": "3203.00000"}, "Long Term Debt": {"2020-09-30": "18219.00000", "2020-06-30": "17341.00000", "2020-03-31": "17026.00000", "2019-12-31": "15935.00000", "2019-09-30": "13858.00000", "2019-06-30": "13569.00000", "2019-03-31": "12776.00000", "2018-12-31": "12134.00000", "2018-09-30": "13620.00000", "2018-06-30": "12705.00000", "2018-03-31": "12185.00000", "2017-12-31": "12185.00000", "2017-09-30": "11795.00000", "2017-06-30": "11358.00000", "2017-03-31": "11758.00000", "2016-12-31": "11269.00000", "2016-09-30": "9478.00000", "2016-06-30": "9343.00000", "2016-03-31": "8758.00000", "2015-12-31": "8760.00000", "2015-09-30": "8856.00000", "2015-06-30": "8835.00000", "2015-03-31": "8838.00000", "2014-12-31": "8343.00000", "2014-09-30": "7909.00000", "2014-06-30": "7813.00000", "2014-03-31": "6923.00000", "2013-12-31": "7214.00000", "2013-09-30": "6846.00000", "2013-06-30": "6806.00000", "2013-03-31": "7218.00000", "2012-12-31": "7014.00000", "2012-09-30": "7120.00000", "2012-06-30": "7212.00000", "2012-03-31": "7093.00000", "2011-12-31": "7187.00000", "2011-09-30": "7497.00000", "2011-06-30": "7507.00000", "2011-03-31": "7015.00000", "2010-12-31": "7089.00000", "2010-09-30": "7074.00000", "2010-06-30": "6633.00000", "2010-03-31": "7295.00000", "2009-12-31": "7370.00000", "2009-09-30": "7874.00000", "2009-06-30": "7943.00000", "2009-03-31": "7495.00000", "2008-12-31": "7741.00000", "2008-09-30": "7444.00000", "2008-06-30": "7286.00000", "2008-03-31": "6645.00000", "2007-12-31": "6971.00000", "2007-09-30": "6961.00000", "2007-06-30": "7304.00000", "2007-03-31": "7378.00000", "2006-12-31": "7474.00000", "2006-09-30": "7282.00000", "2006-06-30": "7515.00000", "2006-03-31": "7004.00000", "2005-12-31": "7080.00000", "2005-09-30": "6797.00000", "2005-06-30": "6989.00000", "2005-03-31": "7541.00000"}, "Other Non-Current Liabilities": {"2020-09-30": "6618.00000", "2020-06-30": "6597.00000", "2020-03-31": "6609.00000", "2019-12-31": "6698.00000", "2019-09-30": "6535.00000", "2019-06-30": "6043.00000", "2019-03-31": "6005.00000", "2018-12-31": "6049.00000", "2018-09-30": "6032.00000", "2018-06-30": "6003.00000", "2018-03-31": "5932.00000", "2017-12-31": "5785.00000", "2017-09-30": "3363.00000", "2017-06-30": "3420.00000", "2017-03-31": "3423.00000", "2016-12-31": "3393.00000", "2016-09-30": "3357.00000", "2016-06-30": "3314.00000", "2016-03-31": "3292.00000", "2015-12-31": "3233.00000", "2015-09-30": "3198.00000", "2015-06-30": "3255.00000", "2015-03-31": "3141.00000", "2014-12-31": "3100.00000", "2014-09-30": "3102.00000", "2014-06-30": "3118.00000", "2014-03-31": "3140.00000", "2013-12-31": "3207.00000", "2013-09-30": "3190.00000", "2013-06-30": "3201.00000", "2013-03-31": "3202.00000", "2012-12-31": "3241.00000", "2012-09-30": "3161.00000", "2012-06-30": "3156.00000", "2012-03-31": "3183.00000", "2011-12-31": "3178.00000", "2011-09-30": "3134.00000", "2011-06-30": "3068.00000", "2011-03-31": "3483.00000", "2010-12-31": "3443.00000", "2010-09-30": "3587.00000", "2010-06-30": "3564.00000", "2010-03-31": "3521.00000", "2009-12-31": "3515.00000", "2009-09-30": "3458.00000", "2009-06-30": "3370.00000", "2009-03-31": "3396.00000", "2008-12-31": "3439.00000", "2008-09-30": "3417.00000", "2008-06-30": "3757.00000", "2008-03-31": "3559.00000", "2007-12-31": "3555.00000", "2007-09-30": "3479.00000", "2007-06-30": "3058.00000", "2007-03-31": "2818.00000", "2006-12-31": "2833.00000", "2006-09-30": "3363.00000", "2006-06-30": "3451.00000", "2006-03-31": "3265.00000", "2005-12-31": "3069.00000", "2005-09-30": "3637.00000", "2005-06-30": "3336.00000", "2005-03-31": "3163.00000"}, "Total Long Term Liabilities": {"2020-09-30": "28534.00000", "2020-06-30": "27651.00000", "2020-03-31": "27272.00000", "2019-12-31": "26049.00000", "2019-09-30": "23576.00000", "2019-06-30": "22628.00000", "2019-03-31": "21767.00000", "2018-12-31": "21133.00000", "2018-09-30": "22485.00000", "2018-06-30": "21513.00000", "2018-03-31": "20937.00000", "2017-12-31": "20965.00000", "2017-09-30": "20620.00000", "2017-06-30": "20264.00000", "2017-03-31": "20627.00000", "2016-12-31": "20105.00000", "2016-09-30": "18344.00000", "2016-06-30": "18087.00000", "2016-03-31": "17445.00000", "2015-12-31": "17339.00000", "2015-09-30": "17548.00000", "2015-06-30": "17561.00000", "2015-03-31": "17551.00000", "2014-12-31": "16980.00000", "2014-09-30": "15385.00000", "2014-06-30": "15344.00000", "2014-03-31": "14455.00000", "2013-12-31": "14792.00000", "2013-09-30": "15313.00000", "2013-06-30": "15395.00000", "2013-03-31": "15841.00000", "2012-12-31": "16160.00000", "2012-09-30": "16169.00000", "2012-06-30": "16256.00000", "2012-03-31": "16169.00000", "2011-12-31": "16328.00000", "2011-09-30": "15671.00000", "2011-06-30": "15509.00000", "2011-03-31": "15097.00000", "2010-12-31": "15380.00000", "2010-09-30": "15064.00000", "2010-06-30": "14502.00000", "2010-03-31": "15126.00000", "2009-12-31": "15234.00000", "2009-09-30": "15711.00000", "2009-06-30": "15640.00000", "2009-03-31": "15203.00000", "2008-12-31": "15539.00000", "2008-09-30": "14099.00000", "2008-06-30": "14171.00000", "2008-03-31": "13281.00000", "2007-12-31": "13668.00000", "2007-09-30": "14164.00000", "2007-06-30": "13917.00000", "2007-03-31": "13633.00000", "2006-12-31": "13772.00000", "2006-09-30": "12619.00000", "2006-06-30": "12851.00000", "2006-03-31": "12336.00000", "2005-12-31": "12646.00000", "2005-09-30": "12507.00000", "2005-06-30": "12380.00000", "2005-03-31": "12811.00000"}, "Total Liabilities": {"2020-09-30": "31951.00000", "2020-06-30": "31847.00000", "2020-03-31": "31244.00000", "2019-12-31": "30046.00000", "2019-09-30": "27441.00000", "2019-06-30": "26282.00000", "2019-03-31": "25414.00000", "2018-12-31": "25571.00000", "2018-09-30": "24602.00000", "2018-06-30": "24012.00000", "2018-03-31": "23478.00000", "2017-12-31": "23777.00000", "2017-09-30": "23218.00000", "2017-06-30": "23011.00000", "2017-03-31": "22461.00000", "2016-12-31": "22542.00000", "2016-09-30": "20313.00000", "2016-06-30": "19970.00000", "2016-03-31": "19654.00000", "2015-12-31": "19867.00000", "2015-09-30": "19821.00000", "2015-06-30": "19793.00000", "2015-03-31": "19390.00000", "2014-12-31": "19557.00000", "2014-09-30": "18190.00000", "2014-06-30": "18163.00000", "2014-03-31": "18024.00000", "2013-12-31": "17981.00000", "2013-09-30": "18321.00000", "2013-06-30": "18357.00000", "2013-03-31": "18317.00000", "2012-12-31": "18928.00000", "2012-09-30": "18478.00000", "2012-06-30": "18891.00000", "2012-03-31": "18699.00000", "2011-12-31": "18956.00000", "2011-09-30": "17771.00000", "2011-06-30": "17755.00000", "2011-03-31": "17652.00000", "2010-12-31": "18129.00000", "2010-09-30": "17577.00000", "2010-06-30": "17433.00000", "2010-03-31": "17608.00000", "2009-12-31": "17879.00000", "2009-09-30": "17687.00000", "2009-06-30": "17716.00000", "2009-03-31": "18036.00000", "2008-12-31": "18552.00000", "2008-09-30": "17692.00000", "2008-06-30": "18005.00000", "2008-03-31": "17183.00000", "2007-12-31": "17889.00000", "2007-09-30": "18129.00000", "2007-06-30": "18069.00000", "2007-03-31": "17620.00000", "2006-12-31": "17936.00000", "2006-09-30": "16452.00000", "2006-06-30": "16505.00000", "2006-03-31": "16519.00000", "2005-12-31": "17566.00000", "2005-09-30": "18283.00000", "2005-06-30": "16378.00000", "2005-03-31": "16014.00000"}, "Common Stock Net": {"2020-09-30": "5369.00000", "2020-06-30": "5247.00000", "2020-03-31": "5235.00000", "2019-12-31": "5233.00000", "2019-09-30": "4370.00000", "2019-06-30": "4344.00000", "2019-03-31": "4324.00000", "2018-12-31": "4245.00000", "2018-09-30": "4232.00000", "2018-06-30": "4205.00000", "2018-03-31": "4163.00000", "2017-12-31": "3989.00000", "2017-09-30": "3978.00000", "2017-06-30": "3968.00000", "2017-03-31": "3958.00000", "2016-12-31": "4030.00000", "2016-09-30": "4137.00000", "2016-06-30": "4129.00000", "2016-03-31": "4118.00000", "2015-12-31": "4123.00000", "2015-09-30": "4117.00000", "2015-06-30": "4110.00000", "2015-03-31": "4093.00000", "2014-12-31": "3904.00000", "2014-09-30": "3900.00000", "2014-06-30": "3896.00000", "2014-03-31": "3894.00000", "2013-12-31": "3907.00000", "2013-09-30": "3885.00000", "2013-06-30": "3762.00000", "2013-03-31": "3683.00000", "2012-12-31": "3587.00000", "2012-09-30": "3567.00000", "2012-06-30": "3549.00000", "2012-03-31": "3453.00000", "2011-12-31": "3417.00000", "2011-09-30": "3418.00000", "2011-06-30": "3415.00000", "2011-03-31": "3428.00000", "2010-12-31": "3440.00000", "2010-09-30": "3422.00000", "2010-06-30": "3405.00000", "2010-03-31": "3388.00000", "2009-12-31": "3257.00000", "2009-09-30": "3235.00000", "2009-06-30": "3214.00000", "2009-03-31": "3192.00000", "2008-12-31": "3175.00000", "2008-09-30": "3172.00000", "2008-06-30": "3169.00000", "2008-03-31": "3166.00000", "2007-12-31": "3176.00000", "2007-09-30": "3181.00000", "2007-06-30": "3311.00000", "2007-03-31": "3439.00000", "2006-12-31": "3467.00000", "2006-09-30": "3480.00000", "2006-06-30": "3468.00000", "2006-03-31": "3466.00000", "2005-12-31": "3483.00000", "2005-09-30": "3481.00000", "2005-06-30": "3307.00000", "2005-03-31": "3309.00000"}, "Retained Earnings (Accumulated Deficit)": {"2020-09-30": "7092.00000", "2020-06-30": "6618.00000", "2020-03-31": "6732.00000", "2019-12-31": "6587.00000", "2019-09-30": "6516.00000", "2019-06-30": "6198.00000", "2019-03-31": "6364.00000", "2018-12-31": "6112.00000", "2018-09-30": "6093.00000", "2018-06-30": "5760.00000", "2018-03-31": "5848.00000", "2017-12-31": "5643.00000", "2017-09-30": "5515.00000", "2017-06-30": "5245.00000", "2017-03-31": "5365.00000", "2016-12-31": "5114.00000", "2016-09-30": "5131.00000", "2016-06-30": "4791.00000", "2016-03-31": "4909.00000", "2015-12-31": "4794.00000", "2015-09-30": "4845.00000", "2015-06-30": "4580.00000", "2015-03-31": "4727.00000", "2014-12-31": "4578.00000", "2014-09-30": "4402.00000", "2014-06-30": "4246.00000", "2014-03-31": "4360.00000", "2013-12-31": "4150.00000", "2013-09-30": "4142.00000", "2013-06-30": "3945.00000", "2013-03-31": "4069.00000", "2012-12-31": "3944.00000", "2012-09-30": "3969.00000", "2012-06-30": "3744.00000", "2012-03-31": "3804.00000", "2011-12-31": "3750.00000", "2011-09-30": "3698.00000", "2011-06-30": "3516.00000", "2011-03-31": "3513.00000", "2010-12-31": "3431.00000", "2010-09-30": "3374.00000", "2010-06-30": "3305.00000", "2010-03-31": "3309.00000", "2009-12-31": "3168.00000", "2009-09-30": "3142.00000", "2009-06-30": "3072.00000", "2009-03-31": "3076.00000", "2008-12-31": "2985.00000", "2008-09-30": "2952.00000", "2008-06-30": "2862.00000", "2008-03-31": "2920.00000", "2007-12-31": "2790.00000", "2007-09-30": "2634.00000", "2007-06-30": "2700.00000", "2007-03-31": "2602.00000", "2006-12-31": "2593.00000", "2006-09-30": "2574.00000", "2006-06-30": "2478.00000", "2006-03-31": "2602.00000", "2005-12-31": "2557.00000", "2005-09-30": "2267.00000", "2005-06-30": "2355.00000", "2005-03-31": "2415.00000"}, "Comprehensive Income": {"2020-09-30": "-138.00000", "2020-06-30": "-141.00000", "2020-03-31": "-145.00000", "2019-12-31": "-148.00000", "2019-09-30": "-146.00000", "2019-06-30": "-146.00000", "2019-03-31": "-143.00000", "2018-12-31": "-120.00000", "2018-09-30": "-118.00000", "2018-06-30": "-121.00000", "2018-03-31": "-123.00000", "2017-12-31": "-120.00000", "2017-09-30": "-120.00000", "2017-06-30": "-125.00000", "2017-03-31": "-129.00000", "2016-12-31": "-133.00000", "2016-09-30": "-138.00000", "2016-06-30": "-142.00000", "2016-03-31": "-140.00000", "2015-12-31": "-145.00000", "2015-09-30": "-150.00000", "2015-06-30": "-151.00000", "2015-03-31": "-155.00000", "2014-12-31": "-155.00000", "2014-09-30": "-133.00000", "2014-06-30": "-134.00000", "2014-03-31": "-137.00000", "2013-12-31": "-136.00000", "2013-09-30": "-151.00000", "2013-06-30": "-155.00000", "2013-03-31": "-156.00000", "2012-12-31": "-158.00000", "2012-09-30": "-147.00000", "2012-06-30": "-151.00000", "2012-03-31": "-153.00000", "2011-12-31": "-158.00000", "2011-09-30": "-146.00000", "2011-06-30": "-146.00000", "2011-03-31": "-148.00000", "2010-12-31": "-149.00000", "2010-09-30": "-150.00000", "2010-06-30": "-153.00000", "2010-03-31": "-146.00000", "2009-12-31": "-147.00000", "2009-09-30": "-141.00000", "2009-06-30": "-145.00000", "2009-03-31": "-157.00000", "2008-12-31": "-165.00000", "2008-09-30": "-128.00000", "2008-06-30": "-130.00000", "2008-03-31": "-121.00000", "2007-12-31": "-113.00000", "2007-09-30": "-118.00000", "2007-06-30": "-122.00000", "2007-03-31": "-225.00000", "2006-12-31": "-211.00000", "2006-09-30": "-190.00000", "2006-06-30": "-231.00000", "2006-03-31": "-210.00000", "2005-12-31": "-271.00000", "2005-09-30": "-317.00000", "2005-06-30": "-218.00000", "2005-03-31": "-195.00000"}, "Other Share Holders Equity": {"2020-09-30": "", "2020-06-30": "", "2020-03-31": "", "2019-12-31": "", "2019-09-30": "", "2019-06-30": "", "2019-03-31": "", "2018-12-31": "", "2018-09-30": "", "2018-06-30": "", "2018-03-31": "", "2017-12-31": "", "2017-09-30": "", "2017-06-30": "", "2017-03-31": "", "2016-12-31": "", "2016-09-30": "", "2016-06-30": "", "2016-03-31": "", "2015-12-31": "", "2015-09-30": "", "2015-06-30": "", "2015-03-31": "", "2014-12-31": "", "2014-09-30": "", "2014-06-30": "", "2014-03-31": "", "2013-12-31": "", "2013-09-30": "", "2013-06-30": "", "2013-03-31": "", "2012-12-31": "", "2012-09-30": "", "2012-06-30": "", "2012-03-31": "", "2011-12-31": "", "2011-09-30": "", "2011-06-30": "", "2011-03-31": "", "2010-12-31": "", "2010-09-30": "", "2010-06-30": "", "2010-03-31": "", "2009-12-31": "", "2009-09-30": "", "2009-06-30": "", "2009-03-31": "", "2008-12-31": "", "2008-09-30": "", "2008-06-30": "", "2008-03-31": "", "2007-12-31": "", "2007-09-30": "", "2007-06-30": "", "2007-03-31": "", "2006-12-31": "", "2006-09-30": "", "2006-06-30": "", "2006-03-31": "", "2005-12-31": "", "2005-09-30": "", "2005-06-30": "", "2005-03-31": ""}, "Share Holder Equity": {"2020-09-30": "12488.00000", "2020-06-30": "11892.00000", "2020-03-31": "11988.00000", "2019-12-31": "11836.00000", "2019-09-30": "10904.00000", "2019-06-30": "10569.00000", "2019-03-31": "11020.00000", "2018-12-31": "10717.00000", "2018-09-30": "10690.00000", "2018-06-30": "10318.00000", "2018-03-31": "10363.00000", "2017-12-31": "9990.00000", "2017-09-30": "9853.00000", "2017-06-30": "9571.00000", "2017-03-31": "9688.00000", "2016-12-31": "9499.00000", "2016-09-30": "9149.00000", "2016-06-30": "8799.00000", "2016-03-31": "8910.00000", "2015-12-31": "8795.00000", "2015-09-30": "8833.00000", "2015-06-30": "8557.00000", "2015-03-31": "8678.00000", "2014-12-31": "8342.00000", "2014-09-30": "8186.00000", "2014-06-30": "8026.00000", "2014-03-31": "8137.00000", "2013-12-31": "7954.00000", "2013-09-30": "7910.00000", "2013-06-30": "7587.00000", "2013-03-31": "7632.00000", "2012-12-31": "7411.00000", "2012-09-30": "7431.00000", "2012-06-30": "7184.00000", "2012-03-31": "7147.00000", "2011-12-31": "7053.00000", "2011-09-30": "7009.00000", "2011-06-30": "6824.00000", "2011-03-31": "6837.00000", "2010-12-31": "6767.00000", "2010-09-30": "6689.00000", "2010-06-30": "6600.00000", "2010-03-31": "6595.00000", "2009-12-31": "6316.00000", "2009-09-30": "6272.00000", "2009-06-30": "6179.00000", "2009-03-31": "6152.00000", "2008-12-31": "6038.00000", "2008-09-30": "5996.00000", "2008-06-30": "5901.00000", "2008-03-31": "5965.00000", "2007-12-31": "5853.00000", "2007-09-30": "5697.00000", "2007-06-30": "5889.00000", "2007-03-31": "5816.00000", "2006-12-31": "5849.00000", "2006-09-30": "5864.00000", "2006-06-30": "5715.00000", "2006-03-31": "5858.00000", "2005-12-31": "5769.00000", "2005-09-30": "5431.00000", "2005-06-30": "5444.00000", "2005-03-31": "5529.00000"}, "Total Liabilities And Share Holders Equity": {"2020-09-30": "44439.00000", "2020-06-30": "43739.00000", "2020-03-31": "43232.00000", "2019-12-31": "41882.00000", "2019-09-30": "38345.00000", "2019-06-30": "36851.00000", "2019-03-31": "36434.00000", "2018-12-31": "36288.00000", "2018-09-30": "35292.00000", "2018-06-30": "34330.00000", "2018-03-31": "33841.00000", "2017-12-31": "33767.00000", "2017-09-30": "33071.00000", "2017-06-30": "32582.00000", "2017-03-31": "32149.00000", "2016-12-31": "32041.00000", "2016-09-30": "29462.00000", "2016-06-30": "28769.00000", "2016-03-31": "28564.00000", "2015-12-31": "28662.00000", "2015-09-30": "28654.00000", "2015-06-30": "28350.00000", "2015-03-31": "28068.00000", "2014-12-31": "27899.00000", "2014-09-30": "26376.00000", "2014-06-30": "26189.00000", "2014-03-31": "26161.00000", "2013-12-31": "25935.00000", "2013-09-30": "26231.00000", "2013-06-30": "25944.00000", "2013-03-31": "25949.00000", "2012-12-31": "26339.00000", "2012-09-30": "25909.00000", "2012-06-30": "26075.00000", "2012-03-31": "25846.00000", "2011-12-31": "26009.00000", "2011-09-30": "24780.00000", "2011-06-30": "24579.00000", "2011-03-31": "24489.00000", "2010-12-31": "24896.00000", "2010-09-30": "24266.00000", "2010-06-30": "24033.00000", "2010-03-31": "24203.00000", "2009-12-31": "24195.00000", "2009-09-30": "23959.00000", "2009-06-30": "23895.00000", "2009-03-31": "24188.00000", "2008-12-31": "24590.00000", "2008-09-30": "23688.00000", "2008-06-30": "23906.00000", "2008-03-31": "23148.00000", "2007-12-31": "23742.00000", "2007-09-30": "23826.00000", "2007-06-30": "23958.00000", "2007-03-31": "23436.00000", "2006-12-31": "23785.00000", "2006-09-30": "22316.00000", "2006-06-30": "22220.00000", "2006-03-31": "22377.00000", "2005-12-31": "23335.00000", "2005-09-30": "23714.00000", "2005-06-30": "21822.00000", "2005-03-31": "21543.00000"}}, "cash flow statement": {"Net Income/Loss": {"2019-12-31": "1172.00000", "2018-12-31": "1118.00000", "2017-12-31": "1112.00000", "2016-12-31": "834.00000", "2015-12-31": "720.00000", "2014-12-31": "911.00000", "2013-12-31": "668.00000", "2012-12-31": "618.00000", "2011-12-31": "720.00000", "2010-12-31": "639.00000", "2009-12-31": "535.00000", "2008-12-31": "553.00000", "2007-12-31": "787.00000", "2006-12-31": "433.00000", "2005-12-31": "537.00000"}, "Total Depreciation And Amortization - Cash Flow": {"2019-12-31": "1323.00000", "2018-12-31": "1169.00000", "2017-12-31": "1083.00000", "2016-12-31": "1034.00000", "2015-12-31": "898.00000", "2014-12-31": "1193.00000", "2013-12-31": "1132.00000", "2012-12-31": "1047.00000", "2011-12-31": "1041.00000", "2010-12-31": "1027.00000", "2009-12-31": "1020.00000", "2008-12-31": "899.00000", "2007-12-31": "926.00000", "2006-12-31": "1014.00000", "2005-12-31": "872.00000"}, "Other Non-Cash Items": {"2019-12-31": "368.00000", "2018-12-31": "57.00000", "2017-12-31": "183.00000", "2016-12-31": "252.00000", "2015-12-31": "321.00000", "2014-12-31": "338.00000", "2013-12-31": "143.00000", "2012-12-31": "118.00000", "2011-12-31": "193.00000", "2010-12-31": "452.00000", "2009-12-31": "195.00000", "2008-12-31": "199.00000", "2007-12-31": "-771.00000", "2006-12-31": "12.00000", "2005-12-31": "-292.00000"}, "Total Non-Cash Items": {"2019-12-31": "1691.00000", "2018-12-31": "1226.00000", "2017-12-31": "1266.00000", "2016-12-31": "1286.00000", "2015-12-31": "1219.00000", "2014-12-31": "1531.00000", "2013-12-31": "1275.00000", "2012-12-31": "1165.00000", "2011-12-31": "1234.00000", "2010-12-31": "1479.00000", "2009-12-31": "1215.00000", "2008-12-31": "1098.00000", "2007-12-31": "155.00000", "2006-12-31": "1026.00000", "2005-12-31": "580.00000"}, "Change In Accounts Receivable": {"2019-12-31": "49.00000", "2018-12-31": "-44.00000", "2017-12-31": "-252.00000", "2016-12-31": "-226.00000", "2015-12-31": "259.00000", "2014-12-31": "48.00000", "2013-12-31": "-154.00000", "2012-12-31": "52.00000", "2011-12-31": "71.00000", "2010-12-31": "79.00000", "2009-12-31": "167.00000", "2008-12-31": "328.00000", "2007-12-31": "", "2006-12-31": "", "2005-12-31": ""}, "Change In Inventories": {"2019-12-31": "59.00000", "2018-12-31": "-32.00000", "2017-12-31": "-4.00000", "2016-12-31": "37.00000", "2015-12-31": "1.00000", "2014-12-31": "-177.00000", "2013-12-31": "123.00000", "2012-12-31": "35.00000", "2011-12-31": "-129.00000", "2010-12-31": "-133.00000", "2009-12-31": "28.00000", "2008-12-31": "96.00000", "2007-12-31": "", "2006-12-31": "", "2005-12-31": ""}, "Change In Accounts Payable": {"2019-12-31": "-288.00000", "2018-12-31": "146.00000", "2017-12-31": "129.00000", "2016-12-31": "145.00000", "2015-12-31": "-158.00000", "2014-12-31": "128.00000", "2013-12-31": "14.00000", "2012-12-31": "40.00000", "2011-12-31": "-23.00000", "2010-12-31": "12.00000", "2009-12-31": "-162.00000", "2008-12-31": "-286.00000", "2007-12-31": "", "2006-12-31": "", "2005-12-31": ""}, "Change In Assets/Liabilities": {"2019-12-31": "-5.00000", "2018-12-31": "414.00000", "2017-12-31": "69.00000", "2016-12-31": "8.00000", "2015-12-31": "22.00000", "2014-12-31": "-596.00000", "2013-12-31": "228.00000", "2012-12-31": "299.00000", "2011-12-31": "135.00000", "2010-12-31": "-6.00000", "2009-12-31": "-7.00000", "2008-12-31": "-208.00000", "2007-12-31": "192.00000", "2006-12-31": "8.00000", "2005-12-31": "-78.00000"}, "Total Change In Assets/Liabilities": {"2019-12-31": "-214.00000", "2018-12-31": "336.00000", "2017-12-31": "-261.00000", "2016-12-31": "-36.00000", "2015-12-31": "-23.00000", "2014-12-31": "-597.00000", "2013-12-31": "211.00000", "2012-12-31": "426.00000", "2011-12-31": "54.00000", "2010-12-31": "-293.00000", "2009-12-31": "69.00000", "2008-12-31": "-92.00000", "2007-12-31": "192.00000", "2006-12-31": "8.00000", "2005-12-31": "-78.00000"}, "Cash Flow From Operating Activities": {"2019-12-31": "2649.00000", "2018-12-31": "2680.00000", "2017-12-31": "2117.00000", "2016-12-31": "2084.00000", "2015-12-31": "1916.00000", "2014-12-31": "1845.00000", "2013-12-31": "2154.00000", "2012-12-31": "2209.00000", "2011-12-31": "2008.00000", "2010-12-31": "1825.00000", "2009-12-31": "1819.00000", "2008-12-31": "1559.00000", "2007-12-31": "1125.00000", "2006-12-31": "1456.00000", "2005-12-31": "1001.00000"}, "Net Change In Property, Plant, And Equipment": {"2019-12-31": "-2997.00000", "2018-12-31": "-2713.00000", "2017-12-31": "-2250.00000", "2016-12-31": "-2045.00000", "2015-12-31": "-2020.00000", "2014-12-31": "-2004.00000", "2013-12-31": "-1840.00000", "2012-12-31": "-1782.00000", "2011-12-31": "-1466.00000", "2010-12-31": "-1043.00000", "2009-12-31": "-952.00000", "2008-12-31": "-1348.00000", "2007-12-31": "-1214.00000", "2006-12-31": "-1336.00000", "2005-12-31": "-1005.00000"}, "Net Change In Intangible Assets": {"2019-12-31": "", "2018-12-31": "", "2017-12-31": "", "2016-12-31": "", "2015-12-31": "", "2014-12-31": "", "2013-12-31": "", "2012-12-31": "", "2011-12-31": "", "2010-12-31": "", "2009-12-31": "", "2008-12-31": "", "2007-12-31": "", "2006-12-31": "", "2005-12-31": ""}, "Net Acquisitions/Divestitures": {"2019-12-31": "-2470.00000", "2018-12-31": "", "2017-12-31": "", "2016-12-31": "-1147.00000", "2015-12-31": "-241.00000", "2014-12-31": "", "2013-12-31": "", "2012-12-31": "57.00000", "2011-12-31": "", "2010-12-31": "", "2009-12-31": "", "2008-12-31": "337.00000", "2007-12-31": "1709.00000", "2006-12-31": "204.00000", "2005-12-31": "299.00000"}, "Net Change In Short-term Investments": {"2019-12-31": "", "2018-12-31": "", "2017-12-31": "", "2016-12-31": "", "2015-12-31": "", "2014-12-31": "", "2013-12-31": "", "2012-12-31": "", "2011-12-31": "", "2010-12-31": "", "2009-12-31": "", "2008-12-31": "", "2007-12-31": "", "2006-12-31": "", "2005-12-31": ""}, "Net Change In Long-Term Investments": {"2019-12-31": "-145.00000", "2018-12-31": "-613.00000", "2017-12-31": "-275.00000", "2016-12-31": "-234.00000", "2015-12-31": "-92.00000", "2014-12-31": "-39.00000", "2013-12-31": "-29.00000", "2012-12-31": "-5.00000", "2011-12-31": "-17.00000", "2010-12-31": "-82.00000", "2009-12-31": "-35.00000", "2008-12-31": "-441.00000", "2007-12-31": "-152.00000", "2006-12-31": "-31.00000", "2005-12-31": "-34.00000"}, "Net Change In Investments - Total": {"2019-12-31": "-145.00000", "2018-12-31": "-613.00000", "2017-12-31": "-275.00000", "2016-12-31": "-234.00000", "2015-12-31": "-92.00000", "2014-12-31": "-39.00000", "2013-12-31": "-29.00000", "2012-12-31": "-5.00000", "2011-12-31": "-17.00000", "2010-12-31": "-82.00000", "2009-12-31": "-35.00000", "2008-12-31": "-441.00000", "2007-12-31": "-152.00000", "2006-12-31": "-31.00000", "2005-12-31": "-34.00000"}, "Investing Activities - Other": {"2019-12-31": "-120.00000", "2018-12-31": "-21.00000", "2017-12-31": "-37.00000", "2016-12-31": "36.00000", "2015-12-31": "149.00000", "2014-12-31": "-17.00000", "2013-12-31": "-37.00000", "2012-12-31": "-39.00000", "2011-12-31": "-77.00000", "2010-12-31": "-101.00000", "2009-12-31": "-77.00000", "2008-12-31": "-71.00000", "2007-12-31": "-13.00000", "2006-12-31": "-31.00000", "2005-12-31": "-62.00000"}, "Cash Flow From Investing Activities": {"2019-12-31": "-5732.00000", "2018-12-31": "-3347.00000", "2017-12-31": "-2562.00000", "2016-12-31": "-3390.00000", "2015-12-31": "-2204.00000", "2014-12-31": "-2060.00000", "2013-12-31": "-1906.00000", "2012-12-31": "-1769.00000", "2011-12-31": "-1560.00000", "2010-12-31": "-1226.00000", "2009-12-31": "-1064.00000", "2008-12-31": "-1523.00000", "2007-12-31": "330.00000", "2006-12-31": "-1194.00000", "2005-12-31": "-802.00000"}, "Net Long-Term Debt": {"2019-12-31": "1685.00000", "2018-12-31": "1327.00000", "2017-12-31": "1013.00000", "2016-12-31": "1169.00000", "2015-12-31": "670.00000", "2014-12-31": "499.00000", "2013-12-31": "273.00000", "2012-12-31": "120.00000", "2011-12-31": "-276.00000", "2010-12-31": "-49.00000", "2009-12-31": "-59.00000", "2008-12-31": "626.00000", "2007-12-31": "-343.00000", "2006-12-31": "-75.00000", "2005-12-31": "-397.00000"}, "Net Current Debt": {"2019-12-31": "219.00000", "2018-12-31": "-12.00000", "2017-12-31": "122.00000", "2016-12-31": "", "2015-12-31": "101.00000", "2014-12-31": "267.00000", "2013-12-31": "-109.00000", "2012-12-31": "-179.00000", "2011-12-31": "269.00000", "2010-12-31": "-177.00000", "2009-12-31": "-417.00000", "2008-12-31": "-340.00000", "2007-12-31": "-47.00000", "2006-12-31": "291.00000", "2005-12-31": "437.00000"}, "Debt Issuance/Retirement Net - Total": {"2019-12-31": "1904.00000", "2018-12-31": "1315.00000", "2017-12-31": "1135.00000", "2016-12-31": "1169.00000", "2015-12-31": "771.00000", "2014-12-31": "766.00000", "2013-12-31": "164.00000", "2012-12-31": "-59.00000", "2011-12-31": "-7.00000", "2010-12-31": "-226.00000", "2009-12-31": "-476.00000", "2008-12-31": "286.00000", "2007-12-31": "-390.00000", "2006-12-31": "216.00000", "2005-12-31": "40.00000"}, "Net Common Equity Issued/Repurchased": {"2019-12-31": "2326.00000", "2018-12-31": "53.00000", "2017-12-31": "-1.00000", "2016-12-31": "735.00000", "2015-12-31": "23.00000", "2014-12-31": "-52.00000", "2013-12-31": "39.00000", "2012-12-31": "39.00000", "2011-12-31": "-18.00000", "2010-12-31": "36.00000", "2009-12-31": "35.00000", "2008-12-31": "-16.00000", "2007-12-31": "-708.00000", "2006-12-31": "-44.00000", "2005-12-31": "159.00000"}, "Net Total Equity Issued/Repurchased": {"2019-12-31": "2326.00000", "2018-12-31": "53.00000", "2017-12-31": "-1.00000", "2016-12-31": "735.00000", "2015-12-31": "23.00000", "2014-12-31": "-52.00000", "2013-12-31": "39.00000", "2012-12-31": "39.00000", "2011-12-31": "-18.00000", "2010-12-31": "36.00000", "2009-12-31": "35.00000", "2008-12-31": "-16.00000", "2007-12-31": "-708.00000", "2006-12-31": "-44.00000", "2005-12-31": "159.00000"}, "Total Common And Preferred Stock Dividends Paid": {"2019-12-31": "-751.00000", "2018-12-31": "-668.00000", "2017-12-31": "-632.00000", "2016-12-31": "-536.00000", "2015-12-31": "-509.00000", "2014-12-31": "-470.00000", "2013-12-31": "-445.00000", "2012-12-31": "-407.00000", "2011-12-31": "-389.00000", "2010-12-31": "-360.00000", "2009-12-31": "-348.00000", "2008-12-31": "-344.00000", "2007-12-31": "-364.00000", "2006-12-31": "-365.00000", "2005-12-31": "-360.00000"}, "Financial Activities - Other": {"2019-12-31": "-379.00000", "2018-12-31": "-46.00000", "2017-12-31": "-81.00000", "2016-12-31": "-9.00000", "2015-12-31": "-8.00000", "2014-12-31": "-33.00000", "2013-12-31": "-19.00000", "2012-12-31": "-16.00000", "2011-12-31": "-31.00000", "2010-12-31": "-36.00000", "2009-12-31": "", "2008-12-31": "-10.00000", "2007-12-31": "-6.00000", "2006-12-31": "-10.00000", "2005-12-31": "-6.00000"}, "Cash Flow From Financial Activities": {"2019-12-31": "3100.00000", "2018-12-31": "654.00000", "2017-12-31": "421.00000", "2016-12-31": "1359.00000", "2015-12-31": "277.00000", "2014-12-31": "211.00000", "2013-12-31": "-261.00000", "2012-12-31": "-443.00000", "2011-12-31": "-445.00000", "2010-12-31": "-586.00000", "2009-12-31": "-789.00000", "2008-12-31": "-84.00000", "2007-12-31": "-1468.00000", "2006-12-31": "-203.00000", "2005-12-31": "-167.00000"}, "Net Cash Flow": {"2019-12-31": "17.00000", "2018-12-31": "-13.00000", "2017-12-31": "-24.00000", "2016-12-31": "53.00000", "2015-12-31": "-11.00000", "2014-12-31": "-4.00000", "2013-12-31": "-13.00000", "2012-12-31": "-3.00000", "2011-12-31": "3.00000", "2010-12-31": "13.00000", "2009-12-31": "-34.00000", "2008-12-31": "-37.00000", "2007-12-31": "-24.00000", "2006-12-31": "59.00000", "2005-12-31": "32.00000"}, "Stock-Based Compensation": {"2019-12-31": "", "2018-12-31": "", "2017-12-31": "", "2016-12-31": "", "2015-12-31": "", "2014-12-31": "", "2013-12-31": "", "2012-12-31": "", "2011-12-31": "", "2010-12-31": "", "2009-12-31": "", "2008-12-31": "", "2007-12-31": "", "2006-12-31": "", "2005-12-31": ""}, "Common Stock Dividends Paid": {"2019-12-31": "-751.00000", "2018-12-31": "-668.00000", "2017-12-31": "-632.00000", "2016-12-31": "-536.00000", "2015-12-31": "-509.00000", "2014-12-31": "-470.00000", "2013-12-31": "-445.00000", "2012-12-31": "-407.00000", "2011-12-31": "-389.00000", "2010-12-31": "-360.00000", "2009-12-31": "-348.00000", "2008-12-31": "-344.00000", "2007-12-31": "-364.00000", "2006-12-31": "-365.00000", "2005-12-31": "-360.00000"}}, "cash flow statement, quarterly": {"Net Income/Loss": {"2020-09-30": 477, "2020-06-30": 277, "2020-03-31": "342.00000", "2019-12-31": 268, "2019-09-30": 317, "2019-06-30": 179, "2019-03-31": "408.00000", "2018-12-31": 196, "2018-09-30": 335, "2018-06-30": 236, "2018-03-31": "351.00000", "2017-12-31": 280, "2017-09-30": 263, "2017-06-30": 175, "2017-03-31": "394.00000", "2016-12-31": 124, "2016-09-30": 325, "2016-06-30": 145, "2016-03-31": "240.00000", "2015-12-31": 77, "2015-09-30": 264, "2015-06-30": 105, "2015-03-31": "274.00000", "2014-12-31": 301, "2014-09-30": 157, "2014-06-30": 126, "2014-03-31": "327.00000", "2013-12-31": 126, "2013-09-30": 200, "2013-06-30": 107, "2013-03-31": "235.00000", "2012-12-31": 83, "2012-09-30": 230, "2012-06-30": 147, "2012-03-31": "158.00000", "2011-12-31": 157, "2011-09-30": 185, "2011-06-30": 200, "2011-03-31": "178.00000", "2010-12-31": 156, "2010-09-30": 166, "2010-06-30": 87, "2010-03-31": "230.00000", "2009-12-31": 121, "2009-09-30": 151, "2009-06-30": 84, "2009-03-31": "179.00000", "2008-12-31": 130, "2008-09-30": 178, "2008-06-30": 33, "2008-03-31": "212.00000", "2007-12-31": 71, "2007-09-30": 197, "2007-06-30": 385, "2007-03-31": "134.00000", "2006-12-31": 142, "2006-09-30": 188, "2006-06-30": -33, "2006-03-31": "136.00000", "2005-12-31": 382, "2005-09-30": 4, "2005-06-30": 29, "2005-03-31": "122.00000"}, "Total Depreciation And Amortization - Cash Flow": {"2020-09-30": 365, "2020-06-30": 350, "2020-03-31": "366.00000", "2019-12-31": 355, "2019-09-30": 337, "2019-06-30": 320, "2019-03-31": "311.00000", "2018-12-31": 304, "2018-09-30": 287, "2018-06-30": 282, "2018-03-31": "296.00000", "2017-12-31": 288, "2017-09-30": 273, "2017-06-30": 261, "2017-03-31": "261.00000", "2016-12-31": 288, "2016-09-30": 245, "2016-06-30": 257, "2016-03-31": "244.00000", "2015-12-31": 233, "2015-09-30": 208, "2015-06-30": 235, "2015-03-31": "222.00000", "2014-12-31": 305, "2014-09-30": 307, "2014-06-30": 296, "2014-03-31": "285.00000", "2013-12-31": 296, "2013-09-30": 292, "2013-06-30": 276, "2013-03-31": "268.00000", "2012-12-31": 275, "2012-09-30": 290, "2012-06-30": 250, "2012-03-31": "232.00000", "2011-12-31": 289, "2011-09-30": 259, "2011-06-30": 248, "2011-03-31": "245.00000", "2010-12-31": 252, "2010-09-30": 271, "2010-06-30": 253, "2010-03-31": "251.00000", "2009-12-31": 282, "2009-09-30": 266, "2009-06-30": 240, "2009-03-31": "232.00000", "2008-12-31": 224, "2008-09-30": 235, "2008-06-30": 215, "2008-03-31": "225.00000", "2007-12-31": 210, "2007-09-30": 249, "2007-06-30": 242, "2007-03-31": "225.00000", "2006-12-31": 213, "2006-09-30": 355, "2006-06-30": 221, "2006-03-31": "225.00000", "2005-12-31": 209, "2005-09-30": 239, "2005-06-30": 216, "2005-03-31": "208.00000"}, "Other Non-Cash Items": {"2020-09-30": 57, "2020-06-30": 133, "2020-03-31": "211.00000", "2019-12-31": 35, "2019-09-30": 207, "2019-06-30": 63, "2019-03-31": "63.00000", "2018-12-31": -1, "2018-09-30": 10, "2018-06-30": 1, "2018-03-31": "47.00000", "2017-12-31": -44, "2017-09-30": 86, "2017-06-30": 56, "2017-03-31": "85.00000", "2016-12-31": 20, "2016-09-30": 110, "2016-06-30": 44, "2016-03-31": "78.00000", "2015-12-31": 77, "2015-09-30": 100, "2015-06-30": 75, "2015-03-31": "69.00000", "2014-12-31": 120, "2014-09-30": 40, "2014-06-30": 107, "2014-03-31": "71.00000", "2013-12-31": -4, "2013-09-30": 30, "2013-06-30": 61, "2013-03-31": "56.00000", "2012-12-31": 39, "2012-09-30": 5, "2012-06-30": 35, "2012-03-31": "39.00000", "2011-12-31": 70, "2011-09-30": 101, "2011-06-30": -37, "2011-03-31": "59.00000", "2010-12-31": 274, "2010-09-30": 105, "2010-06-30": 36, "2010-03-31": "37.00000", "2009-12-31": 50, "2009-09-30": 57, "2009-06-30": 25, "2009-03-31": "63.00000", "2008-12-31": 52, "2008-09-30": 68, "2008-06-30": 13, "2008-03-31": "66.00000", "2007-12-31": 150, "2007-09-30": 61, "2007-06-30": -928, "2007-03-31": "-54.00000", "2006-12-31": -26, "2006-09-30": -67, "2006-06-30": 64, "2006-03-31": "41.00000", "2005-12-31": -138, "2005-09-30": -86, "2005-06-30": -17, "2005-03-31": "-51.00000"}, "Total Non-Cash Items": {"2020-09-30": 422, "2020-06-30": 483, "2020-03-31": "577.00000", "2019-12-31": 390, "2019-09-30": 544, "2019-06-30": 383, "2019-03-31": "374.00000", "2018-12-31": 303, "2018-09-30": 297, "2018-06-30": 283, "2018-03-31": "343.00000", "2017-12-31": 244, "2017-09-30": 359, "2017-06-30": 317, "2017-03-31": "346.00000", "2016-12-31": 308, "2016-09-30": 355, "2016-06-30": 301, "2016-03-31": "322.00000", "2015-12-31": 310, "2015-09-30": 308, "2015-06-30": 310, "2015-03-31": "291.00000", "2014-12-31": 425, "2014-09-30": 347, "2014-06-30": 403, "2014-03-31": "356.00000", "2013-12-31": 292, "2013-09-30": 322, "2013-06-30": 337, "2013-03-31": "324.00000", "2012-12-31": 314, "2012-09-30": 295, "2012-06-30": 285, "2012-03-31": "271.00000", "2011-12-31": 359, "2011-09-30": 360, "2011-06-30": 211, "2011-03-31": "304.00000", "2010-12-31": 526, "2010-09-30": 376, "2010-06-30": 289, "2010-03-31": "288.00000", "2009-12-31": 332, "2009-09-30": 323, "2009-06-30": 265, "2009-03-31": "295.00000", "2008-12-31": 276, "2008-09-30": 303, "2008-06-30": 228, "2008-03-31": "291.00000", "2007-12-31": 360, "2007-09-30": 310, "2007-06-30": -686, "2007-03-31": "171.00000", "2006-12-31": 187, "2006-09-30": 288, "2006-06-30": 285, "2006-03-31": "266.00000", "2005-12-31": 71, "2005-09-30": 153, "2005-06-30": 199, "2005-03-31": "157.00000"}, "Change In Accounts Receivable": {"2020-09-30": 187, "2020-06-30": 5, "2020-03-31": "151.00000", "2019-12-31": -139, "2019-09-30": -181, "2019-06-30": 226, "2019-03-31": "143.00000", "2018-12-31": -129, "2018-09-30": 65, "2018-06-30": -13, "2018-03-31": "33.00000", "2017-12-31": -295, "2017-09-30": -6, "2017-06-30": -35, "2017-03-31": "84.00000", "2016-12-31": -232, "2016-09-30": -75, "2016-06-30": -16, "2016-03-31": "97.00000", "2015-12-31": -18, "2015-09-30": 43, "2015-06-30": 242, "2015-03-31": "-8.00000", "2014-12-31": -225, "2014-09-30": 128, "2014-06-30": 415, "2014-03-31": "-270.00000", "2013-12-31": -331, "2013-09-30": 107, "2013-06-30": 148, "2013-03-31": "-78.00000", "2012-12-31": -185, "2012-09-30": 117, "2012-06-30": 39, "2012-03-31": "81.00000", "2011-12-31": -110, "2011-09-30": 116, "2011-06-30": 65, "2011-03-31": "", "2010-12-31": -278, "2010-09-30": 97, "2010-06-30": 146, "2010-03-31": "114.00000", "2009-12-31": 167, "2009-09-30": 0, "2009-06-30": -119, "2009-03-31": "119.00000", "2008-12-31": 328, "2008-09-30": 0, "2008-06-30": 0, "2008-03-31": "", "2007-12-31": 0, "2007-09-30": 0, "2007-06-30": 0, "2007-03-31": "", "2006-12-31": 0, "2006-09-30": 0, "2006-06-30": 0, "2006-03-31": "", "2005-12-31": 0, "2005-09-30": 0, "2005-06-30": 0, "2005-03-31": ""}, "Change In Inventories": {"2020-09-30": -30, "2020-06-30": -79, "2020-03-31": "55.00000", "2019-12-31": 54, "2019-09-30": -41, "2019-06-30": -161, "2019-03-31": "207.00000", "2018-12-31": -43, "2018-09-30": -93, "2018-06-30": -78, "2018-03-31": "182.00000", "2017-12-31": 37, "2017-09-30": -73, "2017-06-30": -103, "2017-03-31": "135.00000", "2016-12-31": 27, "2016-09-30": -76, "2016-06-30": -57, "2016-03-31": "143.00000", "2015-12-31": 37, "2015-09-30": -109, "2015-06-30": -99, "2015-03-31": "172.00000", "2014-12-31": -12, "2014-09-30": -174, "2014-06-30": -138, "2014-03-31": "147.00000", "2013-12-31": 88, "2013-09-30": -98, "2013-06-30": -88, "2013-03-31": "221.00000", "2012-12-31": 30, "2012-09-30": -76, "2012-06-30": -44, "2012-03-31": "125.00000", "2011-12-31": -14, "2011-09-30": -92, "2011-06-30": -23, "2011-03-31": "", "2010-12-31": 67, "2010-09-30": -166, "2010-06-30": -122, "2010-03-31": "88.00000", "2009-12-31": 28, "2009-09-30": 0, "2009-06-30": -106, "2009-03-31": "106.00000", "2008-12-31": 96, "2008-09-30": 0, "2008-06-30": 0, "2008-03-31": "", "2007-12-31": 0, "2007-09-30": 0, "2007-06-30": 0, "2007-03-31": "", "2006-12-31": 0, "2006-09-30": 0, "2006-06-30": 0, "2006-03-31": "", "2005-12-31": 0, "2005-09-30": 0, "2005-06-30": 0, "2005-03-31": ""}, "Change In Accounts Payable": {"2020-09-30": -2, "2020-06-30": -54, "2020-03-31": "-24.00000", "2019-12-31": 3, "2019-09-30": -44, "2019-06-30": 41, "2019-03-31": "-288.00000", "2018-12-31": 137, "2018-09-30": 43, "2018-06-30": 102, "2018-03-31": "-136.00000", "2017-12-31": 104, "2017-09-30": 2, "2017-06-30": 56, "2017-03-31": "-33.00000", "2016-12-31": 106, "2016-09-30": 49, "2016-06-30": 83, "2016-03-31": "-93.00000", "2015-12-31": -33, "2015-09-30": -6, "2015-06-30": 4, "2015-03-31": "-123.00000", "2014-12-31": 80, "2014-09-30": -56, "2014-06-30": 4, "2014-03-31": "100.00000", "2013-12-31": 30, "2013-09-30": 13, "2013-06-30": 97, "2013-03-31": "-126.00000", "2012-12-31": 75, "2012-09-30": -31, "2012-06-30": 49, "2012-03-31": "-53.00000", "2011-12-31": 11, "2011-09-30": -61, "2011-06-30": 27, "2011-03-31": "", "2010-12-31": 26, "2010-09-30": -21, "2010-06-30": 54, "2010-03-31": "-47.00000", "2009-12-31": -162, "2009-09-30": 0, "2009-06-30": 113, "2009-03-31": "-113.00000", "2008-12-31": -286, "2008-09-30": 0, "2008-06-30": 0, "2008-03-31": "", "2007-12-31": 0, "2007-09-30": 0, "2007-06-30": 0, "2007-03-31": "", "2006-12-31": 0, "2006-09-30": 0, "2006-06-30": 0, "2006-03-31": "", "2005-12-31": 0, "2005-09-30": 0, "2005-06-30": 0, "2005-03-31": ""}, "Change In Assets/Liabilities": {"2020-09-30": 143, "2020-06-30": 17, "2020-03-31": "-40.00000", "2019-12-31": 22, "2019-09-30": -4, "2019-06-30": 69, "2019-03-31": "-92.00000", "2018-12-31": 112, "2018-09-30": -86, "2018-06-30": 100, "2018-03-31": "288.00000", "2017-12-31": 400, "2017-09-30": -311, "2017-06-30": -11, "2017-03-31": "-9.00000", "2016-12-31": -17, "2016-09-30": -83, "2016-06-30": 69, "2016-03-31": "39.00000", "2015-12-31": 57, "2015-09-30": -143, "2015-06-30": -31, "2015-03-31": "139.00000", "2014-12-31": -22, "2014-09-30": -180, "2014-06-30": -266, "2014-03-31": "-128.00000", "2013-12-31": 234, "2013-09-30": -96, "2013-06-30": 69, "2013-03-31": "21.00000", "2012-12-31": 163, "2012-09-30": -6, "2012-06-30": 81, "2012-03-31": "61.00000", "2011-12-31": 386, "2011-09-30": -206, "2011-06-30": -285, "2011-03-31": "240.00000", "2010-12-31": 83, "2010-09-30": -73, "2010-06-30": -81, "2010-03-31": "65.00000", "2009-12-31": -384, "2009-09-30": -101, "2009-06-30": 263, "2009-03-31": "215.00000", "2008-12-31": 19, "2008-09-30": -998, "2008-06-30": 382, "2008-03-31": "389.00000", "2007-12-31": -89, "2007-09-30": -713, "2007-06-30": 667, "2007-03-31": "327.00000", "2006-12-31": -45, "2006-09-30": -207, "2006-06-30": 49, "2006-03-31": "211.00000", "2005-12-31": -7, "2005-09-30": -243, "2005-06-30": 38, "2005-03-31": "134.00000"}, "Total Change In Assets/Liabilities": {"2020-09-30": 201, "2020-06-30": -140, "2020-03-31": "142.00000", "2019-12-31": 90, "2019-09-30": -327, "2019-06-30": 53, "2019-03-31": "-30.00000", "2018-12-31": 134, "2018-09-30": -18, "2018-06-30": 76, "2018-03-31": "144.00000", "2017-12-31": 43, "2017-09-30": -255, "2017-06-30": -96, "2017-03-31": "47.00000", "2016-12-31": -115, "2016-09-30": -189, "2016-06-30": 85, "2016-03-31": "183.00000", "2015-12-31": 56, "2015-09-30": -279, "2015-06-30": 18, "2015-03-31": "182.00000", "2014-12-31": -179, "2014-09-30": -282, "2014-06-30": 15, "2014-03-31": "-151.00000", "2013-12-31": 21, "2013-09-30": -74, "2013-06-30": 226, "2013-03-31": "38.00000", "2012-12-31": 83, "2012-09-30": 43, "2012-06-30": 109, "2012-03-31": "191.00000", "2011-12-31": 6, "2011-09-30": -218, "2011-06-30": 26, "2011-03-31": "240.00000", "2010-12-31": -366, "2010-09-30": -184, "2010-06-30": -42, "2010-03-31": "299.00000", "2009-12-31": -308, "2009-09-30": -101, "2009-06-30": 113, "2009-03-31": "365.00000", "2008-12-31": 135, "2008-09-30": -998, "2008-06-30": 382, "2008-03-31": "389.00000", "2007-12-31": -89, "2007-09-30": -713, "2007-06-30": 667, "2007-03-31": "327.00000", "2006-12-31": -45, "2006-09-30": -207, "2006-06-30": 49, "2006-03-31": "211.00000", "2005-12-31": -7, "2005-09-30": -243, "2005-06-30": 38, "2005-03-31": "134.00000"}, "Cash Flow From Operating Activities": {"2020-09-30": 1100, "2020-06-30": 620, "2020-03-31": "1061.00000", "2019-12-31": 748, "2019-09-30": 534, "2019-06-30": 615, "2019-03-31": "752.00000", "2018-12-31": 633, "2018-09-30": 614, "2018-06-30": 595, "2018-03-31": "838.00000", "2017-12-31": 567, "2017-09-30": 367, "2017-06-30": 396, "2017-03-31": "787.00000", "2016-12-31": 317, "2016-09-30": 491, "2016-06-30": 531, "2016-03-31": "745.00000", "2015-12-31": 443, "2015-09-30": 293, "2015-06-30": 433, "2015-03-31": "747.00000", "2014-12-31": 547, "2014-09-30": 222, "2014-06-30": 544, "2014-03-31": "532.00000", "2013-12-31": 439, "2013-09-30": 448, "2013-06-30": 670, "2013-03-31": "597.00000", "2012-12-31": 480, "2012-09-30": 568, "2012-06-30": 541, "2012-03-31": "620.00000", "2011-12-31": 522, "2011-09-30": 327, "2011-06-30": 437, "2011-03-31": "722.00000", "2010-12-31": 316, "2010-09-30": 358, "2010-06-30": 334, "2010-03-31": "817.00000", "2009-12-31": 145, "2009-09-30": 373, "2009-06-30": 462, "2009-03-31": "839.00000", "2008-12-31": 541, "2008-09-30": -517, "2008-06-30": 643, "2008-03-31": "892.00000", "2007-12-31": 333, "2007-09-30": -206, "2007-06-30": 366, "2007-03-31": "632.00000", "2006-12-31": 273, "2006-09-30": 269, "2006-06-30": 301, "2006-03-31": "613.00000", "2005-12-31": 408, "2005-09-30": -86, "2005-06-30": 266, "2005-03-31": "413.00000"}, "Net Change In Property, Plant, And Equipment": {"2020-09-30": -862, "2020-06-30": -835, "2020-03-31": "-1184.00000", "2019-12-31": -838, "2019-09-30": -763, "2019-06-30": -728, "2019-03-31": "-668.00000", "2018-12-31": -934, "2018-09-30": -622, "2018-06-30": -630, "2018-03-31": "-527.00000", "2017-12-31": -678, "2017-09-30": -536, "2017-06-30": -481, "2017-03-31": "-555.00000", "2016-12-31": -703, "2016-09-30": -481, "2016-06-30": -437, "2016-03-31": "-424.00000", "2015-12-31": -635, "2015-09-30": -506, "2015-06-30": -487, "2015-03-31": "-392.00000", "2014-12-31": -538, "2014-09-30": -417, "2014-06-30": -555, "2014-03-31": "-494.00000", "2013-12-31": -489, "2013-09-30": -461, "2013-06-30": -512, "2013-03-31": "-378.00000", "2012-12-31": -580, "2012-09-30": -378, "2012-06-30": -443, "2012-03-31": "-381.00000", "2011-12-31": -450, "2011-09-30": -306, "2011-06-30": -444, "2011-03-31": "-266.00000", "2010-12-31": -253, "2010-09-30": -299, "2010-06-30": -265, "2010-03-31": "-226.00000", "2009-12-31": -168, "2009-09-30": -203, "2009-06-30": -285, "2009-03-31": "-296.00000", "2008-12-31": -626, "2008-09-30": -337, "2008-06-30": -316, "2008-03-31": "-69.00000", "2007-12-31": -1555, "2007-09-30": -307, "2007-06-30": 1018, "2007-03-31": "-370.00000", "2006-12-31": -336, "2006-09-30": -316, "2006-06-30": -378, "2006-03-31": "-306.00000", "2005-12-31": -352, "2005-09-30": -241, "2005-06-30": -216, "2005-03-31": "-196.00000"}, "Net Change In Intangible Assets": {"2020-09-30": 0, "2020-06-30": 0, "2020-03-31": "", "2019-12-31": 0, "2019-09-30": 0, "2019-06-30": 0, "2019-03-31": "", "2018-12-31": 0, "2018-09-30": 0, "2018-06-30": 0, "2018-03-31": "", "2017-12-31": 0, "2017-09-30": 0, "2017-06-30": 0, "2017-03-31": "", "2016-12-31": 0, "2016-09-30": 0, "2016-06-30": 0, "2016-03-31": "", "2015-12-31": 0, "2015-09-30": 0, "2015-06-30": 0, "2015-03-31": "", "2014-12-31": 0, "2014-09-30": 0, "2014-06-30": 0, "2014-03-31": "", "2013-12-31": 0, "2013-09-30": 0, "2013-06-30": 0, "2013-03-31": "", "2012-12-31": 0, "2012-09-30": 0, "2012-06-30": 0, "2012-03-31": "", "2011-12-31": 0, "2011-09-30": 0, "2011-06-30": 0, "2011-03-31": "", "2010-12-31": 0, "2010-09-30": 0, "2010-06-30": 0, "2010-03-31": "", "2009-12-31": 0, "2009-09-30": 0, "2009-06-30": 0, "2009-03-31": "", "2008-12-31": 0, "2008-09-30": 0, "2008-06-30": 0, "2008-03-31": "", "2007-12-31": 0, "2007-09-30": 0, "2007-06-30": 0, "2007-03-31": "", "2006-12-31": 0, "2006-09-30": 0, "2006-06-30": 0, "2006-03-31": "", "2005-12-31": 0, "2005-09-30": 0, "2005-06-30": 0, "2005-03-31": ""}, "Net Acquisitions/Divestitures": {"2020-09-30": 0, "2020-06-30": 2, "2020-03-31": "-128.00000", "2019-12-31": -2296, "2019-09-30": -174, "2019-06-30": 0, "2019-03-31": "", "2018-12-31": 0, "2018-09-30": 0, "2018-06-30": 0, "2018-03-31": "", "2017-12-31": 0, "2017-09-30": 0, "2017-06-30": 0, "2017-03-31": "", "2016-12-31": -1147, "2016-09-30": 0, "2016-06-30": 0, "2016-03-31": "", "2015-12-31": 0, "2015-09-30": 0, "2015-06-30": -1, "2015-03-31": "-240.00000", "2014-12-31": 0, "2014-09-30": 0, "2014-06-30": 0, "2014-03-31": "", "2013-12-31": 0, "2013-09-30": 0, "2013-06-30": 0, "2013-03-31": "", "2012-12-31": 57, "2012-09-30": 0, "2012-06-30": 0, "2012-03-31": "", "2011-12-31": 0, "2011-09-30": 0, "2011-06-30": 0, "2011-03-31": "", "2010-12-31": 0, "2010-09-30": 0, "2010-06-30": 0, "2010-03-31": "", "2009-12-31": 0, "2009-09-30": 0, "2009-06-30": 0, "2009-03-31": "", "2008-12-31": 253, "2008-09-30": 2, "2008-06-30": 0, "2008-03-31": "82.00000", "2007-12-31": 1380, "2007-09-30": 108, "2007-06-30": 108, "2007-03-31": "113.00000", "2006-12-31": 28, "2006-09-30": 40, "2006-06-30": 87, "2006-03-31": "49.00000", "2005-12-31": 48, "2005-09-30": 106, "2005-06-30": 82, "2005-03-31": "63.00000"}, "Net Change In Short-term Investments": {"2020-09-30": 0, "2020-06-30": 0, "2020-03-31": "", "2019-12-31": 0, "2019-09-30": 0, "2019-06-30": 0, "2019-03-31": "", "2018-12-31": 0, "2018-09-30": 0, "2018-06-30": 0, "2018-03-31": "", "2017-12-31": 0, "2017-09-30": 0, "2017-06-30": 0, "2017-03-31": "", "2016-12-31": 0, "2016-09-30": 0, "2016-06-30": 0, "2016-03-31": "", "2015-12-31": 0, "2015-09-30": 0, "2015-06-30": 0, "2015-03-31": "", "2014-12-31": 0, "2014-09-30": 0, "2014-06-30": 0, "2014-03-31": "", "2013-12-31": 0, "2013-09-30": 0, "2013-06-30": 0, "2013-03-31": "", "2012-12-31": 0, "2012-09-30": 0, "2012-06-30": 0, "2012-03-31": "", "2011-12-31": 0, "2011-09-30": 0, "2011-06-30": 0, "2011-03-31": "", "2010-12-31": 0, "2010-09-30": 0, "2010-06-30": 0, "2010-03-31": "", "2009-12-31": 0, "2009-09-30": 0, "2009-06-30": 0, "2009-03-31": "", "2008-12-31": 0, "2008-09-30": 0, "2008-06-30": 0, "2008-03-31": "", "2007-12-31": 0, "2007-09-30": 0, "2007-06-30": 0, "2007-03-31": "", "2006-12-31": 0, "2006-09-30": 0, "2006-06-30": 0, "2006-03-31": "", "2005-12-31": 0, "2005-09-30": 0, "2005-06-30": 0, "2005-03-31": ""}, "Net Change In Long-Term Investments": {"2020-09-30": -12, "2020-06-30": 2, "2020-03-31": "-13.00000", "2019-12-31": -21, "2019-09-30": -88, "2019-06-30": -13, "2019-03-31": "-23.00000", "2018-12-31": -76, "2018-09-30": -312, "2018-06-30": -164, "2018-03-31": "-61.00000", "2017-12-31": -106, "2017-09-30": -18, "2017-06-30": -61, "2017-03-31": "-90.00000", "2016-12-31": -38, "2016-09-30": -79, "2016-06-30": -92, "2016-03-31": "-25.00000", "2015-12-31": -36, "2015-09-30": -27, "2015-06-30": -6, "2015-03-31": "-23.00000", "2014-12-31": -26, "2014-09-30": -5, "2014-06-30": -4, "2014-03-31": "-4.00000", "2013-12-31": -17, "2013-09-30": -4, "2013-06-30": -4, "2013-03-31": "-4.00000", "2012-12-31": 8, "2012-09-30": -5, "2012-06-30": -4, "2012-03-31": "-4.00000", "2011-12-31": 11, "2011-09-30": -11, "2011-06-30": -9, "2011-03-31": "-8.00000", "2010-12-31": -8, "2010-09-30": -57, "2010-06-30": -8, "2010-03-31": "-9.00000", "2009-12-31": -6, "2009-09-30": -21, "2009-06-30": -8, "2009-03-31": "", "2008-12-31": -32, "2008-09-30": -295, "2008-06-30": -74, "2008-03-31": "-40.00000", "2007-12-31": -44, "2007-09-30": -76, "2007-06-30": -15, "2007-03-31": "-17.00000", "2006-12-31": -4, "2006-09-30": -8, "2006-06-30": -9, "2006-03-31": "-10.00000", "2005-12-31": -5, "2005-09-30": -11, "2005-06-30": -8, "2005-03-31": "-10.00000"}, "Net Change In Investments - Total": {"2020-09-30": -12, "2020-06-30": 2, "2020-03-31": "-13.00000", "2019-12-31": -21, "2019-09-30": -88, "2019-06-30": -13, "2019-03-31": "-23.00000", "2018-12-31": -76, "2018-09-30": -312, "2018-06-30": -164, "2018-03-31": "-61.00000", "2017-12-31": -106, "2017-09-30": -18, "2017-06-30": -61, "2017-03-31": "-90.00000", "2016-12-31": -38, "2016-09-30": -79, "2016-06-30": -92, "2016-03-31": "-25.00000", "2015-12-31": -36, "2015-09-30": -27, "2015-06-30": -6, "2015-03-31": "-23.00000", "2014-12-31": -26, "2014-09-30": -5, "2014-06-30": -4, "2014-03-31": "-4.00000", "2013-12-31": -17, "2013-09-30": -4, "2013-06-30": -4, "2013-03-31": "-4.00000", "2012-12-31": 8, "2012-09-30": -5, "2012-06-30": -4, "2012-03-31": "-4.00000", "2011-12-31": 11, "2011-09-30": -11, "2011-06-30": -9, "2011-03-31": "-8.00000", "2010-12-31": -8, "2010-09-30": -57, "2010-06-30": -8, "2010-03-31": "-9.00000", "2009-12-31": -6, "2009-09-30": -21, "2009-06-30": -8, "2009-03-31": "", "2008-12-31": -32, "2008-09-30": -295, "2008-06-30": -74, "2008-03-31": "-40.00000", "2007-12-31": -44, "2007-09-30": -76, "2007-06-30": -15, "2007-03-31": "-17.00000", "2006-12-31": -4, "2006-09-30": -8, "2006-06-30": -9, "2006-03-31": "-10.00000", "2005-12-31": -5, "2005-09-30": -11, "2005-06-30": -8, "2005-03-31": "-10.00000"}, "Investing Activities - Other": {"2020-09-30": -34, "2020-06-30": -12, "2020-03-31": "-17.00000", "2019-12-31": -19, "2019-09-30": -19, "2019-06-30": -25, "2019-03-31": "-57.00000", "2018-12-31": -1, "2018-09-30": -22, "2018-06-30": 0, "2018-03-31": "2.00000", "2017-12-31": 24, "2017-09-30": 0, "2017-06-30": -64, "2017-03-31": "3.00000", "2016-12-31": 1, "2016-09-30": -5, "2016-06-30": 28, "2016-03-31": "12.00000", "2015-12-31": 39, "2015-09-30": -3, "2015-06-30": 14, "2015-03-31": "99.00000", "2014-12-31": -39, "2014-09-30": 32, "2014-06-30": -66, "2014-03-31": "56.00000", "2013-12-31": -63, "2013-09-30": 39, "2013-06-30": -63, "2013-03-31": "50.00000", "2012-12-31": -70, "2012-09-30": 31, "2012-06-30": -42, "2012-03-31": "42.00000", "2011-12-31": -69, "2011-09-30": 32, "2011-06-30": -70, "2011-03-31": "30.00000", "2010-12-31": -131, "2010-09-30": 14, "2010-06-30": -48, "2010-03-31": "64.00000", "2009-12-31": -95, "2009-09-30": 39, "2009-06-30": -61, "2009-03-31": "40.00000", "2008-12-31": -70, "2008-09-30": 34, "2008-06-30": -81, "2008-03-31": "46.00000", "2007-12-31": -43, "2007-09-30": 56, "2007-06-30": -76, "2007-03-31": "50.00000", "2006-12-31": -42, "2006-09-30": 47, "2006-06-30": -43, "2006-03-31": "7.00000", "2005-12-31": -12, "2005-09-30": -31, "2005-06-30": -50, "2005-03-31": "31.00000"}, "Cash Flow From Investing Activities": {"2020-09-30": -908, "2020-06-30": -843, "2020-03-31": "-1342.00000", "2019-12-31": -3174, "2019-09-30": -1044, "2019-06-30": -766, "2019-03-31": "-748.00000", "2018-12-31": -1011, "2018-09-30": -956, "2018-06-30": -794, "2018-03-31": "-586.00000", "2017-12-31": -760, "2017-09-30": -554, "2017-06-30": -606, "2017-03-31": "-642.00000", "2016-12-31": -1887, "2016-09-30": -565, "2016-06-30": -501, "2016-03-31": "-437.00000", "2015-12-31": -632, "2015-09-30": -536, "2015-06-30": -480, "2015-03-31": "-556.00000", "2014-12-31": -603, "2014-09-30": -390, "2014-06-30": -625, "2014-03-31": "-442.00000", "2013-12-31": -569, "2013-09-30": -426, "2013-06-30": -579, "2013-03-31": "-332.00000", "2012-12-31": -585, "2012-09-30": -352, "2012-06-30": -489, "2012-03-31": "-343.00000", "2011-12-31": -508, "2011-09-30": -285, "2011-06-30": -523, "2011-03-31": "-244.00000", "2010-12-31": -392, "2010-09-30": -342, "2010-06-30": -321, "2010-03-31": "-171.00000", "2009-12-31": -269, "2009-09-30": -185, "2009-06-30": -354, "2009-03-31": "-256.00000", "2008-12-31": -475, "2008-09-30": -596, "2008-06-30": -471, "2008-03-31": "19.00000", "2007-12-31": -262, "2007-09-30": -219, "2007-06-30": 1035, "2007-03-31": "-224.00000", "2006-12-31": -354, "2006-09-30": -237, "2006-06-30": -343, "2006-03-31": "-260.00000", "2005-12-31": -321, "2005-09-30": -177, "2005-06-30": -192, "2005-03-31": "-112.00000"}, "Net Long-Term Debt": {"2020-09-30": 657, "2020-06-30": 593, "2020-03-31": "792.00000", "2019-12-31": 252, "2019-09-30": -5, "2019-06-30": 794, "2019-03-31": "644.00000", "2018-12-31": -1, "2018-09-30": 910, "2018-06-30": 418, "2018-03-31": "", "2017-12-31": 388, "2017-09-30": 136, "2017-06-30": -7, "2017-03-31": "496.00000", "2016-12-31": 904, "2016-09-30": -10, "2016-06-30": 286, "2016-03-31": "-11.00000", "2015-12-31": -26, "2015-09-30": 21, "2015-06-30": 297, "2015-03-31": "378.00000", "2014-12-31": 432, "2014-09-30": 136, "2014-06-30": 46, "2014-03-31": "-115.00000", "2013-12-31": 360, "2013-09-30": 57, "2013-06-30": -375, "2013-03-31": "231.00000", "2012-12-31": 72, "2012-09-30": -308, "2012-06-30": 442, "2012-03-31": "-86.00000", "2011-12-31": -23, "2011-09-30": -79, "2011-06-30": -80, "2011-03-31": "-94.00000", "2010-12-31": 16, "2010-09-30": 26, "2010-06-30": -1, "2010-03-31": "-90.00000", "2009-12-31": -2, "2009-09-30": -65, "2009-06-30": 94, "2009-03-31": "-86.00000", "2008-12-31": 297, "2008-09-30": -77, "2008-06-30": 723, "2008-03-31": "-317.00000", "2007-12-31": -3, "2007-09-30": -229, "2007-06-30": -34, "2007-03-31": "-77.00000", "2006-12-31": 52, "2006-09-30": -52, "2006-06-30": -5, "2006-03-31": "-70.00000", "2005-12-31": 39, "2005-09-30": -192, "2005-06-30": -11, "2005-03-31": "-233.00000"}, "Net Current Debt": {"2020-09-30": 74, "2020-06-30": -217, "2020-03-31": "303.00000", "2019-12-31": 104, "2019-09-30": 721, "2019-06-30": -153, "2019-03-31": "-453.00000", "2018-12-31": 532, "2018-09-30": -397, "2018-06-30": -161, "2018-03-31": "14.00000", "2017-12-31": -38, "2017-09-30": 239, "2017-06-30": 361, "2017-03-31": "-440.00000", "2016-12-31": 89, "2016-09-30": 235, "2016-06-30": -190, "2016-03-31": "-134.00000", "2015-12-31": 314, "2015-09-30": 185, "2015-06-30": 0, "2015-03-31": "-398.00000", "2014-12-31": -255, "2014-09-30": 142, "2014-06-30": 136, "2014-03-31": "244.00000", "2013-12-31": -140, "2013-09-30": 55, "2013-06-30": 216, "2013-03-31": "-240.00000", "2012-12-31": 142, "2012-09-30": 59, "2012-06-30": -274, "2012-03-31": "-106.00000", "2011-12-31": 143, "2011-09-30": 125, "2011-06-30": 151, "2011-03-31": "-150.00000", "2010-12-31": 130, "2010-09-30": 20, "2010-06-30": 0, "2010-03-31": "-327.00000", "2009-12-31": 122, "2009-09-30": 4, "2009-06-30": -129, "2009-03-31": "-414.00000", "2008-12-31": -411, "2008-09-30": 1055, "2008-06-30": -450, "2008-03-31": "-534.00000", "2007-12-31": 15, "2007-09-30": 268, "2007-06-30": -145, "2007-03-31": "-185.00000", "2006-12-31": 247, "2006-09-30": 94, "2006-06-30": 143, "2006-03-31": "-193.00000", "2005-12-31": -35, "2005-09-30": 381, "2005-06-30": 55, "2005-03-31": "36.00000"}, "Debt Issuance/Retirement Net - Total": {"2020-09-30": 731, "2020-06-30": 376, "2020-03-31": "1095.00000", "2019-12-31": 356, "2019-09-30": 716, "2019-06-30": 641, "2019-03-31": "191.00000", "2018-12-31": 531, "2018-09-30": 513, "2018-06-30": 257, "2018-03-31": "14.00000", "2017-12-31": 350, "2017-09-30": 375, "2017-06-30": 354, "2017-03-31": "56.00000", "2016-12-31": 993, "2016-09-30": 225, "2016-06-30": 96, "2016-03-31": "-145.00000", "2015-12-31": 288, "2015-09-30": 206, "2015-06-30": 297, "2015-03-31": "-20.00000", "2014-12-31": 177, "2014-09-30": 278, "2014-06-30": 182, "2014-03-31": "129.00000", "2013-12-31": 220, "2013-09-30": 112, "2013-06-30": -159, "2013-03-31": "-9.00000", "2012-12-31": 214, "2012-09-30": -249, "2012-06-30": 168, "2012-03-31": "-192.00000", "2011-12-31": 120, "2011-09-30": 46, "2011-06-30": 71, "2011-03-31": "-244.00000", "2010-12-31": 146, "2010-09-30": 46, "2010-06-30": -1, "2010-03-31": "-417.00000", "2009-12-31": 120, "2009-09-30": -61, "2009-06-30": -35, "2009-03-31": "-500.00000", "2008-12-31": -114, "2008-09-30": 978, "2008-06-30": 273, "2008-03-31": "-851.00000", "2007-12-31": 12, "2007-09-30": 39, "2007-06-30": -179, "2007-03-31": "-262.00000", "2006-12-31": 299, "2006-09-30": 42, "2006-06-30": 138, "2006-03-31": "-263.00000", "2005-12-31": 4, "2005-09-30": 189, "2005-06-30": 44, "2005-03-31": "-197.00000"}, "Net Common Equity Issued/Repurchased": {"2020-09-30": 0, "2020-06-30": -10, "2020-03-31": "10.00000", "2019-12-31": 2326, "2019-09-30": 0, "2019-06-30": -9, "2019-03-31": "9.00000", "2018-12-31": 46, "2018-09-30": 1, "2018-06-30": -6, "2018-03-31": "12.00000", "2017-12-31": 50, "2017-09-30": 0, "2017-06-30": -11, "2017-03-31": "-40.00000", "2016-12-31": 768, "2016-09-30": 0, "2016-06-30": 0, "2016-03-31": "-33.00000", "2015-12-31": 14, "2015-09-30": 0, "2015-06-30": 0, "2015-03-31": "9.00000", "2014-12-31": 0, "2014-09-30": 0, "2014-06-30": -2, "2014-03-31": "-50.00000", "2013-12-31": 10, "2013-09-30": 10, "2013-06-30": 9, "2013-03-31": "10.00000", "2012-12-31": 10, "2012-09-30": 9, "2012-06-30": 10, "2012-03-31": "10.00000", "2011-12-31": 0, "2011-09-30": 0, "2011-06-30": -9, "2011-03-31": "-9.00000", "2010-12-31": 10, "2010-09-30": 3, "2010-06-30": 14, "2010-03-31": "9.00000", "2009-12-31": 8, "2009-09-30": 9, "2009-06-30": 9, "2009-03-31": "9.00000", "2008-12-31": 0, "2008-09-30": 0, "2008-06-30": -3, "2008-03-31": "-13.00000", "2007-12-31": -22, "2007-09-30": -353, "2007-06-30": -278, "2007-03-31": "-55.00000", "2006-12-31": -43, "2006-09-30": 9, "2006-06-30": -2, "2006-03-31": "-8.00000", "2005-12-31": -1, "2005-09-30": 171, "2005-06-30": -2, "2005-03-31": "-9.00000"}, "Net Total Equity Issued/Repurchased": {"2020-09-30": 0, "2020-06-30": -10, "2020-03-31": "10.00000", "2019-12-31": 2326, "2019-09-30": 0, "2019-06-30": -9, "2019-03-31": "9.00000", "2018-12-31": 46, "2018-09-30": 1, "2018-06-30": -6, "2018-03-31": "12.00000", "2017-12-31": 50, "2017-09-30": 0, "2017-06-30": -11, "2017-03-31": "-40.00000", "2016-12-31": 768, "2016-09-30": 0, "2016-06-30": 0, "2016-03-31": "-33.00000", "2015-12-31": 14, "2015-09-30": 0, "2015-06-30": 0, "2015-03-31": "9.00000", "2014-12-31": 0, "2014-09-30": 0, "2014-06-30": -2, "2014-03-31": "-50.00000", "2013-12-31": 10, "2013-09-30": 10, "2013-06-30": 9, "2013-03-31": "10.00000", "2012-12-31": 10, "2012-09-30": 9, "2012-06-30": 10, "2012-03-31": "10.00000", "2011-12-31": 0, "2011-09-30": 0, "2011-06-30": -9, "2011-03-31": "-9.00000", "2010-12-31": 10, "2010-09-30": 3, "2010-06-30": 14, "2010-03-31": "9.00000", "2009-12-31": 8, "2009-09-30": 9, "2009-06-30": 9, "2009-03-31": "9.00000", "2008-12-31": 0, "2008-09-30": 0, "2008-06-30": -3, "2008-03-31": "-13.00000", "2007-12-31": -22, "2007-09-30": -353, "2007-06-30": -278, "2007-03-31": "-55.00000", "2006-12-31": -43, "2006-09-30": 9, "2006-06-30": -2, "2006-03-31": "-8.00000", "2005-12-31": -1, "2005-09-30": 171, "2005-06-30": -2, "2005-03-31": "-9.00000"}, "Total Common And Preferred Stock Dividends Paid": {"2020-09-30": -198, "2020-06-30": -198, "2020-03-31": "-205.00000", "2019-12-31": -189, "2019-09-30": -186, "2019-06-30": -183, "2019-03-31": "-193.00000", "2018-12-31": -178, "2018-09-30": -164, "2018-06-30": -164, "2018-03-31": "-162.00000", "2017-12-31": -159, "2017-09-30": -157, "2017-06-30": -168, "2017-03-31": "-148.00000", "2016-12-31": -143, "2016-09-30": -131, "2016-06-30": -131, "2016-03-31": "-131.00000", "2015-12-31": -139, "2015-09-30": -124, "2015-06-30": -124, "2015-03-31": "-122.00000", "2014-12-31": -122, "2014-09-30": -116, "2014-06-30": -116, "2014-03-31": "-116.00000", "2013-12-31": -116, "2013-09-30": -114, "2013-06-30": -108, "2013-03-31": "-107.00000", "2012-12-31": -107, "2012-09-30": -101, "2012-06-30": -100, "2012-03-31": "-99.00000", "2011-12-31": -100, "2011-09-30": -99, "2011-06-30": -95, "2011-03-31": "-95.00000", "2010-12-31": -95, "2010-09-30": -89, "2010-06-30": -88, "2010-03-31": "-88.00000", "2009-12-31": -88, "2009-09-30": -87, "2009-06-30": -87, "2009-03-31": "-86.00000", "2008-12-31": -86, "2008-09-30": -86, "2008-06-30": -86, "2008-03-31": "-86.00000", "2007-12-31": -86, "2007-09-30": -91, "2007-06-30": -93, "2007-03-31": "-94.00000", "2006-12-31": -91, "2006-09-30": -92, "2006-06-30": -91, "2006-03-31": "-91.00000", "2005-12-31": -92, "2005-09-30": -89, "2005-06-30": -89, "2005-03-31": "-90.00000"}, "Financial Activities - Other": {"2020-09-30": -384, "2020-06-30": 0, "2020-03-31": "-36.00000", "2019-12-31": -50, "2019-09-30": -6, "2019-06-30": -297, "2019-03-31": "-26.00000", "2018-12-31": -49, "2018-09-30": 10, "2018-06-30": 12, "2018-03-31": "-19.00000", "2017-12-31": -45, "2017-09-30": -29, "2017-06-30": 17, "2017-03-31": "-24.00000", "2016-12-31": -24, "2016-09-30": 14, "2016-06-30": 2, "2016-03-31": "-1.00000", "2015-12-31": -4, "2015-09-30": -2, "2015-06-30": 5, "2015-03-31": "-7.00000", "2014-12-31": -11, "2014-09-30": -9, "2014-06-30": -6, "2014-03-31": "-7.00000", "2013-12-31": -3, "2013-09-30": -5, "2013-06-30": -5, "2013-03-31": "-6.00000", "2012-12-31": -6, "2012-09-30": -1, "2012-06-30": -2, "2012-03-31": "-7.00000", "2011-12-31": -12, "2011-09-30": -4, "2011-06-30": -17, "2011-03-31": "2.00000", "2010-12-31": -4, "2010-09-30": -16, "2010-06-30": -7, "2010-03-31": "-9.00000", "2009-12-31": 53, "2009-09-30": -8, "2009-06-30": -41, "2009-03-31": "-4.00000", "2008-12-31": -3, "2008-09-30": -1, "2008-06-30": -2, "2008-03-31": "-4.00000", "2007-12-31": -4, "2007-09-30": 0, "2007-06-30": -2, "2007-03-31": "", "2006-12-31": -2, "2006-09-30": -2, "2006-06-30": -2, "2006-03-31": "-4.00000", "2005-12-31": -1, "2005-09-30": -3, "2005-06-30": -1, "2005-03-31": "-1.00000"}, "Cash Flow From Financial Activities": {"2020-09-30": 149, "2020-06-30": 168, "2020-03-31": "864.00000", "2019-12-31": 2443, "2019-09-30": 524, "2019-06-30": 152, "2019-03-31": "-19.00000", "2018-12-31": 350, "2018-09-30": 360, "2018-06-30": 99, "2018-03-31": "-155.00000", "2017-12-31": 196, "2017-09-30": 189, "2017-06-30": 192, "2017-03-31": "-156.00000", "2016-12-31": 1594, "2016-09-30": 108, "2016-06-30": -33, "2016-03-31": "-310.00000", "2015-12-31": 159, "2015-09-30": 80, "2015-06-30": 178, "2015-03-31": "-140.00000", "2014-12-31": 44, "2014-09-30": 153, "2014-06-30": 58, "2014-03-31": "-44.00000", "2013-12-31": 111, "2013-09-30": 3, "2013-06-30": -263, "2013-03-31": "-112.00000", "2012-12-31": 111, "2012-09-30": -342, "2012-06-30": 76, "2012-03-31": "-288.00000", "2011-12-31": 8, "2011-09-30": -57, "2011-06-30": -50, "2011-03-31": "-346.00000", "2010-12-31": 57, "2010-09-30": -56, "2010-06-30": -82, "2010-03-31": "-505.00000", "2009-12-31": 93, "2009-09-30": -147, "2009-06-30": -154, "2009-03-31": "-581.00000", "2008-12-31": -203, "2008-09-30": 891, "2008-06-30": 182, "2008-03-31": "-954.00000", "2007-12-31": -100, "2007-09-30": -405, "2007-06-30": -552, "2007-03-31": "-411.00000", "2006-12-31": 163, "2006-09-30": -43, "2006-06-30": 43, "2006-03-31": "-366.00000", "2005-12-31": -90, "2005-09-30": 268, "2005-06-30": -48, "2005-03-31": "-297.00000"}, "Net Cash Flow": {"2020-09-30": 341, "2020-06-30": -55, "2020-03-31": "583.00000", "2019-12-31": 17, "2019-09-30": 14, "2019-06-30": 1, "2019-03-31": "-15.00000", "2018-12-31": -28, "2018-09-30": 18, "2018-06-30": -100, "2018-03-31": "97.00000", "2017-12-31": 3, "2017-09-30": 2, "2017-06-30": -18, "2017-03-31": "-11.00000", "2016-12-31": 24, "2016-09-30": 34, "2016-06-30": -3, "2016-03-31": "-2.00000", "2015-12-31": -30, "2015-09-30": -163, "2015-06-30": 131, "2015-03-31": "51.00000", "2014-12-31": -12, "2014-09-30": -15, "2014-06-30": -23, "2014-03-31": "46.00000", "2013-12-31": -19, "2013-09-30": 25, "2013-06-30": -172, "2013-03-31": "153.00000", "2012-12-31": 6, "2012-09-30": -126, "2012-06-30": 128, "2012-03-31": "-11.00000", "2011-12-31": 22, "2011-09-30": -15, "2011-06-30": -136, "2011-03-31": "132.00000", "2010-12-31": -19, "2010-09-30": -40, "2010-06-30": -69, "2010-03-31": "141.00000", "2009-12-31": -31, "2009-09-30": 41, "2009-06-30": -46, "2009-03-31": "2.00000", "2008-12-31": -137, "2008-09-30": -222, "2008-06-30": 368, "2008-03-31": "-46.00000", "2007-12-31": -33, "2007-09-30": -837, "2007-06-30": 849, "2007-03-31": "-3.00000", "2006-12-31": 82, "2006-09-30": -11, "2006-06-30": 1, "2006-03-31": "-13.00000", "2005-12-31": -3, "2005-09-30": 5, "2005-06-30": 26, "2005-03-31": "4.00000"}, "Stock-Based Compensation": {"2020-09-30": 0, "2020-06-30": 0, "2020-03-31": "", "2019-12-31": 0, "2019-09-30": 0, "2019-06-30": 0, "2019-03-31": "", "2018-12-31": 0, "2018-09-30": 0, "2018-06-30": 0, "2018-03-31": "", "2017-12-31": 0, "2017-09-30": 0, "2017-06-30": 0, "2017-03-31": "", "2016-12-31": 0, "2016-09-30": 0, "2016-06-30": 0, "2016-03-31": "", "2015-12-31": 0, "2015-09-30": 0, "2015-06-30": 0, "2015-03-31": "", "2014-12-31": 0, "2014-09-30": 0, "2014-06-30": 0, "2014-03-31": "", "2013-12-31": 0, "2013-09-30": 0, "2013-06-30": 0, "2013-03-31": "", "2012-12-31": 0, "2012-09-30": 0, "2012-06-30": 0, "2012-03-31": "", "2011-12-31": 0, "2011-09-30": 0, "2011-06-30": 0, "2011-03-31": "", "2010-12-31": 0, "2010-09-30": 0, "2010-06-30": 0, "2010-03-31": "", "2009-12-31": 0, "2009-09-30": 0, "2009-06-30": 0, "2009-03-31": "", "2008-12-31": 0, "2008-09-30": 0, "2008-06-30": 0, "2008-03-31": "", "2007-12-31": 0, "2007-09-30": 0, "2007-06-30": 0, "2007-03-31": "", "2006-12-31": 0, "2006-09-30": 0, "2006-06-30": 0, "2006-03-31": "", "2005-12-31": 0, "2005-09-30": 0, "2005-06-30": 0, "2005-03-31": ""}, "Common Stock Dividends Paid": {"2020-09-30": -198, "2020-06-30": -198, "2020-03-31": "-205.00000", "2019-12-31": -189, "2019-09-30": -186, "2019-06-30": -183, "2019-03-31": "-193.00000", "2018-12-31": -178, "2018-09-30": -164, "2018-06-30": -164, "2018-03-31": "-162.00000", "2017-12-31": -159, "2017-09-30": -157, "2017-06-30": -168, "2017-03-31": "-148.00000", "2016-12-31": -143, "2016-09-30": -131, "2016-06-30": -131, "2016-03-31": "-131.00000", "2015-12-31": -139, "2015-09-30": -124, "2015-06-30": -124, "2015-03-31": "-122.00000", "2014-12-31": -122, "2014-09-30": -116, "2014-06-30": -116, "2014-03-31": "-116.00000", "2013-12-31": -116, "2013-09-30": -114, "2013-06-30": -108, "2013-03-31": "-107.00000", "2012-12-31": -107, "2012-09-30": -101, "2012-06-30": -100, "2012-03-31": "-99.00000", "2011-12-31": -100, "2011-09-30": -99, "2011-06-30": -95, "2011-03-31": "-95.00000", "2010-12-31": -95, "2010-09-30": -89, "2010-06-30": -88, "2010-03-31": "-88.00000", "2009-12-31": -88, "2009-09-30": -87, "2009-06-30": -87, "2009-03-31": "-86.00000", "2008-12-31": -86, "2008-09-30": -86, "2008-06-30": -86, "2008-03-31": "-86.00000", "2007-12-31": -86, "2007-09-30": -91, "2007-06-30": -93, "2007-03-31": "-94.00000", "2006-12-31": -91, "2006-09-30": -92, "2006-06-30": -91, "2006-03-31": "-91.00000", "2005-12-31": -92, "2005-09-30": -89, "2005-06-30": -89, "2005-03-31": "-90.00000"}}, "financial ratios": {"Current Ratio": {"2019-12-31": "0.77210", "2018-12-31": "0.73460", "2017-12-31": "1.09570", "2016-12-31": "1.13340", "2015-12-31": "1.01860", "2014-12-31": "1.16880", "2013-12-31": "0.87990", "2012-12-31": "1.05310", "2011-12-31": "1.21610", "2010-12-31": "1.15210", "2009-12-31": "1.08770", "2008-12-31": "1.10450", "2007-12-31": "0.94550", "2006-12-31": "0.95120", "2005-12-31": "0.95160"}, "Long-term Debt / Capital": {"2019-12-31": "0.57380", "2018-12-31": "0.53100", "2017-12-31": "0.54950", "2016-12-31": "0.54260", "2015-12-31": "0.49900", "2014-12-31": "0.50000", "2013-12-31": "0.47560", "2012-12-31": "0.48620", "2011-12-31": "0.50470", "2010-12-31": "0.51160", "2009-12-31": "0.53850", "2008-12-31": "0.56180", "2007-12-31": "0.54360", "2006-12-31": "0.56100", "2005-12-31": "0.55100"}, "Debt/Equity Ratio": {"2019-12-31": "1.47430", "2018-12-31": "1.32890", "2017-12-31": "1.29280", "2016-12-31": "1.24030", "2015-12-31": "1.10650", "2014-12-31": "1.08070", "2013-12-31": "1.03630", "2012-12-31": "1.08910", "2011-12-31": "1.15300", "2010-12-31": "1.20640", "2009-12-31": "1.32490", "2008-12-31": "1.46520", "2007-12-31": "1.45380", "2006-12-31": "1.53170", "2005-12-31": "1.51050"}, "Gross Margin": {"2019-12-31": "45.92310", "2018-12-31": "39.41040", "2017-12-31": "43.17440", "2016-12-31": "47.97740", "2015-12-31": "46.19330", "2014-12-31": "42.91520", "2013-12-31": "50.05690", "2012-12-31": "62.50710", "2011-12-31": "60.07000", "2010-12-31": "62.58070", "2009-12-31": "61.09310", "2008-12-31": "53.84290", "2007-12-31": "58.08850", "2006-12-31": "62.64560", "2005-12-31": "56.38750"}, "Operating Margin": {"2019-12-31": "13.47380", "2018-12-31": "11.21590", "2017-12-31": "13.57180", "2016-12-31": "13.97930", "2015-12-31": "11.98610", "2014-12-31": "12.92580", "2013-12-31": "12.45210", "2012-12-31": "14.54900", "2011-12-31": "16.04200", "2010-12-31": "17.24340", "2009-12-31": "15.58520", "2008-12-31": "13.53840", "2007-12-31": "18.93810", "2006-12-31": "13.08080", "2005-12-31": "11.09460"}, "EBIT Margin": {"2019-12-31": "13.47380", "2018-12-31": "11.21590", "2017-12-31": "13.57180", "2016-12-31": "13.97930", "2015-12-31": "11.98610", "2014-12-31": "12.92580", "2013-12-31": "12.45210", "2012-12-31": "14.54900", "2011-12-31": "16.04200", "2010-12-31": "17.24340", "2009-12-31": "15.58520", "2008-12-31": "13.53840", "2007-12-31": "18.93810", "2006-12-31": "13.08080", "2005-12-31": "11.09460"}, "EBITDA Margin": {"2019-12-31": "23.91670", "2018-12-31": "19.44130", "2017-12-31": "22.16230", "2016-12-31": "23.70650", "2015-12-31": "20.67330", "2014-12-31": "22.62420", "2013-12-31": "24.16930", "2012-12-31": "26.45890", "2011-12-31": "27.79410", "2010-12-31": "29.29030", "2009-12-31": "28.31300", "2008-12-31": "23.17510", "2007-12-31": "29.86430", "2006-12-31": "25.51180", "2005-12-31": "21.86810"}, "Pre-Tax Profit Margin": {"2019-12-31": "10.45070", "2018-12-31": "8.55610", "2017-12-31": "10.20860", "2016-12-31": "10.39510", "2015-12-31": "9.19030", "2014-12-31": "10.36500", "2013-12-31": "9.54350", "2012-12-31": "10.92030", "2011-12-31": "11.18760", "2010-12-31": "11.28450", "2009-12-31": "9.75790", "2008-12-31": "8.77910", "2007-12-31": "13.62830", "2006-12-31": "6.57100", "2005-12-31": "5.12730"}, "Net Profit Margin": {"2019-12-31": "9.22720", "2018-12-31": "7.88070", "2017-12-31": "8.99500", "2016-12-31": "8.16560", "2015-12-31": "7.03300", "2014-12-31": "7.35710", "2013-12-31": "6.84190", "2012-12-31": "6.93890", "2011-12-31": "8.02660", "2010-12-31": "7.39000", "2009-12-31": "6.63840", "2008-12-31": "5.85270", "2007-12-31": "9.28610", "2006-12-31": "5.30830", "2005-12-31": "6.63450"}, "Asset Turnover": {"2019-12-31": "0.30250", "2018-12-31": "0.39160", "2017-12-31": "0.37340", "2016-12-31": "0.33180", "2015-12-31": "0.36070", "2014-12-31": "0.44090", "2013-12-31": "0.37250", "2012-12-31": "0.33380", "2011-12-31": "0.34060", "2010-12-31": "0.34240", "2009-12-31": "0.33120", "2008-12-31": "0.37940", "2007-12-31": "0.35700", "2006-12-31": "0.34290", "2005-12-31": "0.34690"}, "Inventory Turnover Ratio": {"2019-12-31": "9.02640", "2018-12-31": "10.61780", "2017-12-31": "9.19640", "2016-12-31": "7.16320", "2015-12-31": "6.92650", "2014-12-31": "8.73380", "2013-12-31": "7.68310", "2012-12-31": "4.33110", "2011-12-31": "4.47160", "2010-12-31": "4.81870", "2009-12-31": "6.12570", "2008-12-31": "7.98890", "2007-12-31": "5.61140", "2006-12-31": "4.26150", "2005-12-31": "5.28440"}, "Receiveable Turnover": {"2019-12-31": "6.71380", "2018-12-31": "7.49180", "2017-12-31": "6.79260", "2016-12-31": "6.67290", "2015-12-31": "7.66840", "2014-12-31": "7.69770", "2013-12-31": "5.78850", "2012-12-31": "6.01300", "2011-12-31": "6.29570", "2010-12-31": "4.86310", "2009-12-31": "4.84230", "2008-12-31": "5.09220", "2007-12-31": "3.90190", "2006-12-31": "4.21120", "2005-12-31": "3.37950"}, "Days Sales In Receivables": {"2019-12-31": "54.36540", "2018-12-31": "48.71970", "2017-12-31": "53.73520", "2016-12-31": "54.69850", "2015-12-31": "47.59800", "2014-12-31": "47.41650", "2013-12-31": "63.05610", "2012-12-31": "60.70190", "2011-12-31": "57.97640", "2010-12-31": "75.05510", "2009-12-31": "75.37750", "2008-12-31": "71.67760", "2007-12-31": "93.54340", "2006-12-31": "86.67460", "2005-12-31": "108.00280"}, "ROE - Return On Equity": {"2019-12-31": "9.90200", "2018-12-31": "10.43200", "2017-12-31": "11.13110", "2016-12-31": "8.77990", "2015-12-31": "8.18650", "2014-12-31": "10.92060", "2013-12-31": "8.39830", "2012-12-31": "9.09460", "2011-12-31": "10.25100", "2010-12-31": "9.56110", "2009-12-31": "8.47060", "2008-12-31": "8.79430", "2007-12-31": "13.51440", "2006-12-31": "6.65070", "2005-12-31": "4.71490"}, "Return On Tangible Equity": {"2019-12-31": "16.79320", "2018-12-31": "14.75910", "2017-12-31": "16.28110", "2016-12-31": "13.09060", "2015-12-31": "10.76560", "2014-12-31": "14.64160", "2013-12-31": "11.48950", "2012-12-31": "12.81860", "2011-12-31": "14.57660", "2010-12-31": "13.82480", "2009-12-31": "12.62390", "2008-12-31": "13.50800", "2007-12-31": "20.86520", "2006-12-31": "10.45700", "2005-12-31": "7.52840"}, "ROA - Return On Assets": {"2019-12-31": "2.79830", "2018-12-31": "3.08090", "2017-12-31": "3.29320", "2016-12-31": "2.60290", "2015-12-31": "2.51200", "2014-12-31": "3.26540", "2013-12-31": "2.57570", "2012-12-31": "2.55890", "2011-12-31": "2.77980", "2010-12-31": "2.59880", "2009-12-31": "2.21120", "2008-12-31": "2.15940", "2007-12-31": "3.33160", "2006-12-31": "1.63550", "2005-12-31": "1.16560"}, "ROI - Return On Investment": {"2019-12-31": "4.22020", "2018-12-31": "4.89260", "2017-12-31": "5.01470", "2016-12-31": "4.01580", "2015-12-31": "4.10140", "2014-12-31": "5.46000", "2013-12-31": "4.40400", "2012-12-31": "4.67240", "2011-12-31": "5.07720", "2010-12-31": "4.66950", "2009-12-31": "3.90910", "2008-12-31": "3.85370", "2007-12-31": "6.16810", "2006-12-31": "2.91980", "2005-12-31": "2.11690"}, "Book Value Per Share": {"2019-12-31": "61.57910", "2018-12-31": "58.90890", "2017-12-31": "55.68970", "2016-12-31": "52.93900", "2015-12-31": "49.00540", "2014-12-31": "47.13230", "2013-12-31": "44.91580", "2012-12-31": "42.99920", "2011-12-31": "41.67280", "2010-12-31": "39.94030", "2009-12-31": "38.18620", "2008-12-31": "37.03860", "2007-12-31": "35.85690", "2006-12-31": "33.01950", "2005-12-31": "32.44400"}, "Operating Cash Flow Per Share": {"2019-12-31": -0.4877, "2018-12-31": 2.9798, "2017-12-31": 0.1843, "2016-12-31": 0.9386, "2015-12-31": 0.2802, "2014-12-31": -1.8849, "2013-12-31": -0.5344, "2012-12-31": 1.0312, "2011-12-31": 1.013, "2010-12-31": -0.2927, "2009-12-31": 1.5271, "2008-12-31": 2.9855, "2007-12-31": -1.6009, "2006-12-31": 2.4923, "2005-12-31": 5.6875}, "Free Cash Flow Per Share": {"2019-12-31": -1.6988, "2018-12-31": 0.5607, "2017-12-31": -0.9609, "2016-12-31": 0.7989, "2015-12-31": 0.3173, "2014-12-31": -2.6926, "2013-12-31": -0.6883, "2012-12-31": -0.7056, "2011-12-31": -1.439, "2010-12-31": -0.6594, "2009-12-31": 3.9921, "2008-12-31": 1.815, "2007-12-31": -1.1947, "2006-12-31": 0.6969, "2005-12-31": -0.0227}}, "financial ratios, quarterly": {"Current Ratio": {"2020-09-30": "1.11820", "2020-06-30": "0.83340", "2020-03-31": "0.88770", "2019-12-31": "0.77210", "2019-09-30": "0.77230", "2019-06-30": "0.74600", "2019-03-31": "0.77870", "2018-12-31": "0.73460", "2018-09-30": "1.46580", "2018-06-30": "1.15850", "2018-03-31": "1.16370", "2017-12-31": "1.09570", "2017-09-30": "1.08350", "2017-06-30": "0.95780", "2017-03-31": "1.39970", "2016-12-31": "1.13340", "2016-09-30": "1.31790", "2016-06-30": "1.19920", "2016-03-31": "1.06930", "2015-12-31": "1.01860", "2015-09-30": "1.18790", "2015-06-30": "1.20560", "2015-03-31": "1.51600", "2014-12-31": "1.16880", "2014-09-30": "0.98220", "2014-06-30": "0.96520", "2014-03-31": "0.83300", "2013-12-31": "0.87990", "2013-09-30": "0.84740", "2013-06-30": "0.84270", "2013-03-31": "1.11830", "2012-12-31": "1.05310", "2012-09-30": "1.18230", "2012-06-30": "1.15750", "2012-03-31": "1.16640", "2011-12-31": "1.21610", "2011-09-30": "1.38620", "2011-06-30": "1.23370", "2011-03-31": "1.09590", "2010-12-31": "1.15210", "2010-09-30": "1.09070", "2010-06-30": "0.88060", "2010-03-31": "1.10110", "2009-12-31": "1.08770", "2009-09-30": "1.34310", "2009-06-30": "1.22110", "2009-03-31": "1.01160", "2008-12-31": "1.10450", "2008-09-30": "1.03620", "2008-06-30": "1.01560", "2008-03-31": "0.88010", "2007-12-31": "0.94550", "2007-09-30": "0.94050", "2007-06-30": "1.04430", "2007-03-31": "0.88790", "2006-12-31": "0.95120", "2006-09-30": "0.96790", "2006-06-30": "0.96500", "2006-03-31": "0.90370", "2005-12-31": "0.95160", "2005-09-30": "0.86320", "2005-06-30": "0.83720", "2005-03-31": "0.99630"}, "Long-term Debt / Capital": {"2020-09-30": "0.59330", "2020-06-30": "0.59320", "2020-03-31": "0.58680", "2019-12-31": "0.57380", "2019-09-30": "0.55960", "2019-06-30": "0.56210", "2019-03-31": "0.53690", "2018-12-31": "0.53100", "2018-09-30": "0.56030", "2018-06-30": "0.55180", "2018-03-31": "0.54040", "2017-12-31": "0.54950", "2017-09-30": "0.54490", "2017-06-30": "0.54270", "2017-03-31": "0.54830", "2016-12-31": "0.54260", "2016-09-30": "0.50880", "2016-06-30": "0.51500", "2016-03-31": "0.49570", "2015-12-31": "0.49900", "2015-09-30": "0.50070", "2015-06-30": "0.50800", "2015-03-31": "0.50460", "2014-12-31": "0.50000", "2014-09-30": "0.49140", "2014-06-30": "0.49330", "2014-03-31": "0.45970", "2013-12-31": "0.47560", "2013-09-30": "0.46390", "2013-06-30": "0.47290", "2013-03-31": "0.48610", "2012-12-31": "0.48620", "2012-09-30": "0.48930", "2012-06-30": "0.50100", "2012-03-31": "0.49810", "2011-12-31": "0.50470", "2011-09-30": "0.51680", "2011-06-30": "0.52380", "2011-03-31": "0.50640", "2010-12-31": "0.51160", "2010-09-30": "0.51400", "2010-06-30": "0.50120", "2010-03-31": "0.52520", "2009-12-31": "0.53850", "2009-09-30": "0.55660", "2009-06-30": "0.56250", "2009-03-31": "0.54920", "2008-12-31": "0.56180", "2008-09-30": "0.55390", "2008-06-30": "0.55250", "2008-03-31": "0.52700", "2007-12-31": "0.54360", "2007-09-30": "0.54990", "2007-06-30": "0.55360", "2007-03-31": "0.55920", "2006-12-31": "0.56100", "2006-09-30": "0.55390", "2006-06-30": "0.56800", "2006-03-31": "0.54450", "2005-12-31": "0.55100", "2005-09-30": "0.55590", "2005-06-30": "0.56210", "2005-03-31": "0.57700"}, "Debt/Equity Ratio": {"2020-09-30": "1.57540", "2020-06-30": "1.59140", "2020-03-31": "1.54690", "2019-12-31": "1.47430", "2019-09-30": "1.44790", "2019-06-30": "1.42590", "2019-03-31": "1.30950", "2018-12-31": "1.32890", "2018-09-30": "1.28140", "2018-06-30": "1.27780", "2018-03-31": "1.24730", "2017-12-31": "1.29280", "2017-09-30": "1.27500", "2017-06-30": "1.27360", "2017-03-31": "1.22110", "2016-12-31": "1.24030", "2016-09-30": "1.08240", "2016-06-30": "1.10050", "2016-03-31": "1.07580", "2015-12-31": "1.10650", "2015-09-30": "1.07650", "2015-06-30": "1.08710", "2015-03-31": "1.03760", "2014-12-31": "1.08070", "2014-09-30": "1.07940", "2014-06-30": "1.06570", "2014-03-31": "1.02830", "2013-12-31": "1.03630", "2013-09-30": "1.01300", "2013-06-30": "1.04140", "2013-03-31": "1.05580", "2012-12-31": "1.08910", "2012-09-30": "1.05650", "2012-06-30": "1.12740", "2012-03-31": "1.11040", "2011-12-31": "1.15300", "2011-09-30": "1.14410", "2011-06-30": "1.17000", "2011-03-31": "1.15750", "2010-12-31": "1.20640", "2010-09-30": "1.19850", "2010-06-30": "1.20730", "2010-03-31": "1.20880", "2009-12-31": "1.32490", "2009-09-30": "1.31520", "2009-06-30": "1.34500", "2009-03-31": "1.35610", "2008-12-31": "1.46520", "2008-09-30": "1.49450", "2008-06-30": "1.35160", "2008-03-31": "1.28330", "2007-12-31": "1.45380", "2007-09-30": "1.49130", "2007-06-30": "1.44470", "2007-03-31": "1.49520", "2006-12-31": "1.53170", "2006-09-30": "1.45430", "2006-06-30": "1.48520", "2006-03-31": "1.42440", "2005-12-31": "1.51050", "2005-09-30": "1.57610", "2005-06-30": "1.53710", "2005-03-31": "1.50610"}, "Gross Margin": {"2020-09-30": "50.21320", "2020-06-30": "54.97480", "2020-03-31": "52.51490", "2019-12-31": "48.88820", "2019-09-30": "46.87400", "2019-06-30": "43.97510", "2019-03-31": "44.02390", "2018-12-31": "39.38670", "2018-09-30": "39.85920", "2018-06-30": "40.58250", "2018-03-31": "38.02290", "2017-12-31": "41.76090", "2017-09-30": "41.26350", "2017-06-30": "42.41680", "2017-03-31": "47.18790", "2016-12-31": "47.07720", "2016-09-30": "47.50680", "2016-06-30": "50.00000", "2016-03-31": "47.73970", "2015-12-31": "46.40130", "2015-09-30": "48.88380", "2015-06-30": "46.95770", "2015-03-31": "43.09650", "2014-12-31": "19.68810", "2014-09-30": "56.87860", "2014-06-30": "52.70570", "2014-03-31": "45.16540", "2013-12-31": "25.22700", "2013-09-30": "59.48890", "2013-06-30": "57.75280", "2013-03-31": "59.30050", "2012-12-31": "59.59980", "2012-09-30": "65.25110", "2012-06-30": "65.37510", "2012-03-31": "60.29480", "2011-12-31": "61.15280", "2011-09-30": "61.76600", "2011-06-30": "61.98230", "2011-03-31": "55.94410", "2010-12-31": "61.51330", "2010-09-30": "64.32910", "2010-06-30": "66.07140", "2010-03-31": "59.43740", "2009-12-31": "60.11320", "2009-09-30": "62.30770", "2009-06-30": "65.81750", "2009-03-31": "57.42790", "2008-12-31": "55.11520", "2008-09-30": "55.77420", "2008-06-30": "54.15370", "2008-03-31": "50.73930", "2007-12-31": "56.68330", "2007-09-30": "64.14470", "2007-06-30": "58.37810", "2007-03-31": "53.91800", "2006-12-31": "46.19150", "2006-09-30": "71.35700", "2006-06-30": "68.97100", "2006-03-31": "59.77230", "2005-12-31": "39.23770", "2005-09-30": "59.27180", "2005-06-30": "67.13040", "2005-03-31": "58.03380"}, "Operating Margin": {"2020-09-30": "18.51400", "2020-06-30": "14.20830", "2020-03-31": "18.06750", "2019-12-31": "13.18300", "2019-09-30": "14.42770", "2019-06-30": "10.38780", "2019-03-31": "15.42400", "2018-12-31": "8.85330", "2018-09-30": "12.08450", "2018-06-30": "10.41470", "2018-03-31": "13.42930", "2017-12-31": "11.37270", "2017-09-30": "13.37440", "2017-06-30": "11.20840", "2017-03-31": "18.07790", "2016-12-31": "11.89980", "2016-09-30": "17.31560", "2016-06-30": "11.31740", "2016-03-31": "14.84800", "2015-12-31": "5.38800", "2015-09-30": "16.93610", "2015-06-30": "8.99470", "2015-03-31": "15.44910", "2014-12-31": "17.60880", "2014-09-30": "9.21000", "2014-06-30": "9.22910", "2014-03-31": "14.24940", "2013-12-31": "9.51440", "2013-09-30": "13.78300", "2013-06-30": "10.02250", "2013-03-31": "16.29570", "2012-12-31": "11.36650", "2012-09-30": "18.53880", "2012-06-30": "14.60510", "2012-03-31": "13.93480", "2011-12-31": "16.12000", "2011-09-30": "17.61590", "2011-06-30": "14.20120", "2011-03-31": "16.04280", "2010-12-31": "16.62770", "2010-09-30": "18.04580", "2010-06-30": "14.28570", "2010-03-31": "19.24170", "2009-12-31": "14.47430", "2009-09-30": "17.02560", "2009-06-30": "12.73700", "2009-03-31": "17.51660", "2008-12-31": "13.91710", "2008-09-30": "16.03940", "2008-06-30": "6.97470", "2008-03-31": "16.69260", "2007-12-31": "14.86180", "2007-09-30": "13.43990", "2007-06-30": "42.99340", "2007-03-31": "10.96220", "2006-12-31": "33.68270", "2006-09-30": "16.98540", "2006-06-30": "-1.58310", "2006-03-31": "9.18410", "2005-12-31": "29.87670", "2005-09-30": "2.47570", "2005-06-30": "4.63680", "2005-03-31": "9.70120"}, "EBIT Margin": {"2020-09-30": "18.51400", "2020-06-30": "14.20830", "2020-03-31": "18.06750", "2019-12-31": "13.18300", "2019-09-30": "14.42770", "2019-06-30": "10.38780", "2019-03-31": "15.42400", "2018-12-31": "8.85330", "2018-09-30": "12.08450", "2018-06-30": "10.41470", "2018-03-31": "13.42930", "2017-12-31": "11.37270", "2017-09-30": "13.37440", "2017-06-30": "11.20840", "2017-03-31": "18.07790", "2016-12-31": "11.89980", "2016-09-30": "17.31560", "2016-06-30": "11.31740", "2016-03-31": "14.84800", "2015-12-31": "5.38800", "2015-09-30": "16.93610", "2015-06-30": "8.99470", "2015-03-31": "15.44910", "2014-12-31": "17.60880", "2014-09-30": "9.21000", "2014-06-30": "9.22910", "2014-03-31": "14.24940", "2013-12-31": "9.51440", "2013-09-30": "13.78300", "2013-06-30": "10.02250", "2013-03-31": "16.29570", "2012-12-31": "11.36650", "2012-09-30": "18.53880", "2012-06-30": "14.60510", "2012-03-31": "13.93480", "2011-12-31": "16.12000", "2011-09-30": "17.61590", "2011-06-30": "14.20120", "2011-03-31": "16.04280", "2010-12-31": "16.62770", "2010-09-30": "18.04580", "2010-06-30": "14.28570", "2010-03-31": "19.24170", "2009-12-31": "14.47430", "2009-09-30": "17.02560", "2009-06-30": "12.73700", "2009-03-31": "17.51660", "2008-12-31": "13.91710", "2008-09-30": "16.03940", "2008-06-30": "6.97470", "2008-03-31": "16.69260", "2007-12-31": "14.86180", "2007-09-30": "13.43990", "2007-06-30": "42.99340", "2007-03-31": "10.96220", "2006-12-31": "33.68270", "2006-09-30": "16.98540", "2006-06-30": "-1.58310", "2006-03-31": "9.18410", "2005-12-31": "29.87670", "2005-09-30": "2.47570", "2005-06-30": "4.63680", "2005-03-31": "9.70120"}, "EBITDA Margin": {"2020-09-30": "", "2020-06-30": "", "2020-03-31": "", "2019-12-31": "", "2019-09-30": "", "2019-06-30": "", "2019-03-31": "", "2018-12-31": "", "2018-09-30": "", "2018-06-30": "", "2018-03-31": "", "2017-12-31": "", "2017-09-30": "", "2017-06-30": "", "2017-03-31": "", "2016-12-31": "", "2016-09-30": "", "2016-06-30": "", "2016-03-31": "", "2015-12-31": "", "2015-09-30": "", "2015-06-30": "", "2015-03-31": "", "2014-12-31": "", "2014-09-30": "", "2014-06-30": "", "2014-03-31": "", "2013-12-31": "", "2013-09-30": "", "2013-06-30": "", "2013-03-31": "", "2012-12-31": "", "2012-09-30": "", "2012-06-30": "", "2012-03-31": "", "2011-12-31": "", "2011-09-30": "", "2011-06-30": "", "2011-03-31": "", "2010-12-31": "", "2010-09-30": "", "2010-06-30": "", "2010-03-31": "", "2009-12-31": "", "2009-09-30": "", "2009-06-30": "", "2009-03-31": "", "2008-12-31": "", "2008-09-30": "", "2008-06-30": "", "2008-03-31": "", "2007-12-31": "", "2007-09-30": "", "2007-06-30": "", "2007-03-31": "", "2006-12-31": "", "2006-09-30": "", "2006-06-30": "", "2006-03-31": "", "2005-12-31": "", "2005-09-30": "", "2005-06-30": "", "2005-03-31": ""}, "Pre-Tax Profit Margin": {"2020-09-30": "16.44340", "2020-06-30": "10.95630", "2020-03-31": "12.93850", "2019-12-31": "9.46630", "2019-09-30": "11.67040", "2019-06-30": "6.92520", "2019-03-31": "13.14740", "2018-12-31": "4.61330", "2018-09-30": "10.39440", "2018-06-30": "8.07220", "2018-03-31": "11.16440", "2017-12-31": "6.54230", "2017-09-30": "10.38520", "2017-06-30": "8.12610", "2017-03-31": "15.57480", "2016-12-31": "5.28880", "2016-09-30": "14.85660", "2016-06-30": "8.62070", "2016-03-31": "12.58770", "2015-12-31": "2.29190", "2015-09-30": "14.08780", "2015-06-30": "5.77600", "2015-03-31": "13.27080", "2014-12-31": "14.16500", "2014-09-30": "6.85930", "2014-06-30": "6.52340", "2014-03-31": "12.34100", "2013-12-31": "6.11920", "2013-09-30": "11.56260", "2013-06-30": "6.78650", "2013-03-31": "13.51350", "2012-12-31": "7.40740", "2012-09-30": "15.38810", "2012-06-30": "10.82960", "2012-03-31": "10.31710", "2011-12-31": "11.62140", "2011-09-30": "12.62690", "2011-06-30": "8.67850", "2011-03-31": "11.55900", "2010-12-31": "10.60250", "2010-09-30": "12.06170", "2010-06-30": "7.31030", "2010-03-31": "14.10520", "2009-12-31": "8.25080", "2009-09-30": "11.28210", "2009-06-30": "6.57580", "2009-03-31": "12.23950", "2008-12-31": "8.61750", "2008-09-30": "11.42000", "2008-06-30": "2.13240", "2008-03-31": "12.33460", "2007-12-31": "10.33080", "2007-09-30": "8.78760", "2007-06-30": "35.30110", "2007-03-31": "6.00890", "2006-12-31": "22.64150", "2006-09-30": "10.83790", "2006-06-30": "-7.86280", "2006-03-31": "4.66790", "2005-12-31": "21.46860", "2005-09-30": "-2.37860", "2005-06-30": "-1.54560", "2005-03-31": "4.80730"}, "Net Profit Margin": {"2020-09-30": "14.49450", "2020-06-30": "10.72400", "2020-03-31": "11.25080", "2019-12-31": "8.48160", "2019-09-30": "10.22760", "2019-06-30": "6.30190", "2019-03-31": "11.41150", "2018-12-31": "5.09330", "2018-09-30": "9.40850", "2018-06-30": "7.40740", "2018-03-31": "9.61900", "2017-12-31": "8.77410", "2017-09-30": "8.32050", "2017-06-30": "6.19970", "2017-03-31": "12.36090", "2016-12-31": "4.55810", "2016-09-30": "11.54370", "2016-06-30": "6.71970", "2016-03-31": "9.62590", "2015-12-31": "3.21670", "2015-09-30": "10.20020", "2015-06-30": "4.80600", "2015-03-31": "9.14880", "2014-12-31": "9.71410", "2014-09-30": "6.01160", "2014-06-30": "4.59600", "2014-03-31": "8.29520", "2013-12-31": "4.89540", "2013-09-30": "8.29490", "2013-06-30": "4.71910", "2013-03-31": "9.30050", "2012-12-31": "3.44830", "2012-09-30": "10.36530", "2012-06-30": "7.25290", "2012-03-31": "6.96740", "2011-12-31": "7.02910", "2011-09-30": "8.07950", "2011-06-30": "9.96060", "2011-03-31": "7.23980", "2010-12-31": "7.09950", "2010-09-30": "7.62040", "2010-06-30": "4.79910", "2010-03-31": "9.33550", "2009-12-31": "5.65770", "2009-09-30": "7.74360", "2009-06-30": "4.91710", "2009-03-31": "7.89360", "2008-12-31": "5.94470", "2008-09-30": "7.57060", "2008-06-30": "1.24390", "2008-03-31": "8.24900", "2007-12-31": "3.21700", "2007-09-30": "9.25750", "2007-06-30": "22.95770", "2007-03-31": "5.44050", "2006-12-31": "9.92310", "2006-09-30": "8.56100", "2006-06-30": "-1.74140", "2006-03-31": "5.16130", "2005-12-31": "21.41260", "2005-09-30": "0.19420", "2005-06-30": "1.49410", "2005-03-31": "5.28370"}, "Asset Turnover": {"2020-09-30": "0.07390", "2020-06-30": "0.05910", "2020-03-31": "0.06990", "2019-12-31": "0.07520", "2019-09-30": "0.08130", "2019-06-30": "0.07840", "2019-03-31": "0.09640", "2018-12-31": "0.10330", "2018-09-30": "0.10060", "2018-06-30": "0.09200", "2018-03-31": "0.11090", "2017-12-31": "0.09690", "2017-09-30": "0.09810", "2017-06-30": "0.08760", "2017-03-31": "0.10070", "2016-12-31": "0.08970", "2016-09-30": "0.09940", "2016-06-30": "0.07860", "2016-03-31": "0.08980", "2015-12-31": "0.08680", "2015-09-30": "0.09070", "2015-06-30": "0.08000", "2015-03-31": "0.10630", "2014-12-31": "0.11030", "2014-09-30": "0.09840", "2014-06-30": "0.10300", "2014-03-31": "0.15020", "2013-12-31": "0.09770", "2013-09-30": "0.09100", "2013-06-30": "0.08580", "2013-03-31": "0.09700", "2012-12-31": "0.08920", "2012-09-30": "0.08450", "2012-06-30": "0.07720", "2012-03-31": "0.08660", "2011-12-31": "0.08200", "2011-09-30": "0.09140", "2011-06-30": "0.08250", "2011-03-31": "0.09930", "2010-12-31": "0.08600", "2010-09-30": "0.08810", "2010-06-30": "0.07460", "2010-03-31": "0.10140", "2009-12-31": "0.08770", "2009-09-30": "0.08140", "2009-06-30": "0.07060", "2009-03-31": "0.09320", "2008-12-31": "0.08820", "2008-09-30": "0.09870", "2008-06-30": "0.09420", "2008-03-31": "0.11100", "2007-12-31": "0.09300", "2007-09-30": "0.08930", "2007-06-30": "0.07000", "2007-03-31": "0.10510", "2006-12-31": "0.06020", "2006-09-30": "0.09840", "2006-06-30": "0.08530", "2006-03-31": "0.11780", "2005-12-31": "0.07650", "2005-09-30": "0.08690", "2005-06-30": "0.08890", "2005-03-31": "0.10720"}, "Inventory Turnover Ratio": {"2020-09-30": "2.00610", "2020-06-30": "1.48150", "2020-03-31": "2.02970", "2019-12-31": "2.11990", "2019-09-30": "2.05580", "2019-06-30": "2.11500", "2019-03-31": "3.25660", "2018-12-31": "2.80270", "2018-09-30": "2.78360", "2018-06-30": "2.78070", "2018-03-31": "3.89610", "2017-12-31": "2.44540", "2017-09-30": "2.33580", "2017-06-30": "2.21270", "2017-03-31": "2.67030", "2016-12-31": "1.97020", "2016-09-30": "1.93820", "2016-06-30": "1.57740", "2016-03-31": "2.03180", "2015-12-31": "1.66000", "2015-09-30": "1.58100", "2015-06-30": "1.64570", "2015-03-31": "2.68250", "2014-12-31": "3.07460", "2014-09-30": "1.41110", "2014-06-30": "2.06140", "2014-03-31": "4.48960", "2013-12-31": "3.01590", "2013-09-30": "1.33380", "2013-06-30": "1.49920", "2013-03-31": "1.89630", "2012-12-31": "1.24700", "2012-09-30": "0.96940", "2012-06-30": "0.98170", "2012-03-31": "1.33480", "2011-12-31": "1.04800", "2011-09-30": "1.11600", "2011-06-30": "1.12550", "2011-03-31": "1.99810", "2010-12-31": "1.24470", "2010-09-30": "1.04240", "2010-06-30": "1.07610", "2010-03-31": "2.24610", "2009-12-31": "1.66210", "2009-09-30": "1.25640", "2009-06-30": "1.25710", "2009-03-31": "2.22220", "2008-12-31": "1.80710", "2008-09-30": "1.34290", "2008-06-30": "1.77020", "2008-03-31": "2.62110", "2007-12-31": "1.51030", "2007-09-30": "1.00930", "2007-06-30": "0.98310", "2007-03-31": "1.99470", "2006-12-31": "1.07690", "2006-09-30": "0.77750", "2006-06-30": "0.88420", "2006-03-31": "2.31950", "2005-12-31": "1.62280", "2005-09-30": "0.98710", "2005-06-30": "0.95220", "2005-03-31": "1.88520"}, "Receiveable Turnover": {"2020-09-30": "2.10650", "2020-06-30": "1.47940", "2020-03-31": "1.73480", "2019-12-31": "1.66830", "2019-09-30": "1.81650", "2019-06-30": "1.88880", "2019-03-31": "2.00230", "2018-12-31": "1.97680", "2018-09-30": "2.00230", "2018-06-30": "1.71970", "2018-03-31": "2.05640", "2017-12-31": "1.76240", "2017-09-30": "2.07880", "2017-06-30": "1.85030", "2017-03-31": "2.14450", "2016-12-31": "1.80410", "2016-09-30": "2.19000", "2016-06-30": "1.79240", "2016-03-31": "2.02850", "2015-12-31": "1.84500", "2015-09-30": "1.96670", "2015-06-30": "1.66280", "2015-03-31": "1.85690", "2014-12-31": "1.92620", "2014-09-30": "1.88450", "2014-06-30": "1.76800", "2014-03-31": "2.01440", "2013-12-31": "1.51770", "2013-09-30": "1.80830", "2013-06-30": "1.57130", "2013-03-31": "1.62430", "2012-12-31": "1.60670", "2012-09-30": "1.77330", "2012-06-30": "1.43480", "2012-03-31": "1.61780", "2011-12-31": "1.51670", "2011-09-30": "1.70690", "2011-06-30": "1.40060", "2011-03-31": "1.60670", "2010-12-31": "1.22130", "2010-09-30": "1.72920", "2010-06-30": "1.36380", "2010-03-31": "1.67670", "2009-12-31": "1.28160", "2009-09-30": "1.60230", "2009-06-30": "1.31770", "2009-03-31": "1.35680", "2008-12-31": "1.18450", "2008-09-30": "1.37940", "2008-06-30": "1.19930", "2008-03-31": "1.27920", "2007-12-31": "1.01610", "2007-09-30": "1.36670", "2007-06-30": "0.98760", "2007-03-31": "1.34080", "2006-12-31": "0.73880", "2006-09-30": "1.36480", "2006-06-30": "1.18440", "2006-03-31": "1.39940", "2005-12-31": "0.74490", "2005-09-30": "0.92670", "2005-06-30": "1.23390", "2005-03-31": "1.47350"}, "Days Sales In Receivables": {"2020-09-30": "42.72530", "2020-06-30": "60.83620", "2020-03-31": "51.87960", "2019-12-31": "53.94850", "2019-09-30": "49.54470", "2019-06-30": "47.64890", "2019-03-31": "44.94880", "2018-12-31": "45.52800", "2018-09-30": "44.94930", "2018-06-30": "52.33620", "2018-03-31": "43.76500", "2017-12-31": "51.06700", "2017-09-30": "43.29430", "2017-06-30": "48.64100", "2017-03-31": "41.96850", "2016-12-31": "49.88520", "2016-09-30": "41.09630", "2016-06-30": "50.21220", "2016-03-31": "44.36870", "2015-12-31": "48.78170", "2015-09-30": "45.76210", "2015-06-30": "54.12700", "2015-03-31": "48.46850", "2014-12-31": "46.72520", "2014-09-30": "47.75720", "2014-06-30": "50.90440", "2014-03-31": "44.67940", "2013-12-31": "59.30120", "2013-09-30": "49.76960", "2013-06-30": "57.27640", "2013-03-31": "55.40940", "2012-12-31": "56.01530", "2012-09-30": "50.75340", "2012-06-30": "62.72730", "2012-03-31": "55.63200", "2011-12-31": "59.33930", "2011-09-30": "52.72850", "2011-06-30": "64.26040", "2011-03-31": "56.01400", "2010-12-31": "73.68990", "2010-09-30": "52.04770", "2010-06-30": "65.99330", "2010-03-31": "53.67710", "2009-12-31": "70.22630", "2009-09-30": "56.16920", "2009-06-30": "68.29980", "2009-03-31": "66.33260", "2008-12-31": "75.98160", "2008-09-30": "65.24810", "2008-06-30": "75.04670", "2008-03-31": "70.35410", "2007-12-31": "88.57270", "2007-09-30": "65.85060", "2007-06-30": "91.12700", "2007-03-31": "67.12550", "2006-12-31": "121.82390", "2006-09-30": "65.94260", "2006-06-30": "75.98940", "2006-03-31": "64.31500", "2005-12-31": "120.82400", "2005-09-30": "97.12140", "2005-06-30": "72.93660", "2005-03-31": "61.07840"}, "ROE - Return On Equity": {"2020-09-30": "3.81970", "2020-06-30": "2.32930", "2020-03-31": "2.85290", "2019-12-31": "2.26430", "2019-09-30": "2.90720", "2019-06-30": "1.69360", "2019-03-31": "3.70240", "2018-12-31": "1.82890", "2018-09-30": "3.13380", "2018-06-30": "2.28730", "2018-03-31": "3.38710", "2017-12-31": "2.80280", "2017-09-30": "2.66920", "2017-06-30": "1.82840", "2017-03-31": "4.06690", "2016-12-31": "1.30540", "2016-09-30": "3.55230", "2016-06-30": "1.64790", "2016-03-31": "2.69360", "2015-12-31": "0.87550", "2015-09-30": "2.98880", "2015-06-30": "1.22710", "2015-03-31": "3.15740", "2014-12-31": "3.60820", "2014-09-30": "1.91790", "2014-06-30": "1.56990", "2014-03-31": "4.01870", "2013-12-31": "1.58410", "2013-09-30": "2.52840", "2013-06-30": "1.41030", "2013-03-31": "3.07910", "2012-12-31": "1.87560", "2012-09-30": "3.08170", "2012-06-30": "2.06010", "2012-03-31": "2.21070", "2011-12-31": "2.26850", "2011-09-30": "2.63950", "2011-06-30": "2.93080", "2011-03-31": "2.60350", "2010-12-31": "2.42350", "2010-09-30": "2.48170", "2010-06-30": "1.31820", "2010-03-31": "3.48750", "2009-12-31": "1.91580", "2009-09-30": "2.40750", "2009-06-30": "1.35940", "2009-03-31": "2.90960", "2008-12-31": "2.15300", "2008-09-30": "2.83520", "2008-06-30": "0.50840", "2008-03-31": "3.36970", "2007-12-31": "3.33160", "2007-09-30": "2.66810", "2007-06-30": "5.90930", "2007-03-31": "1.65060", "2006-12-31": "1.64130", "2006-09-30": "3.22310", "2006-06-30": "-0.55990", "2006-03-31": "2.32160", "2005-12-31": "1.45610", "2005-09-30": "0.53400", "2005-06-30": "0.60620", "2005-03-31": "2.27890"}, "Return On Tangible Equity": {"2020-09-30": "6.22310", "2020-06-30": "3.93080", "2020-03-31": "4.80340", "2019-12-31": "3.84010", "2019-09-30": "4.13240", "2019-06-30": "2.40620", "2019-03-31": "5.17700", "2018-12-31": "2.58750", "2018-09-30": "4.44710", "2018-06-30": "3.29470", "2018-03-31": "4.87300", "2017-12-31": "4.09960", "2017-09-30": "3.93890", "2017-06-30": "2.73870", "2017-03-31": "6.00700", "2016-12-31": "1.94630", "2016-09-30": "4.61650", "2016-06-30": "2.16940", "2016-03-31": "3.52840", "2015-12-31": "1.15130", "2015-09-30": "3.92510", "2015-06-30": "1.62820", "2015-03-31": "4.17680", "2014-12-31": "4.83770", "2014-09-30": "2.59080", "2014-06-30": "2.13700", "2014-03-31": "5.44910", "2013-12-31": "2.16720", "2013-09-30": "3.46620", "2013-06-30": "1.97020", "2013-03-31": "4.28910", "2012-12-31": "2.64360", "2012-09-30": "4.28520", "2012-06-30": "2.90370", "2012-03-31": "3.12440", "2011-12-31": "3.22580", "2011-09-30": "3.76400", "2011-06-30": "4.22570", "2011-03-31": "3.74890", "2010-12-31": "3.50430", "2010-09-30": "3.60710", "2010-06-30": "1.92560", "2010-03-31": "5.09190", "2009-12-31": "2.85510", "2009-09-30": "3.61420", "2009-06-30": "2.05680", "2009-03-31": "4.41320", "2008-12-31": "3.30700", "2008-09-30": "4.38940", "2008-06-30": "0.79430", "2008-03-31": "5.15650", "2007-12-31": "5.14380", "2007-09-30": "4.19080", "2007-06-30": "9.22100", "2007-03-31": "2.61580", "2006-12-31": "2.58060", "2006-09-30": "5.10120", "2006-06-30": "-0.87480", "2006-03-31": "3.57800", "2005-12-31": "2.32490", "2005-09-30": "0.85750", "2005-06-30": "0.97630", "2005-03-31": "3.63950"}, "ROA - Return On Assets": {"2020-09-30": "1.07340", "2020-06-30": "0.63330", "2020-03-31": "0.79110", "2019-12-31": "0.63990", "2019-09-30": "0.82670", "2019-06-30": "0.48570", "2019-03-31": "1.11980", "2018-12-31": "0.54010", "2018-09-30": "0.94920", "2018-06-30": "0.68740", "2018-03-31": "1.03720", "2017-12-31": "0.82920", "2017-09-30": "0.79530", "2017-06-30": "0.53710", "2017-03-31": "1.22550", "2016-12-31": "0.38700", "2016-09-30": "1.10310", "2016-06-30": "0.50400", "2016-03-31": "0.84020", "2015-12-31": "0.26860", "2015-09-30": "0.92130", "2015-06-30": "0.37040", "2015-03-31": "0.97620", "2014-12-31": "1.07890", "2014-09-30": "0.59520", "2014-06-30": "0.48110", "2014-03-31": "1.25000", "2013-12-31": "0.48580", "2013-09-30": "0.76250", "2013-06-30": "0.41240", "2013-03-31": "0.90560", "2012-12-31": "0.52770", "2012-09-30": "0.88390", "2012-06-30": "0.56760", "2012-03-31": "0.61130", "2011-12-31": "0.61520", "2011-09-30": "0.74660", "2011-06-30": "0.81370", "2011-03-31": "0.72690", "2010-12-31": "0.65870", "2010-09-30": "0.68410", "2010-06-30": "0.36200", "2010-03-31": "0.95030", "2009-12-31": "0.50010", "2009-09-30": "0.63020", "2009-06-30": "0.35150", "2009-03-31": "0.74000", "2008-12-31": "0.52870", "2008-09-30": "0.71770", "2008-06-30": "0.12550", "2008-03-31": "0.86830", "2007-12-31": "0.82130", "2007-09-30": "0.63800", "2007-06-30": "1.45250", "2007-03-31": "0.40960", "2006-12-31": "0.40360", "2006-09-30": "0.84690", "2006-06-30": "-0.14400", "2006-03-31": "0.60780", "2005-12-31": "0.36000", "2005-09-30": "0.12230", "2005-06-30": "0.15120", "2005-03-31": "0.58490"}, "ROI - Return On Investment": {"2020-09-30": "1.55340", "2020-06-30": "0.94760", "2020-03-31": "1.17870", "2019-12-31": "0.96500", "2019-09-30": "1.28020", "2019-06-30": "0.74160", "2019-03-31": "1.71460", "2018-12-31": "0.85770", "2018-09-30": "1.37800", "2018-06-30": "1.02510", "2018-03-31": "1.55670", "2017-12-31": "1.26270", "2017-09-30": "1.21490", "2017-06-30": "0.83620", "2017-03-31": "1.83720", "2016-12-31": "0.59710", "2016-09-30": "1.74480", "2016-06-30": "0.79930", "2016-03-31": "1.35840", "2015-12-31": "0.43860", "2015-09-30": "1.49250", "2015-06-30": "0.60370", "2015-03-31": "1.56430", "2014-12-31": "1.80400", "2014-09-30": "0.97550", "2014-06-30": "0.79550", "2014-03-31": "2.17130", "2013-12-31": "0.83070", "2013-09-30": "1.35540", "2013-06-30": "0.74340", "2013-03-31": "1.58250", "2012-12-31": "0.96360", "2012-09-30": "1.57380", "2012-06-30": "1.02810", "2012-03-31": "1.10960", "2011-12-31": "1.12360", "2011-09-30": "1.27530", "2011-06-30": "1.39560", "2011-03-31": "1.28500", "2010-12-31": "1.18360", "2010-09-30": "1.20610", "2010-06-30": "0.65740", "2010-03-31": "1.65590", "2009-12-31": "0.88410", "2009-09-30": "1.06740", "2009-06-30": "0.59480", "2009-03-31": "1.31160", "2008-12-31": "0.94350", "2008-09-30": "1.26490", "2008-06-30": "0.22750", "2008-03-31": "1.59400", "2007-12-31": "1.52060", "2007-09-30": "1.20080", "2007-06-30": "2.63780", "2007-03-31": "0.72760", "2006-12-31": "0.72060", "2006-09-30": "1.43770", "2006-06-30": "-0.24190", "2006-03-31": "1.05740", "2005-12-31": "0.65370", "2005-09-30": "0.23720", "2005-06-30": "0.26540", "2005-03-31": "0.96400"}, "Book Value Per Share": {"2020-09-30": "64.51750", "2020-06-30": "61.72820", "2020-03-31": "62.23910", "2019-12-31": "61.57910", "2019-09-30": "59.45600", "2019-06-30": "57.65890", "2019-03-31": "60.14890", "2018-12-31": "58.90890", "2018-09-30": "58.76050", "2018-06-30": "56.76310", "2018-03-31": "57.10180", "2017-12-31": "55.68970", "2017-09-30": "54.92500", "2017-06-30": "53.35180", "2017-03-31": "54.00620", "2016-12-31": "52.93900", "2016-09-30": "50.98780", "2016-06-30": "49.03730", "2016-03-31": "49.65590", "2015-12-31": "49.00540", "2015-09-30": "49.21550", "2015-06-30": "47.67770", "2015-03-31": "48.39120", "2014-12-31": "47.13230", "2014-09-30": "46.25090", "2014-06-30": "45.34640", "2014-03-31": "45.96730", "2013-12-31": "44.91580", "2013-09-30": "44.74060", "2013-06-30": "43.36420", "2013-03-31": "43.87440", "2012-12-31": "42.99920", "2012-09-30": "43.18520", "2012-06-30": "41.82700", "2012-03-31": "42.01350", "2011-12-31": "41.67280", "2011-09-30": "41.41190", "2011-06-30": "40.30020", "2011-03-31": "40.37300", "2010-12-31": "39.94030", "2010-09-30": "39.55250", "2010-06-30": "39.10140", "2010-03-31": "39.16040", "2009-12-31": "38.18620", "2009-09-30": "38.02870", "2009-06-30": "37.56850", "2009-03-31": "37.54040", "2008-12-31": "37.03860", "2008-09-30": "36.77960", "2008-06-30": "36.18140", "2008-03-31": "36.56190", "2007-12-31": "35.85690", "2007-09-30": "34.79850", "2007-06-30": "34.50920", "2007-03-31": "33.01960", "2006-12-31": "33.01950", "2006-09-30": "32.95030", "2006-06-30": "32.14990", "2006-03-31": "32.95270", "2005-12-31": "32.44400", "2005-09-30": "30.54110", "2005-06-30": "31.25880", "2005-03-31": "31.74390"}, "Operating Cash Flow Per Share": {"2020-09-30": 5.6995, "2020-06-30": 3.1838, "2020-03-31": "5.52600", "2019-12-31": 3.9874, "2019-09-30": 2.9022, "2019-06-30": 3.32, "2019-03-31": "4.10930", "2018-12-31": 3.5593, "2018-09-30": 3.3302, "2018-06-30": 3.2615, "2018-03-31": "4.65560", "2017-12-31": 3.1676, "2017-09-30": 2.0503, "2017-06-30": 2.2123, "2017-03-31": "4.39660", "2016-12-31": 1.8258, "2016-09-30": 2.7278, "2016-06-30": 2.95, "2016-03-31": "4.13890", "2015-12-31": 2.5206, "2015-09-30": 1.5911, "2015-06-30": 2.3956, "2015-03-31": "4.19660", "2014-12-31": 3.0904, "2014-09-30": 1.2542, "2014-06-30": 3.0734, "2014-03-31": "3.00570", "2013-12-31": 2.5643, "2013-09-30": 2.5043, "2013-06-30": 3.7891, "2013-03-31": "3.45090", "2012-12-31": 2.7907, "2012-09-30": 3.2628, "2012-06-30": 3.1424, "2012-03-31": "3.64710", "2011-12-31": 3.0706, "2011-09-30": 1.9236, "2011-06-30": 2.5705, "2011-03-31": "4.24710", "2010-12-31": 1.9223, "2010-09-30": 2.0658, "2010-06-30": 1.889, "2010-03-31": "4.92170", "2009-12-31": 0.946, "2009-09-30": 2.2126, "2009-06-30": 2.7857, "2009-03-31": "5.14720", "2008-12-31": 3.319, "2008-09-30": -3.1718, "2008-06-30": 3.9448, "2008-03-31": "5.47240", "2007-12-31": 1.8078, "2007-09-30": -0.9318, "2007-06-30": 2.1323, "2007-03-31": "3.57060", "2006-12-31": 1.5337, "2006-09-30": 1.4823, "2006-06-30": 1.72, "2006-03-31": "3.44380", "2005-12-31": 2.3372, "2005-09-30": -0.5297, "2005-06-30": 1.52, "2005-03-31": "2.36000"}, "Free Cash Flow Per Share": {"2020-09-30": 1.2332, "2020-06-30": -1.1107, "2020-03-31": "-0.64060", "2019-12-31": -0.4789, "2019-09-30": -1.2446, "2019-06-30": -0.6166, "2019-03-31": "0.45900", "2018-12-31": -1.6548, "2018-09-30": -0.0524, "2018-06-30": -0.2029, "2018-03-31": "1.72780", "2017-12-31": -0.6201, "2017-09-30": -0.9441, "2017-06-30": -0.4749, "2017-03-31": "1.29610", "2016-12-31": -2.1432, "2016-09-30": 0.0555, "2016-06-30": 0.5223, "2016-03-31": "1.78330", "2015-12-31": -1.0699, "2015-09-30": -1.1927, "2015-06-30": -0.3128, "2015-03-31": "1.99440", "2014-12-31": 0.0509, "2014-09-30": -1.1017, "2014-06-30": -0.0622, "2014-03-31": "0.21470", "2013-12-31": -0.2739, "2013-09-30": -0.0861, "2013-06-30": 0.8884, "2013-03-31": "1.26590", "2012-12-31": -0.5814, "2012-09-30": 1.0932, "2012-06-30": 0.5649, "2012-03-31": "1.40590", "2011-12-31": 0.4235, "2011-09-30": 0.1235, "2011-06-30": -0.0412, "2011-03-31": "2.68240", "2010-12-31": 0.3978, "2010-09-30": 0.3241, "2010-06-30": 0.3451, "2010-03-31": "3.56020", "2009-12-31": -0.1073, "2009-09-30": 1.0037, "2009-06-30": 1.0589, "2009-03-31": "3.33130", "2008-12-31": -0.5215, "2008-09-30": -5.2392, "2008-06-30": 2.0061, "2008-03-31": "5.04910", "2007-12-31": -7.3458, "2007-09-30": -2.5804, "2007-06-30": 7.9255, "2007-03-31": "1.48020", "2006-12-31": -0.3539, "2006-09-30": -0.2713, "2006-06-30": -0.4253, "2006-03-31": "1.72470", "2005-12-31": 0.3163, "2005-09-30": -1.8647, "2005-06-30": 0.2857, "2005-03-31": "1.24000"}}, "revenue": {"DTE Energy Annual Revenue (Millions of US $)": {"2019": "$12,669", "2018": "$14,212", "2017": "$12,607", "2016": "$10,630", "2015": "$10,337", "2014": "$12,301", "2013": "$9,661", "2012": "$8,791", "2011": "$8,858", "2010": "$8,525", "2009": "$8,014", "2008": "$9,329", "2007": "$8,475", "2006": "$8,157", "2005": "$8,094"}, "DTE Energy Quarterly Revenue (Millions of US $)": {"2020-09-30": "$3,284", "2020-06-30": "$2,583", "2020-03-31": "$3,022", "2019-12-31": "$3,148", "2019-09-30": "$3,119", "2019-06-30": "$2,888", "2019-03-31": "$3,514", "2018-12-31": "$3,750", "2018-09-30": "$3,550", "2018-06-30": "$3,159", "2018-03-31": "$3,753", "2017-12-31": "$3,271", "2017-09-30": "$3,245", "2017-06-30": "$2,855", "2017-03-31": "$3,236", "2016-12-31": "$2,874", "2016-09-30": "$2,928", "2016-06-30": "$2,262", "2016-03-31": "$2,566", "2015-12-31": "$2,487", "2015-09-30": "$2,598", "2015-06-30": "$2,268", "2015-03-31": "$2,984", "2014-12-31": "$3,078", "2014-09-30": "$2,595", "2014-06-30": "$2,698", "2014-03-31": "$3,930", "2013-12-31": "$2,533", "2013-09-30": "$2,387", "2013-06-30": "$2,225", "2013-03-31": "$2,516", "2012-12-31": "$2,349", "2012-09-30": "$2,190", "2012-06-30": "$2,013", "2012-03-31": "$2,239", "2011-12-31": "$2,134", "2011-09-30": "$2,265", "2011-06-30": "$2,028", "2011-03-31": "$2,431", "2010-12-31": "$2,141", "2010-09-30": "$2,139", "2010-06-30": "$1,792", "2010-03-31": "$2,453", "2009-12-31": "$2,121", "2009-09-30": "$1,950", "2009-06-30": "$1,688", "2009-03-31": "$2,255", "2008-12-31": "$2,170", "2008-09-30": "$2,338", "2008-06-30": "$2,251", "2008-03-31": "$2,570", "2007-12-31": "$2,207", "2007-09-30": "$2,128", "2007-06-30": "$1,677", "2007-03-31": "$2,463", "2006-12-31": "$1,431", "2006-09-30": "$2,196", "2006-06-30": "$1,895", "2006-03-31": "$2,635", "2005-12-31": "$1,784", "2005-09-30": "$2,060", "2005-06-30": "$1,941", "2005-03-31": "$2,309"}}, "gross-profit": {"DTE Energy Annual Gross Profit (Millions of US $)": {"2019": "$5,818", "2018": "$5,601", "2017": "$5,443", "2016": "$5,100", "2015": "$4,775", "2014": "$5,279", "2013": "$4,836", "2012": "$5,495", "2011": "$5,321", "2010": "$5,335", "2009": "$4,896", "2008": "$5,023", "2007": "$4,923", "2006": "$5,110", "2005": "$4,564"}, "DTE Energy Quarterly Gross Profit (Millions of US $)": {"2020-09-30": "$1,649", "2020-06-30": "$1,420", "2020-03-31": "$1,587", "2019-12-31": "$1,539", "2019-09-30": "$1,462", "2019-06-30": "$1,270", "2019-03-31": "$1,547", "2018-12-31": "$1,477", "2018-09-30": "$1,415", "2018-06-30": "$1,282", "2018-03-31": "$1,427", "2017-12-31": "$1,366", "2017-09-30": "$1,339", "2017-06-30": "$1,211", "2017-03-31": "$1,527", "2016-12-31": "$1,353", "2016-09-30": "$1,391", "2016-06-30": "$1,131", "2016-03-31": "$1,225", "2015-12-31": "$1,154", "2015-09-30": "$1,270", "2015-06-30": "$1,065", "2015-03-31": "$1,286", "2014-12-31": "$606", "2014-09-30": "$1,476", "2014-06-30": "$1,422", "2014-03-31": "$1,775", "2013-12-31": "$639", "2013-09-30": "$1,420", "2013-06-30": "$1,285", "2013-03-31": "$1,492", "2012-12-31": "$1,400", "2012-09-30": "$1,429", "2012-06-30": "$1,316", "2012-03-31": "$1,350", "2011-12-31": "$1,305", "2011-09-30": "$1,399", "2011-06-30": "$1,257", "2011-03-31": "$1,360", "2010-12-31": "$1,317", "2010-09-30": "$1,376", "2010-06-30": "$1,184", "2010-03-31": "$1,458", "2009-12-31": "$1,275", "2009-09-30": "$1,215", "2009-06-30": "$1,111", "2009-03-31": "$1,295", "2008-12-31": "$1,196", "2008-09-30": "$1,304", "2008-06-30": "$1,219", "2008-03-31": "$1,304", "2007-12-31": "$1,251", "2007-09-30": "$1,365", "2007-06-30": "$979", "2007-03-31": "$1,328", "2006-12-31": "$661", "2006-09-30": "$1,567", "2006-06-30": "$1,307", "2006-03-31": "$1,575", "2005-12-31": "$700", "2005-09-30": "$1,221", "2005-06-30": "$1,303", "2005-03-31": "$1,340"}}, "operating-income": {"DTE Energy Annual Operating Income (Millions of US $)": {"2019": "$1,707", "2018": "$1,594", "2017": "$1,711", "2016": "$1,486", "2015": "$1,239", "2014": "$1,590", "2013": "$1,203", "2012": "$1,279", "2011": "$1,421", "2010": "$1,470", "2009": "$1,249", "2008": "$1,263", "2007": "$1,605", "2006": "$1,067", "2005": "$898"}, "DTE Energy Quarterly Operating Income (Millions of US $)": {"2020-09-30": "$608", "2020-06-30": "$367", "2020-03-31": "$546", "2019-12-31": "$415", "2019-09-30": "$450", "2019-06-30": "$300", "2019-03-31": "$542", "2018-12-31": "$332", "2018-09-30": "$429", "2018-06-30": "$329", "2018-03-31": "$504", "2017-12-31": "$372", "2017-09-30": "$434", "2017-06-30": "$320", "2017-03-31": "$585", "2016-12-31": "$342", "2016-09-30": "$507", "2016-06-30": "$256", "2016-03-31": "$381", "2015-12-31": "$134", "2015-09-30": "$440", "2015-06-30": "$204", "2015-03-31": "$461", "2014-12-31": "$542", "2014-09-30": "$239", "2014-06-30": "$249", "2014-03-31": "$560", "2013-12-31": "$241", "2013-09-30": "$329", "2013-06-30": "$223", "2013-03-31": "$410", "2012-12-31": "$267", "2012-09-30": "$406", "2012-06-30": "$294", "2012-03-31": "$312", "2011-12-31": "$344", "2011-09-30": "$399", "2011-06-30": "$288", "2011-03-31": "$390", "2010-12-31": "$356", "2010-09-30": "$386", "2010-06-30": "$256", "2010-03-31": "$472", "2009-12-31": "$307", "2009-09-30": "$332", "2009-06-30": "$215", "2009-03-31": "$395", "2008-12-31": "$302", "2008-09-30": "$375", "2008-06-30": "$157", "2008-03-31": "$429", "2007-12-31": "$328", "2007-09-30": "$286", "2007-06-30": "$721", "2007-03-31": "$270", "2006-12-31": "$482", "2006-09-30": "$373", "2006-06-30": "$-30", "2006-03-31": "$242", "2005-12-31": "$533", "2005-09-30": "$51", "2005-06-30": "$90", "2005-03-31": "$224"}}, "ebitda": {"DTE Energy Annual EBITDA (Millions of US $)": {"2019": "$3,030", "2018": "$2,763", "2017": "$2,794", "2016": "$2,520", "2015": "$2,137", "2014": "$2,783", "2013": "$2,335", "2012": "$2,326", "2011": "$2,462", "2010": "$2,497", "2009": "$2,269", "2008": "$2,162", "2007": "$2,531", "2006": "$2,081", "2005": "$1,770"}, "DTE Energy Quarterly EBITDA (Millions of US $)": {"2020-09-30": "$973", "2020-06-30": "$717", "2020-03-31": "$912", "2019-12-31": "$770", "2019-09-30": "$787", "2019-06-30": "$620", "2019-03-31": "$853", "2018-12-31": "$636", "2018-09-30": "$716", "2018-06-30": "$611", "2018-03-31": "$800", "2017-12-31": "$660", "2017-09-30": "$707", "2017-06-30": "$581", "2017-03-31": "$846", "2016-12-31": "$630", "2016-09-30": "$752", "2016-06-30": "$513", "2016-03-31": "$625", "2015-12-31": "$367", "2015-09-30": "$648", "2015-06-30": "$439", "2015-03-31": "$683", "2014-12-31": "$847", "2014-09-30": "$546", "2014-06-30": "$545", "2014-03-31": "$845", "2013-12-31": "$537", "2013-09-30": "$621", "2013-06-30": "$499", "2013-03-31": "$678", "2012-12-31": "$542", "2012-09-30": "$696", "2012-06-30": "$544", "2012-03-31": "$544", "2011-12-31": "$633", "2011-09-30": "$658", "2011-06-30": "$536", "2011-03-31": "$635", "2010-12-31": "$608", "2010-09-30": "$657", "2010-06-30": "$509", "2010-03-31": "$723", "2009-12-31": "$589", "2009-09-30": "$598", "2009-06-30": "$455", "2009-03-31": "$627", "2008-12-31": "$526", "2008-09-30": "$610", "2008-06-30": "$372", "2008-03-31": "$654", "2007-12-31": "$538", "2007-09-30": "$535", "2007-06-30": "$963", "2007-03-31": "$495", "2006-12-31": "$695", "2006-09-30": "$728", "2006-06-30": "$191", "2006-03-31": "$467", "2005-12-31": "$742", "2005-09-30": "$290", "2005-06-30": "$306", "2005-03-31": "$432"}}, "net-income": {"DTE Energy Annual Net Income (Millions of US $)": {"2019": "$1,169", "2018": "$1,120", "2017": "$1,134", "2016": "$868", "2015": "$727", "2014": "$905", "2013": "$661", "2012": "$610", "2011": "$711", "2010": "$630", "2009": "$532", "2008": "$546", "2007": "$787", "2006": "$433", "2005": "$537"}, "DTE Energy Quarterly Net Income (Millions of US $)": {"2020-09-30": "$476", "2020-06-30": "$277", "2020-03-31": "$340", "2019-12-31": "$267", "2019-09-30": "$319", "2019-06-30": "$182", "2019-03-31": "$401", "2018-12-31": "$191", "2018-09-30": "$334", "2018-06-30": "$234", "2018-03-31": "$361", "2017-12-31": "$287", "2017-09-30": "$270", "2017-06-30": "$177", "2017-03-31": "$400", "2016-12-31": "$131", "2016-09-30": "$338", "2016-06-30": "$152", "2016-03-31": "$247", "2015-12-31": "$80", "2015-09-30": "$265", "2015-06-30": "$109", "2015-03-31": "$273", "2014-12-31": "$299", "2014-09-30": "$156", "2014-06-30": "$124", "2014-03-31": "$326", "2013-12-31": "$124", "2013-09-30": "$198", "2013-06-30": "$105", "2013-03-31": "$234", "2012-12-31": "$81", "2012-09-30": "$227", "2012-06-30": "$146", "2012-03-31": "$156", "2011-12-31": "$150", "2011-09-30": "$183", "2011-06-30": "$202", "2011-03-31": "$176", "2010-12-31": "$152", "2010-09-30": "$163", "2010-06-30": "$86", "2010-03-31": "$229", "2009-12-31": "$120", "2009-09-30": "$151", "2009-06-30": "$83", "2009-03-31": "$178", "2008-12-31": "$129", "2008-09-30": "$177", "2008-06-30": "$28", "2008-03-31": "$212", "2007-12-31": "$71", "2007-09-30": "$197", "2007-06-30": "$385", "2007-03-31": "$134", "2006-12-31": "$142", "2006-09-30": "$188", "2006-06-30": "$-33", "2006-03-31": "$136", "2005-12-31": "$382", "2005-09-30": "$4", "2005-06-30": "$29", "2005-03-31": "$122"}}, "eps-earnings-per-share-diluted": {"DTE Energy Annual EPS": {"2019": "$6.31", "2018": "$6.17", "2017": "$6.32", "2016": "$4.83", "2015": "$4.05", "2014": "$5.10", "2013": "$3.76", "2012": "$3.55", "2011": "$4.18", "2010": "$3.74", "2009": "$3.24", "2008": "$3.34", "2007": "$5.69", "2006": "$2.43", "2005": "$3.05"}, "DTE Energy Quarterly EPS": {"2020-09-30": "$2.46", "2020-06-30": "$1.44", "2020-03-31": "$1.76", "2019-12-31": "$1.40", "2019-09-30": "$1.73", "2019-06-30": "$0.99", "2019-03-31": "$2.19", "2018-12-31": "$1.04", "2018-09-30": "$1.84", "2018-06-30": "$1.29", "2018-03-31": "$2.00", "2017-12-31": "$1.59", "2017-09-30": "$1.51", "2017-06-30": "$0.99", "2017-03-31": "$2.23", "2016-12-31": "$0.74", "2016-09-30": "$1.88", "2016-06-30": "$0.84", "2016-03-31": "$1.37", "2015-12-31": "$0.44", "2015-09-30": "$1.47", "2015-06-30": "$0.61", "2015-03-31": "$1.53", "2014-12-31": "$1.68", "2014-09-30": "$0.88", "2014-06-30": "$0.70", "2014-03-31": "$1.84", "2013-12-31": "$0.69", "2013-09-30": "$1.13", "2013-06-30": "$0.60", "2013-03-31": "$1.34", "2012-12-31": "$0.47", "2012-09-30": "$1.31", "2012-06-30": "$0.86", "2012-03-31": "$0.91", "2011-12-31": "$0.88", "2011-09-30": "$1.07", "2011-06-30": "$1.19", "2011-03-31": "$1.04", "2010-12-31": "$0.89", "2010-09-30": "$0.96", "2010-06-30": "$0.51", "2010-03-31": "$1.38", "2009-12-31": "$0.72", "2009-09-30": "$0.92", "2009-06-30": "$0.51", "2009-03-31": "$1.09", "2008-12-31": "$0.80", "2008-09-30": "$1.08", "2008-06-30": "$0.17", "2008-03-31": "$1.29", "2007-12-31": "$1.54", "2007-09-30": "$1.19", "2007-06-30": "$2.20", "2007-03-31": "$0.76", "2006-12-31": "$0.80", "2006-09-30": "$1.06", "2006-06-30": "$-0.19", "2006-03-31": "$0.76", "2005-12-31": "$2.16", "2005-09-30": "$0.02", "2005-06-30": "$0.17", "2005-03-31": "$0.70"}}, "shares-outstanding": {"DTE Energy Annual Shares Outstanding (Millions of Shares)": {"2019": "185", "2018": "181", "2017": "179", "2016": "179", "2015": "179", "2014": "177", "2013": "175", "2012": "172", "2011": "170", "2010": "169", "2009": "164", "2008": "163", "2007": "171", "2006": "178", "2005": "176"}, "DTE Energy Quarterly Shares Outstanding (Millions of Shares)": {"2020-09-30": "193", "2020-06-30": "193", "2020-03-31": "192", "2019-12-31": "185", "2019-09-30": "184", "2019-06-30": "184", "2019-03-31": "183", "2018-12-31": "181", "2018-09-30": "182", "2018-06-30": "181", "2018-03-31": "180", "2017-12-31": "179", "2017-09-30": "179", "2017-06-30": "179", "2017-03-31": "179", "2016-12-31": "179", "2016-09-30": "180", "2016-06-30": "180", "2016-03-31": "180", "2015-12-31": "179", "2015-09-30": "180", "2015-06-30": "179", "2015-03-31": "178", "2014-12-31": "177", "2014-09-30": "177", "2014-06-30": "177", "2014-03-31": "177", "2013-12-31": "175", "2013-09-30": "176", "2013-06-30": "175", "2013-03-31": "173", "2012-12-31": "172", "2012-09-30": "172", "2012-06-30": "171", "2012-03-31": "170", "2011-12-31": "170", "2011-09-30": "170", "2011-06-30": "170", "2011-03-31": "170", "2010-12-31": "169", "2010-09-30": "170", "2010-06-30": "169", "2010-03-31": "166", "2009-12-31": "164", "2009-09-30": "165", "2009-06-30": "164", "2009-03-31": "163", "2008-12-31": "163", "2008-09-30": "163", "2008-06-30": "163", "2008-03-31": "163", "2007-12-31": "171", "2007-09-30": "166", "2007-06-30": "175", "2007-03-31": "177", "2006-12-31": "178", "2006-09-30": "178", "2006-06-30": "177", "2006-03-31": "178", "2005-12-31": "176", "2005-09-30": "177", "2005-06-30": "175", "2005-03-31": "175"}}, "total-assets": {"DTE Energy Annual Total Assets (Millions of US $)": {"2019": "$41,882", "2018": "$36,288", "2017": "$33,767", "2016": "$32,041", "2015": "$28,662", "2014": "$27,899", "2013": "$25,935", "2012": "$26,339", "2011": "$26,009", "2010": "$24,896", "2009": "$24,195", "2008": "$24,590", "2007": "$23,742", "2006": "$23,785", "2005": "$23,335"}, "DTE Energy Quarterly Total Assets (Millions of US $)": {"2020-09-30": "$44,439", "2020-06-30": "$43,739", "2020-03-31": "$43,232", "2019-12-31": "$41,882", "2019-09-30": "$38,345", "2019-06-30": "$36,851", "2019-03-31": "$36,434", "2018-12-31": "$36,288", "2018-09-30": "$35,292", "2018-06-30": "$34,330", "2018-03-31": "$33,841", "2017-12-31": "$33,767", "2017-09-30": "$33,071", "2017-06-30": "$32,582", "2017-03-31": "$32,149", "2016-12-31": "$32,041", "2016-09-30": "$29,462", "2016-06-30": "$28,769", "2016-03-31": "$28,564", "2015-12-31": "$28,662", "2015-09-30": "$28,654", "2015-06-30": "$28,350", "2015-03-31": "$28,068", "2014-12-31": "$27,899", "2014-09-30": "$26,376", "2014-06-30": "$26,189", "2014-03-31": "$26,161", "2013-12-31": "$25,935", "2013-09-30": "$26,231", "2013-06-30": "$25,944", "2013-03-31": "$25,949", "2012-12-31": "$26,339", "2012-09-30": "$25,909", "2012-06-30": "$26,075", "2012-03-31": "$25,846", "2011-12-31": "$26,009", "2011-09-30": "$24,780", "2011-06-30": "$24,579", "2011-03-31": "$24,489", "2010-12-31": "$24,896", "2010-09-30": "$24,266", "2010-06-30": "$24,033", "2010-03-31": "$24,203", "2009-12-31": "$24,195", "2009-09-30": "$23,959", "2009-06-30": "$23,895", "2009-03-31": "$24,188", "2008-12-31": "$24,590", "2008-09-30": "$23,688", "2008-06-30": "$23,906", "2008-03-31": "$23,148", "2007-12-31": "$23,742", "2007-09-30": "$23,826", "2007-06-30": "$23,958", "2007-03-31": "$23,436", "2006-12-31": "$23,785", "2006-09-30": "$22,316", "2006-06-30": "$22,220", "2006-03-31": "$22,377", "2005-12-31": "$23,335", "2005-09-30": "$23,714", "2005-06-30": "$21,822", "2005-03-31": "$21,543"}}, "cash-on-hand": {"DTE Energy Annual Cash on Hand (Millions of US $)": {"2019": "$93", "2018": "$76", "2017": "$89", "2016": "$113", "2015": "$60", "2014": "$168", "2013": "$175", "2012": "$187", "2011": "$215", "2010": "$185", "2009": "$136", "2008": "$172", "2007": "$263", "2006": "$293", "2005": "$210"}, "DTE Energy Quarterly Cash on Hand (Millions of US $)": {"2020-09-30": "$962", "2020-06-30": "$621", "2020-03-31": "$676", "2019-12-31": "$93", "2019-09-30": "$76", "2019-06-30": "$62", "2019-03-31": "$61", "2018-12-31": "$76", "2018-09-30": "$104", "2018-06-30": "$86", "2018-03-31": "$186", "2017-12-31": "$89", "2017-09-30": "$86", "2017-06-30": "$84", "2017-03-31": "$102", "2016-12-31": "$113", "2016-09-30": "$87", "2016-06-30": "$54", "2016-03-31": "$58", "2015-12-31": "$60", "2015-09-30": "$88", "2015-06-30": "$251", "2015-03-31": "$123", "2014-12-31": "$168", "2014-09-30": "$121", "2014-06-30": "$185", "2014-03-31": "$155", "2013-12-31": "$175", "2013-09-30": "$135", "2013-06-30": "$158", "2013-03-31": "$283", "2012-12-31": "$187", "2012-09-30": "$128", "2012-06-30": "$295", "2012-03-31": "$143", "2011-12-31": "$215", "2011-09-30": "$119", "2011-06-30": "$179", "2011-03-31": "$264", "2010-12-31": "$185", "2010-09-30": "$140", "2010-06-30": "$211", "2010-03-31": "$232", "2009-12-31": "$136", "2009-09-30": "$111", "2009-06-30": "$111", "2009-03-31": "$110", "2008-12-31": "$172", "2008-09-30": "$259", "2008-06-30": "$531", "2008-03-31": "$160", "2007-12-31": "$263", "2007-09-30": "$249", "2007-06-30": "$1,136", "2007-03-31": "$234", "2006-12-31": "$293", "2006-09-30": "$158", "2006-06-30": "$203", "2006-03-31": "$174", "2005-12-31": "$210", "2005-09-30": "$187", "2005-06-30": "$193", "2005-03-31": "$134"}}, "long-term-debt": {"DTE Energy Annual Long Term Debt (Millions of US $)": {"2019": "$15,935", "2018": "$12,134", "2017": "$12,185", "2016": "$11,269", "2015": "$8,760", "2014": "$8,343", "2013": "$7,214", "2012": "$7,014", "2011": "$7,187", "2010": "$7,089", "2009": "$7,370", "2008": "$7,741", "2007": "$6,971", "2006": "$7,474", "2005": "$7,080"}, "DTE Energy Quarterly Long Term Debt (Millions of US $)": {"2020-09-30": "$18,219", "2020-06-30": "$17,341", "2020-03-31": "$17,026", "2019-12-31": "$15,935", "2019-09-30": "$13,858", "2019-06-30": "$13,569", "2019-03-31": "$12,776", "2018-12-31": "$12,134", "2018-09-30": "$13,620", "2018-06-30": "$12,705", "2018-03-31": "$12,185", "2017-12-31": "$12,185", "2017-09-30": "$11,795", "2017-06-30": "$11,358", "2017-03-31": "$11,758", "2016-12-31": "$11,269", "2016-09-30": "$9,478", "2016-06-30": "$9,343", "2016-03-31": "$8,758", "2015-12-31": "$8,760", "2015-09-30": "$8,856", "2015-06-30": "$8,835", "2015-03-31": "$8,838", "2014-12-31": "$8,343", "2014-09-30": "$7,909", "2014-06-30": "$7,813", "2014-03-31": "$6,923", "2013-12-31": "$7,214", "2013-09-30": "$6,846", "2013-06-30": "$6,806", "2013-03-31": "$7,218", "2012-12-31": "$7,014", "2012-09-30": "$7,120", "2012-06-30": "$7,212", "2012-03-31": "$7,093", "2011-12-31": "$7,187", "2011-09-30": "$7,497", "2011-06-30": "$7,507", "2011-03-31": "$7,015", "2010-12-31": "$7,089", "2010-09-30": "$7,074", "2010-06-30": "$6,633", "2010-03-31": "$7,295", "2009-12-31": "$7,370", "2009-09-30": "$7,874", "2009-06-30": "$7,943", "2009-03-31": "$7,495", "2008-12-31": "$7,741", "2008-09-30": "$7,444", "2008-06-30": "$7,286", "2008-03-31": "$6,645", "2007-12-31": "$6,971", "2007-09-30": "$6,961", "2007-06-30": "$7,304", "2007-03-31": "$7,378", "2006-12-31": "$7,474", "2006-09-30": "$7,282", "2006-06-30": "$7,515", "2006-03-31": "$7,004", "2005-12-31": "$7,080", "2005-09-30": "$6,797", "2005-06-30": "$6,989", "2005-03-31": "$7,541"}}, "total-liabilities": {"DTE Energy Annual Total Liabilities (Millions of US $)": {"2019": "$30,046", "2018": "$25,571", "2017": "$23,777", "2016": "$22,542", "2015": "$19,867", "2014": "$19,557", "2013": "$17,981", "2012": "$18,928", "2011": "$18,956", "2010": "$18,129", "2009": "$17,879", "2008": "$18,552", "2007": "$17,889", "2006": "$17,936", "2005": "$17,566"}, "DTE Energy Quarterly Total Liabilities (Millions of US $)": {"2020-09-30": "$31,951", "2020-06-30": "$31,847", "2020-03-31": "$31,244", "2019-12-31": "$30,046", "2019-09-30": "$27,441", "2019-06-30": "$26,282", "2019-03-31": "$25,414", "2018-12-31": "$25,571", "2018-09-30": "$24,602", "2018-06-30": "$24,012", "2018-03-31": "$23,478", "2017-12-31": "$23,777", "2017-09-30": "$23,218", "2017-06-30": "$23,011", "2017-03-31": "$22,461", "2016-12-31": "$22,542", "2016-09-30": "$20,313", "2016-06-30": "$19,970", "2016-03-31": "$19,654", "2015-12-31": "$19,867", "2015-09-30": "$19,821", "2015-06-30": "$19,793", "2015-03-31": "$19,390", "2014-12-31": "$19,557", "2014-09-30": "$18,190", "2014-06-30": "$18,163", "2014-03-31": "$18,024", "2013-12-31": "$17,981", "2013-09-30": "$18,321", "2013-06-30": "$18,357", "2013-03-31": "$18,317", "2012-12-31": "$18,928", "2012-09-30": "$18,478", "2012-06-30": "$18,891", "2012-03-31": "$18,699", "2011-12-31": "$18,956", "2011-09-30": "$17,771", "2011-06-30": "$17,755", "2011-03-31": "$17,652", "2010-12-31": "$18,129", "2010-09-30": "$17,577", "2010-06-30": "$17,433", "2010-03-31": "$17,608", "2009-12-31": "$17,879", "2009-09-30": "$17,687", "2009-06-30": "$17,716", "2009-03-31": "$18,036", "2008-12-31": "$18,552", "2008-09-30": "$17,692", "2008-06-30": "$18,005", "2008-03-31": "$17,183", "2007-12-31": "$17,889", "2007-09-30": "$18,129", "2007-06-30": "$18,069", "2007-03-31": "$17,620", "2006-12-31": "$17,936", "2006-09-30": "$16,452", "2006-06-30": "$16,505", "2006-03-31": "$16,519", "2005-12-31": "$17,566", "2005-09-30": "$18,283", "2005-06-30": "$16,378", "2005-03-31": "$16,014"}}, "total-share-holder-equity": {"DTE Energy Annual Share Holder Equity (Millions of US $)": {"2019": "$11,836", "2018": "$10,717", "2017": "$9,990", "2016": "$9,499", "2015": "$8,795", "2014": "$8,342", "2013": "$7,954", "2012": "$7,411", "2011": "$7,053", "2010": "$6,767", "2009": "$6,316", "2008": "$6,038", "2007": "$5,853", "2006": "$5,849", "2005": "$5,769"}, "DTE Energy Quarterly Share Holder Equity (Millions of US $)": {"2020-09-30": "$12,488", "2020-06-30": "$11,892", "2020-03-31": "$11,988", "2019-12-31": "$11,836", "2019-09-30": "$10,904", "2019-06-30": "$10,569", "2019-03-31": "$11,020", "2018-12-31": "$10,717", "2018-09-30": "$10,690", "2018-06-30": "$10,318", "2018-03-31": "$10,363", "2017-12-31": "$9,990", "2017-09-30": "$9,853", "2017-06-30": "$9,571", "2017-03-31": "$9,688", "2016-12-31": "$9,499", "2016-09-30": "$9,149", "2016-06-30": "$8,799", "2016-03-31": "$8,910", "2015-12-31": "$8,795", "2015-09-30": "$8,833", "2015-06-30": "$8,557", "2015-03-31": "$8,678", "2014-12-31": "$8,342", "2014-09-30": "$8,186", "2014-06-30": "$8,026", "2014-03-31": "$8,137", "2013-12-31": "$7,954", "2013-09-30": "$7,910", "2013-06-30": "$7,587", "2013-03-31": "$7,632", "2012-12-31": "$7,411", "2012-09-30": "$7,431", "2012-06-30": "$7,184", "2012-03-31": "$7,147", "2011-12-31": "$7,053", "2011-09-30": "$7,009", "2011-06-30": "$6,824", "2011-03-31": "$6,837", "2010-12-31": "$6,767", "2010-09-30": "$6,689", "2010-06-30": "$6,600", "2010-03-31": "$6,595", "2009-12-31": "$6,316", "2009-09-30": "$6,272", "2009-06-30": "$6,179", "2009-03-31": "$6,152", "2008-12-31": "$6,038", "2008-09-30": "$5,996", "2008-06-30": "$5,901", "2008-03-31": "$5,965", "2007-12-31": "$5,853", "2007-09-30": "$5,697", "2007-06-30": "$5,889", "2007-03-31": "$5,816", "2006-12-31": "$5,849", "2006-09-30": "$5,864", "2006-06-30": "$5,715", "2006-03-31": "$5,858", "2005-12-31": "$5,769", "2005-09-30": "$5,431", "2005-06-30": "$5,444", "2005-03-31": "$5,529"}}, "profit-margins": {"current": "11.3%"}, "gross margin": {"2020-09-30": "51.47%", "2020-06-30": "50.61%", "2020-03-31": "48.11%", "2019-12-31": "45.92%", "2019-09-30": "43.37%", "2019-06-30": "41.67%", "2019-03-31": "40.94%", "2018-12-31": "39.41%", "2018-09-30": "39.98%", "2018-06-30": "40.32%", "2018-03-31": "40.71%", "2017-12-31": "43.17%", "2017-09-30": "44.47%", "2017-06-30": "46.09%", "2017-03-31": "47.81%", "2016-12-31": "47.98%", "2016-09-30": "47.85%", "2016-06-30": "48.22%", "2016-03-31": "47.52%", "2015-12-31": "46.19%", "2015-09-30": "38.68%", "2015-06-30": "40.58%", "2015-03-31": "42.18%", "2014-12-31": "42.92%", "2014-09-30": "45.19%", "2014-06-30": "45.51%", "2014-03-31": "46.22%", "2013-12-31": "50.06%", "2013-09-30": "59.06%", "2013-06-30": "60.41%", "2013-03-31": "62.16%", "2012-12-31": "62.51%", "2012-09-30": "62.97%", "2012-06-30": "62.07%", "2012-03-31": "61.29%", "2011-12-31": "60.07%", "2011-09-30": "60.16%", "2011-06-30": "60.76%", "2011-03-31": "61.59%", "2010-12-31": "62.58%", "2010-09-30": "62.23%", "2010-06-30": "61.71%", "2010-03-31": "61.60%", "2009-12-31": "61.09%", "2009-09-30": "59.74%", "2009-06-30": "58.05%", "2009-03-31": "55.62%", "2008-12-31": "53.84%", "2008-09-30": "54.22%", "2008-06-30": "56.13%", "2008-03-31": "57.08%", "2007-12-31": "58.09%", "2007-09-30": "56.28%", "2007-06-30": "58.39%", "2007-03-31": "60.90%", "2006-12-31": "62.65%", "2006-09-30": "60.51%", "2006-06-30": "57.36%", "2006-03-31": "57.00%", "2005-12-31": "56.39%"}, "operating margin": {"2020-09-30": "16.08%", "2020-06-30": "14.98%", "2020-03-31": "14.05%", "2019-12-31": "13.47%", "2019-09-30": "12.24%", "2019-06-30": "11.70%", "2019-03-31": "11.68%", "2018-12-31": "11.22%", "2018-09-30": "11.90%", "2018-06-30": "12.21%", "2018-03-31": "12.42%", "2017-12-31": "13.57%", "2017-09-30": "13.77%", "2017-06-30": "14.75%", "2017-03-31": "14.96%", "2016-12-31": "13.98%", "2016-09-30": "12.48%", "2016-06-30": "12.22%", "2016-03-31": "11.68%", "2015-12-31": "11.99%", "2015-09-30": "15.07%", "2015-06-30": "13.24%", "2015-03-31": "13.13%", "2014-12-31": "12.93%", "2014-09-30": "10.96%", "2014-06-30": "11.94%", "2014-03-31": "12.22%", "2013-12-31": "12.45%", "2013-09-30": "12.97%", "2013-06-30": "14.07%", "2013-03-31": "15.19%", "2012-12-31": "14.55%", "2012-09-30": "15.81%", "2012-06-30": "15.59%", "2012-03-31": "15.50%", "2011-12-31": "16.04%", "2011-09-30": "16.16%", "2011-06-30": "16.25%", "2011-03-31": "16.32%", "2010-12-31": "17.24%", "2010-09-30": "16.71%", "2010-06-30": "16.44%", "2010-03-31": "16.15%", "2009-12-31": "15.59%", "2009-09-30": "15.43%", "2009-06-30": "15.23%", "2009-03-31": "13.63%", "2008-12-31": "13.54%", "2008-09-30": "13.76%", "2008-06-30": "13.11%", "2008-03-31": "20.55%", "2007-12-31": "18.94%", "2007-09-30": "22.85%", "2007-06-30": "23.77%", "2007-03-31": "13.71%", "2006-12-31": "13.08%", "2006-09-30": "13.14%", "2006-06-30": "9.51%", "2006-03-31": "10.88%", "2005-12-31": "11.09%"}, "ebitda margin": {"2020-09-30": "28.01%", "2020-06-30": "26.84%", "2020-03-31": "25.37%", "2019-12-31": "23.92%", "2019-09-30": "21.82%", "2019-06-30": "20.62%", "2019-03-31": "20.15%", "2018-12-31": "19.44%", "2018-09-30": "20.29%", "2018-06-30": "20.69%", "2018-03-31": "20.94%", "2017-12-31": "22.16%", "2017-09-30": "22.64%", "2017-06-30": "23.62%", "2017-03-31": "24.26%", "2016-12-31": "23.71%", "2016-09-30": "22.03%", "2016-06-30": "21.72%", "2016-03-31": "20.96%", "2015-12-31": "20.67%", "2015-09-30": "23.95%", "2015-06-30": "23.02%", "2015-03-31": "23.08%", "2014-12-31": "22.62%", "2014-09-30": "21.04%", "2014-06-30": "22.06%", "2014-03-31": "22.59%", "2013-12-31": "24.17%", "2013-09-30": "24.69%", "2013-06-30": "26.02%", "2013-03-31": "27.13%", "2012-12-31": "26.46%", "2012-09-30": "28.18%", "2012-06-30": "27.50%", "2012-03-31": "27.36%", "2011-12-31": "27.79%", "2011-09-30": "27.49%", "2011-06-30": "27.88%", "2011-03-31": "28.33%", "2010-12-31": "29.29%", "2010-09-30": "29.14%", "2010-06-30": "29.09%", "2010-03-31": "28.80%", "2009-12-31": "28.31%", "2009-09-30": "27.36%", "2009-06-30": "26.25%", "2009-03-31": "23.69%", "2008-12-31": "23.18%", "2008-09-30": "23.21%", "2008-06-30": "22.92%", "2008-03-31": "31.34%", "2007-12-31": "29.86%", "2007-09-30": "34.91%", "2007-06-30": "37.09%", "2007-03-31": "26.41%", "2006-12-31": "25.51%", "2006-09-30": "25.01%", "2006-06-30": "20.18%", "2006-03-31": "21.44%", "2005-12-31": "21.87%"}, "pre tax profit margin": {"2020-09-30": "12.56%", "2020-06-30": "11.25%", "2020-03-31": "10.29%", "2019-12-31": "10.45%", "2019-09-30": "9.03%", "2019-06-30": "8.79%", "2019-03-31": "9.01%", "2018-12-31": "8.56%", "2018-09-30": "9.15%", "2018-06-30": "9.12%", "2018-03-31": "9.16%", "2017-12-31": "10.21%", "2017-09-30": "10.03%", "2017-06-30": "11.12%", "2017-03-31": "11.38%", "2016-12-31": "10.40%", "2016-09-30": "9.86%", "2016-06-30": "9.49%", "2016-03-31": "8.84%", "2015-12-31": "9.19%", "2015-09-30": "12.16%", "2015-06-30": "10.44%", "2015-03-31": "10.44%", "2014-12-31": "10.37%", "2014-09-30": "8.46%", "2014-06-30": "9.46%", "2014-03-31": "9.63%", "2013-12-31": "9.54%", "2013-09-30": "9.93%", "2013-06-30": "10.80%", "2013-03-31": "11.79%", "2012-12-31": "10.92%", "2012-09-30": "12.06%", "2012-06-30": "11.36%", "2012-03-31": "10.86%", "2011-12-31": "11.19%", "2011-09-30": "10.94%", "2011-06-30": "10.78%", "2011-03-31": "10.55%", "2010-12-31": "11.28%", "2010-09-30": "10.70%", "2010-06-30": "10.49%", "2010-03-31": "10.38%", "2009-12-31": "9.76%", "2009-09-30": "9.85%", "2009-06-30": "9.95%", "2009-03-31": "8.63%", "2008-12-31": "8.78%", "2008-09-30": "9.18%", "2008-06-30": "8.52%", "2008-03-31": "15.43%", "2007-12-31": "13.63%", "2007-09-30": "16.25%", "2007-06-30": "16.76%", "2007-03-31": "7.03%", "2006-12-31": "6.57%", "2006-09-30": "6.99%", "2006-06-30": "3.68%", "2006-03-31": "5.07%", "2005-12-31": "5.13%"}, "net profit margin": {"2020-09-30": "11.30%", "2020-06-30": "10.13%", "2020-03-31": "9.10%", "2019-12-31": "9.23%", "2019-09-30": "8.24%", "2019-06-30": "8.09%", "2019-03-31": "8.30%", "2018-12-31": "7.88%", "2018-09-30": "8.85%", "2018-06-30": "8.58%", "2018-03-31": "8.34%", "2017-12-31": "9.00%", "2017-09-30": "8.01%", "2017-06-30": "8.80%", "2017-03-31": "9.04%", "2016-12-31": "8.17%", "2016-09-30": "7.98%", "2016-06-30": "7.51%", "2016-03-31": "7.07%", "2015-12-31": "7.03%", "2015-09-30": "8.66%", "2015-06-30": "7.66%", "2015-03-31": "7.50%", "2014-12-31": "7.36%", "2014-09-30": "6.21%", "2014-06-30": "6.69%", "2014-03-31": "6.80%", "2013-12-31": "6.84%", "2013-09-30": "6.52%", "2013-06-30": "6.97%", "2013-03-31": "7.59%", "2012-12-31": "6.94%", "2012-09-30": "7.92%", "2012-06-30": "7.34%", "2012-03-31": "7.97%", "2011-12-31": "8.03%", "2011-09-30": "8.04%", "2011-06-30": "7.93%", "2011-03-31": "6.79%", "2010-12-31": "7.39%", "2010-09-30": "7.03%", "2010-06-30": "7.05%", "2010-03-31": "7.10%", "2009-12-31": "6.64%", "2009-09-30": "6.71%", "2009-06-30": "6.71%", "2009-03-31": "5.68%", "2008-12-31": "5.85%", "2008-09-30": "5.21%", "2008-06-30": "5.55%", "2008-03-31": "10.08%", "2007-12-31": "9.29%", "2007-09-30": "11.14%", "2007-06-30": "10.93%", "2007-03-31": "5.40%", "2006-12-31": "5.31%", "2006-09-30": "7.91%", "2006-06-30": "5.84%", "2006-03-31": "6.54%", "2005-12-31": "6.63%"}, "pe ratio": {"current": "16.97", "2021-02-11": "17.28", "2020-09-30": "16.15", "2020-06-30": "16.68", "2020-03-31": "15.71", "2019-12-31": "19.82", "2019-09-30": "21.31", "2019-06-30": "19.97", "2019-03-31": "18.43", "2018-12-31": "16.67", "2018-09-30": "15.03", "2018-06-30": "14.89", "2018-03-31": "15.59", "2017-12-31": "15.62", "2017-09-30": "17.63", "2017-06-30": "16.15", "2017-03-31": "15.88", "2016-12-31": "17.90", "2016-09-30": "17.92", "2016-06-30": "20.67", "2016-03-31": "19.87", "2015-12-31": "16.75", "2015-09-30": "12.76", "2015-06-30": "13.22", "2015-03-31": "13.89", "2014-12-31": "13.85", "2014-09-30": "14.97", "2014-06-30": "14.32", "2014-03-31": "13.86", "2013-12-31": "13.90", "2013-09-30": "14.57", "2013-06-30": "13.94", "2013-03-31": "13.16", "2012-12-31": "12.84", "2012-09-30": "11.38", "2012-06-30": "11.86", "2012-03-31": "10.01", "2011-12-31": "9.49", "2011-09-30": "8.41", "2011-06-30": "8.71", "2011-03-31": "10.11", "2010-12-31": "8.41", "2010-09-30": "8.84", "2010-06-30": "8.67", "2010-03-31": "8.39", "2009-12-31": "8.82", "2009-09-30": "6.86", "2009-06-30": "5.94", "2009-03-31": "5.60", "2008-12-31": "6.62", "2008-09-30": "5.98", "2008-06-30": "6.09", "2008-03-31": "3.72", "2007-12-31": "4.54", "2007-09-30": "5.72", "2007-06-30": "5.79", "2007-03-31": "11.31", "2006-12-31": "11.30"}, "price sales": {"2021-02-11": "1.93", "2020-09-30": "1.81", "2020-06-30": "1.67", "2020-03-31": "1.41", "2019-12-31": "1.82", "2019-09-30": "1.75", "2019-06-30": "1.61", "2019-03-31": "1.53", "2018-12-31": "1.31", "2018-09-30": "1.33", "2018-06-30": "1.28", "2018-03-31": "1.30", "2017-12-31": "1.40", "2017-09-30": "1.41", "2017-06-30": "1.42", "2017-03-31": "1.43", "2016-12-31": "1.46", "2016-09-30": "1.43", "2016-06-30": "1.55", "2016-03-31": "1.40", "2015-12-31": "1.18", "2015-09-30": "1.10", "2015-06-30": "1.01", "2015-03-31": "1.04", "2014-12-31": "1.02", "2014-09-30": "0.93", "2014-06-30": "0.96", "2014-03-31": "0.94", "2013-12-31": "0.95", "2013-09-30": "0.95", "2013-06-30": "0.97", "2013-03-31": "0.99", "2012-12-31": "0.89", "2012-09-30": "0.90", "2012-06-30": "0.87", "2012-03-31": "0.80", "2011-12-31": "0.76", "2011-09-30": "0.68", "2011-06-30": "0.69", "2011-03-31": "0.69", "2010-12-31": "0.62", "2010-09-30": "0.62", "2010-06-30": "0.62", "2010-03-31": "0.60", "2009-12-31": "0.59", "2009-09-30": "0.47", "2009-06-30": "0.40", "2009-03-31": "0.32", "2008-12-31": "0.39", "2008-09-30": "0.43", "2008-06-30": "0.46", "2008-03-31": "0.46", "2007-12-31": "0.53", "2007-09-30": "0.64", "2007-06-30": "0.63", "2007-03-31": "0.61", "2006-12-31": "0.60"}, "price book": {"current": "1.87", "2021-02-11": "1.89", "2020-09-30": "1.77", "2020-06-30": "1.71", "2020-03-31": "1.48", "2019-12-31": "2.03", "2019-09-30": "2.14", "2019-06-30": "2.10", "2019-03-31": "1.95", "2018-12-31": "1.75", "2018-09-30": "1.72", "2018-06-30": "1.68", "2018-03-31": "1.67", "2017-12-31": "1.78", "2017-09-30": "1.75", "2017-06-30": "1.76", "2017-03-31": "1.67", "2016-12-31": "1.63", "2016-09-30": "1.60", "2016-06-30": "1.74", "2016-03-31": "1.56", "2015-12-31": "1.39", "2015-09-30": "1.37", "2015-06-30": "1.30", "2015-03-31": "1.38", "2014-12-31": "1.50", "2014-09-30": "1.33", "2014-06-30": "1.38", "2014-03-31": "1.29", "2013-12-31": "1.17", "2013-09-30": "1.15", "2013-06-30": "1.20", "2013-03-31": "1.19", "2012-12-31": "1.06", "2012-09-30": "1.04", "2012-06-30": "1.06", "2012-03-31": "0.96", "2011-12-31": "0.95", "2011-09-30": "0.85", "2011-06-30": "0.88", "2011-03-31": "0.85", "2010-12-31": "0.79", "2010-09-30": "0.80", "2010-06-30": "0.79", "2010-03-31": "0.76", "2009-12-31": "0.76", "2009-09-30": "0.61", "2009-06-30": "0.55", "2009-03-31": "0.47", "2008-12-31": "0.60", "2008-09-30": "0.67", "2008-06-30": "0.71", "2008-03-31": "0.64", "2007-12-31": "0.72", "2007-09-30": "0.81", "2007-06-30": "0.81", "2007-03-31": "0.83", "2006-12-31": "0.83", "2006-09-30": "0.70", "2006-06-30": "0.70", "2006-03-31": "0.66"}, "price fcf": {"2021-02-11": "", "2020-09-30": "$-1.00", "2020-06-30": "$-3.47", "2020-03-31": "$-2.98", "2019-12-31": "$-1.88", "2019-09-30": "$-3.06", "2019-06-30": "$-1.86", "2019-03-31": "$-1.45", "2018-12-31": "$-0.18", "2018-09-30": "$0.85", "2018-06-30": "$-0.04", "2018-03-31": "$-0.31", "2017-12-31": "$-0.74", "2017-09-30": "$-2.27", "2017-06-30": "$-1.27", "2017-03-31": "$-0.27", "2016-12-31": "$0.22", "2016-09-30": "$1.29", "2016-06-30": "$0.04", "2016-03-31": "$-0.79", "2015-12-31": "$-0.58", "2015-09-30": "$0.54", "2015-06-30": "$0.63", "2015-03-31": "$0.88", "2014-12-31": "$-0.90", "2014-09-30": "$-1.22", "2014-06-30": "$-0.21", "2014-03-31": "$0.74", "2013-12-31": "$1.79", "2013-09-30": "$1.49", "2013-06-30": "$2.67", "2013-03-31": "$2.34", "2012-12-31": "$2.48", "2012-09-30": "$3.49", "2012-06-30": "$2.52", "2012-03-31": "$1.91", "2011-12-31": "$3.19", "2011-09-30": "$3.16", "2011-06-30": "$3.36", "2011-03-31": "$3.75", "2010-12-31": "$4.63", "2010-09-30": "$4.12", "2010-06-30": "$4.80", "2010-03-31": "$5.52", "2009-12-31": "$5.29", "2009-09-30": "$4.87", "2009-06-30": "$-1.37", "2009-03-31": "$-0.42", "2008-12-31": "$1.29", "2008-09-30": "$-5.53", "2008-06-30": "$-2.87", "2008-03-31": "$3.05", "2007-12-31": "$-0.52", "2007-09-30": "$6.47", "2007-06-30": "$8.78", "2007-03-31": "$0.43", "2006-12-31": "$0.67"}, "net worth": {"value": "$23.37B"}, "current ratio": {"current": "1.12", "2020-09-30": "1.12", "2020-06-30": "0.83", "2020-03-31": "0.89", "2019-12-31": "0.77", "2019-09-30": "0.77", "2019-06-30": "0.75", "2019-03-31": "0.78", "2018-12-31": "0.74", "2018-09-30": "1.47", "2018-06-30": "1.16", "2018-03-31": "1.16", "2017-12-31": "1.10", "2017-09-30": "1.08", "2017-06-30": "0.96", "2017-03-31": "1.40", "2016-12-31": "1.13", "2016-09-30": "1.32", "2016-06-30": "1.20", "2016-03-31": "1.07", "2015-12-31": "1.02", "2015-09-30": "1.19", "2015-06-30": "1.21", "2015-03-31": "1.52", "2014-12-31": "1.17", "2014-09-30": "0.98", "2014-06-30": "0.97", "2014-03-31": "0.83", "2013-12-31": "0.88", "2013-09-30": "0.85", "2013-06-30": "0.84", "2013-03-31": "1.12", "2012-12-31": "1.05", "2012-09-30": "1.18", "2012-06-30": "1.16", "2012-03-31": "1.17", "2011-12-31": "1.22", "2011-09-30": "1.39", "2011-06-30": "1.23", "2011-03-31": "1.10", "2010-12-31": "1.15", "2010-09-30": "1.09", "2010-06-30": "0.88", "2010-03-31": "1.10", "2009-12-31": "1.09", "2009-09-30": "1.34", "2009-06-30": "1.22", "2009-03-31": "1.01", "2008-12-31": "1.11", "2008-09-30": "1.04", "2008-06-30": "1.02", "2008-03-31": "0.88", "2007-12-31": "0.95", "2007-09-30": "0.94", "2007-06-30": "1.04", "2007-03-31": "0.89", "2006-12-31": "0.95", "2006-09-30": "0.97", "2006-06-30": "0.97", "2006-03-31": "0.90", "2005-12-31": "0.95", "2005-09-30": "0.86", "2005-06-30": "0.84", "2005-03-31": "1.00"}, "quick ratio": {"2020-09-30": "0.88", "2020-06-30": "0.65", "2020-03-31": "0.71", "2019-12-31": "0.58", "2019-09-30": "0.56", "2019-06-30": "0.54", "2019-03-31": "0.61", "2018-12-31": "0.55", "2018-09-30": "1.10", "2018-06-30": "0.89", "2018-03-31": "0.93", "2017-12-31": "0.82", "2017-09-30": "0.77", "2017-06-30": "0.69", "2017-03-31": "1.05", "2016-12-31": "0.82", "2016-09-30": "0.92", "2016-06-30": "0.82", "2016-03-31": "0.77", "2015-12-31": "0.70", "2015-09-30": "0.82", "2015-06-30": "0.88", "2015-03-31": "1.17", "2014-12-31": "0.86", "2014-09-30": "0.70", "2014-06-30": "0.75", "2014-03-31": "0.70", "2013-12-31": "0.68", "2013-09-30": "0.61", "2013-06-30": "0.63", "2013-03-31": "0.90", "2012-12-31": "0.78", "2012-09-30": "0.84", "2012-06-30": "0.89", "2012-03-31": "0.90", "2011-12-31": "0.92", "2011-09-30": "1.02", "2011-06-30": "0.93", "2011-03-31": "0.89", "2010-12-31": "0.91", "2010-09-30": "0.80", "2010-06-30": "0.69", "2010-03-31": "0.92", "2009-12-31": "0.90", "2009-09-30": "1.05", "2009-06-30": "1.00", "2009-03-31": "0.86", "2008-12-31": "0.93", "2008-09-30": "0.82", "2008-06-30": "0.86", "2008-03-31": "0.76", "2007-12-31": "0.80", "2007-09-30": "0.75", "2007-06-30": "0.87", "2007-03-31": "0.75", "2006-12-31": "0.78", "2006-09-30": "0.76", "2006-06-30": "0.78", "2006-03-31": "0.79", "2005-12-31": "0.82", "2005-09-30": "0.72", "2005-06-30": "0.67", "2005-03-31": "0.84"}, "debt equity ratio": {"current": "1.46", "2020-09-30": "2.56", "2020-06-30": "2.68", "2020-03-31": "2.61", "2019-12-31": "2.54", "2019-09-30": "2.52", "2019-06-30": "2.49", "2019-03-31": "2.31", "2018-12-31": "2.39", "2018-09-30": "2.30", "2018-06-30": "2.33", "2018-03-31": "2.27", "2017-12-31": "2.38", "2017-09-30": "2.36", "2017-06-30": "2.40", "2017-03-31": "2.32", "2016-12-31": "2.37", "2016-09-30": "2.22", "2016-06-30": "2.27", "2016-03-31": "2.21", "2015-12-31": "2.26", "2015-09-30": "2.24", "2015-06-30": "2.31", "2015-03-31": "2.23", "2014-12-31": "2.34", "2014-09-30": "2.22", "2014-06-30": "2.26", "2014-03-31": "2.22", "2013-12-31": "2.26", "2013-09-30": "2.32", "2013-06-30": "2.42", "2013-03-31": "2.40", "2012-12-31": "2.55", "2012-09-30": "2.49", "2012-06-30": "2.63", "2012-03-31": "2.62", "2011-12-31": "2.69", "2011-09-30": "2.54", "2011-06-30": "2.60", "2011-03-31": "2.58", "2010-12-31": "2.68", "2010-09-30": "2.63", "2010-06-30": "2.64", "2010-03-31": "2.67", "2009-12-31": "2.83", "2009-09-30": "2.82", "2009-06-30": "2.87", "2009-03-31": "2.93", "2008-12-31": "3.07", "2008-09-30": "2.95", "2008-06-30": "3.05", "2008-03-31": "2.88", "2007-12-31": "3.06", "2007-09-30": "3.18", "2007-06-30": "3.07", "2007-03-31": "3.03", "2006-12-31": "3.07", "2006-09-30": "2.81", "2006-06-30": "2.89", "2006-03-31": "2.82", "2005-12-31": "3.05", "2005-09-30": "3.37", "2005-06-30": "3.01", "2005-03-31": "2.90"}, "return on equity": {"2020-09-30": "11.29%", "2020-06-30": "10.32%", "2020-03-31": "9.78%", "2019-12-31": "10.55%", "2019-09-30": "10.12%", "2019-06-30": "10.31%", "2019-03-31": "10.86%", "2018-12-31": "10.64%", "2018-09-30": "11.76%", "2018-06-30": "11.37%", "2018-03-31": "11.01%", "2017-12-31": "11.60%", "2017-09-30": "10.13%", "2017-06-30": "11.04%", "2017-03-31": "11.00%", "2016-12-31": "9.55%", "2016-09-30": "9.17%", "2016-06-30": "8.42%", "2016-03-31": "7.99%", "2015-12-31": "8.34%", "2015-09-30": "11.00%", "2015-06-30": "9.92%", "2015-03-31": "10.26%", "2014-12-31": "11.07%", "2014-09-30": "9.04%", "2014-06-30": "9.64%", "2014-03-31": "9.54%", "2013-12-31": "8.51%", "2013-09-30": "8.09%", "2013-06-30": "8.61%", "2013-03-31": "9.28%", "2012-12-31": "8.36%", "2012-09-30": "9.43%", "2012-06-30": "8.95%", "2012-03-31": "9.86%", "2011-12-31": "10.26%", "2011-09-30": "10.39%", "2011-06-30": "10.22%", "2011-03-31": "8.58%", "2010-12-31": "9.46%", "2010-09-30": "9.13%", "2010-06-30": "9.09%", "2010-03-31": "9.19%", "2009-12-31": "8.54%", "2009-09-30": "8.78%", "2009-06-30": "9.31%", "2009-03-31": "8.50%", "2008-12-31": "9.14%", "2008-09-30": "8.23%", "2008-06-30": "8.68%", "2008-03-31": "14.78%", "2007-12-31": "13.54%", "2007-09-30": "14.76%", "2007-06-30": "14.50%", "2007-03-31": "7.42%", "2006-12-31": "7.44%", "2006-09-30": "11.60%", "2006-06-30": "8.59%", "2006-03-31": "9.79%", "2005-12-31": "9.69%"}, "return on assets": {"2020-09-30": "3.14%", "2020-06-30": "2.88%", "2020-03-31": "2.76%", "2019-12-31": "3.05%", "2019-09-30": "2.96%", "2019-06-30": "3.06%", "2019-03-31": "3.26%", "2018-12-31": "3.21%", "2018-09-30": "3.54%", "2018-06-30": "3.41%", "2018-03-31": "3.29%", "2017-12-31": "3.45%", "2017-09-30": "3.01%", "2017-06-30": "3.31%", "2017-03-31": "3.34%", "2016-12-31": "2.92%", "2016-09-30": "2.83%", "2016-06-30": "2.60%", "2016-03-31": "2.45%", "2015-12-31": "2.56%", "2015-09-30": "3.35%", "2015-06-30": "3.02%", "2015-03-31": "3.14%", "2014-12-31": "3.40%", "2014-09-30": "2.79%", "2014-06-30": "2.95%", "2014-03-31": "2.89%", "2013-12-31": "2.54%", "2013-09-30": "2.37%", "2013-06-30": "2.49%", "2013-03-31": "2.64%", "2012-12-31": "2.34%", "2012-09-30": "2.62%", "2012-06-30": "2.47%", "2012-03-31": "2.73%", "2011-12-31": "2.85%", "2011-09-30": "2.89%", "2011-06-30": "2.82%", "2011-03-31": "2.36%", "2010-12-31": "2.59%", "2010-09-30": "2.47%", "2010-06-30": "2.43%", "2010-03-31": "2.42%", "2009-12-31": "2.21%", "2009-09-30": "2.24%", "2009-06-30": "2.35%", "2009-03-31": "2.13%", "2008-12-31": "2.29%", "2008-09-30": "2.07%", "2008-06-30": "2.15%", "2008-03-31": "3.65%", "2007-12-31": "3.32%", "2007-09-30": "3.61%", "2007-06-30": "3.63%", "2007-03-31": "1.88%", "2006-12-31": "1.91%", "2006-09-30": "2.98%", "2006-06-30": "2.13%", "2006-03-31": "2.42%", "2005-12-31": "2.38%"}, "return on investments": {"2020-09-30": "6.63%", "2020-06-30": "6.42%", "2020-03-31": "6.48%", "2019-12-31": "6.80%", "2019-09-30": "6.80%", "2019-06-30": "6.74%", "2019-03-31": "6.95%", "2018-12-31": "6.88%", "2018-09-30": "7.10%", "2018-06-30": "7.33%", "2018-03-31": "7.47%", "2017-12-31": "7.94%", "2017-09-30": "7.93%", "2017-06-30": "8.58%", "2017-03-31": "8.56%", "2016-12-31": "7.90%", "2016-09-30": "7.10%", "2016-06-30": "6.82%", "2016-03-31": "6.59%", "2015-12-31": "7.06%", "2015-09-30": "9.51%", "2015-06-30": "8.55%", "2015-03-31": "9.02%", "2014-12-31": "9.99%", "2014-09-30": "8.29%", "2014-06-30": "9.07%", "2014-03-31": "9.11%", "2013-12-31": "8.13%", "2013-09-30": "8.41%", "2013-06-30": "8.97%", "2013-03-31": "9.46%", "2012-12-31": "8.88%", "2012-09-30": "9.45%", "2012-06-30": "9.40%", "2012-03-31": "9.37%", "2011-12-31": "9.98%", "2011-09-30": "10.14%", "2011-06-30": "10.18%", "2011-03-31": "10.15%", "2010-12-31": "10.74%", "2010-09-30": "10.42%", "2010-06-30": "9.95%", "2010-03-31": "9.50%", "2009-12-31": "8.99%", "2009-09-30": "8.93%", "2009-06-30": "9.36%", "2009-03-31": "9.09%", "2008-12-31": "9.53%", "2008-09-30": "9.90%", "2008-06-30": "9.36%", "2008-03-31": "13.76%", "2007-12-31": "12.38%", "2007-09-30": "13.44%", "2007-06-30": "13.97%", "2007-03-31": "8.28%", "2006-12-31": "8.12%", "2006-09-30": "8.59%", "2006-06-30": "6.22%", "2006-03-31": "7.27%", "2005-12-31": "7.10%"}, "return on tangible equity": {"2020-09-30": "18.88%", "2020-06-30": "16.70%", "2020-03-31": "15.17%", "2019-12-31": "15.60%", "2019-09-30": "14.30%", "2019-06-30": "14.57%", "2019-03-31": "15.39%", "2018-12-31": "15.20%", "2018-09-30": "16.93%", "2018-06-30": "16.53%", "2018-03-31": "16.16%", "2017-12-31": "17.15%", "2017-09-30": "15.05%", "2017-06-30": "15.87%", "2017-03-31": "15.32%", "2016-12-31": "12.91%", "2016-09-30": "12.01%", "2016-06-30": "11.06%", "2016-03-31": "10.52%", "2015-12-31": "11.01%", "2015-09-30": "14.58%", "2015-06-30": "13.24%", "2015-03-31": "13.78%", "2014-12-31": "14.97%", "2014-09-30": "12.28%", "2014-06-30": "13.15%", "2014-03-31": "13.09%", "2013-12-31": "11.75%", "2013-09-30": "11.27%", "2013-06-30": "12.03%", "2013-03-31": "12.99%", "2012-12-31": "11.76%", "2012-09-30": "13.28%", "2012-06-30": "12.68%", "2012-03-31": "14.06%", "2011-12-31": "14.69%", "2011-09-30": "14.95%", "2011-06-30": "14.77%", "2011-03-31": "12.44%", "2010-12-31": "13.76%", "2010-09-30": "13.38%", "2010-06-30": "13.43%", "2010-03-31": "13.70%", "2009-12-31": "12.85%", "2009-09-30": "13.32%", "2009-06-30": "14.22%", "2009-03-31": "13.10%", "2008-12-31": "14.11%", "2008-09-30": "12.73%", "2008-06-30": "13.46%", "2008-03-31": "22.93%", "2007-12-31": "21.18%", "2007-09-30": "23.20%", "2007-06-30": "22.84%", "2007-03-31": "11.69%", "2006-12-31": "11.64%", "2006-09-30": "18.22%", "2006-06-30": "13.53%", "2006-03-31": "15.55%", "2005-12-31": "15.52%"}, "dividend yield history": {"last payout": "$4.34", "last yield": "3.58%"}}