{"ticker": "DUK", "price": {"title": "Duke Energy Historical Annual Stock Price Data", "value": 90.42, "historical": {"2021": {"Average Stock Price": "91.7246", "Year Open": "89.7100", "Year High": "94.7400", "Year Low": "88.9300", "Year Close": "90.4200", "Annual % Change": "-1.25%"}, "2020": {"Average Stock Price": "87.8004", "Year Open": "90.3400", "Year High": "102.4300", "Year Low": "64.1500", "Year Close": "91.5600", "Annual % Change": "0.38%"}, "2019": {"Average Stock Price": "89.8342", "Year Open": "84.7000", "Year High": "97.1700", "Year Low": "83.6600", "Year Close": "91.2100", "Annual % Change": "5.69%"}, "2018": {"Average Stock Price": "80.0575", "Year Open": "83.2300", "Year High": "90.9000", "Year Low": "72.1200", "Year Close": "86.3000", "Annual % Change": "2.60%"}, "2017": {"Average Stock Price": "84.1471", "Year Open": "77.7300", "Year High": "91.0900", "Year Low": "76.5000", "Year Close": "84.1100", "Annual % Change": "8.36%"}, "2016": {"Average Stock Price": "78.7985", "Year Open": "71.1900", "Year High": "87.2300", "Year Low": "71.0400", "Year Close": "77.6200", "Annual % Change": "8.73%"}, "2015": {"Average Stock Price": "74.7862", "Year Open": "84.0500", "Year High": "89.3600", "Year Low": "65.8300", "Year Close": "71.3900", "Annual % Change": "-14.54%"}, "2014": {"Average Stock Price": "73.8618", "Year Open": "68.1400", "Year High": "86.8300", "Year Low": "67.1300", "Year Close": "83.5400", "Annual % Change": "21.05%"}, "2013": {"Average Stock Price": "69.3561", "Year Open": "65.0100", "Year High": "75.2000", "Year Low": "64.6900", "Year Close": "69.0100", "Annual % Change": "8.17%"}, "2012": {"Average Stock Price": "64.7296", "Year Open": "64.8665", "Year High": "69.8470", "Year Low": "59.8700", "Year Close": "63.8000", "Annual % Change": "-3.34%"}, "2011": {"Average Stock Price": "56.9909", "Year Open": "53.5854", "Year High": "66.1866", "Year Low": "51.7552", "Year Close": "66.0066", "Annual % Change": "23.53%"}, "2010": {"Average Stock Price": "50.9483", "Year Open": "50.9151", "Year High": "55.5956", "Year Low": "46.8347", "Year Close": "53.4353", "Annual % Change": "3.49%"}, "2009": {"Average Stock Price": "45.2056", "Year Open": "46.2046", "Year High": "53.4353", "Year Low": "35.4335", "Year Close": "51.6352", "Annual % Change": "14.66%"}, "2008": {"Average Stock Price": "52.3581", "Year Open": "59.2559", "Year High": "61.4161", "Year Low": "43.2943", "Year Close": "45.0345", "Annual % Change": "-25.58%"}, "2007": {"Average Stock Price": "58.0042", "Year Open": "57.4257", "Year High": "63.0063", "Year Low": "51.0951", "Year Close": "60.5161", "Annual % Change": "-39.27%"}, "2006": {"Average Stock Price": "89.1136", "Year Open": "83.5284", "Year High": "101.5602", "Year Low": "81.7282", "Year Close": "99.6400", "Annual % Change": "20.98%"}, "2005": {"Average Stock Price": "83.2975", "Year Open": "75.1575", "Year High": "90.8191", "Year Low": "73.8374", "Year Close": "82.3582", "Annual % Change": "8.37%"}, "2004": {"Average Stock Price": "66.3426", "Year Open": "61.0561", "Year High": "78.1578", "Year Low": "57.2457", "Year Close": "75.9976", "Annual % Change": "23.86%"}, "2003": {"Average Stock Price": "52.3143", "Year Open": "59.7360", "Year High": "64.0564", "Year Low": "36.9637", "Year Close": "61.3561", "Annual % Change": "4.66%"}, "2002": {"Average Stock Price": "86.0011", "Year Open": "119.4119", "Year High": "119.4119", "Year Low": "49.6850", "Year Close": "58.6259", "Annual % Change": "-50.23%"}, "2001": {"Average Stock Price": "119.8511", "Year Open": "124.1374", "Year High": "142.4542", "Year Low": "98.8299", "Year Close": "117.7918", "Annual % Change": "-7.89%"}, "2000": {"Average Stock Price": "99.6367", "Year Open": "72.3822", "Year High": "134.9235", "Year Low": "69.5770", "Year Close": "127.8878", "Annual % Change": "70.06%"}, "1999": {"Average Stock Price": "83.9536", "Year Open": "96.8497", "Year High": "97.0447", "Year Low": "70.5971", "Year Close": "75.2025", "Annual % Change": "-21.75%"}, "1998": {"Average Stock Price": "89.5450", "Year Open": "82.8833", "Year High": "106.0456", "Year Low": "80.1680", "Year Close": "96.0996", "Annual % Change": "15.67%"}, "1997": {"Average Stock Price": "71.4830", "Year Open": "68.4518", "Year High": "84.2934", "Year Low": "63.2013", "Year Close": "83.0783", "Annual % Change": "19.74%"}, "1996": {"Average Stock Price": "72.3226", "Year Open": "71.6322", "Year High": "78.9454", "Year Low": "65.2565", "Year Close": "69.3819", "Annual % Change": "-2.39%"}, "1995": {"Average Stock Price": "62.2022", "Year Open": "57.2007", "Year High": "71.2571", "Year Low": "56.4506", "Year Close": "71.0771", "Annual % Change": "24.26%"}, "1994": {"Average Stock Price": "57.2604", "Year Open": "63.7564", "Year High": "64.1314", "Year Low": "50.4500", "Year Close": "57.2007", "Annual % Change": "-10.03%"}, "1993": {"Average Stock Price": "60.7247", "Year Open": "54.7555", "Year High": "67.3267", "Year Low": "53.4503", "Year Close": "63.5764", "Annual % Change": "17.30%"}, "1992": {"Average Stock Price": "51.6280", "Year Open": "51.9502", "Year High": "55.8806", "Year Low": "47.2547", "Year Close": "54.2004", "Annual % Change": "3.23%"}, "1991": {"Average Stock Price": "44.2722", "Year Open": "45.5746", "Year High": "52.5053", "Year Low": "40.3240", "Year Close": "52.5053", "Annual % Change": "14.27%"}, "1990": {"Average Stock Price": "42.4360", "Year Open": "42.0042", "Year High": "48.5749", "Year Low": "38.8164", "Year Close": "45.9496", "Annual % Change": "9.14%"}, "1989": {"Average Stock Price": "36.7800", "Year Open": "34.4134", "Year High": "42.1917", "Year Low": "32.0657", "Year Close": "42.1017", "Annual % Change": "21.36%"}, "1988": {"Average Stock Price": "33.9753", "Year Open": "32.6283", "Year High": "36.7537", "Year Low": "31.7882", "Year Close": "34.6910", "Annual % Change": "7.86%"}, "1987": {"Average Stock Price": "34.3128", "Year Open": "34.6910", "Year High": "38.4413", "Year Low": "30.3780", "Year Close": "32.1632", "Annual % Change": "-5.24%"}, "1986": {"Average Stock Price": "32.8708", "Year Open": "26.6277", "Year High": "38.9139", "Year Low": "26.5377", "Year Close": "33.9409", "Annual % Change": "27.90%"}, "1985": {"Average Stock Price": "24.4299", "Year Open": "21.7522", "Year High": "27.6628", "Year Low": "21.5647", "Year Close": "26.5377", "Annual % Change": "22.00%"}, "1984": {"Average Stock Price": "19.2326", "Year Open": "18.7519", "Year High": "22.2247", "Year Low": "16.7867", "Year Close": "21.7522", "Annual % Change": "15.40%"}}}, "market cap": {"value": "$68.68B"}, "income statement": {"Revenue": {"2019-12-31": "25079.00000", "2018-12-31": "24521.00000", "2017-12-31": "23565.00000", "2016-12-31": "22743.00000", "2015-12-31": "22371.00000", "2014-12-31": "22509.00000", "2013-12-31": "22756.00000", "2012-12-31": "17912.00000", "2011-12-31": "14529.00000", "2010-12-31": "14272.00000", "2009-12-31": "12731.00000", "2008-12-31": "13207.00000", "2007-12-31": "12720.00000", "2006-12-31": "10607.00000", "2005-12-31": "6906.00000"}, "Cost Of Goods Sold": {"2019-12-31": "7453.00000", "2018-12-31": "7528.00000", "2017-12-31": "6982.00000", "2016-12-31": "6890.00000", "2015-12-31": "7496.00000", "2014-12-31": "7917.00000", "2013-12-31": "7872.00000", "2012-12-31": "6448.00000", "2011-12-31": "5145.00000", "2010-12-31": "4925.00000", "2009-12-31": "4444.00000", "2008-12-31": "5020.00000", "2007-12-31": "4503.00000", "2006-12-31": "3711.00000", "2005-12-31": "1588.00000"}, "Gross Profit": {"2019-12-31": "17626.00000", "2018-12-31": "16993.00000", "2017-12-31": "16583.00000", "2016-12-31": "15853.00000", "2015-12-31": "14875.00000", "2014-12-31": "14592.00000", "2013-12-31": "14884.00000", "2012-12-31": "11464.00000", "2011-12-31": "9384.00000", "2010-12-31": "9347.00000", "2009-12-31": "8287.00000", "2008-12-31": "8187.00000", "2007-12-31": "8217.00000", "2006-12-31": "6896.00000", "2005-12-31": "5318.00000"}, "Research And Development Expenses": {"2019-12-31": "", "2018-12-31": "", "2017-12-31": "", "2016-12-31": "", "2015-12-31": "", "2014-12-31": "", "2013-12-31": "", "2012-12-31": "", "2011-12-31": "", "2010-12-31": "", "2009-12-31": "", "2008-12-31": "", "2007-12-31": "", "2006-12-31": "", "2005-12-31": ""}, "SG&A Expenses": {"2019-12-31": "7373.00000", "2018-12-31": "7743.00000", "2017-12-31": "7177.00000", "2016-12-31": "7366.00000", "2015-12-31": "6668.00000", "2014-12-31": "6710.00000", "2013-12-31": "6947.00000", "2012-12-31": "5752.00000", "2011-12-31": "4474.00000", "2010-12-31": "4527.00000", "2009-12-31": "3998.00000", "2008-12-31": "3990.00000", "2007-12-31": "3973.00000", "2006-12-31": "3954.00000", "2005-12-31": "2860.00000"}, "Other Operating Income Or Expenses": {"2019-12-31": "4.00000", "2018-12-31": "-491.00000", "2017-12-31": "-254.00000", "2016-12-31": "27.00000", "2015-12-31": "-76.00000", "2014-12-31": "-71.00000", "2013-12-31": "-415.00000", "2012-12-31": "-656.00000", "2011-12-31": "-327.00000", "2010-12-31": "153.00000", "2009-12-31": "36.00000", "2008-12-31": "69.00000", "2007-12-31": "-5.00000", "2006-12-31": "424.00000", "2005-12-31": "121.00000"}, "Operating Expenses": {"2019-12-31": "19370.00000", "2018-12-31": "19836.00000", "2017-12-31": "17940.00000", "2016-12-31": "17541.00000", "2015-12-31": "17293.00000", "2014-12-31": "17667.00000", "2013-12-31": "17902.00000", "2012-12-31": "15001.00000", "2011-12-31": "11752.00000", "2010-12-31": "11811.00000", "2009-12-31": "10482.00000", "2008-12-31": "10696.00000", "2007-12-31": "10227.00000", "2006-12-31": "8786.00000", "2005-12-31": "5450.00000"}, "Operating Income": {"2019-12-31": "5709.00000", "2018-12-31": "4685.00000", "2017-12-31": "5625.00000", "2016-12-31": "5202.00000", "2015-12-31": "5078.00000", "2014-12-31": "4842.00000", "2013-12-31": "4854.00000", "2012-12-31": "2911.00000", "2011-12-31": "2777.00000", "2010-12-31": "2461.00000", "2009-12-31": "2249.00000", "2008-12-31": "2511.00000", "2007-12-31": "2493.00000", "2006-12-31": "1821.00000", "2005-12-31": "1456.00000"}, "Total Non-Operating Income/Expense": {"2019-12-31": "-1612.00000", "2018-12-31": "-1612.00000", "2017-12-31": "-1359.00000", "2016-12-31": "-1468.00000", "2015-12-31": "-1168.00000", "2014-12-31": "-1079.00000", "2013-12-31": "-1059.00000", "2012-12-31": "-677.00000", "2011-12-31": "-312.00000", "2010-12-31": "-251.00000", "2009-12-31": "-418.00000", "2008-12-31": "-620.00000", "2007-12-31": "-257.00000", "2006-12-31": "-291.00000", "2005-12-31": "-188.00000"}, "Pre-Tax Income": {"2019-12-31": "4097.00000", "2018-12-31": "3073.00000", "2017-12-31": "4266.00000", "2016-12-31": "3734.00000", "2015-12-31": "3910.00000", "2014-12-31": "3763.00000", "2013-12-31": "3795.00000", "2012-12-31": "2234.00000", "2011-12-31": "2465.00000", "2010-12-31": "2210.00000", "2009-12-31": "1831.00000", "2008-12-31": "1891.00000", "2007-12-31": "2236.00000", "2006-12-31": "1530.00000", "2005-12-31": "1268.00000"}, "Income Taxes": {"2019-12-31": "519.00000", "2018-12-31": "448.00000", "2017-12-31": "1196.00000", "2016-12-31": "1156.00000", "2015-12-31": "1256.00000", "2014-12-31": "1225.00000", "2013-12-31": "1205.00000", "2012-12-31": "623.00000", "2011-12-31": "752.00000", "2010-12-31": "890.00000", "2009-12-31": "758.00000", "2008-12-31": "616.00000", "2007-12-31": "712.00000", "2006-12-31": "450.00000", "2005-12-31": "375.00000"}, "Income After Taxes": {"2019-12-31": "3578.00000", "2018-12-31": "2625.00000", "2017-12-31": "3070.00000", "2016-12-31": "2578.00000", "2015-12-31": "2654.00000", "2014-12-31": "2538.00000", "2013-12-31": "2590.00000", "2012-12-31": "1611.00000", "2011-12-31": "1713.00000", "2010-12-31": "1320.00000", "2009-12-31": "1073.00000", "2008-12-31": "1275.00000", "2007-12-31": "1524.00000", "2006-12-31": "1080.00000", "2005-12-31": "893.00000"}, "Other Income": {"2019-12-31": "", "2018-12-31": "", "2017-12-31": "", "2016-12-31": "", "2015-12-31": "", "2014-12-31": "", "2013-12-31": "", "2012-12-31": "", "2011-12-31": "", "2010-12-31": "", "2009-12-31": "", "2008-12-31": "", "2007-12-31": "", "2006-12-31": "", "2005-12-31": ""}, "Income From Continuous Operations": {"2019-12-31": "3578.00000", "2018-12-31": "2625.00000", "2017-12-31": "3070.00000", "2016-12-31": "2578.00000", "2015-12-31": "2654.00000", "2014-12-31": "2538.00000", "2013-12-31": "2590.00000", "2012-12-31": "1611.00000", "2011-12-31": "1713.00000", "2010-12-31": "1320.00000", "2009-12-31": "1073.00000", "2008-12-31": "1275.00000", "2007-12-31": "1524.00000", "2006-12-31": "1080.00000", "2005-12-31": "893.00000"}, "Income From Discontinued Operations": {"2019-12-31": "-7.00000", "2018-12-31": "19.00000", "2017-12-31": "-6.00000", "2016-12-31": "-408.00000", "2015-12-31": "177.00000", "2014-12-31": "-649.00000", "2013-12-31": "86.00000", "2012-12-31": "171.00000", "2011-12-31": "1.00000", "2010-12-31": "3.00000", "2009-12-31": "12.00000", "2008-12-31": "16.00000", "2007-12-31": "-22.00000", "2006-12-31": "783.00000", "2005-12-31": "935.00000"}, "Net Income": {"2019-12-31": "3707.00000", "2018-12-31": "2666.00000", "2017-12-31": "3059.00000", "2016-12-31": "2152.00000", "2015-12-31": "2816.00000", "2014-12-31": "1883.00000", "2013-12-31": "2665.00000", "2012-12-31": "1768.00000", "2011-12-31": "1706.00000", "2010-12-31": "1320.00000", "2009-12-31": "1075.00000", "2008-12-31": "1362.00000", "2007-12-31": "1500.00000", "2006-12-31": "1863.00000", "2005-12-31": "1812.00000"}, "EBITDA": {"2019-12-31": "10885.00000", "2018-12-31": "9381.00000", "2017-12-31": "9671.00000", "2016-12-31": "9082.00000", "2015-12-31": "8691.00000", "2014-12-31": "8349.00000", "2013-12-31": "8083.00000", "2012-12-31": "5563.00000", "2011-12-31": "4803.00000", "2010-12-31": "4455.00000", "2009-12-31": "4095.00000", "2008-12-31": "4345.00000", "2007-12-31": "4381.00000", "2006-12-31": "4036.00000", "2005-12-31": "3340.00000"}, "EBIT": {"2019-12-31": "5709.00000", "2018-12-31": "4685.00000", "2017-12-31": "5625.00000", "2016-12-31": "5202.00000", "2015-12-31": "5078.00000", "2014-12-31": "4842.00000", "2013-12-31": "4854.00000", "2012-12-31": "2911.00000", "2011-12-31": "2777.00000", "2010-12-31": "2461.00000", "2009-12-31": "2249.00000", "2008-12-31": "2511.00000", "2007-12-31": "2493.00000", "2006-12-31": "1821.00000", "2005-12-31": "1456.00000"}, "Basic Shares Outstanding": {"2019-12-31": "729.00000", "2018-12-31": "708.00000", "2017-12-31": "700.00000", "2016-12-31": "691.00000", "2015-12-31": "694.00000", "2014-12-31": "707.00000", "2013-12-31": "706.00000", "2012-12-31": "574.00000", "2011-12-31": "444.00000", "2010-12-31": "439.00000", "2009-12-31": "430.95690", "2008-12-31": "421.62450", "2007-12-31": "419.95800", "2006-12-31": "389.96100", "2005-12-31": "311.30220"}, "Shares Outstanding": {"2019-12-31": "729.00000", "2018-12-31": "708.00000", "2017-12-31": "700.00000", "2016-12-31": "691.00000", "2015-12-31": "694.00000", "2014-12-31": "707.00000", "2013-12-31": "706.00000", "2012-12-31": "575.00000", "2011-12-31": "444.00000", "2010-12-31": "440.00000", "2009-12-31": "431.29020", "2008-12-31": "422.29110", "2007-12-31": "421.62450", "2006-12-31": "395.96040", "2005-12-31": "323.30100"}, "Basic EPS": {"2019-12-31": "5.06000", "2018-12-31": "3.76000", "2017-12-31": "4.36000", "2016-12-31": "3.11000", "2015-12-31": "4.05000", "2014-12-31": "2.66000", "2013-12-31": "3.77000", "2012-12-31": "3.07000", "2011-12-31": "3.83000", "2010-12-31": "3.00000", "2009-12-31": "2.49020", "2008-12-31": "3.24030", "2007-12-31": "3.57040", "2006-12-31": "4.77050", "2005-12-31": "5.82060"}, "EPS - Earnings Per Share": {"2019-12-31": "5.06000", "2018-12-31": "3.76000", "2017-12-31": "4.36000", "2016-12-31": "3.11000", "2015-12-31": "4.05000", "2014-12-31": "2.66000", "2013-12-31": "3.76000", "2012-12-31": "3.07000", "2011-12-31": "3.83000", "2010-12-31": "3.00000", "2009-12-31": "2.49020", "2008-12-31": "3.21030", "2007-12-31": "3.54040", "2006-12-31": "4.71050", "2005-12-31": "5.64060"}}, "income statement, quarterly": {"Revenue": {"2020-09-30": "6721.00000", "2020-06-30": "5421.00000", "2020-03-31": "5949.00000", "2019-12-31": "6103.00000", "2019-09-30": "6940.00000", "2019-06-30": "5873.00000", "2019-03-31": "6163.00000", "2018-12-31": "6115.00000", "2018-09-30": "6628.00000", "2018-06-30": "5643.00000", "2018-03-31": "6135.00000", "2017-12-31": "5799.00000", "2017-09-30": "6482.00000", "2017-06-30": "5555.00000", "2017-03-31": "5729.00000", "2016-12-31": "5577.00000", "2016-09-30": "6576.00000", "2016-06-30": "5213.00000", "2016-03-31": "5377.00000", "2015-12-31": "4234.00000", "2015-09-30": "6483.00000", "2015-06-30": "5589.00000", "2015-03-31": "6065.00000", "2014-12-31": "4143.00000", "2014-09-30": "6395.00000", "2014-06-30": "5708.00000", "2014-03-31": "6263.00000", "2013-12-31": "4762.00000", "2013-09-30": "6217.00000", "2013-06-30": "5879.00000", "2013-03-31": "5898.00000", "2012-12-31": "3983.00000", "2012-09-30": "6722.00000", "2012-06-30": "3577.00000", "2012-03-31": "3630.00000", "2011-12-31": "3368.00000", "2011-09-30": "3964.00000", "2011-06-30": "3534.00000", "2011-03-31": "3663.00000", "2010-12-31": "3445.00000", "2010-09-30": "3946.00000", "2010-06-30": "3287.00000", "2010-03-31": "3594.00000", "2009-12-31": "3110.00000", "2009-09-30": "3396.00000", "2009-06-30": "2913.00000", "2009-03-31": "3312.00000", "2008-12-31": "3133.00000", "2008-09-30": "3508.00000", "2008-06-30": "3229.00000", "2008-03-31": "3337.00000", "2007-12-31": "3031.00000", "2007-09-30": "3688.00000", "2007-06-30": "2966.00000", "2007-03-31": "3035.00000", "2006-12-31": "2805.00000", "2006-09-30": "3279.00000", "2006-06-30": "2903.00000", "2006-03-31": "1620.00000", "2005-12-31": "-6724.00000", "2005-09-30": "3028.00000", "2005-06-30": "5274.00000", "2005-03-31": "5328.00000"}, "Cost Of Goods Sold": {"2020-09-30": "1890.00000", "2020-06-30": "1408.00000", "2020-03-31": "1646.00000", "2019-12-31": "1774.00000", "2019-09-30": "2026.00000", "2019-06-30": "1717.00000", "2019-03-31": "1936.00000", "2018-12-31": "1887.00000", "2018-09-30": "1989.00000", "2018-06-30": "1663.00000", "2018-03-31": "1989.00000", "2017-12-31": "1727.00000", "2017-09-30": "1931.00000", "2017-06-30": "1617.00000", "2017-03-31": "1707.00000", "2016-12-31": "1686.00000", "2016-09-30": "2037.00000", "2016-06-30": "1530.00000", "2016-03-31": "1637.00000", "2015-12-31": "1280.00000", "2015-09-30": "2195.00000", "2015-06-30": "1865.00000", "2015-03-31": "2156.00000", "2014-12-31": "1386.00000", "2014-09-30": "2307.00000", "2014-06-30": "1972.00000", "2014-03-31": "2252.00000", "2013-12-31": "1282.00000", "2013-09-30": "2161.00000", "2013-06-30": "2168.00000", "2013-03-31": "2261.00000", "2012-12-31": "1088.00000", "2012-09-30": "2746.00000", "2012-06-30": "1287.00000", "2012-03-31": "1327.00000", "2011-12-31": "1133.00000", "2011-09-30": "1388.00000", "2011-06-30": "1285.00000", "2011-03-31": "1339.00000", "2010-12-31": "1160.00000", "2010-09-30": "1361.00000", "2010-06-30": "1117.00000", "2010-03-31": "1287.00000", "2009-12-31": "1104.00000", "2009-09-30": "1138.00000", "2009-06-30": "983.00000", "2009-03-31": "1219.00000", "2008-12-31": "1252.00000", "2008-09-30": "1411.00000", "2008-06-30": "1126.00000", "2008-03-31": "1231.00000", "2007-12-31": "1043.00000", "2007-09-30": "1329.00000", "2007-06-30": "1051.00000", "2007-03-31": "1080.00000", "2006-12-31": "1076.00000", "2006-09-30": "1164.00000", "2006-06-30": "1083.00000", "2006-03-31": "388.00000", "2005-12-31": "-5320.00000", "2005-09-30": "804.00000", "2005-06-30": "3005.00000", "2005-03-31": "3099.00000"}, "Gross Profit": {"2020-09-30": "4831.00000", "2020-06-30": "4013.00000", "2020-03-31": "4303.00000", "2019-12-31": "4329.00000", "2019-09-30": "4914.00000", "2019-06-30": "4156.00000", "2019-03-31": "4227.00000", "2018-12-31": "4228.00000", "2018-09-30": "4639.00000", "2018-06-30": "3980.00000", "2018-03-31": "4146.00000", "2017-12-31": "4072.00000", "2017-09-30": "4551.00000", "2017-06-30": "3938.00000", "2017-03-31": "4022.00000", "2016-12-31": "3891.00000", "2016-09-30": "4539.00000", "2016-06-30": "3683.00000", "2016-03-31": "3740.00000", "2015-12-31": "2954.00000", "2015-09-30": "4288.00000", "2015-06-30": "3724.00000", "2015-03-31": "3909.00000", "2014-12-31": "2757.00000", "2014-09-30": "4088.00000", "2014-06-30": "3736.00000", "2014-03-31": "4011.00000", "2013-12-31": "3480.00000", "2013-09-30": "4056.00000", "2013-06-30": "3711.00000", "2013-03-31": "3637.00000", "2012-12-31": "2895.00000", "2012-09-30": "3976.00000", "2012-06-30": "2290.00000", "2012-03-31": "2303.00000", "2011-12-31": "2235.00000", "2011-09-30": "2576.00000", "2011-06-30": "2249.00000", "2011-03-31": "2324.00000", "2010-12-31": "2285.00000", "2010-09-30": "2585.00000", "2010-06-30": "2170.00000", "2010-03-31": "2307.00000", "2009-12-31": "2006.00000", "2009-09-30": "2258.00000", "2009-06-30": "1930.00000", "2009-03-31": "2093.00000", "2008-12-31": "1881.00000", "2008-09-30": "2097.00000", "2008-06-30": "2103.00000", "2008-03-31": "2106.00000", "2007-12-31": "1988.00000", "2007-09-30": "2359.00000", "2007-06-30": "1915.00000", "2007-03-31": "1955.00000", "2006-12-31": "1729.00000", "2006-09-30": "2115.00000", "2006-06-30": "1820.00000", "2006-03-31": "1232.00000", "2005-12-31": "-1404.00000", "2005-09-30": "2224.00000", "2005-06-30": "2269.00000", "2005-03-31": "2229.00000"}, "Research And Development Expenses": {"2020-09-30": "", "2020-06-30": "", "2020-03-31": "", "2019-12-31": "", "2019-09-30": "", "2019-06-30": "", "2019-03-31": "", "2018-12-31": "", "2018-09-30": "", "2018-06-30": "", "2018-03-31": "", "2017-12-31": "", "2017-09-30": "", "2017-06-30": "", "2017-03-31": "", "2016-12-31": "", "2016-09-30": "", "2016-06-30": "", "2016-03-31": "", "2015-12-31": "", "2015-09-30": "", "2015-06-30": "", "2015-03-31": "", "2014-12-31": "", "2014-09-30": "", "2014-06-30": "", "2014-03-31": "", "2013-12-31": "", "2013-09-30": "", "2013-06-30": "", "2013-03-31": "", "2012-12-31": "", "2012-09-30": "", "2012-06-30": "", "2012-03-31": "", "2011-12-31": "", "2011-09-30": "", "2011-06-30": "", "2011-03-31": "", "2010-12-31": "", "2010-09-30": "", "2010-06-30": "", "2010-03-31": "", "2009-12-31": "", "2009-09-30": "", "2009-06-30": "", "2009-03-31": "", "2008-12-31": "", "2008-09-30": "", "2008-06-30": "", "2008-03-31": "", "2007-12-31": "", "2007-09-30": "", "2007-06-30": "", "2007-03-31": "", "2006-12-31": "", "2006-09-30": "", "2006-06-30": "", "2006-03-31": "", "2005-12-31": "", "2005-09-30": "", "2005-06-30": "", "2005-03-31": ""}, "SG&A Expenses": {"2020-09-30": "1774.00000", "2020-06-30": "1687.00000", "2020-03-31": "1684.00000", "2019-12-31": "2024.00000", "2019-09-30": "1819.00000", "2019-06-30": "1768.00000", "2019-03-31": "1762.00000", "2018-12-31": "2197.00000", "2018-09-30": "1907.00000", "2018-06-30": "1859.00000", "2018-03-31": "1780.00000", "2017-12-31": "1868.00000", "2017-09-30": "1789.00000", "2017-06-30": "1748.00000", "2017-03-31": "1772.00000", "2016-12-31": "2252.00000", "2016-09-30": "1762.00000", "2016-06-30": "1641.00000", "2016-03-31": "1711.00000", "2015-12-31": "1558.00000", "2015-09-30": "1719.00000", "2015-06-30": "1701.00000", "2015-03-31": "1690.00000", "2014-12-31": "1520.00000", "2014-09-30": "1684.00000", "2014-06-30": "1707.00000", "2014-03-31": "1799.00000", "2013-12-31": "1635.00000", "2013-09-30": "1721.00000", "2013-06-30": "1827.00000", "2013-03-31": "1764.00000", "2012-12-31": "1809.00000", "2012-09-30": "1980.00000", "2012-06-30": "1033.00000", "2012-03-31": "930.00000", "2011-12-31": "1231.00000", "2011-09-30": "1049.00000", "2011-06-30": "1128.00000", "2011-03-31": "1066.00000", "2010-12-31": "1265.00000", "2010-09-30": "1063.00000", "2010-06-30": "1107.00000", "2010-03-31": "1092.00000", "2009-12-31": "1006.00000", "2009-09-30": "980.00000", "2009-06-30": "1008.00000", "2009-03-31": "1004.00000", "2008-12-31": "987.00000", "2008-09-30": "1008.00000", "2008-06-30": "1035.00000", "2008-03-31": "960.00000", "2007-12-31": "1109.00000", "2007-09-30": "955.00000", "2007-06-30": "986.00000", "2007-03-31": "923.00000", "2006-12-31": "1144.00000", "2006-09-30": "1048.00000", "2006-06-30": "1141.00000", "2006-03-31": "621.00000", "2005-12-31": "-51.00000", "2005-09-30": "911.00000", "2005-06-30": "1039.00000", "2005-03-31": "961.00000"}, "Other Operating Income Or Expenses": {"2020-09-30": "-26.00000", "2020-06-30": "1.00000", "2020-03-31": "-1.00000", "2019-12-31": "-12.00000", "2019-09-30": "20.00000", "2019-06-30": "-1.00000", "2019-03-31": "-3.00000", "2018-12-31": "-65.00000", "2018-09-30": "-114.00000", "2018-06-30": "-169.00000", "2018-03-31": "-143.00000", "2017-12-31": "-62.00000", "2017-09-30": "-201.00000", "2017-06-30": "-2.00000", "2017-03-31": "11.00000", "2016-12-31": "20.00000", "2016-09-30": "-4.00000", "2016-06-30": "7.00000", "2016-03-31": "4.00000", "2015-12-31": "4.00000", "2015-09-30": "-107.00000", "2015-06-30": "13.00000", "2015-03-31": "14.00000", "2014-12-31": "-1.00000", "2014-09-30": "3.00000", "2014-06-30": "22.00000", "2014-03-31": "-95.00000", "2013-12-31": "-29.00000", "2013-09-30": "-3.00000", "2013-06-30": "-385.00000", "2013-03-31": "2.00000", "2012-12-31": "-9.00000", "2012-09-30": "-252.00000", "2012-06-30": "4.00000", "2012-03-31": "-399.00000", "2011-12-31": "-36.00000", "2011-09-30": "-305.00000", "2011-06-30": "4.00000", "2011-03-31": "10.00000", "2010-12-31": "800.00000", "2010-09-30": "2.00000", "2010-06-30": "-651.00000", "2010-03-31": "2.00000", "2009-12-31": "4.00000", "2009-09-30": "13.00000", "2009-06-30": "13.00000", "2009-03-31": "6.00000", "2008-12-31": "16.00000", "2008-09-30": "2.00000", "2008-06-30": "33.00000", "2008-03-31": "18.00000", "2007-12-31": "5.00000", "2007-09-30": "", "2007-06-30": "1.00000", "2007-03-31": "-11.00000", "2006-12-31": "-16.00000", "2006-09-30": "276.00000", "2006-06-30": "138.00000", "2006-03-31": "26.00000", "2005-12-31": "-445.00000", "2005-09-30": "626.00000", "2005-06-30": "10.00000", "2005-03-31": "-70.00000"}, "Operating Expenses": {"2020-09-30": "4907.00000", "2020-06-30": "4244.00000", "2020-03-31": "4461.00000", "2019-12-31": "4994.00000", "2019-09-30": "5011.00000", "2019-06-30": "4575.00000", "2019-03-31": "4790.00000", "2018-12-31": "5244.00000", "2018-09-30": "5049.00000", "2018-06-30": "4664.00000", "2018-03-31": "4879.00000", "2017-12-31": "4590.00000", "2017-09-30": "4821.00000", "2017-06-30": "4202.00000", "2017-03-31": "4327.00000", "2016-12-31": "4828.00000", "2016-09-30": "4622.00000", "2016-06-30": "3954.00000", "2016-03-31": "4137.00000", "2015-12-31": "3546.00000", "2015-09-30": "4795.00000", "2015-06-30": "4343.00000", "2015-03-31": "4609.00000", "2014-12-31": "3571.00000", "2014-09-30": "4776.00000", "2014-06-30": "4419.00000", "2014-03-31": "4901.00000", "2013-12-31": "3604.00000", "2013-09-30": "4557.00000", "2013-06-30": "5058.00000", "2013-03-31": "4683.00000", "2012-12-31": "3431.00000", "2012-09-30": "5644.00000", "2012-06-30": "2791.00000", "2012-03-31": "3135.00000", "2011-12-31": "2851.00000", "2011-09-30": "3197.00000", "2011-06-30": "2855.00000", "2011-03-31": "2849.00000", "2010-12-31": "2764.00000", "2010-09-30": "2913.00000", "2010-06-30": "3301.00000", "2010-03-31": "2833.00000", "2009-12-31": "2515.00000", "2009-09-30": "2951.00000", "2009-06-30": "2385.00000", "2009-03-31": "2631.00000", "2008-12-31": "2633.00000", "2008-09-30": "2931.00000", "2008-06-30": "2546.00000", "2008-03-31": "2586.00000", "2007-12-31": "2547.00000", "2007-09-30": "2758.00000", "2007-06-30": "2475.00000", "2007-03-31": "2447.00000", "2006-12-31": "2622.00000", "2006-09-30": "2378.00000", "2006-06-30": "2530.00000", "2006-03-31": "1256.00000", "2005-12-31": "-5152.00000", "2005-09-30": "1495.00000", "2005-06-30": "4496.00000", "2005-03-31": "4611.00000"}, "Operating Income": {"2020-09-30": "1814.00000", "2020-06-30": "1177.00000", "2020-03-31": "1488.00000", "2019-12-31": "1109.00000", "2019-09-30": "1929.00000", "2019-06-30": "1298.00000", "2019-03-31": "1373.00000", "2018-12-31": "871.00000", "2018-09-30": "1579.00000", "2018-06-30": "979.00000", "2018-03-31": "1256.00000", "2017-12-31": "1209.00000", "2017-09-30": "1661.00000", "2017-06-30": "1353.00000", "2017-03-31": "1402.00000", "2016-12-31": "749.00000", "2016-09-30": "1954.00000", "2016-06-30": "1259.00000", "2016-03-31": "1240.00000", "2015-12-31": "688.00000", "2015-09-30": "1688.00000", "2015-06-30": "1246.00000", "2015-03-31": "1456.00000", "2014-12-31": "572.00000", "2014-09-30": "1619.00000", "2014-06-30": "1289.00000", "2014-03-31": "1362.00000", "2013-12-31": "1158.00000", "2013-09-30": "1660.00000", "2013-06-30": "821.00000", "2013-03-31": "1215.00000", "2012-12-31": "552.00000", "2012-09-30": "1078.00000", "2012-06-30": "786.00000", "2012-03-31": "495.00000", "2011-12-31": "517.00000", "2011-09-30": "767.00000", "2011-06-30": "679.00000", "2011-03-31": "814.00000", "2010-12-31": "681.00000", "2010-09-30": "1033.00000", "2010-06-30": "-14.00000", "2010-03-31": "761.00000", "2009-12-31": "595.00000", "2009-09-30": "445.00000", "2009-06-30": "528.00000", "2009-03-31": "681.00000", "2008-12-31": "500.00000", "2008-09-30": "577.00000", "2008-06-30": "683.00000", "2008-03-31": "751.00000", "2007-12-31": "484.00000", "2007-09-30": "930.00000", "2007-06-30": "491.00000", "2007-03-31": "588.00000", "2006-12-31": "183.00000", "2006-09-30": "901.00000", "2006-06-30": "373.00000", "2006-03-31": "364.00000", "2005-12-31": "-1572.00000", "2005-09-30": "1533.00000", "2005-06-30": "778.00000", "2005-03-31": "717.00000"}, "Total Non-Operating Income/Expense": {"2020-09-30": "-475.00000", "2020-06-30": "-2385.00000", "2020-03-31": "-461.00000", "2019-12-31": "-400.00000", "2019-09-30": "-418.00000", "2019-06-30": "-409.00000", "2019-03-31": "-385.00000", "2018-12-31": "-438.00000", "2018-09-30": "-349.00000", "2018-06-30": "-372.00000", "2018-03-31": "-453.00000", "2017-12-31": "-343.00000", "2017-09-30": "-340.00000", "2017-06-30": "-335.00000", "2017-03-31": "-341.00000", "2016-12-31": "-237.00000", "2016-09-30": "-438.00000", "2016-06-30": "-382.00000", "2016-03-31": "-411.00000", "2015-12-31": "-216.00000", "2015-09-30": "-328.00000", "2015-06-30": "-308.00000", "2015-03-31": "-316.00000", "2014-12-31": "-257.00000", "2014-09-30": "-268.00000", "2014-06-30": "-281.00000", "2014-03-31": "-273.00000", "2013-12-31": "-206.00000", "2013-09-30": "-291.00000", "2013-06-30": "-311.00000", "2013-03-31": "-251.00000", "2012-12-31": "-223.00000", "2012-09-30": "-236.00000", "2012-06-30": "-123.00000", "2012-03-31": "-95.00000", "2011-12-31": "-108.00000", "2011-09-30": "-90.00000", "2011-06-30": "-46.00000", "2011-03-31": "-68.00000", "2010-12-31": "-7.00000", "2010-09-30": "-66.00000", "2010-06-30": "-88.00000", "2010-03-31": "-90.00000", "2009-12-31": "-101.00000", "2009-09-30": "-94.00000", "2009-06-30": "-67.00000", "2009-03-31": "-156.00000", "2008-12-31": "-144.00000", "2008-09-30": "-231.00000", "2008-06-30": "-180.00000", "2008-03-31": "-65.00000", "2007-12-31": "-52.00000", "2007-09-30": "-53.00000", "2007-06-30": "-40.00000", "2007-03-31": "-112.00000", "2006-12-31": "-2.00000", "2006-09-30": "-110.00000", "2006-06-30": "-126.00000", "2006-03-31": "-53.00000", "2005-12-31": "-367.00000", "2005-09-30": "-122.00000", "2005-06-30": "-293.00000", "2005-03-31": "594.00000"}, "Pre-Tax Income": {"2020-09-30": "1339.00000", "2020-06-30": "-1208.00000", "2020-03-31": "1027.00000", "2019-12-31": "709.00000", "2019-09-30": "1511.00000", "2019-06-30": "889.00000", "2019-03-31": "988.00000", "2018-12-31": "433.00000", "2018-09-30": "1230.00000", "2018-06-30": "607.00000", "2018-03-31": "803.00000", "2017-12-31": "866.00000", "2017-09-30": "1321.00000", "2017-06-30": "1018.00000", "2017-03-31": "1061.00000", "2016-12-31": "512.00000", "2016-09-30": "1516.00000", "2016-06-30": "877.00000", "2016-03-31": "829.00000", "2015-12-31": "472.00000", "2015-09-30": "1360.00000", "2015-06-30": "938.00000", "2015-03-31": "1140.00000", "2014-12-31": "315.00000", "2014-09-30": "1351.00000", "2014-06-30": "1008.00000", "2014-03-31": "1089.00000", "2013-12-31": "952.00000", "2013-09-30": "1369.00000", "2013-06-30": "510.00000", "2013-03-31": "964.00000", "2012-12-31": "329.00000", "2012-09-30": "842.00000", "2012-06-30": "663.00000", "2012-03-31": "400.00000", "2011-12-31": "409.00000", "2011-09-30": "677.00000", "2011-06-30": "633.00000", "2011-03-31": "746.00000", "2010-12-31": "674.00000", "2010-09-30": "967.00000", "2010-06-30": "-102.00000", "2010-03-31": "671.00000", "2009-12-31": "494.00000", "2009-09-30": "351.00000", "2009-06-30": "461.00000", "2009-03-31": "525.00000", "2008-12-31": "356.00000", "2008-09-30": "346.00000", "2008-06-30": "503.00000", "2008-03-31": "686.00000", "2007-12-31": "432.00000", "2007-09-30": "877.00000", "2007-06-30": "451.00000", "2007-03-31": "476.00000", "2006-12-31": "181.00000", "2006-09-30": "791.00000", "2006-06-30": "247.00000", "2006-03-31": "311.00000", "2005-12-31": "-1939.00000", "2005-09-30": "1411.00000", "2005-06-30": "485.00000", "2005-03-31": "1311.00000"}, "Income Taxes": {"2020-09-30": "105.00000", "2020-06-30": "-316.00000", "2020-03-31": "137.00000", "2019-12-31": "95.00000", "2019-09-30": "188.00000", "2019-06-30": "141.00000", "2019-03-31": "95.00000", "2018-12-31": "-1.00000", "2018-09-30": "168.00000", "2018-06-30": "100.00000", "2018-03-31": "181.00000", "2017-12-31": "161.00000", "2017-09-30": "364.00000", "2017-06-30": "327.00000", "2017-03-31": "344.00000", "2016-12-31": "136.00000", "2016-09-30": "515.00000", "2016-06-30": "253.00000", "2016-03-31": "252.00000", "2015-12-31": "138.00000", "2015-09-30": "420.00000", "2015-06-30": "334.00000", "2015-03-31": "364.00000", "2014-12-31": "144.00000", "2014-09-30": "460.00000", "2014-06-30": "282.00000", "2014-03-31": "339.00000", "2013-12-31": "287.00000", "2013-09-30": "423.00000", "2013-06-30": "165.00000", "2013-03-31": "330.00000", "2012-12-31": "58.00000", "2012-09-30": "248.00000", "2012-06-30": "214.00000", "2012-03-31": "103.00000", "2011-12-31": "119.00000", "2011-09-30": "208.00000", "2011-06-30": "192.00000", "2011-03-31": "233.00000", "2010-12-31": "247.00000", "2010-09-30": "301.00000", "2010-06-30": "116.00000", "2010-03-31": "226.00000", "2009-12-31": "158.00000", "2009-09-30": "244.00000", "2009-06-30": "177.00000", "2009-03-31": "179.00000", "2008-12-31": "95.00000", "2008-09-30": "132.00000", "2008-06-30": "167.00000", "2008-03-31": "222.00000", "2007-12-31": "117.00000", "2007-09-30": "304.00000", "2007-06-30": "152.00000", "2007-03-31": "139.00000", "2006-12-31": "-19.00000", "2006-09-30": "310.00000", "2006-06-30": "51.00000", "2006-03-31": "108.00000", "2005-12-31": "-720.00000", "2005-09-30": "487.00000", "2005-06-30": "157.00000", "2005-03-31": "451.00000"}, "Income After Taxes": {"2020-09-30": "1234.00000", "2020-06-30": "-892.00000", "2020-03-31": "890.00000", "2019-12-31": "614.00000", "2019-09-30": "1323.00000", "2019-06-30": "748.00000", "2019-03-31": "893.00000", "2018-12-31": "434.00000", "2018-09-30": "1062.00000", "2018-06-30": "507.00000", "2018-03-31": "622.00000", "2017-12-31": "705.00000", "2017-09-30": "957.00000", "2017-06-30": "691.00000", "2017-03-31": "717.00000", "2016-12-31": "376.00000", "2016-09-30": "1001.00000", "2016-06-30": "624.00000", "2016-03-31": "577.00000", "2015-12-31": "334.00000", "2015-09-30": "940.00000", "2015-06-30": "604.00000", "2015-03-31": "776.00000", "2014-12-31": "171.00000", "2014-09-30": "891.00000", "2014-06-30": "726.00000", "2014-03-31": "750.00000", "2013-12-31": "665.00000", "2013-09-30": "946.00000", "2013-06-30": "345.00000", "2013-03-31": "634.00000", "2012-12-31": "271.00000", "2012-09-30": "594.00000", "2012-06-30": "449.00000", "2012-03-31": "297.00000", "2011-12-31": "290.00000", "2011-09-30": "469.00000", "2011-06-30": "441.00000", "2011-03-31": "513.00000", "2010-12-31": "427.00000", "2010-09-30": "666.00000", "2010-06-30": "-218.00000", "2010-03-31": "445.00000", "2009-12-31": "336.00000", "2009-09-30": "107.00000", "2009-06-30": "284.00000", "2009-03-31": "346.00000", "2008-12-31": "261.00000", "2008-09-30": "214.00000", "2008-06-30": "336.00000", "2008-03-31": "464.00000", "2007-12-31": "315.00000", "2007-09-30": "573.00000", "2007-06-30": "299.00000", "2007-03-31": "337.00000", "2006-12-31": "200.00000", "2006-09-30": "481.00000", "2006-06-30": "196.00000", "2006-03-31": "203.00000", "2005-12-31": "-1219.00000", "2005-09-30": "924.00000", "2005-06-30": "328.00000", "2005-03-31": "860.00000"}, "Other Income": {"2020-09-30": "", "2020-06-30": "", "2020-03-31": "", "2019-12-31": "", "2019-09-30": "", "2019-06-30": "", "2019-03-31": "", "2018-12-31": "", "2018-09-30": "", "2018-06-30": "", "2018-03-31": "", "2017-12-31": "", "2017-09-30": "", "2017-06-30": "", "2017-03-31": "", "2016-12-31": "", "2016-09-30": "", "2016-06-30": "", "2016-03-31": "", "2015-12-31": "", "2015-09-30": "", "2015-06-30": "", "2015-03-31": "", "2014-12-31": "", "2014-09-30": "", "2014-06-30": "", "2014-03-31": "", "2013-12-31": "", "2013-09-30": "", "2013-06-30": "", "2013-03-31": "", "2012-12-31": "", "2012-09-30": "", "2012-06-30": "", "2012-03-31": "", "2011-12-31": "", "2011-09-30": "", "2011-06-30": "", "2011-03-31": "", "2010-12-31": "", "2010-09-30": "", "2010-06-30": "", "2010-03-31": "", "2009-12-31": "", "2009-09-30": "", "2009-06-30": "", "2009-03-31": "", "2008-12-31": "", "2008-09-30": "", "2008-06-30": "", "2008-03-31": "", "2007-12-31": "", "2007-09-30": "", "2007-06-30": "", "2007-03-31": "", "2006-12-31": "", "2006-09-30": "", "2006-06-30": "", "2006-03-31": "", "2005-12-31": "", "2005-09-30": "", "2005-06-30": "", "2005-03-31": ""}, "Income From Continuous Operations": {"2020-09-30": "1234.00000", "2020-06-30": "-892.00000", "2020-03-31": "890.00000", "2019-12-31": "614.00000", "2019-09-30": "1323.00000", "2019-06-30": "748.00000", "2019-03-31": "893.00000", "2018-12-31": "434.00000", "2018-09-30": "1062.00000", "2018-06-30": "507.00000", "2018-03-31": "622.00000", "2017-12-31": "705.00000", "2017-09-30": "957.00000", "2017-06-30": "691.00000", "2017-03-31": "717.00000", "2016-12-31": "376.00000", "2016-09-30": "1001.00000", "2016-06-30": "624.00000", "2016-03-31": "577.00000", "2015-12-31": "334.00000", "2015-09-30": "940.00000", "2015-06-30": "604.00000", "2015-03-31": "776.00000", "2014-12-31": "171.00000", "2014-09-30": "891.00000", "2014-06-30": "726.00000", "2014-03-31": "750.00000", "2013-12-31": "665.00000", "2013-09-30": "946.00000", "2013-06-30": "345.00000", "2013-03-31": "634.00000", "2012-12-31": "271.00000", "2012-09-30": "594.00000", "2012-06-30": "449.00000", "2012-03-31": "297.00000", "2011-12-31": "290.00000", "2011-09-30": "469.00000", "2011-06-30": "441.00000", "2011-03-31": "513.00000", "2010-12-31": "427.00000", "2010-09-30": "666.00000", "2010-06-30": "-218.00000", "2010-03-31": "445.00000", "2009-12-31": "336.00000", "2009-09-30": "107.00000", "2009-06-30": "284.00000", "2009-03-31": "346.00000", "2008-12-31": "261.00000", "2008-09-30": "214.00000", "2008-06-30": "336.00000", "2008-03-31": "464.00000", "2007-12-31": "315.00000", "2007-09-30": "573.00000", "2007-06-30": "299.00000", "2007-03-31": "337.00000", "2006-12-31": "200.00000", "2006-09-30": "481.00000", "2006-06-30": "196.00000", "2006-03-31": "203.00000", "2005-12-31": "-1219.00000", "2005-09-30": "924.00000", "2005-06-30": "328.00000", "2005-03-31": "860.00000"}, "Income From Discontinued Operations": {"2020-09-30": "", "2020-06-30": "", "2020-03-31": "", "2019-12-31": "", "2019-09-30": "", "2019-06-30": "", "2019-03-31": "", "2018-12-31": "20.00000", "2018-09-30": "4.00000", "2018-06-30": "-5.00000", "2018-03-31": "", "2017-12-31": "-2.00000", "2017-09-30": "-2.00000", "2017-06-30": "-2.00000", "2017-03-31": "", "2016-12-31": "-598.00000", "2016-09-30": "180.00000", "2016-06-30": "-112.00000", "2016-03-31": "122.00000", "2015-12-31": "148.00000", "2015-09-30": "-5.00000", "2015-06-30": "-57.00000", "2015-03-31": "91.00000", "2014-12-31": "-71.00000", "2014-09-30": "378.00000", "2014-06-30": "-113.00000", "2014-03-31": "-843.00000", "2013-12-31": "27.00000", "2013-09-30": "62.00000", "2013-06-30": "-3.00000", "2013-03-31": "", "2012-12-31": "166.00000", "2012-09-30": "4.00000", "2012-06-30": "-1.00000", "2012-03-31": "2.00000", "2011-12-31": "", "2011-09-30": "1.00000", "2011-06-30": "0.00000", "2011-03-31": "", "2010-12-31": "2.00000", "2010-09-30": "", "2010-06-30": "1.00000", "2010-03-31": "", "2009-12-31": "12.00000", "2009-09-30": "-1.00000", "2009-06-30": "-2.00000", "2009-03-31": "3.00000", "2008-12-31": "2.00000", "2008-09-30": "-1.00000", "2008-06-30": "13.00000", "2008-03-31": "2.00000", "2007-12-31": "-70.00000", "2007-09-30": "34.00000", "2007-06-30": "-6.00000", "2007-03-31": "20.00000", "2006-12-31": "187.00000", "2006-09-30": "282.00000", "2006-06-30": "159.00000", "2006-03-31": "155.00000", "2005-12-31": "1829.00000", "2005-09-30": "-883.00000", "2005-06-30": "-19.00000", "2005-03-31": "8.00000"}, "Net Income": {"2020-09-30": "1265.00000", "2020-06-30": "-817.00000", "2020-03-31": "899.00000", "2019-12-31": "660.00000", "2019-09-30": "1327.00000", "2019-06-30": "820.00000", "2019-03-31": "900.00000", "2018-12-31": "464.00000", "2018-09-30": "1082.00000", "2018-06-30": "500.00000", "2018-03-31": "620.00000", "2017-12-31": "703.00000", "2017-09-30": "954.00000", "2017-06-30": "686.00000", "2017-03-31": "716.00000", "2016-12-31": "-227.00000", "2016-09-30": "1176.00000", "2016-06-30": "509.00000", "2016-03-31": "694.00000", "2015-12-31": "477.00000", "2015-09-30": "932.00000", "2015-06-30": "543.00000", "2015-03-31": "864.00000", "2014-12-31": "97.00000", "2014-09-30": "1274.00000", "2014-06-30": "609.00000", "2014-03-31": "-97.00000", "2013-12-31": "688.00000", "2013-09-30": "1004.00000", "2013-06-30": "339.00000", "2013-03-31": "634.00000", "2012-12-31": "435.00000", "2012-09-30": "594.00000", "2012-06-30": "444.00000", "2012-03-31": "295.00000", "2011-12-31": "288.00000", "2011-09-30": "472.00000", "2011-06-30": "435.00000", "2011-03-31": "511.00000", "2010-12-31": "427.00000", "2010-09-30": "670.00000", "2010-06-30": "-222.00000", "2010-03-31": "445.00000", "2009-12-31": "346.00000", "2009-09-30": "109.00000", "2009-06-30": "276.00000", "2009-03-31": "344.00000", "2008-12-31": "331.00000", "2008-09-30": "215.00000", "2008-06-30": "351.00000", "2008-03-31": "465.00000", "2007-12-31": "243.00000", "2007-09-30": "607.00000", "2007-06-30": "293.00000", "2007-03-31": "357.00000", "2006-12-31": "387.00000", "2006-09-30": "763.00000", "2006-06-30": "355.00000", "2006-03-31": "358.00000", "2005-12-31": "601.00000", "2005-09-30": "38.00000", "2005-06-30": "307.00000", "2005-03-31": "866.00000"}, "EBITDA": {"2020-09-30": "3244.00000", "2020-06-30": "2527.00000", "2020-03-31": "2789.00000", "2019-12-31": "2454.00000", "2019-09-30": "3277.00000", "2019-06-30": "2543.00000", "2019-03-31": "2611.00000", "2018-12-31": "2120.00000", "2018-09-30": "2776.00000", "2018-06-30": "2140.00000", "2018-03-31": "2345.00000", "2017-12-31": "2265.00000", "2017-09-30": "2698.00000", "2017-06-30": "2315.00000", "2017-03-31": "2393.00000", "2016-12-31": "1782.00000", "2016-09-30": "2933.00000", "2016-06-30": "2196.00000", "2016-03-31": "2171.00000", "2015-12-31": "1621.00000", "2015-09-30": "2584.00000", "2015-06-30": "2147.00000", "2015-03-31": "2339.00000", "2014-12-31": "1438.00000", "2014-09-30": "2512.00000", "2014-06-30": "2153.00000", "2014-03-31": "2246.00000", "2013-12-31": "2022.00000", "2013-09-30": "2481.00000", "2013-06-30": "1603.00000", "2013-03-31": "1977.00000", "2012-12-31": "1339.00000", "2012-09-30": "1866.00000", "2012-06-30": "1319.00000", "2012-03-31": "1039.00000", "2011-12-31": "1035.00000", "2011-09-30": "1284.00000", "2011-06-30": "1166.00000", "2011-03-31": "1318.00000", "2010-12-31": "1194.00000", "2010-09-30": "1535.00000", "2010-06-30": "459.00000", "2010-03-31": "1267.00000", "2009-12-31": "1046.00000", "2009-09-30": "923.00000", "2009-06-30": "982.00000", "2009-03-31": "1144.00000", "2008-12-31": "947.00000", "2008-09-30": "1056.00000", "2008-06-30": "1139.00000", "2008-03-31": "1203.00000", "2007-12-31": "878.00000", "2007-09-30": "1476.00000", "2007-06-30": "978.00000", "2007-03-31": "1049.00000", "2006-12-31": "746.00000", "2006-09-30": "1511.00000", "2006-06-30": "977.00000", "2006-03-31": "802.00000", "2005-12-31": "-1151.00000", "2005-09-30": "1915.00000", "2005-06-30": "1309.00000", "2005-03-31": "1267.00000"}, "EBIT": {"2020-09-30": "1814.00000", "2020-06-30": "1177.00000", "2020-03-31": "1488.00000", "2019-12-31": "1109.00000", "2019-09-30": "1929.00000", "2019-06-30": "1298.00000", "2019-03-31": "1373.00000", "2018-12-31": "871.00000", "2018-09-30": "1579.00000", "2018-06-30": "979.00000", "2018-03-31": "1256.00000", "2017-12-31": "1209.00000", "2017-09-30": "1661.00000", "2017-06-30": "1353.00000", "2017-03-31": "1402.00000", "2016-12-31": "749.00000", "2016-09-30": "1954.00000", "2016-06-30": "1259.00000", "2016-03-31": "1240.00000", "2015-12-31": "688.00000", "2015-09-30": "1688.00000", "2015-06-30": "1246.00000", "2015-03-31": "1456.00000", "2014-12-31": "572.00000", "2014-09-30": "1619.00000", "2014-06-30": "1289.00000", "2014-03-31": "1362.00000", "2013-12-31": "1158.00000", "2013-09-30": "1660.00000", "2013-06-30": "821.00000", "2013-03-31": "1215.00000", "2012-12-31": "552.00000", "2012-09-30": "1078.00000", "2012-06-30": "786.00000", "2012-03-31": "495.00000", "2011-12-31": "517.00000", "2011-09-30": "767.00000", "2011-06-30": "679.00000", "2011-03-31": "814.00000", "2010-12-31": "681.00000", "2010-09-30": "1033.00000", "2010-06-30": "-14.00000", "2010-03-31": "761.00000", "2009-12-31": "595.00000", "2009-09-30": "445.00000", "2009-06-30": "528.00000", "2009-03-31": "681.00000", "2008-12-31": "500.00000", "2008-09-30": "577.00000", "2008-06-30": "683.00000", "2008-03-31": "751.00000", "2007-12-31": "484.00000", "2007-09-30": "930.00000", "2007-06-30": "491.00000", "2007-03-31": "588.00000", "2006-12-31": "183.00000", "2006-09-30": "901.00000", "2006-06-30": "373.00000", "2006-03-31": "364.00000", "2005-12-31": "-1572.00000", "2005-09-30": "1533.00000", "2005-06-30": "778.00000", "2005-03-31": "717.00000"}, "Basic Shares Outstanding": {"2020-09-30": "735.00000", "2020-06-30": "735.00000", "2020-03-31": "734.00000", "2019-12-31": "729.00000", "2019-09-30": "729.00000", "2019-06-30": "728.00000", "2019-03-31": "727.00000", "2018-12-31": "708.00000", "2018-09-30": "713.00000", "2018-06-30": "703.00000", "2018-03-31": "701.00000", "2017-12-31": "700.00000", "2017-09-30": "700.00000", "2017-06-30": "700.00000", "2017-03-31": "700.00000", "2016-12-31": "691.00000", "2016-09-30": "689.00000", "2016-06-30": "689.00000", "2016-03-31": "689.00000", "2015-12-31": "694.00000", "2015-09-30": "688.00000", "2015-06-30": "692.00000", "2015-03-31": "708.00000", "2014-12-31": "707.00000", "2014-09-30": "707.00000", "2014-06-30": "707.00000", "2014-03-31": "706.00000", "2013-12-31": "706.00000", "2013-09-30": "706.00000", "2013-06-30": "706.00000", "2013-03-31": "705.00000", "2012-12-31": "574.00000", "2012-09-30": "699.00000", "2012-06-30": "446.00000", "2012-03-31": "446.00000", "2011-12-31": "444.00000", "2011-09-30": "444.00000", "2011-06-30": "444.00000", "2011-03-31": "443.28900", "2010-12-31": "439.00000", "2010-09-30": "439.95600", "2010-06-30": "437.95620", "2010-03-31": "436.62300", "2009-12-31": "430.95690", "2009-09-30": "432.95670", "2009-06-30": "429.29040", "2009-03-31": "427.29060", "2008-12-31": "421.62450", "2008-09-30": "421.62450", "2008-06-30": "421.29120", "2008-03-31": "421.95780", "2007-12-31": "419.95800", "2007-09-30": "419.95800", "2007-06-30": "419.95800", "2007-03-31": "418.95810", "2006-12-31": "389.96100", "2006-09-30": "417.95820", "2006-06-30": "412.62540", "2006-03-31": "309.30240", "2005-12-31": "311.30220", "2005-09-30": "308.63580", "2005-06-30": "308.96910", "2005-03-31": "317.96820"}, "Shares Outstanding": {"2020-09-30": "735.00000", "2020-06-30": "735.00000", "2020-03-31": "736.00000", "2019-12-31": "729.00000", "2019-09-30": "729.00000", "2019-06-30": "728.00000", "2019-03-31": "727.00000", "2018-12-31": "708.00000", "2018-09-30": "714.00000", "2018-06-30": "704.00000", "2018-03-31": "701.00000", "2017-12-31": "700.00000", "2017-09-30": "700.00000", "2017-06-30": "700.00000", "2017-03-31": "700.00000", "2016-12-31": "691.00000", "2016-09-30": "691.00000", "2016-06-30": "690.00000", "2016-03-31": "689.00000", "2015-12-31": "694.00000", "2015-09-30": "688.00000", "2015-06-30": "692.00000", "2015-03-31": "708.00000", "2014-12-31": "707.00000", "2014-09-30": "707.00000", "2014-06-30": "707.00000", "2014-03-31": "706.00000", "2013-12-31": "706.00000", "2013-09-30": "706.00000", "2013-06-30": "706.00000", "2013-03-31": "705.00000", "2012-12-31": "575.00000", "2012-09-30": "699.00000", "2012-06-30": "446.00000", "2012-03-31": "446.00000", "2011-12-31": "444.00000", "2011-09-30": "444.00000", "2011-06-30": "444.00000", "2011-03-31": "443.62230", "2010-12-31": "440.00000", "2010-09-30": "440.62260", "2010-06-30": "437.95620", "2010-03-31": "436.95630", "2009-12-31": "431.29020", "2009-09-30": "433.29000", "2009-06-30": "429.62370", "2009-03-31": "427.62390", "2008-12-31": "422.29110", "2008-09-30": "422.29110", "2008-06-30": "421.95780", "2008-03-31": "422.62440", "2007-12-31": "421.62450", "2007-09-30": "421.62450", "2007-06-30": "422.29110", "2007-03-31": "422.62440", "2006-12-31": "395.96040", "2006-09-30": "420.95790", "2006-06-30": "419.62470", "2006-03-31": "320.96790", "2005-12-31": "323.30100", "2005-09-30": "321.30120", "2005-06-30": "321.30120", "2005-03-31": "329.96700"}, "Basic EPS": {"2020-09-30": "1.74000", "2020-06-30": "-1.13000", "2020-03-31": "1.24000", "2019-12-31": "0.88000", "2019-09-30": "1.82000", "2019-06-30": "1.12000", "2019-03-31": "1.24000", "2018-12-31": "0.66000", "2018-09-30": "1.51000", "2018-06-30": "0.71000", "2018-03-31": "0.88000", "2017-12-31": "1.00000", "2017-09-30": "1.36000", "2017-06-30": "0.98000", "2017-03-31": "1.02000", "2016-12-31": "-0.34000", "2016-09-30": "1.70000", "2016-06-30": "0.74000", "2016-03-31": "1.01000", "2015-12-31": "0.70000", "2015-09-30": "1.35000", "2015-06-30": "0.78000", "2015-03-31": "1.22000", "2014-12-31": "0.14000", "2014-09-30": "1.80000", "2014-06-30": "0.86000", "2014-03-31": "-0.14000", "2013-12-31": "0.98000", "2013-09-30": "1.42000", "2013-06-30": "0.48000", "2013-03-31": "0.89000", "2012-12-31": "0.57000", "2012-09-30": "0.85000", "2012-06-30": "0.99000", "2012-03-31": "0.66000", "2011-12-31": "0.64990", "2011-09-30": "1.06000", "2011-06-30": "0.98000", "2011-03-31": "1.14010", "2010-12-31": "0.95980", "2010-09-30": "1.53020", "2010-06-30": "-0.51010", "2010-03-31": "1.02010", "2009-12-31": "0.78010", "2009-09-30": "0.24000", "2009-06-30": "0.66010", "2009-03-31": "0.81010", "2008-12-31": "0.78010", "2008-09-30": "0.51010", "2008-06-30": "0.84010", "2008-03-31": "1.11010", "2007-12-31": "0.60010", "2007-09-30": "1.44010", "2007-06-30": "0.69010", "2007-03-31": "0.84010", "2006-12-31": "0.90010", "2006-09-30": "1.83020", "2006-06-30": "0.87010", "2006-03-31": "1.17010", "2005-12-31": "1.98020", "2005-09-30": "0.12000", "2005-06-30": "0.99010", "2005-03-31": "2.73030"}, "EPS - Earnings Per Share": {"2020-09-30": "1.74000", "2020-06-30": "-1.13000", "2020-03-31": "1.24000", "2019-12-31": "0.88000", "2019-09-30": "1.82000", "2019-06-30": "1.12000", "2019-03-31": "1.24000", "2018-12-31": "0.66000", "2018-09-30": "1.51000", "2018-06-30": "0.71000", "2018-03-31": "0.88000", "2017-12-31": "1.00000", "2017-09-30": "1.36000", "2017-06-30": "0.98000", "2017-03-31": "1.02000", "2016-12-31": "-0.34000", "2016-09-30": "1.70000", "2016-06-30": "0.74000", "2016-03-31": "1.01000", "2015-12-31": "0.70000", "2015-09-30": "1.35000", "2015-06-30": "0.78000", "2015-03-31": "1.22000", "2014-12-31": "0.14000", "2014-09-30": "1.80000", "2014-06-30": "0.86000", "2014-03-31": "-0.14000", "2013-12-31": "0.97000", "2013-09-30": "1.42000", "2013-06-30": "0.48000", "2013-03-31": "0.89000", "2012-12-31": "0.57000", "2012-09-30": "0.85000", "2012-06-30": "0.99000", "2012-03-31": "0.66000", "2011-12-31": "0.64990", "2011-09-30": "1.06000", "2011-06-30": "0.98000", "2011-03-31": "1.14010", "2010-12-31": "0.95980", "2010-09-30": "1.53020", "2010-06-30": "-0.51010", "2010-03-31": "1.02010", "2009-12-31": "0.78010", "2009-09-30": "0.24000", "2009-06-30": "0.66010", "2009-03-31": "0.81010", "2008-12-31": "0.75010", "2008-09-30": "0.51010", "2008-06-30": "0.84010", "2008-03-31": "1.11010", "2007-12-31": "0.57010", "2007-09-30": "1.44010", "2007-06-30": "0.69010", "2007-03-31": "0.84010", "2006-12-31": "0.96010", "2006-09-30": "1.80020", "2006-06-30": "0.84010", "2006-03-31": "1.11010", "2005-12-31": "1.92020", "2005-09-30": "0.12000", "2005-06-30": "0.96010", "2005-03-31": "2.64030"}}, "balance sheet": {"Cash On Hand": {"2019-12-31": "311.00000", "2018-12-31": "442.00000", "2017-12-31": "358.00000", "2016-12-31": "392.00000", "2015-12-31": "383.00000", "2014-12-31": "2036.00000", "2013-12-31": "1545.00000", "2012-12-31": "1757.00000", "2011-12-31": "2300.00000", "2010-12-31": "1670.00000", "2009-12-31": "1542.00000", "2008-12-31": "1037.00000", "2007-12-31": "1115.00000", "2006-12-31": "2462.00000", "2005-12-31": "1143.00000"}, "Receivables": {"2019-12-31": "3060.00000", "2018-12-31": "3134.00000", "2017-12-31": "2774.00000", "2016-12-31": "2644.00000", "2015-12-31": "2263.00000", "2014-12-31": "2764.00000", "2013-12-31": "3005.00000", "2012-12-31": "2717.00000", "2011-12-31": "1941.00000", "2010-12-31": "2066.00000", "2009-12-31": "1741.00000", "2008-12-31": "1653.00000", "2007-12-31": "1767.00000", "2006-12-31": "2256.00000", "2005-12-31": "2580.00000"}, "Inventory": {"2019-12-31": "3232.00000", "2018-12-31": "3084.00000", "2017-12-31": "3250.00000", "2016-12-31": "3522.00000", "2015-12-31": "3746.00000", "2014-12-31": "3459.00000", "2013-12-31": "3250.00000", "2012-12-31": "3223.00000", "2011-12-31": "1588.00000", "2010-12-31": "1318.00000", "2009-12-31": "1515.00000", "2008-12-31": "1135.00000", "2007-12-31": "1012.00000", "2006-12-31": "1358.00000", "2005-12-31": "863.00000"}, "Pre-Paid Expenses": {"2019-12-31": "", "2018-12-31": "", "2017-12-31": "", "2016-12-31": "", "2015-12-31": "", "2014-12-31": "", "2013-12-31": "", "2012-12-31": "", "2011-12-31": "", "2010-12-31": "", "2009-12-31": "", "2008-12-31": "", "2007-12-31": "", "2006-12-31": "", "2005-12-31": ""}, "Other Current Assets": {"2019-12-31": "2560.00000", "2018-12-31": "3054.00000", "2017-12-31": "2071.00000", "2016-12-31": "1481.00000", "2015-12-31": "1930.00000", "2014-12-31": "3316.00000", "2013-12-31": "2716.00000", "2012-12-31": "2425.00000", "2011-12-31": "1051.00000", "2010-12-31": "1169.00000", "2009-12-31": "968.00000", "2008-12-31": "1448.00000", "2007-12-31": "1022.00000", "2006-12-31": "971.00000", "2005-12-31": "3371.00000"}, "Total Current Assets": {"2019-12-31": "9163.00000", "2018-12-31": "9714.00000", "2017-12-31": "8453.00000", "2016-12-31": "8039.00000", "2015-12-31": "8322.00000", "2014-12-31": "11575.00000", "2013-12-31": "10516.00000", "2012-12-31": "10122.00000", "2011-12-31": "6880.00000", "2010-12-31": "6223.00000", "2009-12-31": "5766.00000", "2008-12-31": "5273.00000", "2007-12-31": "4916.00000", "2006-12-31": "7047.00000", "2005-12-31": "7957.00000"}, "Property, Plant, And Equipment": {"2019-12-31": "102127.00000", "2018-12-31": "91694.00000", "2017-12-31": "86391.00000", "2016-12-31": "82520.00000", "2015-12-31": "73779.00000", "2014-12-31": "70046.00000", "2013-12-31": "69490.00000", "2012-12-31": "68558.00000", "2011-12-31": "42661.00000", "2010-12-31": "40344.00000", "2009-12-31": "37950.00000", "2008-12-31": "34036.00000", "2007-12-31": "31110.00000", "2006-12-31": "41447.00000", "2005-12-31": "29200.00000"}, "Long-Term Investments": {"2019-12-31": "1936.00000", "2018-12-31": "1409.00000", "2017-12-31": "1175.00000", "2016-12-31": "", "2015-12-31": "499.00000", "2014-12-31": "358.00000", "2013-12-31": "390.00000", "2012-12-31": "483.00000", "2011-12-31": "460.00000", "2010-12-31": "444.00000", "2009-12-31": "436.00000", "2008-12-31": "473.00000", "2007-12-31": "696.00000", "2006-12-31": "2305.00000", "2005-12-31": "3214.00000"}, "Goodwill And Intangible Assets": {"2019-12-31": "19303.00000", "2018-12-31": "19303.00000", "2017-12-31": "19396.00000", "2016-12-31": "19425.00000", "2015-12-31": "16072.00000", "2014-12-31": "16321.00000", "2013-12-31": "16340.00000", "2012-12-31": "16365.00000", "2011-12-31": "4212.00000", "2010-12-31": "4325.00000", "2009-12-31": "4943.00000", "2008-12-31": "5400.00000", "2007-12-31": "5362.00000", "2006-12-31": "9080.00000", "2005-12-31": "3840.00000"}, "Other Long-Term Assets": {"2019-12-31": "3289.00000", "2018-12-31": "2935.00000", "2017-12-31": "2960.00000", "2016-12-31": "3694.00000", "2015-12-31": "5243.00000", "2014-12-31": "5650.00000", "2013-12-31": "3539.00000", "2012-12-31": "2904.00000", "2011-12-31": "2366.00000", "2010-12-31": "2563.00000", "2009-12-31": "2618.00000", "2008-12-31": "2577.00000", "2007-12-31": "3059.00000", "2006-12-31": "2690.00000", "2005-12-31": "6337.00000"}, "Total Long-Term Assets": {"2019-12-31": "148017.00000", "2018-12-31": "135678.00000", "2017-12-31": "129461.00000", "2016-12-31": "124722.00000", "2015-12-31": "112834.00000", "2014-12-31": "108982.00000", "2013-12-31": "104263.00000", "2012-12-31": "103734.00000", "2011-12-31": "55646.00000", "2010-12-31": "52867.00000", "2009-12-31": "51274.00000", "2008-12-31": "47804.00000", "2007-12-31": "44770.00000", "2006-12-31": "61653.00000", "2005-12-31": "46766.00000"}, "Total Assets": {"2019-12-31": "158838.00000", "2018-12-31": "145392.00000", "2017-12-31": "137914.00000", "2016-12-31": "132761.00000", "2015-12-31": "121156.00000", "2014-12-31": "120557.00000", "2013-12-31": "114779.00000", "2012-12-31": "113856.00000", "2011-12-31": "62526.00000", "2010-12-31": "59090.00000", "2009-12-31": "57040.00000", "2008-12-31": "53077.00000", "2007-12-31": "49686.00000", "2006-12-31": "68700.00000", "2005-12-31": "54723.00000"}, "Total Current Liabilities": {"2019-12-31": "14752.00000", "2018-12-31": "15041.00000", "2017-12-31": "12482.00000", "2016-12-31": "11551.00000", "2015-12-31": "11400.00000", "2014-12-31": "11233.00000", "2013-12-31": "8644.00000", "2012-12-31": "10029.00000", "2011-12-31": "5528.00000", "2010-12-31": "3897.00000", "2009-12-31": "4088.00000", "2008-12-31": "4345.00000", "2007-12-31": "5698.00000", "2006-12-31": "6613.00000", "2005-12-31": "8418.00000"}, "Long Term Debt": {"2019-12-31": "54985.00000", "2018-12-31": "51123.00000", "2017-12-31": "49035.00000", "2016-12-31": "45576.00000", "2015-12-31": "36842.00000", "2014-12-31": "37061.00000", "2013-12-31": "38152.00000", "2012-12-31": "36351.00000", "2011-12-31": "18679.00000", "2010-12-31": "17935.00000", "2009-12-31": "16113.00000", "2008-12-31": "13250.00000", "2007-12-31": "9498.00000", "2006-12-31": "18118.00000", "2005-12-31": "14547.00000"}, "Other Non-Current Liabilities": {"2019-12-31": "29282.00000", "2018-12-31": "26032.00000", "2017-12-31": "26397.00000", "2016-12-31": "18834.00000", "2015-12-31": "19035.00000", "2014-12-31": "16369.00000", "2013-12-31": "12714.00000", "2012-12-31": "12974.00000", "2011-12-31": "6633.00000", "2010-12-31": "6324.00000", "2009-12-31": "9028.00000", "2008-12-31": "9066.00000", "2007-12-31": "8198.00000", "2006-12-31": "9884.00000", "2005-12-31": "9173.00000"}, "Total Long Term Liabilities": {"2019-12-31": "96135.00000", "2018-12-31": "86517.00000", "2017-12-31": "83695.00000", "2016-12-31": "80169.00000", "2015-12-31": "69985.00000", "2014-12-31": "68425.00000", "2013-12-31": "64727.00000", "2012-12-31": "62886.00000", "2011-12-31": "34133.00000", "2010-12-31": "32540.00000", "2009-12-31": "31066.00000", "2008-12-31": "27581.00000", "2007-12-31": "22789.00000", "2006-12-31": "35985.00000", "2005-12-31": "29866.00000"}, "Total Liabilities": {"2019-12-31": "110887.00000", "2018-12-31": "101558.00000", "2017-12-31": "96177.00000", "2016-12-31": "91720.00000", "2015-12-31": "81385.00000", "2014-12-31": "79658.00000", "2013-12-31": "73371.00000", "2012-12-31": "72915.00000", "2011-12-31": "39661.00000", "2010-12-31": "36437.00000", "2009-12-31": "35154.00000", "2008-12-31": "31926.00000", "2007-12-31": "28487.00000", "2006-12-31": "42598.00000", "2005-12-31": "38284.00000"}, "Common Stock Net": {"2019-12-31": "1.00000", "2018-12-31": "1.00000", "2017-12-31": "1.00000", "2016-12-31": "1.00000", "2015-12-31": "1.00000", "2014-12-31": "1.00000", "2013-12-31": "1.00000", "2012-12-31": "1.00000", "2011-12-31": "1.00000", "2010-12-31": "1.00000", "2009-12-31": "1.00000", "2008-12-31": "1.00000", "2007-12-31": "1.00000", "2006-12-31": "1.00000", "2005-12-31": "10446.00000"}, "Retained Earnings (Accumulated Deficit)": {"2019-12-31": "4108.00000", "2018-12-31": "3113.00000", "2017-12-31": "3013.00000", "2016-12-31": "2384.00000", "2015-12-31": "2564.00000", "2014-12-31": "2012.00000", "2013-12-31": "2363.00000", "2012-12-31": "1889.00000", "2011-12-31": "1873.00000", "2010-12-31": "1496.00000", "2009-12-31": "1460.00000", "2008-12-31": "1607.00000", "2007-12-31": "1398.00000", "2006-12-31": "5652.00000", "2005-12-31": "5277.00000"}, "Comprehensive Income": {"2019-12-31": "-130.00000", "2018-12-31": "-92.00000", "2017-12-31": "-67.00000", "2016-12-31": "-93.00000", "2015-12-31": "-806.00000", "2014-12-31": "-543.00000", "2013-12-31": "-399.00000", "2012-12-31": "-306.00000", "2011-12-31": "-234.00000", "2010-12-31": "2.00000", "2009-12-31": "-372.00000", "2008-12-31": "-726.00000", "2007-12-31": "-133.00000", "2006-12-31": "595.00000", "2005-12-31": "716.00000"}, "Other Share Holders Equity": {"2019-12-31": "", "2018-12-31": "", "2017-12-31": "", "2016-12-31": "", "2015-12-31": "", "2014-12-31": "", "2013-12-31": "", "2012-12-31": "", "2011-12-31": "", "2010-12-31": "", "2009-12-31": "", "2008-12-31": "", "2007-12-31": "", "2006-12-31": "", "2005-12-31": ""}, "Share Holder Equity": {"2019-12-31": "47951.00000", "2018-12-31": "43834.00000", "2017-12-31": "41737.00000", "2016-12-31": "41041.00000", "2015-12-31": "39771.00000", "2014-12-31": "40899.00000", "2013-12-31": "41408.00000", "2012-12-31": "40941.00000", "2011-12-31": "22865.00000", "2010-12-31": "22653.00000", "2009-12-31": "21886.00000", "2008-12-31": "21151.00000", "2007-12-31": "21199.00000", "2006-12-31": "26102.00000", "2005-12-31": "16439.00000"}, "Total Liabilities And Share Holders Equity": {"2019-12-31": "158838.00000", "2018-12-31": "145392.00000", "2017-12-31": "137914.00000", "2016-12-31": "132761.00000", "2015-12-31": "121156.00000", "2014-12-31": "120557.00000", "2013-12-31": "114779.00000", "2012-12-31": "113856.00000", "2011-12-31": "62526.00000", "2010-12-31": "59090.00000", "2009-12-31": "57040.00000", "2008-12-31": "53077.00000", "2007-12-31": "49686.00000", "2006-12-31": "68700.00000", "2005-12-31": "54723.00000"}}, "balance sheet, quarterly": {"Cash On Hand": {"2020-09-30": "308.00000", "2020-06-30": "341.00000", "2020-03-31": "1450.00000", "2019-12-31": "311.00000", "2019-09-30": "379.00000", "2019-06-30": "336.00000", "2019-03-31": "377.00000", "2018-12-31": "442.00000", "2018-09-30": "303.00000", "2018-06-30": "304.00000", "2018-03-31": "421.00000", "2017-12-31": "358.00000", "2017-09-30": "282.00000", "2017-06-30": "298.00000", "2017-03-31": "878.00000", "2016-12-31": "392.00000", "2016-09-30": "6179.00000", "2016-06-30": "676.00000", "2016-03-31": "778.00000", "2015-12-31": "383.00000", "2015-09-30": "1370.00000", "2015-06-30": "960.00000", "2015-03-31": "2821.00000", "2014-12-31": "2036.00000", "2014-09-30": "1931.00000", "2014-06-30": "2008.00000", "2014-03-31": "1537.00000", "2013-12-31": "1545.00000", "2013-09-30": "2284.00000", "2013-06-30": "1851.00000", "2013-03-31": "1584.00000", "2012-12-31": "1757.00000", "2012-09-30": "2096.00000", "2012-06-30": "1760.00000", "2012-03-31": "1309.00000", "2011-12-31": "2300.00000", "2011-09-30": "2178.00000", "2011-06-30": "1371.00000", "2011-03-31": "1428.00000", "2010-12-31": "1670.00000", "2010-09-30": "1808.00000", "2010-06-30": "1010.00000", "2010-03-31": "1080.00000", "2009-12-31": "1542.00000", "2009-09-30": "1607.00000", "2009-06-30": "710.00000", "2009-03-31": "1252.00000", "2008-12-31": "1037.00000", "2008-09-30": "2056.00000", "2008-06-30": "1177.00000", "2008-03-31": "642.00000", "2007-12-31": "1115.00000", "2007-09-30": "1584.00000", "2007-06-30": "1633.00000", "2007-03-31": "1826.00000", "2006-12-31": "2462.00000", "2006-09-30": "2917.00000", "2006-06-30": "1006.00000", "2006-03-31": "817.00000", "2005-12-31": "1143.00000", "2005-09-30": "1439.00000", "2005-06-30": "2049.00000", "2005-03-31": "2065.00000"}, "Receivables": {"2020-09-30": "3039.00000", "2020-06-30": "2802.00000", "2020-03-31": "2637.00000", "2019-12-31": "3060.00000", "2019-09-30": "3077.00000", "2019-06-30": "2799.00000", "2019-03-31": "2756.00000", "2018-12-31": "3134.00000", "2018-09-30": "3079.00000", "2018-06-30": "2817.00000", "2018-03-31": "2743.00000", "2017-12-31": "2774.00000", "2017-09-30": "2617.00000", "2017-06-30": "2378.00000", "2017-03-31": "2305.00000", "2016-12-31": "2644.00000", "2016-09-30": "2722.00000", "2016-06-30": "2518.00000", "2016-03-31": "2323.00000", "2015-12-31": "2263.00000", "2015-09-30": "2759.00000", "2015-06-30": "2696.00000", "2015-03-31": "2766.00000", "2014-12-31": "2764.00000", "2014-09-30": "2923.00000", "2014-06-30": "2995.00000", "2014-03-31": "2796.00000", "2013-12-31": "3005.00000", "2013-09-30": "2843.00000", "2013-06-30": "2828.00000", "2013-03-31": "2807.00000", "2012-12-31": "2717.00000", "2012-09-30": "2846.00000", "2012-06-30": "1843.00000", "2012-03-31": "1737.00000", "2011-12-31": "1941.00000", "2011-09-30": "1916.00000", "2011-06-30": "1969.00000", "2011-03-31": "1925.00000", "2010-12-31": "2066.00000", "2010-09-30": "2012.00000", "2010-06-30": "1974.00000", "2010-03-31": "1924.00000", "2009-12-31": "1741.00000", "2009-09-30": "1489.00000", "2009-06-30": "1511.00000", "2009-03-31": "1465.00000", "2008-12-31": "1653.00000", "2008-09-30": "1656.00000", "2008-06-30": "1845.00000", "2008-03-31": "1652.00000", "2007-12-31": "1767.00000", "2007-09-30": "1778.00000", "2007-06-30": "1486.00000", "2007-03-31": "1466.00000", "2006-12-31": "2256.00000", "2006-09-30": "1969.00000", "2006-06-30": "2253.00000", "2006-03-31": "2071.00000", "2005-12-31": "2580.00000", "2005-09-30": "2131.00000", "2005-06-30": "2905.00000", "2005-03-31": "3202.00000"}, "Inventory": {"2020-09-30": "3190.00000", "2020-06-30": "3289.00000", "2020-03-31": "3324.00000", "2019-12-31": "3232.00000", "2019-09-30": "3107.00000", "2019-06-30": "3189.00000", "2019-03-31": "3102.00000", "2018-12-31": "3084.00000", "2018-09-30": "3140.00000", "2018-06-30": "3177.00000", "2018-03-31": "3149.00000", "2017-12-31": "3250.00000", "2017-09-30": "3265.00000", "2017-06-30": "3369.00000", "2017-03-31": "3366.00000", "2016-12-31": "3522.00000", "2016-09-30": "3351.00000", "2016-06-30": "3627.00000", "2016-03-31": "3721.00000", "2015-12-31": "3746.00000", "2015-09-30": "3537.00000", "2015-06-30": "3469.00000", "2015-03-31": "3413.00000", "2014-12-31": "3459.00000", "2014-09-30": "3200.00000", "2014-06-30": "3056.00000", "2014-03-31": "2908.00000", "2013-12-31": "3250.00000", "2013-09-30": "3100.00000", "2013-06-30": "3130.00000", "2013-03-31": "3096.00000", "2012-12-31": "3223.00000", "2012-09-30": "3041.00000", "2012-06-30": "1762.00000", "2012-03-31": "1754.00000", "2011-12-31": "1588.00000", "2011-09-30": "1421.00000", "2011-06-30": "1415.00000", "2011-03-31": "1347.00000", "2010-12-31": "1318.00000", "2010-09-30": "1230.00000", "2010-06-30": "1302.00000", "2010-03-31": "1337.00000", "2009-12-31": "1515.00000", "2009-09-30": "1420.00000", "2009-06-30": "1368.00000", "2009-03-31": "1243.00000", "2008-12-31": "1135.00000", "2008-09-30": "1125.00000", "2008-06-30": "1026.00000", "2008-03-31": "946.00000", "2007-12-31": "1012.00000", "2007-09-30": "1029.00000", "2007-06-30": "1027.00000", "2007-03-31": "950.00000", "2006-12-31": "1358.00000", "2006-09-30": "1243.00000", "2006-06-30": "1201.00000", "2006-03-31": "799.00000", "2005-12-31": "863.00000", "2005-09-30": "879.00000", "2005-06-30": "957.00000", "2005-03-31": "747.00000"}, "Pre-Paid Expenses": {"2020-09-30": "", "2020-06-30": "", "2020-03-31": "", "2019-12-31": "", "2019-09-30": "", "2019-06-30": "", "2019-03-31": "", "2018-12-31": "", "2018-09-30": "", "2018-06-30": "", "2018-03-31": "", "2017-12-31": "", "2017-09-30": "", "2017-06-30": "", "2017-03-31": "", "2016-12-31": "", "2016-09-30": "", "2016-06-30": "", "2016-03-31": "", "2015-12-31": "", "2015-09-30": "", "2015-06-30": "", "2015-03-31": "", "2014-12-31": "", "2014-09-30": "", "2014-06-30": "", "2014-03-31": "", "2013-12-31": "", "2013-09-30": "", "2013-06-30": "", "2013-03-31": "", "2012-12-31": "", "2012-09-30": "", "2012-06-30": "", "2012-03-31": "", "2011-12-31": "", "2011-09-30": "", "2011-06-30": "", "2011-03-31": "", "2010-12-31": "", "2010-09-30": "", "2010-06-30": "", "2010-03-31": "", "2009-12-31": "", "2009-09-30": "", "2009-06-30": "", "2009-03-31": "", "2008-12-31": "", "2008-09-30": "", "2008-06-30": "", "2008-03-31": "", "2007-12-31": "", "2007-09-30": "", "2007-06-30": "", "2007-03-31": "", "2006-12-31": "", "2006-09-30": "", "2006-06-30": "", "2006-03-31": "", "2005-12-31": "", "2005-09-30": "", "2005-06-30": "", "2005-03-31": ""}, "Other Current Assets": {"2020-09-30": "2142.00000", "2020-06-30": "2805.00000", "2020-03-31": "2770.00000", "2019-12-31": "2560.00000", "2019-09-30": "3056.00000", "2019-06-30": "3185.00000", "2019-03-31": "2933.00000", "2018-12-31": "3054.00000", "2018-09-30": "2998.00000", "2018-06-30": "2178.00000", "2018-03-31": "1966.00000", "2017-12-31": "2071.00000", "2017-09-30": "1542.00000", "2017-06-30": "1628.00000", "2017-03-31": "1456.00000", "2016-12-31": "1481.00000", "2016-09-30": "1282.00000", "2016-06-30": "1276.00000", "2016-03-31": "1121.00000", "2015-12-31": "1930.00000", "2015-09-30": "2529.00000", "2015-06-30": "2473.00000", "2015-03-31": "3322.00000", "2014-12-31": "3316.00000", "2014-09-30": "3521.00000", "2014-06-30": "3456.00000", "2014-03-31": "3324.00000", "2013-12-31": "2716.00000", "2013-09-30": "2191.00000", "2013-06-30": "2066.00000", "2013-03-31": "2062.00000", "2012-12-31": "2425.00000", "2012-09-30": "2123.00000", "2012-06-30": "1122.00000", "2012-03-31": "1124.00000", "2011-12-31": "1051.00000", "2011-09-30": "758.00000", "2011-06-30": "879.00000", "2011-03-31": "845.00000", "2010-12-31": "1169.00000", "2010-09-30": "987.00000", "2010-06-30": "1157.00000", "2010-03-31": "1150.00000", "2009-12-31": "968.00000", "2009-09-30": "1299.00000", "2009-06-30": "1802.00000", "2009-03-31": "1360.00000", "2008-12-31": "1448.00000", "2008-09-30": "1015.00000", "2008-06-30": "1236.00000", "2008-03-31": "967.00000", "2007-12-31": "1022.00000", "2007-09-30": "879.00000", "2007-06-30": "883.00000", "2007-03-31": "890.00000", "2006-12-31": "971.00000", "2006-09-30": "2053.00000", "2006-06-30": "2355.00000", "2006-03-31": "1523.00000", "2005-12-31": "3371.00000", "2005-09-30": "3660.00000", "2005-06-30": "2051.00000", "2005-03-31": "2263.00000"}, "Total Current Assets": {"2020-09-30": "8679.00000", "2020-06-30": "9237.00000", "2020-03-31": "10181.00000", "2019-12-31": "9163.00000", "2019-09-30": "9619.00000", "2019-06-30": "9509.00000", "2019-03-31": "9168.00000", "2018-12-31": "9714.00000", "2018-09-30": "9520.00000", "2018-06-30": "8476.00000", "2018-03-31": "8279.00000", "2017-12-31": "8453.00000", "2017-09-30": "7706.00000", "2017-06-30": "7673.00000", "2017-03-31": "8005.00000", "2016-12-31": "8039.00000", "2016-09-30": "13534.00000", "2016-06-30": "8097.00000", "2016-03-31": "7943.00000", "2015-12-31": "8322.00000", "2015-09-30": "10195.00000", "2015-06-30": "9598.00000", "2015-03-31": "12322.00000", "2014-12-31": "11575.00000", "2014-09-30": "11575.00000", "2014-06-30": "11515.00000", "2014-03-31": "10565.00000", "2013-12-31": "10516.00000", "2013-09-30": "10418.00000", "2013-06-30": "9875.00000", "2013-03-31": "9549.00000", "2012-12-31": "10122.00000", "2012-09-30": "10106.00000", "2012-06-30": "6487.00000", "2012-03-31": "5924.00000", "2011-12-31": "6880.00000", "2011-09-30": "6273.00000", "2011-06-30": "5634.00000", "2011-03-31": "5545.00000", "2010-12-31": "6223.00000", "2010-09-30": "6037.00000", "2010-06-30": "5443.00000", "2010-03-31": "5491.00000", "2009-12-31": "5766.00000", "2009-09-30": "5815.00000", "2009-06-30": "5391.00000", "2009-03-31": "5320.00000", "2008-12-31": "5273.00000", "2008-09-30": "5852.00000", "2008-06-30": "5284.00000", "2008-03-31": "4207.00000", "2007-12-31": "4916.00000", "2007-09-30": "5270.00000", "2007-06-30": "5029.00000", "2007-03-31": "5132.00000", "2006-12-31": "7047.00000", "2006-09-30": "8182.00000", "2006-06-30": "6815.00000", "2006-03-31": "5210.00000", "2005-12-31": "7957.00000", "2005-09-30": "8109.00000", "2005-06-30": "7962.00000", "2005-03-31": "8277.00000"}, "Property, Plant, And Equipment": {"2020-09-30": "105760.00000", "2020-06-30": "104325.00000", "2020-03-31": "103108.00000", "2019-12-31": "102127.00000", "2019-09-30": "98912.00000", "2019-06-30": "97198.00000", "2019-03-31": "95721.00000", "2018-12-31": "91694.00000", "2018-09-30": "89865.00000", "2018-06-30": "88495.00000", "2018-03-31": "87373.00000", "2017-12-31": "86391.00000", "2017-09-30": "84862.00000", "2017-06-30": "84404.00000", "2017-03-31": "83516.00000", "2016-12-31": "82520.00000", "2016-09-30": "78216.00000", "2016-06-30": "77329.00000", "2016-03-31": "76432.00000", "2015-12-31": "73779.00000", "2015-09-30": "73776.00000", "2015-06-30": "71759.00000", "2015-03-31": "70301.00000", "2014-12-31": "70046.00000", "2014-09-30": "69595.00000", "2014-06-30": "66908.00000", "2014-03-31": "66355.00000", "2013-12-31": "69490.00000", "2013-09-30": "69284.00000", "2013-06-30": "68877.00000", "2013-03-31": "68813.00000", "2012-12-31": "68558.00000", "2012-09-30": "69031.00000", "2012-06-30": "43787.00000", "2012-03-31": "42971.00000", "2011-12-31": "42661.00000", "2011-09-30": "41877.00000", "2011-06-30": "41610.00000", "2011-03-31": "40944.00000", "2010-12-31": "40344.00000", "2010-09-30": "39724.00000", "2010-06-30": "39060.00000", "2010-03-31": "38706.00000", "2009-12-31": "37950.00000", "2009-09-30": "36425.00000", "2009-06-30": "35429.00000", "2009-03-31": "34505.00000", "2008-12-31": "34036.00000", "2008-09-30": "33248.00000", "2008-06-30": "32465.00000", "2008-03-31": "31692.00000", "2007-12-31": "31110.00000", "2007-09-30": "30134.00000", "2007-06-30": "29799.00000", "2007-03-31": "29378.00000", "2006-12-31": "41447.00000", "2006-09-30": "40803.00000", "2006-06-30": "40895.00000", "2006-03-31": "29459.00000", "2005-12-31": "29200.00000", "2005-09-30": "28600.00000", "2005-06-30": "33390.00000", "2005-03-31": "33391.00000"}, "Long-Term Investments": {"2020-09-30": "924.00000", "2020-06-30": "861.00000", "2020-03-31": "2067.00000", "2019-12-31": "1936.00000", "2019-09-30": "1864.00000", "2019-06-30": "1715.00000", "2019-03-31": "1602.00000", "2018-12-31": "1409.00000", "2018-09-30": "1328.00000", "2018-06-30": "1168.00000", "2018-03-31": "1189.00000", "2017-12-31": "1175.00000", "2017-09-30": "1366.00000", "2017-06-30": "1267.00000", "2017-03-31": "1122.00000", "2016-12-31": "", "2016-09-30": "604.00000", "2016-06-30": "613.00000", "2016-03-31": "547.00000", "2015-12-31": "499.00000", "2015-09-30": "3706.00000", "2015-06-30": "375.00000", "2015-03-31": "343.00000", "2014-12-31": "358.00000", "2014-09-30": "350.00000", "2014-06-30": "381.00000", "2014-03-31": "386.00000", "2013-12-31": "390.00000", "2013-09-30": "511.00000", "2013-06-30": "508.00000", "2013-03-31": "478.00000", "2012-12-31": "483.00000", "2012-09-30": "542.00000", "2012-06-30": "450.00000", "2012-03-31": "479.00000", "2011-12-31": "460.00000", "2011-09-30": "459.00000", "2011-06-30": "457.00000", "2011-03-31": "445.00000", "2010-12-31": "444.00000", "2010-09-30": "351.00000", "2010-06-30": "358.00000", "2010-03-31": "363.00000", "2009-12-31": "436.00000", "2009-09-30": "458.00000", "2009-06-30": "466.00000", "2009-03-31": "460.00000", "2008-12-31": "473.00000", "2008-09-30": "707.00000", "2008-06-30": "666.00000", "2008-03-31": "710.00000", "2007-12-31": "696.00000", "2007-09-30": "686.00000", "2007-06-30": "683.00000", "2007-03-31": "663.00000", "2006-12-31": "2305.00000", "2006-09-30": "2512.00000", "2006-06-30": "3898.00000", "2006-03-31": "3363.00000", "2005-12-31": "3214.00000", "2005-09-30": "3848.00000", "2005-06-30": "2672.00000", "2005-03-31": "2514.00000"}, "Goodwill And Intangible Assets": {"2020-09-30": "19303.00000", "2020-06-30": "19303.00000", "2020-03-31": "19303.00000", "2019-12-31": "19303.00000", "2019-09-30": "19303.00000", "2019-06-30": "19303.00000", "2019-03-31": "19303.00000", "2018-12-31": "19303.00000", "2018-09-30": "19303.00000", "2018-06-30": "19396.00000", "2018-03-31": "19396.00000", "2017-12-31": "19396.00000", "2017-09-30": "19418.00000", "2017-06-30": "19425.00000", "2017-03-31": "19425.00000", "2016-12-31": "19425.00000", "2016-09-30": "16354.00000", "2016-06-30": "16357.00000", "2016-03-31": "16349.00000", "2015-12-31": "16072.00000", "2015-09-30": "16312.00000", "2015-06-30": "16328.00000", "2015-03-31": "16329.00000", "2014-12-31": "16321.00000", "2014-09-30": "16331.00000", "2014-06-30": "16343.00000", "2014-03-31": "16342.00000", "2013-12-31": "16340.00000", "2013-09-30": "16696.00000", "2013-06-30": "16695.00000", "2013-03-31": "16727.00000", "2012-12-31": "16365.00000", "2012-09-30": "16539.00000", "2012-06-30": "4199.00000", "2012-03-31": "4210.00000", "2011-12-31": "4212.00000", "2011-09-30": "4218.00000", "2011-06-30": "4336.00000", "2011-03-31": "4325.00000", "2010-12-31": "4325.00000", "2010-09-30": "4346.00000", "2010-06-30": "4355.00000", "2010-03-31": "4920.00000", "2009-12-31": "4943.00000", "2009-09-30": "4989.00000", "2009-06-30": "5362.00000", "2009-03-31": "5360.00000", "2008-12-31": "5400.00000", "2008-09-30": "5380.00000", "2008-06-30": "5348.00000", "2008-03-31": "5353.00000", "2007-12-31": "5362.00000", "2007-09-30": "5403.00000", "2007-06-30": "5463.00000", "2007-03-31": "5487.00000", "2006-12-31": "9080.00000", "2006-09-30": "9193.00000", "2006-06-30": "9090.00000", "2006-03-31": "3782.00000", "2005-12-31": "3840.00000", "2005-09-30": "3773.00000", "2005-06-30": "4106.00000", "2005-03-31": "4141.00000"}, "Other Long-Term Assets": {"2020-09-30": "3539.00000", "2020-06-30": "3458.00000", "2020-03-31": "3315.00000", "2019-12-31": "3289.00000", "2019-09-30": "2905.00000", "2019-06-30": "2975.00000", "2019-03-31": "2969.00000", "2018-12-31": "2935.00000", "2018-09-30": "3112.00000", "2018-06-30": "3087.00000", "2018-03-31": "3062.00000", "2017-12-31": "2960.00000", "2017-09-30": "2792.00000", "2017-06-30": "2826.00000", "2017-03-31": "2754.00000", "2016-12-31": "3694.00000", "2016-09-30": "2948.00000", "2016-06-30": "2972.00000", "2016-03-31": "3036.00000", "2015-12-31": "5243.00000", "2015-09-30": "188.00000", "2015-06-30": "3239.00000", "2015-03-31": "5810.00000", "2014-12-31": "5650.00000", "2014-09-30": "6005.00000", "2014-06-30": "5422.00000", "2014-03-31": "5592.00000", "2013-12-31": "3539.00000", "2013-09-30": "2413.00000", "2013-06-30": "2469.00000", "2013-03-31": "2520.00000", "2012-12-31": "2904.00000", "2012-09-30": "2301.00000", "2012-06-30": "2027.00000", "2012-03-31": "2232.00000", "2011-12-31": "2366.00000", "2011-09-30": "2412.00000", "2011-06-30": "4502.00000", "2011-03-31": "2386.00000", "2010-12-31": "2563.00000", "2010-09-30": "2503.00000", "2010-06-30": "2564.00000", "2010-03-31": "2661.00000", "2009-12-31": "2618.00000", "2009-09-30": "2563.00000", "2009-06-30": "2598.00000", "2009-03-31": "2501.00000", "2008-12-31": "2577.00000", "2008-09-30": "3023.00000", "2008-06-30": "3316.00000", "2008-03-31": "3174.00000", "2007-12-31": "3059.00000", "2007-09-30": "2781.00000", "2007-06-30": "2730.00000", "2007-03-31": "2835.00000", "2006-12-31": "2690.00000", "2006-09-30": "3919.00000", "2006-06-30": "3929.00000", "2006-03-31": "5351.00000", "2005-12-31": "6337.00000", "2005-09-30": "4784.00000", "2005-06-30": "3771.00000", "2005-03-31": "3527.00000"}, "Total Long-Term Assets": {"2020-09-30": "151153.00000", "2020-06-30": "149232.00000", "2020-03-31": "148258.00000", "2019-12-31": "148017.00000", "2019-09-30": "144595.00000", "2019-06-30": "142205.00000", "2019-03-31": "140270.00000", "2018-12-31": "135678.00000", "2018-09-30": "133645.00000", "2018-06-30": "131783.00000", "2018-03-31": "130262.00000", "2017-12-31": "129461.00000", "2017-09-30": "128619.00000", "2017-06-30": "127331.00000", "2017-03-31": "126103.00000", "2016-12-31": "124722.00000", "2016-09-30": "116152.00000", "2016-06-30": "114557.00000", "2016-03-31": "113766.00000", "2015-12-31": "112834.00000", "2015-09-30": "110838.00000", "2015-06-30": "108977.00000", "2015-03-31": "109820.00000", "2014-12-31": "108982.00000", "2014-09-30": "108081.00000", "2014-06-30": "103658.00000", "2014-03-31": "103227.00000", "2013-12-31": "104263.00000", "2013-09-30": "104172.00000", "2013-06-30": "104225.00000", "2013-03-31": "104117.00000", "2012-12-31": "103734.00000", "2012-09-30": "101902.00000", "2012-06-30": "56544.00000", "2012-03-31": "55875.00000", "2011-12-31": "55646.00000", "2011-09-30": "54503.00000", "2011-06-30": "54158.00000", "2011-03-31": "53441.00000", "2010-12-31": "52867.00000", "2010-09-30": "51820.00000", "2010-06-30": "50957.00000", "2010-03-31": "52142.00000", "2009-12-31": "51274.00000", "2009-09-30": "49959.00000", "2009-06-30": "49318.00000", "2009-03-31": "48264.00000", "2008-12-31": "47804.00000", "2008-09-30": "46917.00000", "2008-06-30": "46314.00000", "2008-03-31": "45440.00000", "2007-12-31": "44770.00000", "2007-09-30": "43757.00000", "2007-06-30": "43419.00000", "2007-03-31": "43097.00000", "2006-12-31": "61653.00000", "2006-09-30": "62100.00000", "2006-06-30": "63553.00000", "2006-03-31": "46207.00000", "2005-12-31": "46766.00000", "2005-09-30": "45224.00000", "2005-06-30": "48033.00000", "2005-03-31": "47631.00000"}, "Total Assets": {"2020-09-30": "161409.00000", "2020-06-30": "160049.00000", "2020-03-31": "160072.00000", "2019-12-31": "158838.00000", "2019-09-30": "155917.00000", "2019-06-30": "153449.00000", "2019-03-31": "151136.00000", "2018-12-31": "145392.00000", "2018-09-30": "143165.00000", "2018-06-30": "140259.00000", "2018-03-31": "138541.00000", "2017-12-31": "137914.00000", "2017-09-30": "136325.00000", "2017-06-30": "135004.00000", "2017-03-31": "134108.00000", "2016-12-31": "132761.00000", "2016-09-30": "129686.00000", "2016-06-30": "122654.00000", "2016-03-31": "121709.00000", "2015-12-31": "121156.00000", "2015-09-30": "121033.00000", "2015-06-30": "118575.00000", "2015-03-31": "122142.00000", "2014-12-31": "120557.00000", "2014-09-30": "119656.00000", "2014-06-30": "115173.00000", "2014-03-31": "113792.00000", "2013-12-31": "114779.00000", "2013-09-30": "114590.00000", "2013-06-30": "114100.00000", "2013-03-31": "113666.00000", "2012-12-31": "113856.00000", "2012-09-30": "112008.00000", "2012-06-30": "63031.00000", "2012-03-31": "61799.00000", "2011-12-31": "62526.00000", "2011-09-30": "60776.00000", "2011-06-30": "59792.00000", "2011-03-31": "58986.00000", "2010-12-31": "59090.00000", "2010-09-30": "57857.00000", "2010-06-30": "56400.00000", "2010-03-31": "57633.00000", "2009-12-31": "57040.00000", "2009-09-30": "55774.00000", "2009-06-30": "54709.00000", "2009-03-31": "53584.00000", "2008-12-31": "53077.00000", "2008-09-30": "52769.00000", "2008-06-30": "51598.00000", "2008-03-31": "49647.00000", "2007-12-31": "49686.00000", "2007-09-30": "49027.00000", "2007-06-30": "48448.00000", "2007-03-31": "48229.00000", "2006-12-31": "68700.00000", "2006-09-30": "70282.00000", "2006-06-30": "70368.00000", "2006-03-31": "51417.00000", "2005-12-31": "54723.00000", "2005-09-30": "53333.00000", "2005-06-30": "55995.00000", "2005-03-31": "55908.00000"}, "Total Current Liabilities": {"2020-09-30": "16693.00000", "2020-06-30": "16690.00000", "2020-03-31": "15170.00000", "2019-12-31": "14752.00000", "2019-09-30": "13390.00000", "2019-06-30": "13447.00000", "2019-03-31": "12282.00000", "2018-12-31": "15041.00000", "2018-09-30": "13922.00000", "2018-06-30": "12791.00000", "2018-03-31": "12998.00000", "2017-12-31": "12482.00000", "2017-09-30": "10820.00000", "2017-06-30": "12466.00000", "2017-03-31": "10941.00000", "2016-12-31": "11551.00000", "2016-09-30": "12076.00000", "2016-06-30": "9906.00000", "2016-03-31": "10891.00000", "2015-12-31": "11400.00000", "2015-09-30": "10516.00000", "2015-06-30": "9646.00000", "2015-03-31": "11903.00000", "2014-12-31": "11233.00000", "2014-09-30": "8251.00000", "2014-06-30": "8708.00000", "2014-03-31": "7492.00000", "2013-12-31": "8644.00000", "2013-09-30": "9239.00000", "2013-06-30": "10015.00000", "2013-03-31": "9965.00000", "2012-12-31": "10029.00000", "2012-09-30": "8556.00000", "2012-06-30": "6139.00000", "2012-03-31": "4283.00000", "2011-12-31": "5528.00000", "2011-09-30": "5115.00000", "2011-06-30": "4386.00000", "2011-03-31": "4197.00000", "2010-12-31": "3897.00000", "2010-09-30": "3665.00000", "2010-06-30": "3837.00000", "2010-03-31": "3854.00000", "2009-12-31": "4088.00000", "2009-09-30": "3718.00000", "2009-06-30": "4141.00000", "2009-03-31": "3524.00000", "2008-12-31": "4345.00000", "2008-09-30": "5060.00000", "2008-06-30": "4959.00000", "2008-03-31": "4931.00000", "2007-12-31": "5698.00000", "2007-09-30": "4676.00000", "2007-06-30": "5014.00000", "2007-03-31": "4553.00000", "2006-12-31": "6613.00000", "2006-09-30": "7277.00000", "2006-06-30": "8070.00000", "2006-03-31": "6102.00000", "2005-12-31": "8418.00000", "2005-09-30": "7552.00000", "2005-06-30": "7799.00000", "2005-03-31": "7121.00000"}, "Long Term Debt": {"2020-09-30": "56049.00000", "2020-06-30": "56143.00000", "2020-03-31": "56311.00000", "2019-12-31": "54985.00000", "2019-09-30": "54818.00000", "2019-06-30": "54342.00000", "2019-03-31": "53681.00000", "2018-12-31": "51123.00000", "2018-09-30": "50507.00000", "2018-06-30": "49863.00000", "2018-03-31": "49030.00000", "2017-12-31": "49035.00000", "2017-09-30": "48929.00000", "2017-06-30": "46043.00000", "2017-03-31": "47021.00000", "2016-12-31": "45576.00000", "2016-09-30": "43964.00000", "2016-06-30": "39931.00000", "2016-03-31": "38232.00000", "2015-12-31": "36842.00000", "2015-09-30": "37667.00000", "2015-06-30": "36795.00000", "2015-03-31": "37173.00000", "2014-12-31": "37061.00000", "2014-09-30": "38702.00000", "2014-06-30": "38706.00000", "2014-03-31": "39000.00000", "2013-12-31": "38152.00000", "2013-09-30": "37402.00000", "2013-06-30": "37359.00000", "2013-03-31": "36339.00000", "2012-12-31": "36351.00000", "2012-09-30": "36109.00000", "2012-06-30": "18454.00000", "2012-03-31": "19026.00000", "2011-12-31": "18679.00000", "2011-09-30": "17584.00000", "2011-06-30": "17687.00000", "2011-03-31": "17226.00000", "2010-12-31": "17935.00000", "2010-09-30": "17762.00000", "2010-06-30": "17219.00000", "2010-03-31": "16279.00000", "2009-12-31": "16113.00000", "2009-09-30": "15406.00000", "2009-06-30": "14433.00000", "2009-03-31": "14569.00000", "2008-12-31": "13250.00000", "2008-09-30": "12695.00000", "2008-06-30": "11647.00000", "2008-03-31": "10083.00000", "2007-12-31": "9498.00000", "2007-09-30": "9937.00000", "2007-06-30": "9965.00000", "2007-03-31": "9624.00000", "2006-12-31": "18118.00000", "2006-09-30": "18678.00000", "2006-06-30": "18574.00000", "2006-03-31": "14601.00000", "2005-12-31": "14547.00000", "2005-09-30": "15062.00000", "2005-06-30": "16359.00000", "2005-03-31": "16934.00000"}, "Other Non-Current Liabilities": {"2020-09-30": "29231.00000", "2020-06-30": "28655.00000", "2020-03-31": "28195.00000", "2019-12-31": "29282.00000", "2019-09-30": "28591.00000", "2019-06-30": "28766.00000", "2019-03-31": "29055.00000", "2018-12-31": "26032.00000", "2018-09-30": "26418.00000", "2018-06-30": "26565.00000", "2018-03-31": "26305.00000", "2017-12-31": "26397.00000", "2017-09-30": "18237.00000", "2017-06-30": "18864.00000", "2017-03-31": "18865.00000", "2016-12-31": "18834.00000", "2016-09-30": "18383.00000", "2016-06-30": "18295.00000", "2016-03-31": "18250.00000", "2015-12-31": "19035.00000", "2015-09-30": "17437.00000", "2015-06-30": "17281.00000", "2015-03-31": "16471.00000", "2014-12-31": "16369.00000", "2014-09-30": "16599.00000", "2014-06-30": "13166.00000", "2014-03-31": "12951.00000", "2013-12-31": "12714.00000", "2013-09-30": "13034.00000", "2013-06-30": "7589.00000", "2013-03-31": "12980.00000", "2012-12-31": "12974.00000", "2012-09-30": "12934.00000", "2012-06-30": "6800.00000", "2012-03-31": "6659.00000", "2011-12-31": "6633.00000", "2011-09-30": "7335.00000", "2011-06-30": "7290.00000", "2011-03-31": "7307.00000", "2010-12-31": "6324.00000", "2010-09-30": "7509.00000", "2010-06-30": "7524.00000", "2010-03-31": "9075.00000", "2009-12-31": "9028.00000", "2009-09-30": "8941.00000", "2009-06-30": "8738.00000", "2009-03-31": "8678.00000", "2008-12-31": "9066.00000", "2008-09-30": "8273.00000", "2008-06-30": "8322.00000", "2008-03-31": "8138.00000", "2007-12-31": "8198.00000", "2007-09-30": "8470.00000", "2007-06-30": "8611.00000", "2007-03-31": "8908.00000", "2006-12-31": "9884.00000", "2006-09-30": "9882.00000", "2006-06-30": "10007.00000", "2006-03-31": "8105.00000", "2005-12-31": "9173.00000", "2005-09-30": "8915.00000", "2005-06-30": "7687.00000", "2005-03-31": "7696.00000"}, "Total Long Term Liabilities": {"2020-09-30": "97421.00000", "2020-06-30": "96748.00000", "2020-03-31": "96819.00000", "2019-12-31": "96135.00000", "2019-09-30": "95120.00000", "2019-06-30": "94670.00000", "2019-03-31": "93809.00000", "2018-12-31": "86517.00000", "2018-09-30": "86230.00000", "2018-06-30": "84953.00000", "2018-03-31": "83745.00000", "2017-12-31": "83695.00000", "2017-09-30": "83863.00000", "2017-06-30": "81244.00000", "2017-03-31": "81981.00000", "2016-12-31": "80169.00000", "2016-09-30": "77064.00000", "2016-06-30": "72800.00000", "2016-03-31": "70877.00000", "2015-12-31": "69985.00000", "2015-09-30": "70649.00000", "2015-06-30": "69312.00000", "2015-03-31": "69152.00000", "2014-12-31": "68425.00000", "2014-09-30": "69952.00000", "2014-06-30": "65584.00000", "2014-03-31": "65511.00000", "2013-12-31": "64727.00000", "2013-09-30": "64114.00000", "2013-06-30": "63884.00000", "2013-03-31": "62671.00000", "2012-12-31": "62886.00000", "2012-09-30": "62457.00000", "2012-06-30": "34376.00000", "2012-03-31": "34638.00000", "2011-12-31": "34133.00000", "2011-09-30": "32762.00000", "2011-06-30": "32704.00000", "2011-03-31": "31933.00000", "2010-12-31": "32540.00000", "2010-09-30": "32043.00000", "2010-06-30": "31300.00000", "2010-03-31": "31731.00000", "2009-12-31": "31066.00000", "2009-09-30": "30311.00000", "2009-06-30": "29208.00000", "2009-03-31": "28678.00000", "2008-12-31": "27581.00000", "2008-09-30": "26379.00000", "2008-06-30": "25338.00000", "2008-03-31": "23307.00000", "2007-12-31": "22789.00000", "2007-09-30": "23280.00000", "2007-06-30": "23013.00000", "2007-03-31": "23042.00000", "2006-12-31": "35985.00000", "2006-09-30": "36509.00000", "2006-06-30": "36628.00000", "2006-03-31": "28763.00000", "2005-12-31": "29866.00000", "2005-09-30": "29733.00000", "2005-06-30": "31781.00000", "2005-03-31": "32169.00000"}, "Total Liabilities": {"2020-09-30": "114114.00000", "2020-06-30": "113438.00000", "2020-03-31": "111989.00000", "2019-12-31": "110887.00000", "2019-09-30": "108510.00000", "2019-06-30": "108117.00000", "2019-03-31": "106091.00000", "2018-12-31": "101558.00000", "2018-09-30": "100152.00000", "2018-06-30": "97744.00000", "2018-03-31": "96743.00000", "2017-12-31": "96177.00000", "2017-09-30": "94683.00000", "2017-06-30": "93710.00000", "2017-03-31": "92922.00000", "2016-12-31": "91720.00000", "2016-09-30": "89140.00000", "2016-06-30": "82706.00000", "2016-03-31": "81768.00000", "2015-12-31": "81385.00000", "2015-09-30": "81165.00000", "2015-06-30": "78958.00000", "2015-03-31": "81055.00000", "2014-12-31": "79658.00000", "2014-09-30": "78203.00000", "2014-06-30": "74292.00000", "2014-03-31": "73003.00000", "2013-12-31": "73371.00000", "2013-09-30": "73353.00000", "2013-06-30": "73899.00000", "2013-03-31": "72636.00000", "2012-12-31": "72915.00000", "2012-09-30": "71013.00000", "2012-06-30": "40515.00000", "2012-03-31": "38921.00000", "2011-12-31": "39661.00000", "2011-09-30": "37877.00000", "2011-06-30": "37090.00000", "2011-03-31": "36130.00000", "2010-12-31": "36437.00000", "2010-09-30": "35708.00000", "2010-06-30": "35137.00000", "2010-03-31": "35585.00000", "2009-12-31": "35154.00000", "2009-09-30": "34029.00000", "2009-06-30": "33349.00000", "2009-03-31": "32202.00000", "2008-12-31": "31926.00000", "2008-09-30": "31439.00000", "2008-06-30": "30297.00000", "2008-03-31": "28238.00000", "2007-12-31": "28487.00000", "2007-09-30": "27956.00000", "2007-06-30": "28027.00000", "2007-03-31": "27595.00000", "2006-12-31": "42598.00000", "2006-09-30": "43786.00000", "2006-06-30": "44698.00000", "2006-03-31": "34865.00000", "2005-12-31": "38284.00000", "2005-09-30": "37285.00000", "2005-06-30": "39580.00000", "2005-03-31": "39290.00000"}, "Common Stock Net": {"2020-09-30": "1.00000", "2020-06-30": "1.00000", "2020-03-31": "1.00000", "2019-12-31": "1.00000", "2019-09-30": "1.00000", "2019-06-30": "1.00000", "2019-03-31": "1.00000", "2018-12-31": "1.00000", "2018-09-30": "1.00000", "2018-06-30": "1.00000", "2018-03-31": "1.00000", "2017-12-31": "1.00000", "2017-09-30": "1.00000", "2017-06-30": "1.00000", "2017-03-31": "1.00000", "2016-12-31": "1.00000", "2016-09-30": "1.00000", "2016-06-30": "1.00000", "2016-03-31": "1.00000", "2015-12-31": "1.00000", "2015-09-30": "1.00000", "2015-06-30": "1.00000", "2015-03-31": "1.00000", "2014-12-31": "1.00000", "2014-09-30": "1.00000", "2014-06-30": "1.00000", "2014-03-31": "1.00000", "2013-12-31": "1.00000", "2013-09-30": "1.00000", "2013-06-30": "1.00000", "2013-03-31": "1.00000", "2012-12-31": "1.00000", "2012-09-30": "1.00000", "2012-06-30": "1.00000", "2012-03-31": "1.00000", "2011-12-31": "1.00000", "2011-09-30": "1.00000", "2011-06-30": "1.00000", "2011-03-31": "1.00000", "2010-12-31": "1.00000", "2010-09-30": "1.00000", "2010-06-30": "1.00000", "2010-03-31": "1.00000", "2009-12-31": "1.00000", "2009-09-30": "1.00000", "2009-06-30": "1.00000", "2009-03-31": "1.00000", "2008-12-31": "1.00000", "2008-09-30": "1.00000", "2008-06-30": "1.00000", "2008-03-31": "1.00000", "2007-12-31": "1.00000", "2007-09-30": "1.00000", "2007-06-30": "1.00000", "2007-03-31": "1.00000", "2006-12-31": "1.00000", "2006-09-30": "1.00000", "2006-06-30": "1.00000", "2006-03-31": "10340.00000", "2005-12-31": "10446.00000", "2005-09-30": "10360.00000", "2005-06-30": "10375.00000", "2005-03-31": "10436.00000"}, "Retained Earnings (Accumulated Deficit)": {"2020-09-30": "3260.00000", "2020-06-30": "2707.00000", "2020-03-31": "4221.00000", "2019-12-31": "4108.00000", "2019-09-30": "4139.00000", "2019-06-30": "3502.00000", "2019-03-31": "3360.00000", "2018-12-31": "3113.00000", "2018-09-30": "3313.00000", "2018-06-30": "2894.00000", "2018-03-31": "3021.00000", "2017-12-31": "3013.00000", "2017-09-30": "2936.00000", "2017-06-30": "2607.00000", "2017-03-31": "2521.00000", "2016-12-31": "2384.00000", "2016-09-30": "3212.00000", "2016-06-30": "2627.00000", "2016-03-31": "2688.00000", "2015-12-31": "2564.00000", "2015-09-30": "2656.00000", "2015-06-30": "2294.00000", "2015-03-31": "2309.00000", "2014-12-31": "2012.00000", "2014-09-30": "2479.00000", "2014-06-30": "1768.00000", "2014-03-31": "1713.00000", "2013-12-31": "2363.00000", "2013-09-30": "2227.00000", "2013-06-30": "1223.00000", "2013-03-31": "1978.00000", "2012-12-31": "1889.00000", "2012-09-30": "1995.00000", "2012-06-30": "1598.00000", "2012-03-31": "1833.00000", "2011-12-31": "1873.00000", "2011-09-30": "1920.00000", "2011-06-30": "1448.00000", "2011-03-31": "1676.00000", "2010-12-31": "1496.00000", "2010-09-30": "1396.00000", "2010-06-30": "726.00000", "2010-03-31": "1589.00000", "2009-12-31": "1460.00000", "2009-09-30": "1428.00000", "2009-06-30": "1321.00000", "2009-03-31": "1655.00000", "2008-12-31": "1607.00000", "2008-09-30": "1567.00000", "2008-06-30": "1353.00000", "2008-03-31": "1574.00000", "2007-12-31": "1398.00000", "2007-09-30": "1447.00000", "2007-06-30": "847.00000", "2007-03-31": "1098.00000", "2006-12-31": "5652.00000", "2006-09-30": "5670.00000", "2006-06-30": "4907.00000", "2006-03-31": "5405.00000", "2005-12-31": "5277.00000", "2005-09-30": "5014.00000", "2005-06-30": "4962.00000", "2005-03-31": "5149.00000"}, "Comprehensive Income": {"2020-09-30": "-263.00000", "2020-06-30": "-183.00000", "2020-03-31": "-193.00000", "2019-12-31": "-130.00000", "2019-09-30": "-153.00000", "2019-06-30": "-148.00000", "2019-03-31": "-128.00000", "2018-12-31": "-92.00000", "2018-09-30": "-66.00000", "2018-06-30": "-70.00000", "2018-03-31": "-69.00000", "2017-12-31": "-67.00000", "2017-09-30": "-80.00000", "2017-06-30": "-82.00000", "2017-03-31": "-85.00000", "2016-12-31": "-93.00000", "2016-09-30": "-721.00000", "2016-06-30": "-717.00000", "2016-03-31": "-766.00000", "2015-12-31": "-806.00000", "2015-09-30": "-778.00000", "2015-06-30": "-648.00000", "2015-03-31": "-672.00000", "2014-12-31": "-543.00000", "2014-09-30": "-456.00000", "2014-06-30": "-355.00000", "2014-03-31": "-377.00000", "2013-12-31": "-399.00000", "2013-09-30": "-380.00000", "2013-06-30": "-376.00000", "2013-03-31": "-289.00000", "2012-12-31": "-306.00000", "2012-09-30": "-340.00000", "2012-06-30": "-320.00000", "2012-03-31": "-174.00000", "2011-12-31": "-234.00000", "2011-09-30": "-188.00000", "2011-06-30": "89.00000", "2011-03-31": "30.00000", "2010-12-31": "2.00000", "2010-09-30": "-294.00000", "2010-06-30": "-389.00000", "2010-03-31": "-373.00000", "2009-12-31": "-372.00000", "2009-09-30": "-387.00000", "2009-06-30": "-521.00000", "2009-03-31": "-730.00000", "2008-12-31": "-726.00000", "2008-09-30": "-230.00000", "2008-06-30": "-27.00000", "2008-03-31": "-115.00000", "2007-12-31": "-133.00000", "2007-09-30": "-276.00000", "2007-06-30": "-319.00000", "2007-03-31": "-333.00000", "2006-12-31": "595.00000", "2006-09-30": "1050.00000", "2006-06-30": "1047.00000", "2006-03-31": "807.00000", "2005-12-31": "716.00000", "2005-09-30": "540.00000", "2005-06-30": "944.00000", "2005-03-31": "899.00000"}, "Other Share Holders Equity": {"2020-09-30": "", "2020-06-30": "", "2020-03-31": "", "2019-12-31": "", "2019-09-30": "", "2019-06-30": "", "2019-03-31": "", "2018-12-31": "", "2018-09-30": "", "2018-06-30": "", "2018-03-31": "", "2017-12-31": "", "2017-09-30": "", "2017-06-30": "", "2017-03-31": "", "2016-12-31": "", "2016-09-30": "", "2016-06-30": "", "2016-03-31": "", "2015-12-31": "", "2015-09-30": "", "2015-06-30": "", "2015-03-31": "", "2014-12-31": "", "2014-09-30": "", "2014-06-30": "", "2014-03-31": "", "2013-12-31": "", "2013-09-30": "", "2013-06-30": "", "2013-03-31": "", "2012-12-31": "", "2012-09-30": "", "2012-06-30": "", "2012-03-31": "", "2011-12-31": "", "2011-09-30": "", "2011-06-30": "", "2011-03-31": "", "2010-12-31": "", "2010-09-30": "", "2010-06-30": "", "2010-03-31": "", "2009-12-31": "", "2009-09-30": "", "2009-06-30": "", "2009-03-31": "", "2008-12-31": "", "2008-09-30": "", "2008-06-30": "", "2008-03-31": "", "2007-12-31": "", "2007-09-30": "", "2007-06-30": "", "2007-03-31": "", "2006-12-31": "", "2006-09-30": "", "2006-06-30": "", "2006-03-31": "", "2005-12-31": "", "2005-09-30": "", "2005-06-30": "", "2005-03-31": ""}, "Share Holder Equity": {"2020-09-30": "47295.00000", "2020-06-30": "46611.00000", "2020-03-31": "48083.00000", "2019-12-31": "47951.00000", "2019-09-30": "47407.00000", "2019-06-30": "45332.00000", "2019-03-31": "45045.00000", "2018-12-31": "43834.00000", "2018-09-30": "43013.00000", "2018-06-30": "42515.00000", "2018-03-31": "41798.00000", "2017-12-31": "41737.00000", "2017-09-30": "41642.00000", "2017-06-30": "41294.00000", "2017-03-31": "41186.00000", "2016-12-31": "41041.00000", "2016-09-30": "40546.00000", "2016-06-30": "39948.00000", "2016-03-31": "39941.00000", "2015-12-31": "39771.00000", "2015-09-30": "39868.00000", "2015-06-30": "39617.00000", "2015-03-31": "41087.00000", "2014-12-31": "40899.00000", "2014-09-30": "41453.00000", "2014-06-30": "40881.00000", "2014-03-31": "40789.00000", "2013-12-31": "41408.00000", "2013-09-30": "41237.00000", "2013-06-30": "40201.00000", "2013-03-31": "41030.00000", "2012-12-31": "40941.00000", "2012-09-30": "40995.00000", "2012-06-30": "22516.00000", "2012-03-31": "22878.00000", "2011-12-31": "22865.00000", "2011-09-30": "22899.00000", "2011-06-30": "22702.00000", "2011-03-31": "22856.00000", "2010-12-31": "22653.00000", "2010-09-30": "22149.00000", "2010-06-30": "21263.00000", "2010-03-31": "22048.00000", "2009-12-31": "21886.00000", "2009-09-30": "21745.00000", "2009-06-30": "21360.00000", "2009-03-31": "21382.00000", "2008-12-31": "21151.00000", "2008-09-30": "21330.00000", "2008-06-30": "21301.00000", "2008-03-31": "21409.00000", "2007-12-31": "21199.00000", "2007-09-30": "21071.00000", "2007-06-30": "20421.00000", "2007-03-31": "20634.00000", "2006-12-31": "26102.00000", "2006-09-30": "26496.00000", "2006-06-30": "25670.00000", "2006-03-31": "16552.00000", "2005-12-31": "16439.00000", "2005-09-30": "16048.00000", "2005-06-30": "16415.00000", "2005-03-31": "16618.00000"}, "Total Liabilities And Share Holders Equity": {"2020-09-30": "161409.00000", "2020-06-30": "160049.00000", "2020-03-31": "160072.00000", "2019-12-31": "158838.00000", "2019-09-30": "155917.00000", "2019-06-30": "153449.00000", "2019-03-31": "151136.00000", "2018-12-31": "145392.00000", "2018-09-30": "143165.00000", "2018-06-30": "140259.00000", "2018-03-31": "138541.00000", "2017-12-31": "137914.00000", "2017-09-30": "136325.00000", "2017-06-30": "135004.00000", "2017-03-31": "134108.00000", "2016-12-31": "132761.00000", "2016-09-30": "129686.00000", "2016-06-30": "122654.00000", "2016-03-31": "121709.00000", "2015-12-31": "121156.00000", "2015-09-30": "121033.00000", "2015-06-30": "118575.00000", "2015-03-31": "122142.00000", "2014-12-31": "120557.00000", "2014-09-30": "119656.00000", "2014-06-30": "115173.00000", "2014-03-31": "113792.00000", "2013-12-31": "114779.00000", "2013-09-30": "114590.00000", "2013-06-30": "114100.00000", "2013-03-31": "113666.00000", "2012-12-31": "113856.00000", "2012-09-30": "112008.00000", "2012-06-30": "63031.00000", "2012-03-31": "61799.00000", "2011-12-31": "62526.00000", "2011-09-30": "60776.00000", "2011-06-30": "59792.00000", "2011-03-31": "58986.00000", "2010-12-31": "59090.00000", "2010-09-30": "57857.00000", "2010-06-30": "56400.00000", "2010-03-31": "57633.00000", "2009-12-31": "57040.00000", "2009-09-30": "55774.00000", "2009-06-30": "54709.00000", "2009-03-31": "53584.00000", "2008-12-31": "53077.00000", "2008-09-30": "52769.00000", "2008-06-30": "51598.00000", "2008-03-31": "49647.00000", "2007-12-31": "49686.00000", "2007-09-30": "49027.00000", "2007-06-30": "48448.00000", "2007-03-31": "48229.00000", "2006-12-31": "68700.00000", "2006-09-30": "70282.00000", "2006-06-30": "70368.00000", "2006-03-31": "51417.00000", "2005-12-31": "54723.00000", "2005-09-30": "53333.00000", "2005-06-30": "55995.00000", "2005-03-31": "55908.00000"}}, "cash flow statement": {"Net Income/Loss": {"2019-12-31": "3571.00000", "2018-12-31": "2644.00000", "2017-12-31": "3064.00000", "2016-12-31": "2170.00000", "2015-12-31": "2831.00000", "2014-12-31": "1889.00000", "2013-12-31": "2676.00000", "2012-12-31": "1782.00000", "2011-12-31": "1714.00000", "2010-12-31": "1323.00000", "2009-12-31": "1085.00000", "2008-12-31": "1358.00000", "2007-12-31": "1502.00000", "2006-12-31": "1863.00000", "2005-12-31": "1824.00000"}, "Total Depreciation And Amortization - Cash Flow": {"2019-12-31": "5176.00000", "2018-12-31": "4696.00000", "2017-12-31": "4046.00000", "2016-12-31": "3880.00000", "2015-12-31": "3613.00000", "2014-12-31": "3507.00000", "2013-12-31": "3229.00000", "2012-12-31": "2652.00000", "2011-12-31": "2026.00000", "2010-12-31": "1994.00000", "2009-12-31": "1846.00000", "2008-12-31": "1834.00000", "2007-12-31": "1888.00000", "2006-12-31": "2215.00000", "2005-12-31": "1884.00000"}, "Other Non-Cash Items": {"2019-12-31": "335.00000", "2018-12-31": "972.00000", "2017-12-31": "744.00000", "2016-12-31": "662.00000", "2015-12-31": "539.00000", "2014-12-31": "1791.00000", "2013-12-31": "1385.00000", "2012-12-31": "813.00000", "2011-12-31": "402.00000", "2010-12-31": "578.00000", "2009-12-31": "395.00000", "2008-12-31": "371.00000", "2007-12-31": "110.00000", "2006-12-31": "-1290.00000", "2005-12-31": "-1564.00000"}, "Total Non-Cash Items": {"2019-12-31": "5511.00000", "2018-12-31": "5668.00000", "2017-12-31": "4790.00000", "2016-12-31": "4542.00000", "2015-12-31": "4152.00000", "2014-12-31": "5298.00000", "2013-12-31": "4614.00000", "2012-12-31": "3465.00000", "2011-12-31": "2428.00000", "2010-12-31": "2572.00000", "2009-12-31": "2241.00000", "2008-12-31": "2205.00000", "2007-12-31": "1998.00000", "2006-12-31": "925.00000", "2005-12-31": "320.00000"}, "Change In Accounts Receivable": {"2019-12-31": "78.00000", "2018-12-31": "-345.00000", "2017-12-31": "-83.00000", "2016-12-31": "-372.00000", "2015-12-31": "383.00000", "2014-12-31": "58.00000", "2013-12-31": "-281.00000", "2012-12-31": "39.00000", "2011-12-31": "2.00000", "2010-12-31": "19.00000", "2009-12-31": "-38.00000", "2008-12-31": "189.00000", "2007-12-31": "-240.00000", "2006-12-31": "844.00000", "2005-12-31": "-249.00000"}, "Change In Inventories": {"2019-12-31": "-122.00000", "2018-12-31": "156.00000", "2017-12-31": "268.00000", "2016-12-31": "272.00000", "2015-12-31": "-237.00000", "2014-12-31": "-269.00000", "2013-12-31": "-31.00000", "2012-12-31": "-258.00000", "2011-12-31": "-247.00000", "2010-12-31": "198.00000", "2009-12-31": "-298.00000", "2008-12-31": "-209.00000", "2007-12-31": "-36.00000", "2006-12-31": "-24.00000", "2005-12-31": "-80.00000"}, "Change In Accounts Payable": {"2019-12-31": "-164.00000", "2018-12-31": "479.00000", "2017-12-31": "-204.00000", "2016-12-31": "296.00000", "2015-12-31": "-6.00000", "2014-12-31": "-30.00000", "2013-12-31": "73.00000", "2012-12-31": "131.00000", "2011-12-31": "41.00000", "2010-12-31": "167.00000", "2009-12-31": "-80.00000", "2008-12-31": "-136.00000", "2007-12-31": "-172.00000", "2006-12-31": "-1524.00000", "2005-12-31": "117.00000"}, "Change In Assets/Liabilities": {"2019-12-31": "-441.00000", "2018-12-31": "-1439.00000", "2017-12-31": "-1360.00000", "2016-12-31": "-281.00000", "2015-12-31": "-385.00000", "2014-12-31": "-346.00000", "2013-12-31": "-746.00000", "2012-12-31": "227.00000", "2011-12-31": "-293.00000", "2010-12-31": "202.00000", "2009-12-31": "501.00000", "2008-12-31": "-126.00000", "2007-12-31": "290.00000", "2006-12-31": "1733.00000", "2005-12-31": "833.00000"}, "Total Change In Assets/Liabilities": {"2019-12-31": "-873.00000", "2018-12-31": "-1126.00000", "2017-12-31": "-1230.00000", "2016-12-31": "151.00000", "2015-12-31": "-283.00000", "2014-12-31": "-601.00000", "2013-12-31": "-908.00000", "2012-12-31": "-3.00000", "2011-12-31": "-470.00000", "2010-12-31": "616.00000", "2009-12-31": "137.00000", "2008-12-31": "-235.00000", "2007-12-31": "-292.00000", "2006-12-31": "960.00000", "2005-12-31": "674.00000"}, "Cash Flow From Operating Activities": {"2019-12-31": "8209.00000", "2018-12-31": "7186.00000", "2017-12-31": "6624.00000", "2016-12-31": "6863.00000", "2015-12-31": "6700.00000", "2014-12-31": "6586.00000", "2013-12-31": "6382.00000", "2012-12-31": "5244.00000", "2011-12-31": "3672.00000", "2010-12-31": "4511.00000", "2009-12-31": "3463.00000", "2008-12-31": "3328.00000", "2007-12-31": "3208.00000", "2006-12-31": "3748.00000", "2005-12-31": "2818.00000"}, "Net Change In Property, Plant, And Equipment": {"2019-12-31": "-11122.00000", "2018-12-31": "-9389.00000", "2017-12-31": "-8052.00000", "2016-12-31": "-7901.00000", "2015-12-31": "-6766.00000", "2014-12-31": "-5384.00000", "2013-12-31": "-5526.00000", "2012-12-31": "-5501.00000", "2011-12-31": "-4363.00000", "2010-12-31": "-4855.00000", "2009-12-31": "-4433.00000", "2008-12-31": "-4533.00000", "2007-12-31": "-3125.00000", "2006-12-31": "-3381.00000", "2005-12-31": "-2327.00000"}, "Net Change In Intangible Assets": {"2019-12-31": "", "2018-12-31": "", "2017-12-31": "", "2016-12-31": "", "2015-12-31": "", "2014-12-31": "", "2013-12-31": "", "2012-12-31": "", "2011-12-31": "", "2010-12-31": "", "2009-12-31": "", "2008-12-31": "", "2007-12-31": "", "2006-12-31": "", "2005-12-31": ""}, "Net Acquisitions/Divestitures": {"2019-12-31": "-3348.00000", "2018-12-31": "-3762.00000", "2017-12-31": "-4071.00000", "2016-12-31": "-4778.00000", "2015-12-31": "-1334.00000", "2014-12-31": "-54.00000", "2013-12-31": "", "2012-12-31": "-380.00000", "2011-12-31": "-51.00000", "2010-12-31": "", "2009-12-31": "-124.00000", "2008-12-31": "-389.00000", "2007-12-31": "-66.00000", "2006-12-31": "-137.00000", "2005-12-31": "-294.00000"}, "Net Change In Short-term Investments": {"2019-12-31": "", "2018-12-31": "", "2017-12-31": "", "2016-12-31": "", "2015-12-31": "", "2014-12-31": "", "2013-12-31": "", "2012-12-31": "", "2011-12-31": "", "2010-12-31": "", "2009-12-31": "", "2008-12-31": "", "2007-12-31": "", "2006-12-31": "406.00000", "2005-12-31": "755.00000"}, "Net Change In Long-Term Investments": {"2019-12-31": "3019.00000", "2018-12-31": "3331.00000", "2017-12-31": "3684.00000", "2016-12-31": "-224.00000", "2015-12-31": "2708.00000", "2014-12-31": "112.00000", "2013-12-31": "369.00000", "2012-12-31": "24.00000", "2011-12-31": "-63.00000", "2010-12-31": "501.00000", "2009-12-31": "19.00000", "2008-12-31": "235.00000", "2007-12-31": "986.00000", "2006-12-31": "1898.00000", "2005-12-31": "2128.00000"}, "Net Change In Investments - Total": {"2019-12-31": "3019.00000", "2018-12-31": "3331.00000", "2017-12-31": "3684.00000", "2016-12-31": "-224.00000", "2015-12-31": "2708.00000", "2014-12-31": "112.00000", "2013-12-31": "369.00000", "2012-12-31": "24.00000", "2011-12-31": "-63.00000", "2010-12-31": "501.00000", "2009-12-31": "19.00000", "2008-12-31": "235.00000", "2007-12-31": "986.00000", "2006-12-31": "2304.00000", "2005-12-31": "2883.00000"}, "Investing Activities - Other": {"2019-12-31": "-506.00000", "2018-12-31": "-240.00000", "2017-12-31": "-3.00000", "2016-12-31": "1375.00000", "2015-12-31": "115.00000", "2014-12-31": "-47.00000", "2013-12-31": "179.00000", "2012-12-31": "-340.00000", "2011-12-31": "43.00000", "2010-12-31": "-69.00000", "2009-12-31": "46.00000", "2008-12-31": "76.00000", "2007-12-31": "54.00000", "2006-12-31": "-114.00000", "2005-12-31": "-388.00000"}, "Cash Flow From Investing Activities": {"2019-12-31": "-11957.00000", "2018-12-31": "-10060.00000", "2017-12-31": "-8442.00000", "2016-12-31": "-11528.00000", "2015-12-31": "-5277.00000", "2014-12-31": "-5373.00000", "2013-12-31": "-4978.00000", "2012-12-31": "-6197.00000", "2011-12-31": "-4434.00000", "2010-12-31": "-4423.00000", "2009-12-31": "-4492.00000", "2008-12-31": "-4611.00000", "2007-12-31": "-2151.00000", "2006-12-31": "-1328.00000", "2005-12-31": "-126.00000"}, "Net Long-Term Debt": {"2019-12-31": "3615.00000", "2018-12-31": "2393.00000", "2017-12-31": "4593.00000", "2016-12-31": "7315.00000", "2015-12-31": "-74.00000", "2014-12-31": "-123.00000", "2013-12-31": "840.00000", "2012-12-31": "1672.00000", "2011-12-31": "2292.00000", "2010-12-31": "1091.00000", "2009-12-31": "2876.00000", "2008-12-31": "2664.00000", "2007-12-31": "-535.00000", "2006-12-31": "271.00000", "2005-12-31": "-803.00000"}, "Net Current Debt": {"2019-12-31": "-380.00000", "2018-12-31": "1171.00000", "2017-12-31": "-362.00000", "2016-12-31": "-1447.00000", "2015-12-31": "1245.00000", "2014-12-31": "1688.00000", "2013-12-31": "93.00000", "2012-12-31": "278.00000", "2011-12-31": "208.00000", "2010-12-31": "-55.00000", "2009-12-31": "-548.00000", "2008-12-31": "-73.00000", "2007-12-31": "615.00000", "2006-12-31": "-414.00000", "2005-12-31": "165.00000"}, "Debt Issuance/Retirement Net - Total": {"2019-12-31": "3235.00000", "2018-12-31": "3564.00000", "2017-12-31": "4231.00000", "2016-12-31": "5868.00000", "2015-12-31": "1171.00000", "2014-12-31": "1565.00000", "2013-12-31": "933.00000", "2012-12-31": "1950.00000", "2011-12-31": "2500.00000", "2010-12-31": "1036.00000", "2009-12-31": "2328.00000", "2008-12-31": "2591.00000", "2007-12-31": "80.00000", "2006-12-31": "-143.00000", "2005-12-31": "-638.00000"}, "Net Common Equity Issued/Repurchased": {"2019-12-31": "384.00000", "2018-12-31": "1838.00000", "2017-12-31": "", "2016-12-31": "731.00000", "2015-12-31": "-1483.00000", "2014-12-31": "25.00000", "2013-12-31": "9.00000", "2012-12-31": "23.00000", "2011-12-31": "67.00000", "2010-12-31": "302.00000", "2009-12-31": "519.00000", "2008-12-31": "133.00000", "2007-12-31": "50.00000", "2006-12-31": "-373.00000", "2005-12-31": "-892.00000"}, "Net Total Equity Issued/Repurchased": {"2019-12-31": "2346.00000", "2018-12-31": "1838.00000", "2017-12-31": "", "2016-12-31": "731.00000", "2015-12-31": "-1483.00000", "2014-12-31": "25.00000", "2013-12-31": "-87.00000", "2012-12-31": "23.00000", "2011-12-31": "67.00000", "2010-12-31": "302.00000", "2009-12-31": "519.00000", "2008-12-31": "133.00000", "2007-12-31": "50.00000", "2006-12-31": "-385.00000", "2005-12-31": "-1026.00000"}, "Total Common And Preferred Stock Dividends Paid": {"2019-12-31": "-2668.00000", "2018-12-31": "-2471.00000", "2017-12-31": "-2450.00000", "2016-12-31": "-2332.00000", "2015-12-31": "-2254.00000", "2014-12-31": "-2234.00000", "2013-12-31": "-2188.00000", "2012-12-31": "-1752.00000", "2011-12-31": "-1329.00000", "2010-12-31": "-1284.00000", "2009-12-31": "-1222.00000", "2008-12-31": "-1143.00000", "2007-12-31": "-1089.00000", "2006-12-31": "-1488.00000", "2005-12-31": "-1105.00000"}, "Financial Activities - Other": {"2019-12-31": "817.00000", "2018-12-31": "29.00000", "2017-12-31": "1.00000", "2016-12-31": "-16.00000", "2015-12-31": "-36.00000", "2014-12-31": "-34.00000", "2013-12-31": "15.00000", "2012-12-31": "46.00000", "2011-12-31": "-36.00000", "2010-12-31": "-14.00000", "2009-12-31": "-40.00000", "2008-12-31": "10.00000", "2007-12-31": "-368.00000", "2006-12-31": "55.00000", "2005-12-31": "52.00000"}, "Cash Flow From Financial Activities": {"2019-12-31": "3730.00000", "2018-12-31": "2960.00000", "2017-12-31": "1782.00000", "2016-12-31": "4251.00000", "2015-12-31": "-2602.00000", "2014-12-31": "-678.00000", "2013-12-31": "-1327.00000", "2012-12-31": "267.00000", "2011-12-31": "1202.00000", "2010-12-31": "40.00000", "2009-12-31": "1585.00000", "2008-12-31": "1591.00000", "2007-12-31": "-1327.00000", "2006-12-31": "-1961.00000", "2005-12-31": "-2717.00000"}, "Net Cash Flow": {"2019-12-31": "-18.00000", "2018-12-31": "86.00000", "2017-12-31": "-36.00000", "2016-12-31": "60.00000", "2015-12-31": "-80.00000", "2014-12-31": "-13.00000", "2013-12-31": "77.00000", "2012-12-31": "-686.00000", "2011-12-31": "440.00000", "2010-12-31": "128.00000", "2009-12-31": "556.00000", "2008-12-31": "308.00000", "2007-12-31": "-270.00000", "2006-12-31": "437.00000", "2005-12-31": "-22.00000"}, "Stock-Based Compensation": {"2019-12-31": "", "2018-12-31": "", "2017-12-31": "", "2016-12-31": "", "2015-12-31": "", "2014-12-31": "", "2013-12-31": "", "2012-12-31": "", "2011-12-31": "", "2010-12-31": "", "2009-12-31": "", "2008-12-31": "", "2007-12-31": "", "2006-12-31": "", "2005-12-31": ""}, "Common Stock Dividends Paid": {"2019-12-31": "-2668.00000", "2018-12-31": "-2471.00000", "2017-12-31": "-2450.00000", "2016-12-31": "-2332.00000", "2015-12-31": "-2254.00000", "2014-12-31": "-2234.00000", "2013-12-31": "-2188.00000", "2012-12-31": "-1752.00000", "2011-12-31": "-1329.00000", "2010-12-31": "-1284.00000", "2009-12-31": "-1222.00000", "2008-12-31": "-1143.00000", "2007-12-31": "-1089.00000", "2006-12-31": "-1488.00000", "2005-12-31": "-1105.00000"}}, "cash flow statement, quarterly": {"Net Income/Loss": {"2020-09-30": 1234, "2020-06-30": -892, "2020-03-31": "890.00000", "2019-12-31": 607, "2019-09-30": 1323, "2019-06-30": 748, "2019-03-31": "893.00000", "2018-12-31": 454, "2018-09-30": 1066, "2018-06-30": 502, "2018-03-31": "622.00000", "2017-12-31": 703, "2017-09-30": 955, "2017-06-30": 689, "2017-03-31": "717.00000", "2016-12-31": -222, "2016-09-30": 1181, "2016-06-30": 512, "2016-03-31": "699.00000", "2015-12-31": 482, "2015-09-30": 935, "2015-06-30": 547, "2015-03-31": "867.00000", "2014-12-31": 100, "2014-09-30": 1269, "2014-06-30": 613, "2014-03-31": "-93.00000", "2013-12-31": 692, "2013-09-30": 1008, "2013-06-30": 342, "2013-03-31": "634.00000", "2012-12-31": 437, "2012-09-30": 598, "2012-06-30": 448, "2012-03-31": "299.00000", "2011-12-31": 290, "2011-09-30": 470, "2011-06-30": 441, "2011-03-31": "513.00000", "2010-12-31": 429, "2010-09-30": 666, "2010-06-30": -217, "2010-03-31": "445.00000", "2009-12-31": 348, "2009-09-30": 106, "2009-06-30": 282, "2009-03-31": "349.00000", "2008-12-31": 330, "2008-09-30": 213, "2008-06-30": 349, "2008-03-31": "466.00000", "2007-12-31": 245, "2007-09-30": 607, "2007-06-30": 293, "2007-03-31": "357.00000", "2006-12-31": 387, "2006-09-30": 763, "2006-06-30": 355, "2006-03-31": "358.00000", "2005-12-31": 606, "2005-09-30": 41, "2005-06-30": 309, "2005-03-31": "868.00000"}, "Total Depreciation And Amortization - Cash Flow": {"2020-09-30": 1430, "2020-06-30": 1350, "2020-03-31": "1301.00000", "2019-12-31": 1345, "2019-09-30": 1348, "2019-06-30": 1245, "2019-03-31": "1238.00000", "2018-12-31": 1249, "2018-09-30": 1197, "2018-06-30": 1161, "2018-03-31": "1089.00000", "2017-12-31": 1056, "2017-09-30": 1037, "2017-06-30": 962, "2017-03-31": "991.00000", "2016-12-31": 1033, "2016-09-30": 979, "2016-06-30": 937, "2016-03-31": "931.00000", "2015-12-31": 933, "2015-09-30": 896, "2015-06-30": 901, "2015-03-31": "883.00000", "2014-12-31": 866, "2014-09-30": 893, "2014-06-30": 864, "2014-03-31": "884.00000", "2013-12-31": 864, "2013-09-30": 821, "2013-06-30": 782, "2013-03-31": "762.00000", "2012-12-31": 787, "2012-09-30": 788, "2012-06-30": 533, "2012-03-31": "544.00000", "2011-12-31": 518, "2011-09-30": 517, "2011-06-30": 487, "2011-03-31": "504.00000", "2010-12-31": 513, "2010-09-30": 502, "2010-06-30": 473, "2010-03-31": "506.00000", "2009-12-31": 451, "2009-09-30": 478, "2009-06-30": 454, "2009-03-31": "463.00000", "2008-12-31": 447, "2008-09-30": 479, "2008-06-30": 456, "2008-03-31": "452.00000", "2007-12-31": 394, "2007-09-30": 546, "2007-06-30": 487, "2007-03-31": "461.00000", "2006-12-31": 563, "2006-09-30": 610, "2006-06-30": 604, "2006-03-31": "438.00000", "2005-12-31": 421, "2005-09-30": 382, "2005-06-30": 531, "2005-03-31": "550.00000"}, "Other Non-Cash Items": {"2020-09-30": 568, "2020-06-30": 1460, "2020-03-31": "194.00000", "2019-12-31": 449, "2019-09-30": -212, "2019-06-30": 189, "2019-03-31": "-91.00000", "2018-12-31": -152, "2018-09-30": 783, "2018-06-30": 188, "2018-03-31": "153.00000", "2017-12-31": 225, "2017-09-30": 310, "2017-06-30": 97, "2017-03-31": "112.00000", "2016-12-31": 367, "2016-09-30": 195, "2016-06-30": 83, "2016-03-31": "17.00000", "2015-12-31": -192, "2015-09-30": 363, "2015-06-30": 168, "2015-03-31": "200.00000", "2014-12-31": 575, "2014-09-30": -48, "2014-06-30": 97, "2014-03-31": "1167.00000", "2013-12-31": -79, "2013-09-30": 641, "2013-06-30": 463, "2013-03-31": "360.00000", "2012-12-31": -126, "2012-09-30": 553, "2012-06-30": 94, "2012-03-31": "292.00000", "2011-12-31": -176, "2011-09-30": 286, "2011-06-30": 196, "2011-03-31": "96.00000", "2010-12-31": -460, "2010-09-30": 220, "2010-06-30": 673, "2010-03-31": "145.00000", "2009-12-31": -13, "2009-09-30": 288, "2009-06-30": 500, "2009-03-31": "-380.00000", "2008-12-31": 15, "2008-09-30": 127, "2008-06-30": 275, "2008-03-31": "-46.00000", "2007-12-31": 384, "2007-09-30": 143, "2007-06-30": -444, "2007-03-31": "27.00000", "2006-12-31": -116, "2006-09-30": -798, "2006-06-30": -53, "2006-03-31": "-323.00000", "2005-12-31": -130, "2005-09-30": -744, "2005-06-30": 5, "2005-03-31": "-695.00000"}, "Total Non-Cash Items": {"2020-09-30": 1998, "2020-06-30": 2810, "2020-03-31": "1495.00000", "2019-12-31": 1794, "2019-09-30": 1136, "2019-06-30": 1434, "2019-03-31": "1147.00000", "2018-12-31": 1097, "2018-09-30": 1980, "2018-06-30": 1349, "2018-03-31": "1242.00000", "2017-12-31": 1281, "2017-09-30": 1347, "2017-06-30": 1059, "2017-03-31": "1103.00000", "2016-12-31": 1400, "2016-09-30": 1174, "2016-06-30": 1020, "2016-03-31": "948.00000", "2015-12-31": 741, "2015-09-30": 1259, "2015-06-30": 1069, "2015-03-31": "1083.00000", "2014-12-31": 1441, "2014-09-30": 845, "2014-06-30": 961, "2014-03-31": "2051.00000", "2013-12-31": 785, "2013-09-30": 1462, "2013-06-30": 1245, "2013-03-31": "1122.00000", "2012-12-31": 661, "2012-09-30": 1341, "2012-06-30": 627, "2012-03-31": "836.00000", "2011-12-31": 342, "2011-09-30": 803, "2011-06-30": 683, "2011-03-31": "600.00000", "2010-12-31": 53, "2010-09-30": 722, "2010-06-30": 1146, "2010-03-31": "651.00000", "2009-12-31": 438, "2009-09-30": 766, "2009-06-30": 954, "2009-03-31": "83.00000", "2008-12-31": 462, "2008-09-30": 606, "2008-06-30": 731, "2008-03-31": "406.00000", "2007-12-31": 778, "2007-09-30": 689, "2007-06-30": 43, "2007-03-31": "488.00000", "2006-12-31": 447, "2006-09-30": -188, "2006-06-30": 551, "2006-03-31": "115.00000", "2005-12-31": 291, "2005-09-30": -362, "2005-06-30": 536, "2005-03-31": "-145.00000"}, "Change In Accounts Receivable": {"2020-09-30": -223, "2020-06-30": -185, "2020-03-31": "466.00000", "2019-12-31": 16, "2019-09-30": -242, "2019-06-30": -84, "2019-03-31": "388.00000", "2018-12-31": -57, "2018-09-30": -261, "2018-06-30": -91, "2018-03-31": "64.00000", "2017-12-31": -163, "2017-09-30": -213, "2017-06-30": -50, "2017-03-31": "343.00000", "2016-12-31": -96, "2016-09-30": -238, "2016-06-30": -177, "2016-03-31": "139.00000", "2015-12-31": 316, "2015-09-30": -38, "2015-06-30": 146, "2015-03-31": "-41.00000", "2014-12-31": 82, "2014-09-30": 94, "2014-06-30": -147, "2014-03-31": "29.00000", "2013-12-31": -127, "2013-09-30": -10, "2013-06-30": -26, "2013-03-31": "-118.00000", "2012-12-31": 122, "2012-09-30": -144, "2012-06-30": -111, "2012-03-31": "172.00000", "2011-12-31": -113, "2011-09-30": -51, "2011-06-30": -52, "2011-03-31": "218.00000", "2010-12-31": -68, "2010-09-30": 24, "2010-06-30": -31, "2010-03-31": "94.00000", "2009-12-31": -264, "2009-09-30": 26, "2009-06-30": -22, "2009-03-31": "222.00000", "2008-12-31": 136, "2008-09-30": 132, "2008-06-30": -240, "2008-03-31": "161.00000", "2007-12-31": 104, "2007-09-30": -266, "2007-06-30": -48, "2007-03-31": "-30.00000", "2006-12-31": -490, "2006-09-30": 155, "2006-06-30": 641, "2006-03-31": "538.00000", "2005-12-31": -271, "2005-09-30": -264, "2005-06-30": 250, "2005-03-31": "36.00000"}, "Change In Inventories": {"2020-09-30": 99, "2020-06-30": 36, "2020-03-31": "-92.00000", "2019-12-31": -119, "2019-09-30": 107, "2019-06-30": -79, "2019-03-31": "-31.00000", "2018-12-31": 52, "2018-09-30": 34, "2018-06-30": -31, "2018-03-31": "101.00000", "2017-12-31": 20, "2017-09-30": 95, "2017-06-30": -2, "2017-03-31": "155.00000", "2016-12-31": -183, "2016-09-30": 277, "2016-06-30": 89, "2016-03-31": "89.00000", "2015-12-31": -224, "2015-09-30": -15, "2015-06-30": -55, "2015-03-31": "57.00000", "2014-12-31": -252, "2014-09-30": -139, "2014-06-30": -150, "2014-03-31": "272.00000", "2013-12-31": -150, "2013-09-30": 35, "2013-06-30": -42, "2013-03-31": "126.00000", "2012-12-31": -236, "2012-09-30": 143, "2012-06-30": -3, "2012-03-31": "-162.00000", "2011-12-31": -160, "2011-09-30": -2, "2011-06-30": -54, "2011-03-31": "-31.00000", "2010-12-31": -91, "2010-09-30": 72, "2010-06-30": 37, "2010-03-31": "180.00000", "2009-12-31": -19, "2009-09-30": -52, "2009-06-30": -117, "2009-03-31": "-110.00000", "2008-12-31": -106, "2008-09-30": -94, "2008-06-30": -75, "2008-03-31": "66.00000", "2007-12-31": 21, "2007-09-30": 4, "2007-06-30": -76, "2007-03-31": "15.00000", "2006-12-31": -120, "2006-09-30": -48, "2006-06-30": -30, "2006-03-31": "174.00000", "2005-12-31": 51, "2005-09-30": -120, "2005-06-30": -206, "2005-03-31": "195.00000"}, "Change In Accounts Payable": {"2020-09-30": 75, "2020-06-30": 19, "2020-03-31": "-657.00000", "2019-12-31": 374, "2019-09-30": 162, "2019-06-30": -64, "2019-03-31": "-636.00000", "2018-12-31": 90, "2018-09-30": 531, "2018-06-30": 185, "2018-03-31": "-327.00000", "2017-12-31": 350, "2017-09-30": -49, "2017-06-30": -42, "2017-03-31": "-463.00000", "2016-12-31": 503, "2016-09-30": -54, "2016-06-30": 57, "2016-03-31": "-210.00000", "2015-12-31": 176, "2015-09-30": 106, "2015-06-30": -87, "2015-03-31": "-201.00000", "2014-12-31": 273, "2014-09-30": -85, "2014-06-30": -121, "2014-03-31": "-97.00000", "2013-12-31": 485, "2013-09-30": -104, "2013-06-30": -62, "2013-03-31": "-246.00000", "2012-12-31": 353, "2012-09-30": -120, "2012-06-30": 168, "2012-03-31": "-270.00000", "2011-12-31": 496, "2011-09-30": -117, "2011-06-30": -146, "2011-03-31": "-192.00000", "2010-12-31": 267, "2010-09-30": 24, "2010-06-30": -10, "2010-03-31": "-114.00000", "2009-12-31": 213, "2009-09-30": 7, "2009-06-30": -56, "2009-03-31": "-244.00000", "2008-12-31": 57, "2008-09-30": -139, "2008-06-30": 40, "2008-03-31": "-94.00000", "2007-12-31": 125, "2007-09-30": -77, "2007-06-30": 38, "2007-03-31": "-258.00000", "2006-12-31": 355, "2006-09-30": -144, "2006-06-30": -642, "2006-03-31": "-1093.00000", "2005-12-31": 393, "2005-09-30": -101, "2005-06-30": -100, "2005-03-31": "-75.00000"}, "Change In Assets/Liabilities": {"2020-09-30": 113, "2020-06-30": -145, "2020-03-31": "-661.00000", "2019-12-31": 249, "2019-09-30": -86, "2019-06-30": -189, "2019-03-31": "-415.00000", "2018-12-31": -18, "2018-09-30": -1165, "2018-06-30": -52, "2018-03-31": "-204.00000", "2017-12-31": -461, "2017-09-30": -149, "2017-06-30": -169, "2017-03-31": "-581.00000", "2016-12-31": -386, "2016-09-30": 262, "2016-06-30": -134, "2016-03-31": "-23.00000", "2015-12-31": -108, "2015-09-30": 200, "2015-06-30": -215, "2015-03-31": "-262.00000", "2014-12-31": -211, "2014-09-30": 564, "2014-06-30": -85, "2014-03-31": "-614.00000", "2013-12-31": -125, "2013-09-30": -394, "2013-06-30": 169, "2013-03-31": "-396.00000", "2012-12-31": 63, "2012-09-30": 99, "2012-06-30": 6, "2012-03-31": "59.00000", "2011-12-31": -207, "2011-09-30": 78, "2011-06-30": -46, "2011-03-31": "-118.00000", "2010-12-31": 154, "2010-09-30": 62, "2010-06-30": 69, "2010-03-31": "-83.00000", "2009-12-31": 234, "2009-09-30": 640, "2009-06-30": -289, "2009-03-31": "-84.00000", "2008-12-31": 19, "2008-09-30": -4, "2008-06-30": -138, "2008-03-31": "-3.00000", "2007-12-31": -251, "2007-09-30": 122, "2007-06-30": 104, "2007-03-31": "315.00000", "2006-12-31": 656, "2006-09-30": 543, "2006-06-30": -169, "2006-03-31": "703.00000", "2005-12-31": -198, "2005-09-30": 1003, "2005-06-30": 137, "2005-03-31": "-109.00000"}, "Total Change In Assets/Liabilities": {"2020-09-30": 177, "2020-06-30": -115, "2020-03-31": "-831.00000", "2019-12-31": 171, "2019-09-30": 122, "2019-06-30": -365, "2019-03-31": "-801.00000", "2018-12-31": -32, "2018-09-30": -681, "2018-06-30": 60, "2018-03-31": "-473.00000", "2017-12-31": -338, "2017-09-30": -124, "2017-06-30": -194, "2017-03-31": "-574.00000", "2016-12-31": 74, "2016-09-30": 31, "2016-06-30": 11, "2016-03-31": "35.00000", "2015-12-31": 81, "2015-09-30": 323, "2015-06-30": -177, "2015-03-31": "-510.00000", "2014-12-31": -122, "2014-09-30": 434, "2014-06-30": -328, "2014-03-31": "-585.00000", "2013-12-31": -85, "2013-09-30": -323, "2013-06-30": 165, "2013-03-31": "-665.00000", "2012-12-31": 167, "2012-09-30": 38, "2012-06-30": 55, "2012-03-31": "-263.00000", "2011-12-31": 13, "2011-09-30": 37, "2011-06-30": -368, "2011-03-31": "-152.00000", "2010-12-31": 368, "2010-09-30": 149, "2010-06-30": 74, "2010-03-31": "25.00000", "2009-12-31": 135, "2009-09-30": 653, "2009-06-30": -409, "2009-03-31": "-242.00000", "2008-12-31": 59, "2008-09-30": -37, "2008-06-30": -397, "2008-03-31": "140.00000", "2007-12-31": -280, "2007-09-30": -243, "2007-06-30": 169, "2007-03-31": "62.00000", "2006-12-31": 179, "2006-09-30": 716, "2006-06-30": -193, "2006-03-31": "258.00000", "2005-12-31": -583, "2005-09-30": 797, "2005-06-30": 306, "2005-03-31": "154.00000"}, "Cash Flow From Operating Activities": {"2020-09-30": 3409, "2020-06-30": 1803, "2020-03-31": "1554.00000", "2019-12-31": 2572, "2019-09-30": 2581, "2019-06-30": 1817, "2019-03-31": "1239.00000", "2018-12-31": 1519, "2018-09-30": 2365, "2018-06-30": 1911, "2018-03-31": "1391.00000", "2017-12-31": 1646, "2017-09-30": 2178, "2017-06-30": 1554, "2017-03-31": "1246.00000", "2016-12-31": 1252, "2016-09-30": 2386, "2016-06-30": 1543, "2016-03-31": "1682.00000", "2015-12-31": 1304, "2015-09-30": 2517, "2015-06-30": 1439, "2015-03-31": "1440.00000", "2014-12-31": 1419, "2014-09-30": 2548, "2014-06-30": 1246, "2014-03-31": "1373.00000", "2013-12-31": 1392, "2013-09-30": 2147, "2013-06-30": 1752, "2013-03-31": "1091.00000", "2012-12-31": 1265, "2012-09-30": 1977, "2012-06-30": 1130, "2012-03-31": "872.00000", "2011-12-31": 645, "2011-09-30": 1310, "2011-06-30": 756, "2011-03-31": "961.00000", "2010-12-31": 850, "2010-09-30": 1537, "2010-06-30": 1003, "2010-03-31": "1121.00000", "2009-12-31": 921, "2009-09-30": 1525, "2009-06-30": 827, "2009-03-31": "190.00000", "2008-12-31": 851, "2008-09-30": 782, "2008-06-30": 683, "2008-03-31": "1012.00000", "2007-12-31": 743, "2007-09-30": 1053, "2007-06-30": 505, "2007-03-31": "907.00000", "2006-12-31": 1013, "2006-09-30": 1291, "2006-06-30": 713, "2006-03-31": "731.00000", "2005-12-31": 314, "2005-09-30": 476, "2005-06-30": 1151, "2005-03-31": "877.00000"}, "Net Change In Property, Plant, And Equipment": {"2020-09-30": -2305, "2020-06-30": -2271, "2020-03-31": "-2832.00000", "2019-12-31": -3038, "2019-09-30": -2619, "2019-06-30": -2929, "2019-03-31": "-2536.00000", "2018-12-31": -2637, "2018-09-30": -2377, "2018-06-30": -2288, "2018-03-31": "-2087.00000", "2017-12-31": -2211, "2017-09-30": -1910, "2017-06-30": -1771, "2017-03-31": "-2160.00000", "2016-12-31": -2649, "2016-09-30": -1859, "2016-06-30": -1748, "2016-03-31": "-1645.00000", "2015-12-31": -2124, "2015-09-30": -1580, "2015-06-30": -1637, "2015-03-31": "-1425.00000", "2014-12-31": -1629, "2014-09-30": -1317, "2014-06-30": -1206, "2014-03-31": "-1232.00000", "2013-12-31": -1672, "2013-09-30": -1139, "2013-06-30": -1337, "2013-03-31": "-1378.00000", "2012-12-31": -1649, "2012-09-30": -1591, "2012-06-30": -1273, "2012-03-31": "-988.00000", "2011-12-31": -1337, "2011-09-30": -1039, "2011-06-30": -981, "2011-03-31": "-1006.00000", "2010-12-31": -1374, "2010-09-30": -1156, "2010-06-30": -1146, "2010-03-31": "-1179.00000", "2009-12-31": -1409, "2009-09-30": -1124, "2009-06-30": -994, "2009-03-31": "-906.00000", "2008-12-31": -1322, "2008-09-30": -1069, "2008-06-30": -1075, "2008-03-31": "-1067.00000", "2007-12-31": -910, "2007-09-30": -628, "2007-06-30": -784, "2007-03-31": "-803.00000", "2006-12-31": -1014, "2006-09-30": -974, "2006-06-30": -833, "2006-03-31": "-560.00000", "2005-12-31": -665, "2005-09-30": -600, "2005-06-30": -554, "2005-03-31": "-508.00000"}, "Net Change In Intangible Assets": {"2020-09-30": 0, "2020-06-30": 0, "2020-03-31": "", "2019-12-31": 0, "2019-09-30": 0, "2019-06-30": 0, "2019-03-31": "", "2018-12-31": 0, "2018-09-30": 0, "2018-06-30": 0, "2018-03-31": "", "2017-12-31": 0, "2017-09-30": 0, "2017-06-30": 0, "2017-03-31": "", "2016-12-31": 0, "2016-09-30": 0, "2016-06-30": 0, "2016-03-31": "", "2015-12-31": 0, "2015-09-30": 0, "2015-06-30": 0, "2015-03-31": "", "2014-12-31": 0, "2014-09-30": 0, "2014-06-30": 0, "2014-03-31": "", "2013-12-31": 0, "2013-09-30": 0, "2013-06-30": 0, "2013-03-31": "", "2012-12-31": 0, "2012-09-30": 0, "2012-06-30": 0, "2012-03-31": "", "2011-12-31": 0, "2011-09-30": 0, "2011-06-30": 0, "2011-03-31": "", "2010-12-31": 0, "2010-09-30": 0, "2010-06-30": 0, "2010-03-31": "", "2009-12-31": 0, "2009-09-30": 0, "2009-06-30": 0, "2009-03-31": "", "2008-12-31": 0, "2008-09-30": 0, "2008-06-30": 0, "2008-03-31": "", "2007-12-31": 0, "2007-09-30": 0, "2007-06-30": 0, "2007-03-31": "", "2006-12-31": 0, "2006-09-30": 0, "2006-06-30": 0, "2006-03-31": "", "2005-12-31": 0, "2005-09-30": 0, "2005-06-30": 0, "2005-03-31": ""}, "Net Acquisitions/Divestitures": {"2020-09-30": -2342, "2020-06-30": -2426, "2020-03-31": "-1392.00000", "2019-12-31": -243, "2019-09-30": -789, "2019-06-30": -1456, "2019-03-31": "-860.00000", "2018-12-31": -999, "2018-09-30": -855, "2018-06-30": -1908, "2018-03-31": "", "2017-12-31": -4071, "2017-09-30": 0, "2017-06-30": 0, "2017-03-31": "", "2016-12-31": -4778, "2016-09-30": 0, "2016-06-30": 0, "2016-03-31": "", "2015-12-31": -17, "2015-09-30": -1288, "2015-06-30": 0, "2015-03-31": "-29.00000", "2014-12-31": -38, "2014-09-30": 0, "2014-06-30": -16, "2014-03-31": "", "2013-12-31": 0, "2013-09-30": 0, "2013-06-30": 32, "2013-03-31": "-32.00000", "2012-12-31": -415, "2012-09-30": 71, "2012-06-30": -815, "2012-03-31": "779.00000", "2011-12-31": -1, "2011-09-30": -46, "2011-06-30": -2, "2011-03-31": "-2.00000", "2010-12-31": 0, "2010-09-30": 0, "2010-06-30": 0, "2010-03-31": "", "2009-12-31": 0, "2009-09-30": -10, "2009-06-30": -114, "2009-03-31": "", "2008-12-31": 0, "2008-09-30": -389, "2008-06-30": 0, "2008-03-31": "", "2007-12-31": -8, "2007-09-30": -4, "2007-06-30": -54, "2007-03-31": "", "2006-12-31": -195, "2006-09-30": 0, "2006-06-30": 148, "2006-03-31": "-90.00000", "2005-12-31": -1, "2005-09-30": -293, "2005-06-30": 0, "2005-03-31": ""}, "Net Change In Short-term Investments": {"2020-09-30": -3755, "2020-06-30": 2408, "2020-03-31": "1347.00000", "2019-12-31": 0, "2019-09-30": -2302, "2019-06-30": 1451, "2019-03-31": "851.00000", "2018-12-31": -2718, "2018-09-30": 852, "2018-06-30": 1866, "2018-03-31": "", "2017-12-31": 0, "2017-09-30": 0, "2017-06-30": 0, "2017-03-31": "", "2016-12-31": 0, "2016-09-30": 0, "2016-06-30": 0, "2016-03-31": "", "2015-12-31": 0, "2015-09-30": 0, "2015-06-30": 0, "2015-03-31": "", "2014-12-31": 0, "2014-09-30": 0, "2014-06-30": 0, "2014-03-31": "", "2013-12-31": 0, "2013-09-30": 0, "2013-06-30": 0, "2013-03-31": "", "2012-12-31": 0, "2012-09-30": 0, "2012-06-30": 0, "2012-03-31": "", "2011-12-31": 0, "2011-09-30": 0, "2011-06-30": 0, "2011-03-31": "", "2010-12-31": -9, "2010-09-30": 1, "2010-06-30": 6, "2010-03-31": "2.00000", "2009-12-31": 13, "2009-09-30": -46, "2009-06-30": 43, "2009-03-31": "-10.00000", "2008-12-31": -50, "2008-09-30": -7, "2008-06-30": 48, "2008-03-31": "9.00000", "2007-12-31": 44, "2007-09-30": -5, "2007-06-30": -12, "2007-03-31": "-27.00000", "2006-12-31": 173, "2006-09-30": 42, "2006-06-30": 135, "2006-03-31": "56.00000", "2005-12-31": 588, "2005-09-30": 90, "2005-06-30": 26, "2005-03-31": "51.00000"}, "Net Change In Long-Term Investments": {"2020-09-30": 5975, "2020-06-30": -87, "2020-03-31": "-77.00000", "2019-12-31": 191, "2019-09-30": 2990, "2019-06-30": -68, "2019-03-31": "-94.00000", "2018-12-31": 3629, "2018-09-30": -158, "2018-06-30": -38, "2018-03-31": "-102.00000", "2017-12-31": 4025, "2017-09-30": -81, "2017-06-30": -104, "2017-03-31": "-156.00000", "2016-12-31": -85, "2016-09-30": -29, "2016-06-30": -66, "2016-03-31": "-44.00000", "2015-12-31": -19, "2015-09-30": -20, "2015-06-30": 2712, "2015-03-31": "35.00000", "2014-12-31": -16, "2014-09-30": -11, "2014-06-30": 134, "2014-03-31": "5.00000", "2013-12-31": 267, "2013-09-30": 165, "2013-06-30": -7, "2013-03-31": "-56.00000", "2012-12-31": 207, "2012-09-30": -121, "2012-06-30": 882, "2012-03-31": "-944.00000", "2011-12-31": -82, "2011-09-30": -105, "2011-06-30": 59, "2011-03-31": "65.00000", "2010-12-31": 523, "2010-09-30": 136, "2010-06-30": -100, "2010-03-31": "-58.00000", "2009-12-31": 103, "2009-09-30": 1, "2009-06-30": -110, "2009-03-31": "25.00000", "2008-12-31": 212, "2008-09-30": 470, "2008-06-30": -454, "2008-03-31": "7.00000", "2007-12-31": 481, "2007-09-30": 87, "2007-06-30": 212, "2007-03-31": "206.00000", "2006-12-31": 1452, "2006-09-30": -1314, "2006-06-30": 1250, "2006-03-31": "510.00000", "2005-12-31": 436, "2005-09-30": 175, "2005-06-30": -14, "2005-03-31": "1531.00000"}, "Net Change In Investments - Total": {"2020-09-30": 2220, "2020-06-30": 2321, "2020-03-31": "1270.00000", "2019-12-31": 191, "2019-09-30": 688, "2019-06-30": 1383, "2019-03-31": "757.00000", "2018-12-31": 911, "2018-09-30": 694, "2018-06-30": 1828, "2018-03-31": "-102.00000", "2017-12-31": 4025, "2017-09-30": -81, "2017-06-30": -104, "2017-03-31": "-156.00000", "2016-12-31": -85, "2016-09-30": -29, "2016-06-30": -66, "2016-03-31": "-44.00000", "2015-12-31": -19, "2015-09-30": -20, "2015-06-30": 2712, "2015-03-31": "35.00000", "2014-12-31": -16, "2014-09-30": -11, "2014-06-30": 134, "2014-03-31": "5.00000", "2013-12-31": 267, "2013-09-30": 165, "2013-06-30": -7, "2013-03-31": "-56.00000", "2012-12-31": 207, "2012-09-30": -121, "2012-06-30": 882, "2012-03-31": "-944.00000", "2011-12-31": -82, "2011-09-30": -105, "2011-06-30": 59, "2011-03-31": "65.00000", "2010-12-31": 514, "2010-09-30": 137, "2010-06-30": -94, "2010-03-31": "-56.00000", "2009-12-31": 116, "2009-09-30": -45, "2009-06-30": -67, "2009-03-31": "15.00000", "2008-12-31": 162, "2008-09-30": 463, "2008-06-30": -406, "2008-03-31": "16.00000", "2007-12-31": 525, "2007-09-30": 82, "2007-06-30": 200, "2007-03-31": "179.00000", "2006-12-31": 1625, "2006-09-30": -1272, "2006-06-30": 1385, "2006-03-31": "566.00000", "2005-12-31": 1024, "2005-09-30": 265, "2005-06-30": 12, "2005-03-31": "1582.00000"}, "Investing Activities - Other": {"2020-09-30": -66, "2020-06-30": -73, "2020-03-31": "-68.00000", "2019-12-31": -234, "2019-09-30": -125, "2019-06-30": -73, "2019-03-31": "-74.00000", "2018-12-31": -65, "2018-09-30": -87, "2018-06-30": -13, "2018-03-31": "-75.00000", "2017-12-31": 146, "2017-09-30": 4, "2017-06-30": -108, "2017-03-31": "-45.00000", "2016-12-31": 1539, "2016-09-30": -59, "2016-06-30": -36, "2016-03-31": "-69.00000", "2015-12-31": 174, "2015-09-30": -109, "2015-06-30": 87, "2015-03-31": "-37.00000", "2014-12-31": 44, "2014-09-30": -39, "2014-06-30": 7, "2014-03-31": "-59.00000", "2013-12-31": -7, "2013-09-30": -30, "2013-06-30": 215, "2013-03-31": "1.00000", "2012-12-31": -351, "2012-09-30": 43, "2012-06-30": -5, "2012-03-31": "-27.00000", "2011-12-31": 56, "2011-09-30": -42, "2011-06-30": 4, "2011-03-31": "25.00000", "2010-12-31": -38, "2010-09-30": 2, "2010-06-30": -32, "2010-03-31": "-1.00000", "2009-12-31": 22, "2009-09-30": 91, "2009-06-30": -64, "2009-03-31": "-3.00000", "2008-12-31": 33, "2008-09-30": 38, "2008-06-30": 29, "2008-03-31": "-24.00000", "2007-12-31": -55, "2007-09-30": 28, "2007-06-30": 51, "2007-03-31": "30.00000", "2006-12-31": -14, "2006-09-30": 49, "2006-06-30": -95, "2006-03-31": "-54.00000", "2005-12-31": -129, "2005-09-30": -89, "2005-06-30": -8, "2005-03-31": "-162.00000"}, "Cash Flow From Investing Activities": {"2020-09-30": -2493, "2020-06-30": -2449, "2020-03-31": "-3022.00000", "2019-12-31": -3324, "2019-09-30": -2845, "2019-06-30": -3075, "2019-03-31": "-2713.00000", "2018-12-31": -2790, "2018-09-30": -2625, "2018-06-30": -2381, "2018-03-31": "-2264.00000", "2017-12-31": -2111, "2017-09-30": -1987, "2017-06-30": -1983, "2017-03-31": "-2361.00000", "2016-12-31": -5973, "2016-09-30": -1947, "2016-06-30": -1850, "2016-03-31": "-1758.00000", "2015-12-31": -1986, "2015-09-30": -2997, "2015-06-30": 1162, "2015-03-31": "-1456.00000", "2014-12-31": -1639, "2014-09-30": -1367, "2014-06-30": -1081, "2014-03-31": "-1286.00000", "2013-12-31": -1412, "2013-09-30": -1004, "2013-06-30": -1097, "2013-03-31": "-1465.00000", "2012-12-31": -2208, "2012-09-30": -1598, "2012-06-30": -1211, "2012-03-31": "-1180.00000", "2011-12-31": -1364, "2011-09-30": -1232, "2011-06-30": -920, "2011-03-31": "-918.00000", "2010-12-31": -898, "2010-09-30": -1017, "2010-06-30": -1272, "2010-03-31": "-1236.00000", "2009-12-31": -1271, "2009-09-30": -1088, "2009-06-30": -1239, "2009-03-31": "-894.00000", "2008-12-31": -1127, "2008-09-30": -957, "2008-06-30": -1452, "2008-03-31": "-1075.00000", "2007-12-31": -448, "2007-09-30": -522, "2007-06-30": -587, "2007-03-31": "-594.00000", "2006-12-31": 402, "2006-09-30": -2197, "2006-06-30": 605, "2006-03-31": "-138.00000", "2005-12-31": 229, "2005-09-30": -717, "2005-06-30": -550, "2005-03-31": "912.00000"}, "Net Long-Term Debt": {"2020-09-30": 857, "2020-06-30": 175, "2020-03-31": "1662.00000", "2019-12-31": 221, "2019-09-30": 927, "2019-06-30": 931, "2019-03-31": "1536.00000", "2018-12-31": 561, "2018-09-30": 1295, "2018-06-30": -216, "2018-03-31": "753.00000", "2017-12-31": 918, "2017-09-30": 1950, "2017-06-30": 570, "2017-03-31": "1155.00000", "2016-12-31": -344, "2016-09-30": 4940, "2016-06-30": 1968, "2016-03-31": "751.00000", "2015-12-31": -590, "2015-09-30": 1188, "2015-06-30": -766, "2015-03-31": "94.00000", "2014-12-31": 163, "2014-09-30": -617, "2014-06-30": 743, "2014-03-31": "-412.00000", "2013-12-31": 353, "2013-09-30": 193, "2013-06-30": 32, "2013-03-31": "262.00000", "2012-12-31": 980, "2012-09-30": 849, "2012-06-30": 272, "2012-03-31": "-429.00000", "2011-12-31": 1456, "2011-09-30": 419, "2011-06-30": 435, "2011-03-31": "-18.00000", "2010-12-31": 240, "2010-09-30": 436, "2010-06-30": 573, "2010-03-31": "-158.00000", "2009-12-31": 798, "2009-09-30": 743, "2009-06-30": 22, "2009-03-31": "1313.00000", "2008-12-31": -33, "2008-09-30": 1107, "2008-06-30": 1231, "2008-03-31": "359.00000", "2007-12-31": -260, "2007-09-30": -6, "2007-06-30": 99, "2007-03-31": "-368.00000", "2006-12-31": -375, "2006-09-30": 1325, "2006-06-30": -645, "2006-03-31": "-34.00000", "2005-12-31": -68, "2005-09-30": -100, "2005-06-30": -220, "2005-03-31": "-415.00000"}, "Net Current Debt": {"2020-09-30": -1364, "2020-06-30": 55, "2020-03-31": "1569.00000", "2019-12-31": 639, "2019-09-30": -1343, "2019-06-30": 732, "2019-03-31": "-408.00000", "2018-12-31": 497, "2018-09-30": -457, "2018-06-30": 340, "2018-03-31": "791.00000", "2017-12-31": 257, "2017-09-30": -1600, "2017-06-30": -82, "2017-03-31": "1063.00000", "2016-12-31": -807, "2016-09-30": 701, "2016-06-30": -1183, "2016-03-31": "-158.00000", "2015-12-31": 1358, "2015-09-30": 252, "2015-06-30": -1636, "2015-03-31": "1271.00000", "2014-12-31": 747, "2014-09-30": -83, "2014-06-30": 126, "2014-03-31": "898.00000", "2013-12-31": -444, "2013-09-30": -226, "2013-06-30": 136, "2013-03-31": "627.00000", "2012-12-31": 180, "2012-09-30": -533, "2012-06-30": 603, "2012-03-31": "28.00000", "2011-12-31": -329, "2011-09-30": 474, "2011-06-30": 5, "2011-03-31": "58.00000", "2010-12-31": -71, "2010-09-30": 32, "2010-06-30": -109, "2010-03-31": "93.00000", "2009-12-31": -700, "2009-09-30": 300, "2009-06-30": 115, "2009-03-31": "-263.00000", "2008-12-31": -390, "2008-09-30": 504, "2008-06-30": -134, "2008-03-31": "-53.00000", "2007-12-31": 227, "2007-09-30": -237, "2007-06-30": 302, "2007-03-31": "323.00000", "2006-12-31": -548, "2006-09-30": -60, "2006-06-30": 126, "2006-03-31": "68.00000", "2005-12-31": 15, "2005-09-30": -17, "2005-06-30": -17, "2005-03-31": "184.00000"}, "Debt Issuance/Retirement Net - Total": {"2020-09-30": -507, "2020-06-30": 230, "2020-03-31": "3231.00000", "2019-12-31": 860, "2019-09-30": -416, "2019-06-30": 1663, "2019-03-31": "1128.00000", "2018-12-31": 1058, "2018-09-30": 838, "2018-06-30": 124, "2018-03-31": "1544.00000", "2017-12-31": 1175, "2017-09-30": 350, "2017-06-30": 488, "2017-03-31": "2218.00000", "2016-12-31": -1151, "2016-09-30": 5641, "2016-06-30": 785, "2016-03-31": "593.00000", "2015-12-31": 768, "2015-09-30": 1440, "2015-06-30": -2402, "2015-03-31": "1365.00000", "2014-12-31": 910, "2014-09-30": -700, "2014-06-30": 869, "2014-03-31": "486.00000", "2013-12-31": -91, "2013-09-30": -33, "2013-06-30": 168, "2013-03-31": "889.00000", "2012-12-31": 1160, "2012-09-30": 316, "2012-06-30": 875, "2012-03-31": "-401.00000", "2011-12-31": 1127, "2011-09-30": 893, "2011-06-30": 440, "2011-03-31": "40.00000", "2010-12-31": 169, "2010-09-30": 468, "2010-06-30": 464, "2010-03-31": "-65.00000", "2009-12-31": 98, "2009-09-30": 1043, "2009-06-30": 137, "2009-03-31": "1050.00000", "2008-12-31": -423, "2008-09-30": 1611, "2008-06-30": 1097, "2008-03-31": "306.00000", "2007-12-31": -33, "2007-09-30": -243, "2007-06-30": 401, "2007-03-31": "-45.00000", "2006-12-31": -923, "2006-09-30": 1265, "2006-06-30": -519, "2006-03-31": "34.00000", "2005-12-31": -53, "2005-09-30": -117, "2005-06-30": -237, "2005-03-31": "-231.00000"}, "Net Common Equity Issued/Repurchased": {"2020-09-30": 18, "2020-06-30": 17, "2020-03-31": "40.00000", "2019-12-31": 343, "2019-09-30": 14, "2019-06-30": 14, "2019-03-31": "13.00000", "2018-12-31": 1004, "2018-09-30": 14, "2018-06-30": 799, "2018-03-31": "21.00000", "2017-12-31": 0, "2017-09-30": 0, "2017-06-30": 0, "2017-03-31": "", "2016-12-31": 731, "2016-09-30": -7, "2016-06-30": 0, "2016-03-31": "7.00000", "2015-12-31": 1, "2015-09-30": 0, "2015-06-30": -1499, "2015-03-31": "15.00000", "2014-12-31": 1, "2014-09-30": 1, "2014-06-30": 4, "2014-03-31": "19.00000", "2013-12-31": 1, "2013-09-30": 1, "2013-06-30": 2, "2013-03-31": "5.00000", "2012-12-31": 7, "2012-09-30": 2, "2012-06-30": 6, "2012-03-31": "8.00000", "2011-12-31": 54, "2011-09-30": 3, "2011-06-30": 4, "2011-03-31": "6.00000", "2010-12-31": 87, "2010-09-30": 103, "2010-06-30": 81, "2010-03-31": "31.00000", "2009-12-31": 519, "2009-09-30": -286, "2009-06-30": 115, "2009-03-31": "171.00000", "2008-12-31": 105, "2008-09-30": 5, "2008-06-30": 23, "2008-03-31": "", "2007-12-31": 26, "2007-09-30": 4, "2007-06-30": 11, "2007-03-31": "9.00000", "2006-12-31": 60, "2006-09-30": 26, "2006-06-30": -404, "2006-03-31": "-55.00000", "2005-12-31": 5, "2005-09-30": -16, "2005-06-30": -61, "2005-03-31": "-820.00000"}, "Net Total Equity Issued/Repurchased": {"2020-09-30": 18, "2020-06-30": 17, "2020-03-31": "40.00000", "2019-12-31": 342, "2019-09-30": 1004, "2019-06-30": 13, "2019-03-31": "987.00000", "2018-12-31": 1004, "2018-09-30": 14, "2018-06-30": 799, "2018-03-31": "21.00000", "2017-12-31": 0, "2017-09-30": 0, "2017-06-30": 0, "2017-03-31": "", "2016-12-31": 731, "2016-09-30": -7, "2016-06-30": 0, "2016-03-31": "7.00000", "2015-12-31": 1, "2015-09-30": 0, "2015-06-30": -1499, "2015-03-31": "15.00000", "2014-12-31": 1, "2014-09-30": 1, "2014-06-30": 4, "2014-03-31": "19.00000", "2013-12-31": 1, "2013-09-30": 1, "2013-06-30": 2, "2013-03-31": "-91.00000", "2012-12-31": 7, "2012-09-30": 2, "2012-06-30": 6, "2012-03-31": "8.00000", "2011-12-31": 54, "2011-09-30": 3, "2011-06-30": 4, "2011-03-31": "6.00000", "2010-12-31": 87, "2010-09-30": 103, "2010-06-30": 81, "2010-03-31": "31.00000", "2009-12-31": 519, "2009-09-30": -286, "2009-06-30": 115, "2009-03-31": "171.00000", "2008-12-31": 105, "2008-09-30": 5, "2008-06-30": 23, "2008-03-31": "", "2007-12-31": 26, "2007-09-30": 4, "2007-06-30": 11, "2007-03-31": "9.00000", "2006-12-31": 60, "2006-09-30": 26, "2006-06-30": -416, "2006-03-31": "-55.00000", "2005-12-31": -129, "2005-09-30": -16, "2005-06-30": -61, "2005-03-31": "-820.00000"}, "Total Common And Preferred Stock Dividends Paid": {"2020-09-30": -722, "2020-06-30": -684, "2020-03-31": "-707.00000", "2019-12-31": -678, "2019-09-30": -678, "2019-06-30": -663, "2019-03-31": "-649.00000", "2018-12-31": -636, "2018-09-30": -636, "2018-06-30": -600, "2018-03-31": "-599.00000", "2017-12-31": -625, "2017-09-30": -625, "2017-06-30": -600, "2017-03-31": "-600.00000", "2016-12-31": -601, "2016-09-30": -591, "2016-06-30": -570, "2016-03-31": "-570.00000", "2015-12-31": -569, "2015-09-30": -570, "2015-06-30": -551, "2015-03-31": "-564.00000", "2014-12-31": -564, "2014-09-30": -563, "2014-06-30": -554, "2014-03-31": "-553.00000", "2013-12-31": -552, "2013-09-30": -551, "2013-06-30": -543, "2013-03-31": "-542.00000", "2012-12-31": -541, "2012-09-30": -541, "2012-06-30": -335, "2012-03-31": "-335.00000", "2011-12-31": -335, "2011-09-30": -337, "2011-06-30": -326, "2011-03-31": "-331.00000", "2010-12-31": -327, "2010-09-30": -322, "2010-06-30": -319, "2010-03-31": "-316.00000", "2009-12-31": -314, "2009-09-30": -312, "2009-06-30": -300, "2009-03-31": "-296.00000", "2008-12-31": -292, "2008-09-30": -302, "2008-06-30": -271, "2008-03-31": "-278.00000", "2007-12-31": -279, "2007-09-30": -278, "2007-06-30": -267, "2007-03-31": "-265.00000", "2006-12-31": -405, "2006-09-30": -402, "2006-06-30": -392, "2006-03-31": "-289.00000", "2005-12-31": -293, "2005-09-30": -290, "2005-06-30": -256, "2005-03-31": "-266.00000"}, "Financial Activities - Other": {"2020-09-30": 254, "2020-06-30": 26, "2020-03-31": "29.00000", "2019-12-31": 219, "2019-09-30": 455, "2019-06-30": 176, "2019-03-31": "-33.00000", "2018-12-31": -13, "2018-09-30": 66, "2018-06-30": -5, "2018-03-31": "-19.00000", "2017-12-31": -7, "2017-09-30": 40, "2017-06-30": -10, "2017-03-31": "-22.00000", "2016-12-31": 6, "2016-09-30": 21, "2016-06-30": -10, "2016-03-31": "-33.00000", "2015-12-31": -31, "2015-09-30": 20, "2015-06-30": -10, "2015-03-31": "-15.00000", "2014-12-31": -22, "2014-09-30": 4, "2014-06-30": -7, "2014-03-31": "-9.00000", "2013-12-31": -3, "2013-09-30": 35, "2013-06-30": -7, "2013-03-31": "-10.00000", "2012-12-31": -20, "2012-09-30": 79, "2012-06-30": -10, "2012-03-31": "-3.00000", "2011-12-31": -49, "2011-09-30": 33, "2011-06-30": -11, "2011-03-31": "-9.00000", "2010-12-31": -19, "2010-09-30": 29, "2010-06-30": -27, "2010-03-31": "3.00000", "2009-12-31": -17, "2009-09-30": 18, "2009-06-30": -35, "2009-03-31": "-6.00000", "2008-12-31": -4, "2008-09-30": 20, "2008-06-30": -5, "2008-03-31": "-1.00000", "2007-12-31": -6, "2007-09-30": 50, "2007-06-30": -22, "2007-03-31": "-390.00000", "2006-12-31": -19, "2006-09-30": 107, "2006-06-30": -24, "2006-03-31": "-9.00000", "2005-12-31": 66, "2005-09-30": 30, "2005-06-30": -41, "2005-03-31": "-3.00000"}, "Cash Flow From Financial Activities": {"2020-09-30": -957, "2020-06-30": -411, "2020-03-31": "2593.00000", "2019-12-31": 743, "2019-09-30": 365, "2019-06-30": 1189, "2019-03-31": "1433.00000", "2018-12-31": 1413, "2018-09-30": 282, "2018-06-30": 318, "2018-03-31": "947.00000", "2017-12-31": 543, "2017-09-30": -235, "2017-06-30": -122, "2017-03-31": "1596.00000", "2016-12-31": -1015, "2016-09-30": 5064, "2016-06-30": 205, "2016-03-31": "-3.00000", "2015-12-31": 169, "2015-09-30": 890, "2015-06-30": -4462, "2015-03-31": "801.00000", "2014-12-31": 325, "2014-09-30": -1258, "2014-06-30": 312, "2014-03-31": "-57.00000", "2013-12-31": -645, "2013-09-30": -548, "2013-06-30": -380, "2013-03-31": "246.00000", "2012-12-31": 606, "2012-09-30": -144, "2012-06-30": 536, "2012-03-31": "-731.00000", "2011-12-31": 797, "2011-09-30": 592, "2011-06-30": 107, "2011-03-31": "-294.00000", "2010-12-31": -90, "2010-09-30": 278, "2010-06-30": 199, "2010-03-31": "-347.00000", "2009-12-31": 286, "2009-09-30": 463, "2009-06-30": -83, "2009-03-31": "919.00000", "2008-12-31": -614, "2008-09-30": 1334, "2008-06-30": 844, "2008-03-31": "27.00000", "2007-12-31": -292, "2007-09-30": -467, "2007-06-30": 123, "2007-03-31": "-691.00000", "2006-12-31": -1287, "2006-09-30": 996, "2006-06-30": -1351, "2006-03-31": "-319.00000", "2005-12-31": -409, "2005-09-30": -393, "2005-06-30": -595, "2005-03-31": "-1320.00000"}, "Net Cash Flow": {"2020-09-30": -41, "2020-06-30": -1057, "2020-03-31": "1125.00000", "2019-12-31": -9, "2019-09-30": 101, "2019-06-30": -69, "2019-03-31": "-41.00000", "2018-12-31": 142, "2018-09-30": 22, "2018-06-30": -152, "2018-03-31": "74.00000", "2017-12-31": 78, "2017-09-30": -44, "2017-06-30": -551, "2017-03-31": "481.00000", "2016-12-31": -5273, "2016-09-30": 5435, "2016-06-30": -53, "2016-03-31": "-49.00000", "2015-12-31": 586, "2015-09-30": 410, "2015-06-30": -1861, "2015-03-31": "785.00000", "2014-12-31": -443, "2014-09-30": -77, "2014-06-30": 477, "2014-03-31": "30.00000", "2013-12-31": -665, "2013-09-30": 595, "2013-06-30": 275, "2013-03-31": "-128.00000", "2012-12-31": -337, "2012-09-30": 235, "2012-06-30": 455, "2012-03-31": "-1039.00000", "2011-12-31": 78, "2011-09-30": 670, "2011-06-30": -57, "2011-03-31": "-251.00000", "2010-12-31": -138, "2010-09-30": 798, "2010-06-30": -70, "2010-03-31": "-462.00000", "2009-12-31": -64, "2009-09-30": 900, "2009-06-30": -495, "2009-03-31": "215.00000", "2008-12-31": -890, "2008-09-30": 1159, "2008-06-30": 75, "2008-03-31": "-36.00000", "2007-12-31": 3, "2007-09-30": 64, "2007-06-30": 41, "2007-03-31": "-378.00000", "2006-12-31": 128, "2006-09-30": 68, "2006-06-30": -33, "2006-03-31": "274.00000", "2005-12-31": 134, "2005-09-30": -632, "2005-06-30": 8, "2005-03-31": "468.00000"}, "Stock-Based Compensation": {"2020-09-30": 0, "2020-06-30": 0, "2020-03-31": "", "2019-12-31": 0, "2019-09-30": 0, "2019-06-30": 0, "2019-03-31": "", "2018-12-31": 0, "2018-09-30": 0, "2018-06-30": 0, "2018-03-31": "", "2017-12-31": 0, "2017-09-30": 0, "2017-06-30": 0, "2017-03-31": "", "2016-12-31": 0, "2016-09-30": 0, "2016-06-30": 0, "2016-03-31": "", "2015-12-31": 0, "2015-09-30": 0, "2015-06-30": 0, "2015-03-31": "", "2014-12-31": 0, "2014-09-30": 0, "2014-06-30": 0, "2014-03-31": "", "2013-12-31": 0, "2013-09-30": 0, "2013-06-30": 0, "2013-03-31": "", "2012-12-31": 0, "2012-09-30": 0, "2012-06-30": 0, "2012-03-31": "", "2011-12-31": 0, "2011-09-30": 0, "2011-06-30": 0, "2011-03-31": "", "2010-12-31": 0, "2010-09-30": 0, "2010-06-30": 0, "2010-03-31": "", "2009-12-31": 0, "2009-09-30": 0, "2009-06-30": 0, "2009-03-31": "", "2008-12-31": 0, "2008-09-30": 0, "2008-06-30": 0, "2008-03-31": "", "2007-12-31": 0, "2007-09-30": 0, "2007-06-30": 0, "2007-03-31": "", "2006-12-31": 0, "2006-09-30": 0, "2006-06-30": 0, "2006-03-31": "", "2005-12-31": 0, "2005-09-30": 0, "2005-06-30": 0, "2005-03-31": ""}, "Common Stock Dividends Paid": {"2020-09-30": -722, "2020-06-30": -684, "2020-03-31": "-707.00000", "2019-12-31": -678, "2019-09-30": -678, "2019-06-30": -663, "2019-03-31": "-649.00000", "2018-12-31": -636, "2018-09-30": -636, "2018-06-30": -600, "2018-03-31": "-599.00000", "2017-12-31": -625, "2017-09-30": -625, "2017-06-30": -600, "2017-03-31": "-600.00000", "2016-12-31": -601, "2016-09-30": -591, "2016-06-30": -570, "2016-03-31": "-570.00000", "2015-12-31": -569, "2015-09-30": -570, "2015-06-30": -551, "2015-03-31": "-564.00000", "2014-12-31": -564, "2014-09-30": -563, "2014-06-30": -554, "2014-03-31": "-553.00000", "2013-12-31": -552, "2013-09-30": -551, "2013-06-30": -543, "2013-03-31": "-542.00000", "2012-12-31": -541, "2012-09-30": -541, "2012-06-30": -335, "2012-03-31": "-335.00000", "2011-12-31": -335, "2011-09-30": -337, "2011-06-30": -326, "2011-03-31": "-331.00000", "2010-12-31": -327, "2010-09-30": -322, "2010-06-30": -319, "2010-03-31": "-316.00000", "2009-12-31": -314, "2009-09-30": -312, "2009-06-30": -300, "2009-03-31": "-296.00000", "2008-12-31": -292, "2008-09-30": -302, "2008-06-30": -271, "2008-03-31": "-278.00000", "2007-12-31": -279, "2007-09-30": -278, "2007-06-30": -267, "2007-03-31": "-265.00000", "2006-12-31": -405, "2006-09-30": -402, "2006-06-30": -392, "2006-03-31": "-289.00000", "2005-12-31": -293, "2005-09-30": -290, "2005-06-30": -256, "2005-03-31": "-266.00000"}}, "financial ratios": {"Current Ratio": {"2019-12-31": "0.62110", "2018-12-31": "0.64580", "2017-12-31": "0.67720", "2016-12-31": "0.69600", "2015-12-31": "0.73000", "2014-12-31": "1.03040", "2013-12-31": "1.21660", "2012-12-31": "1.00930", "2011-12-31": "1.24460", "2010-12-31": "1.59690", "2009-12-31": "1.41050", "2008-12-31": "1.21360", "2007-12-31": "0.86280", "2006-12-31": "1.06560", "2005-12-31": "0.94520"}, "Long-term Debt / Capital": {"2019-12-31": "0.53420", "2018-12-31": "0.53840", "2017-12-31": "0.54020", "2016-12-31": "0.52620", "2015-12-31": "0.48090", "2014-12-31": "0.47540", "2013-12-31": "0.47950", "2012-12-31": "0.47030", "2011-12-31": "0.44960", "2010-12-31": "0.44190", "2009-12-31": "0.42400", "2008-12-31": "0.38520", "2007-12-31": "0.30940", "2006-12-31": "0.40970", "2005-12-31": "0.46950"}, "Debt/Equity Ratio": {"2019-12-31": "1.27760", "2018-12-31": "1.32180", "2017-12-31": "1.30440", "2016-12-31": "1.22760", "2015-12-31": "1.06860", "2014-12-31": "1.03630", "2013-12-31": "0.99240", "2012-12-31": "0.98970", "2011-12-31": "0.91840", "2010-12-31": "0.81340", "2009-12-31": "0.77740", "2008-12-31": "0.68270", "2007-12-31": "0.55500", "2006-12-31": "0.77290", "2005-12-31": "0.97510"}, "Gross Margin": {"2019-12-31": "70.28190", "2018-12-31": "69.29980", "2017-12-31": "70.37130", "2016-12-31": "69.70500", "2015-12-31": "66.49230", "2014-12-31": "64.82740", "2013-12-31": "65.40690", "2012-12-31": "64.00180", "2011-12-31": "64.58810", "2010-12-31": "65.49190", "2009-12-31": "65.09310", "2008-12-31": "61.98990", "2007-12-31": "64.59910", "2006-12-31": "65.01370", "2005-12-31": "77.00550"}, "Operating Margin": {"2019-12-31": "22.76410", "2018-12-31": "19.10610", "2017-12-31": "23.87020", "2016-12-31": "22.87300", "2015-12-31": "22.69900", "2014-12-31": "21.51140", "2013-12-31": "21.33060", "2012-12-31": "16.25170", "2011-12-31": "19.11350", "2010-12-31": "17.24360", "2009-12-31": "17.66550", "2008-12-31": "19.01270", "2007-12-31": "19.59910", "2006-12-31": "17.16790", "2005-12-31": "21.08310"}, "EBIT Margin": {"2019-12-31": "22.76410", "2018-12-31": "19.10610", "2017-12-31": "23.87020", "2016-12-31": "22.87300", "2015-12-31": "22.69900", "2014-12-31": "21.51140", "2013-12-31": "21.33060", "2012-12-31": "16.25170", "2011-12-31": "19.11350", "2010-12-31": "17.24360", "2009-12-31": "17.66550", "2008-12-31": "19.01270", "2007-12-31": "19.59910", "2006-12-31": "17.16790", "2005-12-31": "21.08310"}, "EBITDA Margin": {"2019-12-31": "43.40290", "2018-12-31": "38.25700", "2017-12-31": "41.03970", "2016-12-31": "39.93320", "2015-12-31": "38.84940", "2014-12-31": "37.09180", "2013-12-31": "35.52030", "2012-12-31": "31.05740", "2011-12-31": "33.05800", "2010-12-31": "31.21500", "2009-12-31": "32.16560", "2008-12-31": "32.89920", "2007-12-31": "34.44180", "2006-12-31": "38.05040", "2005-12-31": "48.36370"}, "Pre-Tax Profit Margin": {"2019-12-31": "16.33640", "2018-12-31": "12.53210", "2017-12-31": "18.10310", "2016-12-31": "16.41820", "2015-12-31": "17.47800", "2014-12-31": "16.71780", "2013-12-31": "16.67690", "2012-12-31": "12.47210", "2011-12-31": "16.96610", "2010-12-31": "15.48490", "2009-12-31": "14.38220", "2008-12-31": "14.31820", "2007-12-31": "17.57860", "2006-12-31": "14.42440", "2005-12-31": "18.36090"}, "Net Profit Margin": {"2019-12-31": "14.78130", "2018-12-31": "10.87230", "2017-12-31": "12.98110", "2016-12-31": "9.46230", "2015-12-31": "12.58770", "2014-12-31": "8.36550", "2013-12-31": "11.71120", "2012-12-31": "9.87050", "2011-12-31": "11.74200", "2010-12-31": "9.24890", "2009-12-31": "8.44400", "2008-12-31": "10.31270", "2007-12-31": "11.79250", "2006-12-31": "17.56390", "2005-12-31": "26.23810"}, "Asset Turnover": {"2019-12-31": "0.15790", "2018-12-31": "0.16870", "2017-12-31": "0.17090", "2016-12-31": "0.17130", "2015-12-31": "0.18460", "2014-12-31": "0.18670", "2013-12-31": "0.19830", "2012-12-31": "0.15730", "2011-12-31": "0.23240", "2010-12-31": "0.24150", "2009-12-31": "0.22320", "2008-12-31": "0.24880", "2007-12-31": "0.25600", "2006-12-31": "0.15440", "2005-12-31": "0.12620"}, "Inventory Turnover Ratio": {"2019-12-31": "2.30600", "2018-12-31": "2.44100", "2017-12-31": "2.14830", "2016-12-31": "1.95630", "2015-12-31": "2.00110", "2014-12-31": "2.28880", "2013-12-31": "2.42220", "2012-12-31": "2.00060", "2011-12-31": "3.23990", "2010-12-31": "3.73670", "2009-12-31": "2.93330", "2008-12-31": "4.42290", "2007-12-31": "4.44960", "2006-12-31": "2.73270", "2005-12-31": "1.84010"}, "Receiveable Turnover": {"2019-12-31": "8.19580", "2018-12-31": "7.82420", "2017-12-31": "8.49500", "2016-12-31": "8.60170", "2015-12-31": "9.88560", "2014-12-31": "8.14360", "2013-12-31": "7.57270", "2012-12-31": "6.59260", "2011-12-31": "7.48530", "2010-12-31": "6.90800", "2009-12-31": "7.31250", "2008-12-31": "7.98970", "2007-12-31": "7.19860", "2006-12-31": "4.70170", "2005-12-31": "2.67670"}, "Days Sales In Receivables": {"2019-12-31": "44.53530", "2018-12-31": "46.65020", "2017-12-31": "42.96670", "2016-12-31": "42.43330", "2015-12-31": "36.92260", "2014-12-31": "44.82030", "2013-12-31": "48.19940", "2012-12-31": "55.36540", "2011-12-31": "48.76210", "2010-12-31": "52.83700", "2009-12-31": "49.91480", "2008-12-31": "45.68370", "2007-12-31": "50.70400", "2006-12-31": "77.63180", "2005-12-31": "136.35970"}, "ROE - Return On Equity": {"2019-12-31": "7.78010", "2018-12-31": "5.98850", "2017-12-31": "7.35560", "2016-12-31": "6.28150", "2015-12-31": "6.67320", "2014-12-31": "6.20550", "2013-12-31": "6.25480", "2012-12-31": "3.93490", "2011-12-31": "7.49180", "2010-12-31": "5.82700", "2009-12-31": "4.90270", "2008-12-31": "6.02810", "2007-12-31": "7.18900", "2006-12-31": "4.13760", "2005-12-31": "5.43220"}, "Return On Tangible Equity": {"2019-12-31": "12.48950", "2018-12-31": "10.70080", "2017-12-31": "13.74160", "2016-12-31": "11.92640", "2015-12-31": "11.19880", "2014-12-31": "10.32630", "2013-12-31": "10.33190", "2012-12-31": "6.55520", "2011-12-31": "9.18350", "2010-12-31": "7.20210", "2009-12-31": "6.33300", "2008-12-31": "8.09470", "2007-12-31": "9.62300", "2006-12-31": "6.34470", "2005-12-31": "7.08790"}, "ROA - Return On Assets": {"2019-12-31": "2.25260", "2018-12-31": "1.80550", "2017-12-31": "2.22600", "2016-12-31": "1.94180", "2015-12-31": "2.19060", "2014-12-31": "2.10520", "2013-12-31": "2.25650", "2012-12-31": "1.41490", "2011-12-31": "2.73970", "2010-12-31": "2.23390", "2009-12-31": "1.88110", "2008-12-31": "2.40220", "2007-12-31": "3.06730", "2006-12-31": "1.57210", "2005-12-31": "1.63190"}, "ROI - Return On Investment": {"2019-12-31": "3.47590", "2018-12-31": "2.76440", "2017-12-31": "3.38210", "2016-12-31": "2.97630", "2015-12-31": "3.46420", "2014-12-31": "3.25550", "2013-12-31": "3.25540", "2012-12-31": "2.08430", "2011-12-31": "4.12330", "2010-12-31": "3.25220", "2009-12-31": "2.82380", "2008-12-31": "3.70630", "2007-12-31": "4.96470", "2006-12-31": "2.44230", "2005-12-31": "2.88190"}, "Book Value Per Share": {"2019-12-31": "65.41750", "2018-12-31": "60.29440", "2017-12-31": "59.62430", "2016-12-31": "58.63000", "2015-12-31": "57.80670", "2014-12-31": "57.84870", "2013-12-31": "58.65160", "2012-12-31": "58.15480", "2011-12-31": "51.38200", "2010-12-31": "51.14060", "2009-12-31": "50.16390", "2008-12-31": "49.88940", "2007-12-31": "50.39890", "2006-12-31": "62.30220", "2005-12-31": "53.14860"}, "Operating Cash Flow Per Share": {"2019-12-31": 1.1109, "2018-12-31": 0.6868, "2017-12-31": -0.4691, "2016-12-31": 0.2778, "2015-12-31": 0.3388, "2014-12-31": 0.2757, "2013-12-31": -0.0803, "2012-12-31": 0.8497, "2011-12-31": -1.982, "2010-12-31": 2.2229, "2009-12-31": 0.1486, "2008-12-31": 0.2721, "2007-12-31": -1.8569, "2006-12-31": 0.7493, "2005-12-31": 8.7163}, "Free Cash Flow Per Share": {"2019-12-31": -0.8843, "2018-12-31": -1.0716, "2017-12-31": -0.5378, "2016-12-31": -1.4071, "2015-12-31": -1.7952, "2014-12-31": 0.4876, "2013-12-31": 1.6595, "2012-12-31": 1.1093, "2011-12-31": -0.7745, "2010-12-31": 1.4673, "2009-12-31": 0.6044, "2008-12-31": -3.0504, "2007-12-31": -0.73, "2006-12-31": -0.5918, "2005-12-31": 1.5187}}, "financial ratios, quarterly": {"Current Ratio": {"2020-09-30": "0.51990", "2020-06-30": "0.55340", "2020-03-31": "0.67110", "2019-12-31": "0.62110", "2019-09-30": "0.71840", "2019-06-30": "0.70710", "2019-03-31": "0.74650", "2018-12-31": "0.64580", "2018-09-30": "0.68380", "2018-06-30": "0.66270", "2018-03-31": "0.63690", "2017-12-31": "0.67720", "2017-09-30": "0.71220", "2017-06-30": "0.61550", "2017-03-31": "0.73170", "2016-12-31": "0.69600", "2016-09-30": "1.12070", "2016-06-30": "0.81740", "2016-03-31": "0.72930", "2015-12-31": "0.73000", "2015-09-30": "0.96950", "2015-06-30": "0.99500", "2015-03-31": "1.03520", "2014-12-31": "1.03040", "2014-09-30": "1.40290", "2014-06-30": "1.32230", "2014-03-31": "1.41020", "2013-12-31": "1.21660", "2013-09-30": "1.12760", "2013-06-30": "0.98600", "2013-03-31": "0.95830", "2012-12-31": "1.00930", "2012-09-30": "1.18120", "2012-06-30": "1.05670", "2012-03-31": "1.38310", "2011-12-31": "1.24460", "2011-09-30": "1.22640", "2011-06-30": "1.28450", "2011-03-31": "1.32120", "2010-12-31": "1.59690", "2010-09-30": "1.64720", "2010-06-30": "1.41860", "2010-03-31": "1.42480", "2009-12-31": "1.41050", "2009-09-30": "1.56400", "2009-06-30": "1.30190", "2009-03-31": "1.50960", "2008-12-31": "1.21360", "2008-09-30": "1.15650", "2008-06-30": "1.06550", "2008-03-31": "0.85320", "2007-12-31": "0.86280", "2007-09-30": "1.12700", "2007-06-30": "1.00300", "2007-03-31": "1.12720", "2006-12-31": "1.06560", "2006-09-30": "1.12440", "2006-06-30": "0.84450", "2006-03-31": "0.85380", "2005-12-31": "0.94520", "2005-09-30": "1.07380", "2005-06-30": "1.02090", "2005-03-31": "1.16230"}, "Long-term Debt / Capital": {"2020-09-30": "0.54240", "2020-06-30": "0.54640", "2020-03-31": "0.53940", "2019-12-31": "0.53420", "2019-09-30": "0.53620", "2019-06-30": "0.54520", "2019-03-31": "0.54370", "2018-12-31": "0.53840", "2018-09-30": "0.54010", "2018-06-30": "0.53980", "2018-03-31": "0.53980", "2017-12-31": "0.54020", "2017-09-30": "0.54020", "2017-06-30": "0.52720", "2017-03-31": "0.53310", "2016-12-31": "0.52620", "2016-09-30": "0.52020", "2016-06-30": "0.49990", "2016-03-31": "0.48910", "2015-12-31": "0.48090", "2015-09-30": "0.48580", "2015-06-30": "0.48150", "2015-03-31": "0.47500", "2014-12-31": "0.47540", "2014-09-30": "0.48280", "2014-06-30": "0.48630", "2014-03-31": "0.48880", "2013-12-31": "0.47950", "2013-09-30": "0.47560", "2013-06-30": "0.48170", "2013-03-31": "0.46970", "2012-12-31": "0.47030", "2012-09-30": "0.46830", "2012-06-30": "0.45040", "2012-03-31": "0.45400", "2011-12-31": "0.44960", "2011-09-30": "0.43440", "2011-06-30": "0.43790", "2011-03-31": "0.42980", "2010-12-31": "0.44190", "2010-09-30": "0.44500", "2010-06-30": "0.44750", "2010-03-31": "0.42470", "2009-12-31": "0.42400", "2009-09-30": "0.41470", "2009-06-30": "0.40320", "2009-03-31": "0.40520", "2008-12-31": "0.38520", "2008-09-30": "0.37310", "2008-06-30": "0.35350", "2008-03-31": "0.32020", "2007-12-31": "0.30940", "2007-09-30": "0.32050", "2007-06-30": "0.32790", "2007-03-31": "0.31810", "2006-12-31": "0.40970", "2006-09-30": "0.41350", "2006-06-30": "0.41980", "2006-03-31": "0.46870", "2005-12-31": "0.46950", "2005-09-30": "0.48420", "2005-06-30": "0.49910", "2005-03-31": "0.50470"}, "Debt/Equity Ratio": {"2020-09-30": "1.35620", "2020-06-30": "1.38770", "2020-03-31": "1.33980", "2019-12-31": "1.27760", "2019-09-30": "1.27370", "2019-06-30": "1.34190", "2019-03-31": "1.31450", "2018-12-31": "1.32180", "2018-09-30": "1.32180", "2018-06-30": "1.31820", "2018-03-31": "1.33860", "2017-12-31": "1.30440", "2017-09-30": "1.28030", "2017-06-30": "1.28360", "2017-03-31": "1.27610", "2016-12-31": "1.22760", "2016-09-30": "1.23750", "2016-06-30": "1.11610", "2016-03-31": "1.09640", "2015-12-31": "1.06860", "2015-09-30": "1.06910", "2015-06-30": "1.04330", "2015-03-31": "1.06510", "2014-12-31": "1.03630", "2014-09-30": "1.00460", "2014-06-30": "1.03860", "2014-03-31": "1.02040", "2013-12-31": "0.99240", "2013-09-30": "1.00180", "2013-06-30": "1.03000", "2013-03-31": "1.00780", "2012-12-31": "0.98970", "2012-09-30": "0.96280", "2012-06-30": "0.94980", "2012-03-31": "0.89820", "2011-12-31": "0.91840", "2011-09-30": "0.86750", "2011-06-30": "0.83580", "2011-03-31": "0.81070", "2010-12-31": "0.81340", "2010-09-30": "0.82580", "2010-06-30": "0.83670", "2010-03-31": "0.78130", "2009-12-31": "0.77740", "2009-09-30": "0.75550", "2009-06-30": "0.73660", "2009-03-31": "0.72470", "2008-12-31": "0.68270", "2008-09-30": "0.69940", "2008-06-30": "0.62380", "2008-03-31": "0.56530", "2007-12-31": "0.55500", "2007-09-30": "0.55890", "2007-06-30": "0.58570", "2007-03-31": "0.55920", "2006-12-31": "0.77290", "2006-09-30": "0.80190", "2006-06-30": "0.82650", "2006-03-31": "0.97700", "2005-12-31": "0.97510", "2005-09-30": "1.00400", "2005-06-30": "1.11900", "2005-03-31": "1.11870"}, "Gross Margin": {"2020-09-30": "71.87920", "2020-06-30": "74.02690", "2020-03-31": "72.33150", "2019-12-31": "70.93230", "2019-09-30": "70.80690", "2019-06-30": "70.76450", "2019-03-31": "68.58670", "2018-12-31": "69.14150", "2018-09-30": "69.99090", "2018-06-30": "70.52990", "2018-03-31": "67.57950", "2017-12-31": "70.21900", "2017-09-30": "70.20980", "2017-06-30": "70.89110", "2017-03-31": "70.20420", "2016-12-31": "69.76870", "2016-09-30": "69.02370", "2016-06-30": "70.65030", "2016-03-31": "69.55550", "2015-12-31": "69.76850", "2015-09-30": "66.14220", "2015-06-30": "66.63090", "2015-03-31": "64.45180", "2014-12-31": "66.54600", "2014-09-30": "63.92490", "2014-06-30": "65.45200", "2014-03-31": "64.04280", "2013-12-31": "73.07850", "2013-09-30": "65.24050", "2013-06-30": "63.12300", "2013-03-31": "61.66500", "2012-12-31": "72.68390", "2012-09-30": "59.14910", "2012-06-30": "64.02010", "2012-03-31": "63.44350", "2011-12-31": "66.35990", "2011-09-30": "64.98490", "2011-06-30": "63.63890", "2011-03-31": "63.44530", "2010-12-31": "66.32800", "2010-09-30": "65.50940", "2010-06-30": "66.01770", "2010-03-31": "64.19030", "2009-12-31": "64.50160", "2009-09-30": "66.49000", "2009-06-30": "66.25470", "2009-03-31": "63.19440", "2008-12-31": "60.03830", "2008-09-30": "59.77770", "2008-06-30": "65.12850", "2008-03-31": "63.11060", "2007-12-31": "65.58890", "2007-09-30": "63.96420", "2007-06-30": "64.56510", "2007-03-31": "64.41520", "2006-12-31": "61.63990", "2006-09-30": "64.50140", "2006-06-30": "62.69380", "2006-03-31": "76.04940", "2005-12-31": "20.88040", "2005-09-30": "73.44780", "2005-06-30": "43.02240", "2005-03-31": "41.83560"}, "Operating Margin": {"2020-09-30": "26.99000", "2020-06-30": "21.71190", "2020-03-31": "25.01260", "2019-12-31": "18.17140", "2019-09-30": "27.79540", "2019-06-30": "22.10110", "2019-03-31": "22.27810", "2018-12-31": "14.24370", "2018-09-30": "23.82320", "2018-06-30": "17.34890", "2018-03-31": "20.47270", "2017-12-31": "20.84840", "2017-09-30": "25.62480", "2017-06-30": "24.35640", "2017-03-31": "24.47200", "2016-12-31": "13.43020", "2016-09-30": "29.71410", "2016-06-30": "24.15120", "2016-03-31": "23.06120", "2015-12-31": "16.24940", "2015-09-30": "26.03730", "2015-06-30": "22.29380", "2015-03-31": "24.00660", "2014-12-31": "13.80640", "2014-09-30": "25.31670", "2014-06-30": "22.58230", "2014-03-31": "21.74680", "2013-12-31": "24.31750", "2013-09-30": "26.70100", "2013-06-30": "13.96500", "2013-03-31": "20.60020", "2012-12-31": "13.85890", "2012-09-30": "16.03690", "2012-06-30": "21.97370", "2012-03-31": "13.63640", "2011-12-31": "15.35040", "2011-09-30": "19.34910", "2011-06-30": "19.21340", "2011-03-31": "22.22220", "2010-12-31": "19.76780", "2010-09-30": "26.17840", "2010-06-30": "-0.42590", "2010-03-31": "21.17420", "2009-12-31": "19.13180", "2009-09-30": "13.10370", "2009-06-30": "18.12560", "2009-03-31": "20.56160", "2008-12-31": "15.95920", "2008-09-30": "16.44810", "2008-06-30": "21.15210", "2008-03-31": "22.50530", "2007-12-31": "15.96830", "2007-09-30": "25.21690", "2007-06-30": "16.55430", "2007-03-31": "19.37400", "2006-12-31": "6.52410", "2006-09-30": "27.47790", "2006-06-30": "12.84880", "2006-03-31": "22.46910", "2005-12-31": "23.37890", "2005-09-30": "50.62750", "2005-06-30": "14.75160", "2005-03-31": "13.45720"}, "EBIT Margin": {"2020-09-30": "26.99000", "2020-06-30": "21.71190", "2020-03-31": "25.01260", "2019-12-31": "18.17140", "2019-09-30": "27.79540", "2019-06-30": "22.10110", "2019-03-31": "22.27810", "2018-12-31": "14.24370", "2018-09-30": "23.82320", "2018-06-30": "17.34890", "2018-03-31": "20.47270", "2017-12-31": "20.84840", "2017-09-30": "25.62480", "2017-06-30": "24.35640", "2017-03-31": "24.47200", "2016-12-31": "13.43020", "2016-09-30": "29.71410", "2016-06-30": "24.15120", "2016-03-31": "23.06120", "2015-12-31": "16.24940", "2015-09-30": "26.03730", "2015-06-30": "22.29380", "2015-03-31": "24.00660", "2014-12-31": "13.80640", "2014-09-30": "25.31670", "2014-06-30": "22.58230", "2014-03-31": "21.74680", "2013-12-31": "24.31750", "2013-09-30": "26.70100", "2013-06-30": "13.96500", "2013-03-31": "20.60020", "2012-12-31": "13.85890", "2012-09-30": "16.03690", "2012-06-30": "21.97370", "2012-03-31": "13.63640", "2011-12-31": "15.35040", "2011-09-30": "19.34910", "2011-06-30": "19.21340", "2011-03-31": "22.22220", "2010-12-31": "19.76780", "2010-09-30": "26.17840", "2010-06-30": "-0.42590", "2010-03-31": "21.17420", "2009-12-31": "19.13180", "2009-09-30": "13.10370", "2009-06-30": "18.12560", "2009-03-31": "20.56160", "2008-12-31": "15.95920", "2008-09-30": "16.44810", "2008-06-30": "21.15210", "2008-03-31": "22.50530", "2007-12-31": "15.96830", "2007-09-30": "25.21690", "2007-06-30": "16.55430", "2007-03-31": "19.37400", "2006-12-31": "6.52410", "2006-09-30": "27.47790", "2006-06-30": "12.84880", "2006-03-31": "22.46910", "2005-12-31": "23.37890", "2005-09-30": "50.62750", "2005-06-30": "14.75160", "2005-03-31": "13.45720"}, "EBITDA Margin": {"2020-09-30": "", "2020-06-30": "", "2020-03-31": "", "2019-12-31": "", "2019-09-30": "", "2019-06-30": "", "2019-03-31": "", "2018-12-31": "", "2018-09-30": "", "2018-06-30": "", "2018-03-31": "", "2017-12-31": "", "2017-09-30": "", "2017-06-30": "", "2017-03-31": "", "2016-12-31": "", "2016-09-30": "", "2016-06-30": "", "2016-03-31": "", "2015-12-31": "", "2015-09-30": "", "2015-06-30": "", "2015-03-31": "", "2014-12-31": "", "2014-09-30": "", "2014-06-30": "", "2014-03-31": "", "2013-12-31": "", "2013-09-30": "", "2013-06-30": "", "2013-03-31": "", "2012-12-31": "", "2012-09-30": "", "2012-06-30": "", "2012-03-31": "", "2011-12-31": "", "2011-09-30": "", "2011-06-30": "", "2011-03-31": "", "2010-12-31": "", "2010-09-30": "", "2010-06-30": "", "2010-03-31": "", "2009-12-31": "", "2009-09-30": "", "2009-06-30": "", "2009-03-31": "", "2008-12-31": "", "2008-09-30": "", "2008-06-30": "", "2008-03-31": "", "2007-12-31": "", "2007-09-30": "", "2007-06-30": "", "2007-03-31": "", "2006-12-31": "", "2006-09-30": "", "2006-06-30": "", "2006-03-31": "", "2005-12-31": "", "2005-09-30": "", "2005-06-30": "", "2005-03-31": ""}, "Pre-Tax Profit Margin": {"2020-09-30": "19.92260", "2020-06-30": "-22.28370", "2020-03-31": "17.26340", "2019-12-31": "11.61720", "2019-09-30": "21.77230", "2019-06-30": "15.13710", "2019-03-31": "16.03120", "2018-12-31": "7.08090", "2018-09-30": "18.55760", "2018-06-30": "10.75670", "2018-03-31": "13.08880", "2017-12-31": "14.93360", "2017-09-30": "20.37950", "2017-06-30": "18.32580", "2017-03-31": "18.51980", "2016-12-31": "9.18060", "2016-09-30": "23.05350", "2016-06-30": "16.82330", "2016-03-31": "15.41750", "2015-12-31": "11.14790", "2015-09-30": "20.97790", "2015-06-30": "16.78300", "2015-03-31": "18.79640", "2014-12-31": "7.60320", "2014-09-30": "21.12590", "2014-06-30": "17.65940", "2014-03-31": "17.38780", "2013-12-31": "19.99160", "2013-09-30": "22.02030", "2013-06-30": "8.67490", "2013-03-31": "16.34450", "2012-12-31": "8.26010", "2012-09-30": "12.52600", "2012-06-30": "18.53510", "2012-03-31": "11.01930", "2011-12-31": "12.14370", "2011-09-30": "17.07870", "2011-06-30": "17.91170", "2011-03-31": "20.36580", "2010-12-31": "19.56460", "2010-09-30": "24.50580", "2010-06-30": "-3.10310", "2010-03-31": "18.67000", "2009-12-31": "15.88420", "2009-09-30": "10.33570", "2009-06-30": "15.82560", "2009-03-31": "15.85150", "2008-12-31": "11.36290", "2008-09-30": "9.86320", "2008-06-30": "15.57760", "2008-03-31": "20.55740", "2007-12-31": "14.25270", "2007-09-30": "23.77980", "2007-06-30": "15.20570", "2007-03-31": "15.68370", "2006-12-31": "6.45280", "2006-09-30": "24.12320", "2006-06-30": "8.50840", "2006-03-31": "19.19750", "2005-12-31": "28.83700", "2005-09-30": "46.59840", "2005-06-30": "9.19610", "2005-03-31": "24.60590"}, "Net Profit Margin": {"2020-09-30": "18.82160", "2020-06-30": "-15.07100", "2020-03-31": "15.11180", "2019-12-31": "10.81440", "2019-09-30": "19.12100", "2019-06-30": "13.96220", "2019-03-31": "14.60330", "2018-12-31": "7.58790", "2018-09-30": "16.32470", "2018-06-30": "8.86050", "2018-03-31": "10.10600", "2017-12-31": "12.12280", "2017-09-30": "14.71770", "2017-06-30": "12.34920", "2017-03-31": "12.49780", "2016-12-31": "-4.07030", "2016-09-30": "17.88320", "2016-06-30": "9.76410", "2016-03-31": "12.90680", "2015-12-31": "11.26590", "2015-09-30": "14.37610", "2015-06-30": "9.71550", "2015-03-31": "14.24570", "2014-12-31": "2.34130", "2014-09-30": "19.92180", "2014-06-30": "10.66920", "2014-03-31": "-1.54880", "2013-12-31": "14.44770", "2013-09-30": "16.14930", "2013-06-30": "5.76630", "2013-03-31": "10.74940", "2012-12-31": "10.92140", "2012-09-30": "8.83670", "2012-06-30": "12.41260", "2012-03-31": "8.12670", "2011-12-31": "8.55110", "2011-09-30": "11.90720", "2011-06-30": "12.30900", "2011-03-31": "13.95030", "2010-12-31": "12.39480", "2010-09-30": "16.97920", "2010-06-30": "-6.75390", "2010-03-31": "12.38180", "2009-12-31": "11.12540", "2009-09-30": "3.20970", "2009-06-30": "9.47480", "2009-03-31": "10.38650", "2008-12-31": "10.56500", "2008-09-30": "6.12880", "2008-06-30": "10.87020", "2008-03-31": "13.93470", "2007-12-31": "8.01720", "2007-09-30": "16.45880", "2007-06-30": "9.87860", "2007-03-31": "11.76280", "2006-12-31": "13.79680", "2006-09-30": "23.26930", "2006-06-30": "12.22870", "2006-03-31": "22.09880", "2005-12-31": "-8.93810", "2005-09-30": "1.25500", "2005-06-30": "5.82100", "2005-03-31": "16.25380"}, "Asset Turnover": {"2020-09-30": "0.04160", "2020-06-30": "0.03390", "2020-03-31": "0.03720", "2019-12-31": "0.03840", "2019-09-30": "0.04450", "2019-06-30": "0.03830", "2019-03-31": "0.04080", "2018-12-31": "0.04210", "2018-09-30": "0.04630", "2018-06-30": "0.04020", "2018-03-31": "0.04430", "2017-12-31": "0.04200", "2017-09-30": "0.04750", "2017-06-30": "0.04110", "2017-03-31": "0.04270", "2016-12-31": "0.04200", "2016-09-30": "0.05070", "2016-06-30": "0.04250", "2016-03-31": "0.04420", "2015-12-31": "0.03490", "2015-09-30": "0.05360", "2015-06-30": "0.04710", "2015-03-31": "0.04970", "2014-12-31": "0.03440", "2014-09-30": "0.05340", "2014-06-30": "0.04960", "2014-03-31": "0.05500", "2013-12-31": "0.04150", "2013-09-30": "0.05430", "2013-06-30": "0.05150", "2013-03-31": "0.05190", "2012-12-31": "0.03500", "2012-09-30": "0.06000", "2012-06-30": "0.05670", "2012-03-31": "0.05870", "2011-12-31": "0.05390", "2011-09-30": "0.06520", "2011-06-30": "0.05910", "2011-03-31": "0.06210", "2010-12-31": "0.05830", "2010-09-30": "0.06820", "2010-06-30": "0.05830", "2010-03-31": "0.06240", "2009-12-31": "0.05450", "2009-09-30": "0.06090", "2009-06-30": "0.05320", "2009-03-31": "0.06180", "2008-12-31": "0.05900", "2008-09-30": "0.06650", "2008-06-30": "0.06260", "2008-03-31": "0.06720", "2007-12-31": "0.06100", "2007-09-30": "0.07520", "2007-06-30": "0.06120", "2007-03-31": "0.06290", "2006-12-31": "0.04080", "2006-09-30": "0.04670", "2006-06-30": "0.04130", "2006-03-31": "0.03150", "2005-12-31": "-0.12290", "2005-09-30": "0.05680", "2005-06-30": "0.09420", "2005-03-31": "0.09530"}, "Inventory Turnover Ratio": {"2020-09-30": "0.59250", "2020-06-30": "0.42810", "2020-03-31": "0.49520", "2019-12-31": "0.54890", "2019-09-30": "0.65210", "2019-06-30": "0.53840", "2019-03-31": "0.62410", "2018-12-31": "0.61190", "2018-09-30": "0.63340", "2018-06-30": "0.52340", "2018-03-31": "0.63160", "2017-12-31": "0.53140", "2017-09-30": "0.59140", "2017-06-30": "0.48000", "2017-03-31": "0.50710", "2016-12-31": "0.47870", "2016-09-30": "0.60790", "2016-06-30": "0.42180", "2016-03-31": "0.43990", "2015-12-31": "0.34170", "2015-09-30": "0.62060", "2015-06-30": "0.53760", "2015-03-31": "0.63170", "2014-12-31": "0.40070", "2014-09-30": "0.72090", "2014-06-30": "0.64530", "2014-03-31": "0.77440", "2013-12-31": "0.39450", "2013-09-30": "0.69710", "2013-06-30": "0.69270", "2013-03-31": "0.73030", "2012-12-31": "0.33760", "2012-09-30": "0.90300", "2012-06-30": "0.73040", "2012-03-31": "0.75660", "2011-12-31": "0.71350", "2011-09-30": "0.97680", "2011-06-30": "0.90810", "2011-03-31": "0.99410", "2010-12-31": "0.88010", "2010-09-30": "1.10650", "2010-06-30": "0.85790", "2010-03-31": "0.96260", "2009-12-31": "0.72870", "2009-09-30": "0.80140", "2009-06-30": "0.71860", "2009-03-31": "0.98070", "2008-12-31": "1.10310", "2008-09-30": "1.25420", "2008-06-30": "1.09750", "2008-03-31": "1.30130", "2007-12-31": "1.03060", "2007-09-30": "1.29150", "2007-06-30": "1.02340", "2007-03-31": "1.13680", "2006-12-31": "0.79230", "2006-09-30": "0.93640", "2006-06-30": "0.90170", "2006-03-31": "0.48560", "2005-12-31": "-6.16450", "2005-09-30": "0.91470", "2005-06-30": "3.14000", "2005-03-31": "4.14860"}, "Receiveable Turnover": {"2020-09-30": "2.21160", "2020-06-30": "1.93470", "2020-03-31": "2.25600", "2019-12-31": "1.99440", "2019-09-30": "2.25540", "2019-06-30": "2.09820", "2019-03-31": "2.23620", "2018-12-31": "1.95120", "2018-09-30": "2.15260", "2018-06-30": "2.00320", "2018-03-31": "2.23660", "2017-12-31": "2.09050", "2017-09-30": "2.47690", "2017-06-30": "2.33600", "2017-03-31": "2.48550", "2016-12-31": "2.10930", "2016-09-30": "2.41590", "2016-06-30": "2.07030", "2016-03-31": "2.31470", "2015-12-31": "1.87100", "2015-09-30": "2.34980", "2015-06-30": "2.07310", "2015-03-31": "2.19270", "2014-12-31": "1.49890", "2014-09-30": "2.18780", "2014-06-30": "1.90580", "2014-03-31": "2.24000", "2013-12-31": "1.58470", "2013-09-30": "2.18680", "2013-06-30": "2.07890", "2013-03-31": "2.10120", "2012-12-31": "1.46600", "2012-09-30": "2.36190", "2012-06-30": "1.94090", "2012-03-31": "2.08980", "2011-12-31": "1.73520", "2011-09-30": "2.06890", "2011-06-30": "1.79480", "2011-03-31": "1.90290", "2010-12-31": "1.66750", "2010-09-30": "1.96120", "2010-06-30": "1.66510", "2010-03-31": "1.86800", "2009-12-31": "1.78630", "2009-09-30": "2.28070", "2009-06-30": "1.92790", "2009-03-31": "2.26080", "2008-12-31": "1.89530", "2008-09-30": "2.11840", "2008-06-30": "1.75010", "2008-03-31": "2.02000", "2007-12-31": "1.71530", "2007-09-30": "2.07420", "2007-06-30": "1.99600", "2007-03-31": "2.07030", "2006-12-31": "1.24340", "2006-09-30": "1.66530", "2006-06-30": "1.28850", "2006-03-31": "0.78220", "2005-12-31": "-2.60620", "2005-09-30": "1.42090", "2005-06-30": "1.81550", "2005-03-31": "1.66400"}, "Days Sales In Receivables": {"2020-09-30": "40.69480", "2020-06-30": "46.51910", "2020-03-31": "39.89410", "2019-12-31": "45.12540", "2019-09-30": "39.90350", "2019-06-30": "42.89290", "2019-03-31": "40.24660", "2018-12-31": "46.12590", "2018-09-30": "41.80900", "2018-06-30": "44.92820", "2018-03-31": "40.23960", "2017-12-31": "43.05230", "2017-09-30": "36.33600", "2017-06-30": "38.52750", "2017-03-31": "36.21050", "2016-12-31": "42.66810", "2016-09-30": "37.25370", "2016-06-30": "43.47210", "2016-03-31": "38.88230", "2015-12-31": "48.10350", "2015-09-30": "38.30170", "2015-06-30": "43.41390", "2015-03-31": "41.04530", "2014-12-31": "60.04350", "2014-09-30": "41.13680", "2014-06-30": "47.22320", "2014-03-31": "40.17880", "2013-12-31": "56.79340", "2013-09-30": "41.15650", "2013-06-30": "43.29310", "2013-03-31": "42.83320", "2012-12-31": "61.39340", "2012-09-30": "38.10470", "2012-06-30": "46.37130", "2012-03-31": "43.06610", "2011-12-31": "51.86760", "2011-09-30": "43.50150", "2011-06-30": "50.14430", "2011-03-31": "47.29730", "2010-12-31": "53.97390", "2010-09-30": "45.88950", "2010-06-30": "54.04930", "2010-03-31": "48.18030", "2009-12-31": "50.38260", "2009-09-30": "39.46110", "2009-06-30": "46.68380", "2009-03-31": "39.80980", "2008-12-31": "47.48480", "2008-09-30": "42.48580", "2008-06-30": "51.42460", "2008-03-31": "44.55500", "2007-12-31": "52.46780", "2007-09-30": "43.38940", "2007-06-30": "45.09100", "2007-03-31": "43.47280", "2006-12-31": "72.38500", "2006-09-30": "54.04390", "2006-06-30": "69.84840", "2006-03-31": "115.05560", "2005-12-31": "-34.53300", "2005-09-30": "63.33880", "2005-06-30": "49.57340", "2005-03-31": "54.08780"}, "ROE - Return On Equity": {"2020-09-30": "2.72210", "2020-06-30": "-1.99780", "2020-03-31": "1.92970", "2019-12-31": "1.33510", "2019-09-30": "2.91130", "2019-06-30": "1.68620", "2019-03-31": "2.02630", "2018-12-31": "0.99010", "2018-09-30": "2.46900", "2018-06-30": "1.19250", "2018-03-31": "1.48810", "2017-12-31": "1.68910", "2017-09-30": "2.29820", "2017-06-30": "1.67340", "2017-03-31": "1.74090", "2016-12-31": "0.91620", "2016-09-30": "2.46880", "2016-06-30": "1.56200", "2016-03-31": "1.44460", "2015-12-31": "0.83980", "2015-09-30": "2.35780", "2015-06-30": "1.52460", "2015-03-31": "1.88870", "2014-12-31": "0.41810", "2014-09-30": "2.14940", "2014-06-30": "1.77590", "2014-03-31": "1.83870", "2013-12-31": "1.60600", "2013-09-30": "2.29410", "2013-06-30": "0.85820", "2013-03-31": "1.54520", "2012-12-31": "0.66190", "2012-09-30": "1.44900", "2012-06-30": "1.99410", "2012-03-31": "1.29820", "2011-12-31": "1.26830", "2011-09-30": "2.04810", "2011-06-30": "1.94260", "2011-03-31": "2.24450", "2010-12-31": "1.88500", "2010-09-30": "3.00690", "2010-06-30": "-1.02530", "2010-03-31": "2.01830", "2009-12-31": "1.53520", "2009-09-30": "0.49210", "2009-06-30": "1.32960", "2009-03-31": "1.61820", "2008-12-31": "1.23400", "2008-09-30": "1.00330", "2008-06-30": "1.57740", "2008-03-31": "2.16730", "2007-12-31": "1.48590", "2007-09-30": "2.71940", "2007-06-30": "1.46420", "2007-03-31": "1.63320", "2006-12-31": "0.76620", "2006-09-30": "1.81540", "2006-06-30": "0.76350", "2006-03-31": "1.22640", "2005-12-31": "-7.41530", "2005-09-30": "5.80620", "2005-06-30": "2.01460", "2005-03-31": "5.21720"}, "Return On Tangible Equity": {"2020-09-30": "4.40840", "2020-06-30": "-3.26640", "2020-03-31": "3.09240", "2019-12-31": "2.14330", "2019-09-30": "4.70750", "2019-06-30": "2.87370", "2019-03-31": "3.46900", "2018-12-31": "1.76920", "2018-09-30": "4.47910", "2018-06-30": "2.19300", "2018-03-31": "2.77650", "2017-12-31": "3.15560", "2017-09-30": "4.30620", "2017-06-30": "3.15970", "2017-03-31": "3.29490", "2016-12-31": "1.73950", "2016-09-30": "4.13770", "2016-06-30": "2.64510", "2016-03-31": "2.44570", "2015-12-31": "1.40930", "2015-09-30": "3.99050", "2015-06-30": "2.59350", "2015-03-31": "3.13430", "2014-12-31": "0.69570", "2014-09-30": "3.54670", "2014-06-30": "2.95870", "2014-03-31": "3.06790", "2013-12-31": "2.65280", "2013-09-30": "3.85480", "2013-06-30": "1.46770", "2013-03-31": "2.60870", "2012-12-31": "1.10270", "2012-09-30": "2.42890", "2012-06-30": "2.45130", "2012-03-31": "1.59100", "2011-12-31": "1.55470", "2011-09-30": "2.51060", "2011-06-30": "2.40120", "2011-03-31": "2.76830", "2010-12-31": "2.32980", "2010-09-30": "3.74090", "2010-06-30": "-1.28930", "2010-03-31": "2.59810", "2009-12-31": "1.98310", "2009-09-30": "0.63860", "2009-06-30": "1.77520", "2009-03-31": "2.15950", "2008-12-31": "1.65700", "2008-09-30": "1.34170", "2008-06-30": "2.10620", "2008-03-31": "2.88990", "2007-12-31": "1.98900", "2007-09-30": "3.65710", "2007-06-30": "1.99890", "2007-03-31": "2.22490", "2006-12-31": "1.17500", "2006-09-30": "2.77990", "2006-06-30": "1.18210", "2006-03-31": "1.58970", "2005-12-31": "-9.67540", "2005-09-30": "7.52750", "2005-06-30": "2.66470", "2005-03-31": "6.89270"}, "ROA - Return On Assets": {"2020-09-30": "0.76450", "2020-06-30": "-0.55730", "2020-03-31": "0.55600", "2019-12-31": "0.38660", "2019-09-30": "0.84850", "2019-06-30": "0.48750", "2019-03-31": "0.59090", "2018-12-31": "0.29850", "2018-09-30": "0.74180", "2018-06-30": "0.36150", "2018-03-31": "0.44900", "2017-12-31": "0.51120", "2017-09-30": "0.70200", "2017-06-30": "0.51180", "2017-03-31": "0.53460", "2016-12-31": "0.28320", "2016-09-30": "0.77190", "2016-06-30": "0.50870", "2016-03-31": "0.47410", "2015-12-31": "0.27570", "2015-09-30": "0.77660", "2015-06-30": "0.50940", "2015-03-31": "0.63530", "2014-12-31": "0.14180", "2014-09-30": "0.74460", "2014-06-30": "0.63040", "2014-03-31": "0.65910", "2013-12-31": "0.57940", "2013-09-30": "0.82560", "2013-06-30": "0.30240", "2013-03-31": "0.55780", "2012-12-31": "0.23800", "2012-09-30": "0.53030", "2012-06-30": "0.71230", "2012-03-31": "0.48060", "2011-12-31": "0.46380", "2011-09-30": "0.77170", "2011-06-30": "0.73760", "2011-03-31": "0.86970", "2010-12-31": "0.72260", "2010-09-30": "1.15110", "2010-06-30": "-0.38650", "2010-03-31": "0.77210", "2009-12-31": "0.58910", "2009-09-30": "0.19180", "2009-06-30": "0.51910", "2009-03-31": "0.64570", "2008-12-31": "0.49170", "2008-09-30": "0.40550", "2008-06-30": "0.65120", "2008-03-31": "0.93460", "2007-12-31": "0.63400", "2007-09-30": "1.16870", "2007-06-30": "0.61720", "2007-03-31": "0.69870", "2006-12-31": "0.29110", "2006-09-30": "0.68440", "2006-06-30": "0.27850", "2006-03-31": "0.39480", "2005-12-31": "-2.22760", "2005-09-30": "1.73250", "2005-06-30": "0.58580", "2005-03-31": "1.53820"}, "ROI - Return On Investment": {"2020-09-30": "1.19410", "2020-06-30": "-0.86810", "2020-03-31": "0.85250", "2019-12-31": "0.59650", "2019-09-30": "1.29420", "2019-06-30": "0.75040", "2019-03-31": "0.90450", "2018-12-31": "0.45700", "2018-09-30": "1.13560", "2018-06-30": "0.54880", "2018-03-31": "0.68480", "2017-12-31": "0.77670", "2017-09-30": "1.05660", "2017-06-30": "0.79120", "2017-03-31": "0.81290", "2016-12-31": "0.43410", "2016-09-30": "1.18450", "2016-06-30": "0.78120", "2016-03-31": "0.73810", "2015-12-31": "0.43600", "2015-09-30": "1.21240", "2015-06-30": "0.79050", "2015-03-31": "0.99160", "2014-12-31": "0.21930", "2014-09-30": "1.11160", "2014-06-30": "0.91220", "2014-03-31": "0.94000", "2013-12-31": "0.83580", "2013-09-30": "1.20300", "2013-06-30": "0.44480", "2013-03-31": "0.81940", "2012-12-31": "0.35060", "2012-09-30": "0.77040", "2012-06-30": "1.09590", "2012-03-31": "0.70880", "2011-12-31": "0.69810", "2011-09-30": "1.15850", "2011-06-30": "1.09190", "2011-03-31": "1.27990", "2010-12-31": "1.05200", "2010-09-30": "1.66870", "2010-06-30": "-0.56650", "2010-03-31": "1.16110", "2009-12-31": "0.88420", "2009-09-30": "0.28800", "2009-06-30": "0.79350", "2009-03-31": "0.96240", "2008-12-31": "0.75870", "2008-09-30": "0.62890", "2008-06-30": "1.01980", "2008-03-31": "1.47340", "2007-12-31": "1.02620", "2007-09-30": "1.84790", "2007-06-30": "0.98400", "2007-03-31": "1.11380", "2006-12-31": "0.45230", "2006-09-30": "1.06480", "2006-06-30": "0.44300", "2006-03-31": "0.65160", "2005-12-31": "-3.93400", "2005-09-30": "2.97010", "2005-06-30": "1.00080", "2005-03-31": "2.56320"}, "Book Value Per Share": {"2020-09-30": "64.25950", "2020-06-30": "63.41630", "2020-03-31": "65.41900", "2019-12-31": "65.41750", "2019-09-30": "65.03020", "2019-06-30": "62.26920", "2019-03-31": "61.87500", "2018-12-31": "60.29440", "2018-09-30": "60.32680", "2018-06-30": "59.71210", "2018-03-31": "59.62630", "2017-12-31": "59.62430", "2017-09-30": "59.48860", "2017-06-30": "58.99140", "2017-03-31": "58.83710", "2016-12-31": "58.63000", "2016-09-30": "58.84760", "2016-06-30": "57.97970", "2016-03-31": "57.96950", "2015-12-31": "57.80670", "2015-09-30": "57.94770", "2015-06-30": "57.58290", "2015-03-31": "58.03250", "2014-12-31": "57.84870", "2014-09-30": "58.63230", "2014-06-30": "57.82320", "2014-03-31": "57.69310", "2013-12-31": "58.65160", "2013-09-30": "58.40940", "2013-06-30": "56.94190", "2013-03-31": "58.11620", "2012-12-31": "58.15480", "2012-09-30": "58.23150", "2012-06-30": "50.48430", "2012-03-31": "51.30110", "2011-12-31": "51.38200", "2011-09-30": "51.57950", "2011-06-30": "51.13580", "2011-03-31": "51.52130", "2010-12-31": "51.14060", "2010-09-30": "50.19160", "2010-06-30": "48.40320", "2010-03-31": "50.41970", "2009-12-31": "50.16390", "2009-09-30": "50.07020", "2009-06-30": "49.52580", "2009-03-31": "49.92410", "2008-12-31": "49.88940", "2008-09-30": "50.59000", "2008-06-30": "50.52130", "2008-03-31": "50.81760", "2007-12-31": "50.39890", "2007-09-30": "50.17410", "2007-06-30": "48.62630", "2007-03-31": "49.17250", "2006-12-31": "62.30220", "2006-09-30": "63.34340", "2006-06-30": "61.51570", "2006-03-31": "53.57170", "2005-12-31": "53.14860", "2005-09-30": "51.99660", "2005-06-30": "53.18570", "2005-03-31": "53.72740"}, "Operating Cash Flow Per Share": {"2020-09-30": 4.6381, "2020-06-30": 2.4559, "2020-03-31": "2.11140", "2019-12-31": 3.5281, "2019-09-30": 3.5347, "2019-06-30": 2.4935, "2019-03-31": "1.70430", "2018-12-31": 2.2127, "2018-09-30": 3.2467, "2018-06-30": 2.706, "2018-03-31": "1.98430", "2017-12-31": 2.3515, "2017-09-30": 3.1114, "2017-06-30": 2.22, "2017-03-31": "1.78000", "2016-12-31": 1.8119, "2016-09-30": 3.4462, "2016-06-30": 2.2327, "2016-03-31": "2.44120", "2015-12-31": 1.8112, "2015-09-30": 3.6826, "2015-06-30": 2.1265, "2015-03-31": "2.03390", "2014-12-31": 2.0071, "2014-09-30": 3.6039, "2014-06-30": 1.7596, "2014-03-31": "1.94480", "2013-12-31": 1.9717, "2013-09-30": 3.0411, "2013-06-30": 2.4794, "2013-03-31": "1.54750", "2012-12-31": 3.4276, "2012-09-30": 1.2036, "2012-06-30": 2.5336, "2012-03-31": "1.95520", "2011-12-31": 1.4527, "2011-09-30": 2.9505, "2011-06-30": 1.7008, "2011-03-31": "2.16630", "2010-12-31": 1.9436, "2010-09-30": 3.4589, "2010-06-30": 2.2843, "2010-03-31": "2.56550", "2009-12-31": 2.1627, "2009-09-30": 3.4995, "2009-06-30": 1.9229, "2009-03-31": "0.44430", "2008-12-31": 2.0152, "2008-09-30": 1.8486, "2008-06-30": 1.6224, "2008-03-31": "2.39460", "2007-12-31": 1.7623, "2007-09-30": 2.5027, "2007-06-30": 1.1976, "2007-03-31": "2.14610", "2006-12-31": 2.9685, "2006-09-30": 3.0559, "2006-06-30": 1.1637, "2006-03-31": "2.27750", "2005-12-31": 0.923, "2005-09-30": 1.4815, "2005-06-30": 3.654, "2005-03-31": "2.65780"}, "Free Cash Flow Per Share": {"2020-09-30": 1.502, "2020-06-30": -0.6391, "2020-03-31": "-1.73640", "2019-12-31": -0.6392, "2019-09-30": -0.0476, "2019-06-30": -1.5251, "2019-03-31": "-1.78400", "2018-12-31": -1.592, "2018-09-30": 0.0045, "2018-06-30": -0.5312, "2018-03-31": "-0.99290", "2017-12-31": -0.8071, "2017-09-30": 0.3828, "2017-06-30": -0.31, "2017-03-31": "-1.30570", "2016-12-31": -2.0217, "2016-09-30": 0.763, "2016-06-30": -0.2972, "2016-03-31": "0.05370", "2015-12-31": -1.191, "2015-09-30": 1.3604, "2015-06-30": -0.2857, "2015-03-31": "0.02120", "2014-12-31": -0.2971, "2014-09-30": 1.7412, "2014-06-30": 0.0563, "2014-03-31": "0.19970", "2013-12-31": -0.3966, "2013-09-30": 1.4278, "2013-06-30": 0.5884, "2013-03-31": "-0.40710", "2012-12-31": -0.6287, "2012-09-30": 0.7624, "2012-06-30": -0.3206, "2012-03-31": "-0.26010", "2011-12-31": -1.5586, "2011-09-30": 0.6104, "2011-06-30": -0.5067, "2011-03-31": "-0.10140", "2010-12-31": -1.1903, "2010-09-30": 0.8675, "2010-06-30": -0.3263, "2010-03-31": "-0.13270", "2009-12-31": -1.1367, "2009-09-30": 0.9429, "2009-06-30": -0.3809, "2009-03-31": "-1.67440", "2008-12-31": -1.1154, "2008-09-30": -0.6788, "2008-06-30": -0.9292, "2008-03-31": "-0.13010", "2007-12-31": -0.396, "2007-09-30": 1.0073, "2007-06-30": -0.6605, "2007-03-31": "0.24610", "2006-12-31": 0.0527, "2006-09-30": 0.7527, "2006-06-30": -0.4113, "2006-03-31": "0.53280", "2005-12-31": -1.1019, "2005-09-30": -0.3859, "2005-06-30": 1.8882, "2005-03-31": "1.11830"}}, "revenue": {"Duke Energy Annual Revenue (Millions of US $)": {"2019": "$25,079", "2018": "$24,521", "2017": "$23,565", "2016": "$22,743", "2015": "$22,371", "2014": "$22,509", "2013": "$22,756", "2012": "$17,912", "2011": "$14,529", "2010": "$14,272", "2009": "$12,731", "2008": "$13,207", "2007": "$12,720", "2006": "$10,607", "2005": "$6,906"}, "Duke Energy Quarterly Revenue (Millions of US $)": {"2020-09-30": "$6,721", "2020-06-30": "$5,421", "2020-03-31": "$5,949", "2019-12-31": "$6,103", "2019-09-30": "$6,940", "2019-06-30": "$5,873", "2019-03-31": "$6,163", "2018-12-31": "$6,115", "2018-09-30": "$6,628", "2018-06-30": "$5,643", "2018-03-31": "$6,135", "2017-12-31": "$5,799", "2017-09-30": "$6,482", "2017-06-30": "$5,555", "2017-03-31": "$5,729", "2016-12-31": "$5,577", "2016-09-30": "$6,576", "2016-06-30": "$5,213", "2016-03-31": "$5,377", "2015-12-31": "$4,234", "2015-09-30": "$6,483", "2015-06-30": "$5,589", "2015-03-31": "$6,065", "2014-12-31": "$4,143", "2014-09-30": "$6,395", "2014-06-30": "$5,708", "2014-03-31": "$6,263", "2013-12-31": "$4,762", "2013-09-30": "$6,217", "2013-06-30": "$5,879", "2013-03-31": "$5,898", "2012-12-31": "$3,983", "2012-09-30": "$6,722", "2012-06-30": "$3,577", "2012-03-31": "$3,630", "2011-12-31": "$3,368", "2011-09-30": "$3,964", "2011-06-30": "$3,534", "2011-03-31": "$3,663", "2010-12-31": "$3,445", "2010-09-30": "$3,946", "2010-06-30": "$3,287", "2010-03-31": "$3,594", "2009-12-31": "$3,110", "2009-09-30": "$3,396", "2009-06-30": "$2,913", "2009-03-31": "$3,312", "2008-12-31": "$3,133", "2008-09-30": "$3,508", "2008-06-30": "$3,229", "2008-03-31": "$3,337", "2007-12-31": "$3,031", "2007-09-30": "$3,688", "2007-06-30": "$2,966", "2007-03-31": "$3,035", "2006-12-31": "$2,805", "2006-09-30": "$3,279", "2006-06-30": "$2,903", "2006-03-31": "$1,620", "2005-12-31": "$-6,724", "2005-09-30": "$3,028", "2005-06-30": "$5,274", "2005-03-31": "$5,328"}}, "gross-profit": {"Duke Energy Annual Gross Profit (Millions of US $)": {"2019": "$17,626", "2018": "$16,993", "2017": "$16,583", "2016": "$15,853", "2015": "$14,875", "2014": "$14,592", "2013": "$14,884", "2012": "$11,464", "2011": "$9,384", "2010": "$9,347", "2009": "$8,287", "2008": "$8,187", "2007": "$8,217", "2006": "$6,896", "2005": "$5,318"}, "Duke Energy Quarterly Gross Profit (Millions of US $)": {"2020-09-30": "$4,831", "2020-06-30": "$4,013", "2020-03-31": "$4,303", "2019-12-31": "$4,329", "2019-09-30": "$4,914", "2019-06-30": "$4,156", "2019-03-31": "$4,227", "2018-12-31": "$4,228", "2018-09-30": "$4,639", "2018-06-30": "$3,980", "2018-03-31": "$4,146", "2017-12-31": "$4,072", "2017-09-30": "$4,551", "2017-06-30": "$3,938", "2017-03-31": "$4,022", "2016-12-31": "$3,891", "2016-09-30": "$4,539", "2016-06-30": "$3,683", "2016-03-31": "$3,740", "2015-12-31": "$2,954", "2015-09-30": "$4,288", "2015-06-30": "$3,724", "2015-03-31": "$3,909", "2014-12-31": "$2,757", "2014-09-30": "$4,088", "2014-06-30": "$3,736", "2014-03-31": "$4,011", "2013-12-31": "$3,480", "2013-09-30": "$4,056", "2013-06-30": "$3,711", "2013-03-31": "$3,637", "2012-12-31": "$2,895", "2012-09-30": "$3,976", "2012-06-30": "$2,290", "2012-03-31": "$2,303", "2011-12-31": "$2,235", "2011-09-30": "$2,576", "2011-06-30": "$2,249", "2011-03-31": "$2,324", "2010-12-31": "$2,285", "2010-09-30": "$2,585", "2010-06-30": "$2,170", "2010-03-31": "$2,307", "2009-12-31": "$2,006", "2009-09-30": "$2,258", "2009-06-30": "$1,930", "2009-03-31": "$2,093", "2008-12-31": "$1,881", "2008-09-30": "$2,097", "2008-06-30": "$2,103", "2008-03-31": "$2,106", "2007-12-31": "$1,988", "2007-09-30": "$2,359", "2007-06-30": "$1,915", "2007-03-31": "$1,955", "2006-12-31": "$1,729", "2006-09-30": "$2,115", "2006-06-30": "$1,820", "2006-03-31": "$1,232", "2005-12-31": "$-1,404", "2005-09-30": "$2,224", "2005-06-30": "$2,269", "2005-03-31": "$2,229"}}, "operating-income": {"Duke Energy Annual Operating Income (Millions of US $)": {"2019": "$5,709", "2018": "$4,685", "2017": "$5,625", "2016": "$5,202", "2015": "$5,078", "2014": "$4,842", "2013": "$4,854", "2012": "$2,911", "2011": "$2,777", "2010": "$2,461", "2009": "$2,249", "2008": "$2,511", "2007": "$2,493", "2006": "$1,821", "2005": "$1,456"}, "Duke Energy Quarterly Operating Income (Millions of US $)": {"2020-09-30": "$1,814", "2020-06-30": "$1,177", "2020-03-31": "$1,488", "2019-12-31": "$1,109", "2019-09-30": "$1,929", "2019-06-30": "$1,298", "2019-03-31": "$1,373", "2018-12-31": "$871", "2018-09-30": "$1,579", "2018-06-30": "$979", "2018-03-31": "$1,256", "2017-12-31": "$1,209", "2017-09-30": "$1,661", "2017-06-30": "$1,353", "2017-03-31": "$1,402", "2016-12-31": "$749", "2016-09-30": "$1,954", "2016-06-30": "$1,259", "2016-03-31": "$1,240", "2015-12-31": "$688", "2015-09-30": "$1,688", "2015-06-30": "$1,246", "2015-03-31": "$1,456", "2014-12-31": "$572", "2014-09-30": "$1,619", "2014-06-30": "$1,289", "2014-03-31": "$1,362", "2013-12-31": "$1,158", "2013-09-30": "$1,660", "2013-06-30": "$821", "2013-03-31": "$1,215", "2012-12-31": "$552", "2012-09-30": "$1,078", "2012-06-30": "$786", "2012-03-31": "$495", "2011-12-31": "$517", "2011-09-30": "$767", "2011-06-30": "$679", "2011-03-31": "$814", "2010-12-31": "$681", "2010-09-30": "$1,033", "2010-06-30": "$-14", "2010-03-31": "$761", "2009-12-31": "$595", "2009-09-30": "$445", "2009-06-30": "$528", "2009-03-31": "$681", "2008-12-31": "$500", "2008-09-30": "$577", "2008-06-30": "$683", "2008-03-31": "$751", "2007-12-31": "$484", "2007-09-30": "$930", "2007-06-30": "$491", "2007-03-31": "$588", "2006-12-31": "$183", "2006-09-30": "$901", "2006-06-30": "$373", "2006-03-31": "$364", "2005-12-31": "$-1,572", "2005-09-30": "$1,533", "2005-06-30": "$778", "2005-03-31": "$717"}}, "ebitda": {"Duke Energy Annual EBITDA (Millions of US $)": {"2019": "$10,885", "2018": "$9,381", "2017": "$9,671", "2016": "$9,082", "2015": "$8,691", "2014": "$8,349", "2013": "$8,083", "2012": "$5,563", "2011": "$4,803", "2010": "$4,455", "2009": "$4,095", "2008": "$4,345", "2007": "$4,381", "2006": "$4,036", "2005": "$3,340"}, "Duke Energy Quarterly EBITDA (Millions of US $)": {"2020-09-30": "$3,244", "2020-06-30": "$2,527", "2020-03-31": "$2,789", "2019-12-31": "$2,454", "2019-09-30": "$3,277", "2019-06-30": "$2,543", "2019-03-31": "$2,611", "2018-12-31": "$2,120", "2018-09-30": "$2,776", "2018-06-30": "$2,140", "2018-03-31": "$2,345", "2017-12-31": "$2,265", "2017-09-30": "$2,698", "2017-06-30": "$2,315", "2017-03-31": "$2,393", "2016-12-31": "$1,782", "2016-09-30": "$2,933", "2016-06-30": "$2,196", "2016-03-31": "$2,171", "2015-12-31": "$1,621", "2015-09-30": "$2,584", "2015-06-30": "$2,147", "2015-03-31": "$2,339", "2014-12-31": "$1,438", "2014-09-30": "$2,512", "2014-06-30": "$2,153", "2014-03-31": "$2,246", "2013-12-31": "$2,022", "2013-09-30": "$2,481", "2013-06-30": "$1,603", "2013-03-31": "$1,977", "2012-12-31": "$1,339", "2012-09-30": "$1,866", "2012-06-30": "$1,319", "2012-03-31": "$1,039", "2011-12-31": "$1,035", "2011-09-30": "$1,284", "2011-06-30": "$1,166", "2011-03-31": "$1,318", "2010-12-31": "$1,194", "2010-09-30": "$1,535", "2010-06-30": "$459", "2010-03-31": "$1,267", "2009-12-31": "$1,046", "2009-09-30": "$923", "2009-06-30": "$982", "2009-03-31": "$1,144", "2008-12-31": "$947", "2008-09-30": "$1,056", "2008-06-30": "$1,139", "2008-03-31": "$1,203", "2007-12-31": "$878", "2007-09-30": "$1,476", "2007-06-30": "$978", "2007-03-31": "$1,049", "2006-12-31": "$746", "2006-09-30": "$1,511", "2006-06-30": "$977", "2006-03-31": "$802", "2005-12-31": "$-1,151", "2005-09-30": "$1,915", "2005-06-30": "$1,309", "2005-03-31": "$1,267"}}, "net-income": {"Duke Energy Annual Net Income (Millions of US $)": {"2019": "$3,707", "2018": "$2,666", "2017": "$3,059", "2016": "$2,152", "2015": "$2,816", "2014": "$1,883", "2013": "$2,665", "2012": "$1,768", "2011": "$1,706", "2010": "$1,320", "2009": "$1,075", "2008": "$1,362", "2007": "$1,500", "2006": "$1,863", "2005": "$1,812"}, "Duke Energy Quarterly Net Income (Millions of US $)": {"2020-09-30": "$1,265", "2020-06-30": "$-817", "2020-03-31": "$899", "2019-12-31": "$660", "2019-09-30": "$1,327", "2019-06-30": "$820", "2019-03-31": "$900", "2018-12-31": "$464", "2018-09-30": "$1,082", "2018-06-30": "$500", "2018-03-31": "$620", "2017-12-31": "$703", "2017-09-30": "$954", "2017-06-30": "$686", "2017-03-31": "$716", "2016-12-31": "$-227", "2016-09-30": "$1,176", "2016-06-30": "$509", "2016-03-31": "$694", "2015-12-31": "$477", "2015-09-30": "$932", "2015-06-30": "$543", "2015-03-31": "$864", "2014-12-31": "$97", "2014-09-30": "$1,274", "2014-06-30": "$609", "2014-03-31": "$-97", "2013-12-31": "$688", "2013-09-30": "$1,004", "2013-06-30": "$339", "2013-03-31": "$634", "2012-12-31": "$435", "2012-09-30": "$594", "2012-06-30": "$444", "2012-03-31": "$295", "2011-12-31": "$288", "2011-09-30": "$472", "2011-06-30": "$435", "2011-03-31": "$511", "2010-12-31": "$427", "2010-09-30": "$670", "2010-06-30": "$-222", "2010-03-31": "$445", "2009-12-31": "$346", "2009-09-30": "$109", "2009-06-30": "$276", "2009-03-31": "$344", "2008-12-31": "$331", "2008-09-30": "$215", "2008-06-30": "$351", "2008-03-31": "$465", "2007-12-31": "$243", "2007-09-30": "$607", "2007-06-30": "$293", "2007-03-31": "$357", "2006-12-31": "$387", "2006-09-30": "$763", "2006-06-30": "$355", "2006-03-31": "$358", "2005-12-31": "$601", "2005-09-30": "$38", "2005-06-30": "$307", "2005-03-31": "$866"}}, "eps-earnings-per-share-diluted": {"Duke Energy Annual EPS": {"2019": "$5.06", "2018": "$3.76", "2017": "$4.36", "2016": "$3.11", "2015": "$4.05", "2014": "$2.66", "2013": "$3.76", "2012": "$3.07", "2011": "$3.83", "2010": "$3.00", "2009": "$2.49", "2008": "$3.21", "2007": "$3.54", "2006": "$4.71", "2005": "$5.64"}, "Duke Energy Quarterly EPS": {"2020-09-30": "$1.74", "2020-06-30": "$-1.13", "2020-03-31": "$1.24", "2019-12-31": "$0.88", "2019-09-30": "$1.82", "2019-06-30": "$1.12", "2019-03-31": "$1.24", "2018-12-31": "$0.66", "2018-09-30": "$1.51", "2018-06-30": "$0.71", "2018-03-31": "$0.88", "2017-12-31": "$1.00", "2017-09-30": "$1.36", "2017-06-30": "$0.98", "2017-03-31": "$1.02", "2016-12-31": "$-0.34", "2016-09-30": "$1.70", "2016-06-30": "$0.74", "2016-03-31": "$1.01", "2015-12-31": "$0.70", "2015-09-30": "$1.35", "2015-06-30": "$0.78", "2015-03-31": "$1.22", "2014-12-31": "$0.14", "2014-09-30": "$1.80", "2014-06-30": "$0.86", "2014-03-31": "$-0.14", "2013-12-31": "$0.97", "2013-09-30": "$1.42", "2013-06-30": "$0.48", "2013-03-31": "$0.89", "2012-12-31": "$0.57", "2012-09-30": "$0.85", "2012-06-30": "$0.99", "2012-03-31": "$0.66", "2011-12-31": "$0.65", "2011-09-30": "$1.06", "2011-06-30": "$0.98", "2011-03-31": "$1.14", "2010-12-31": "$0.96", "2010-09-30": "$1.53", "2010-06-30": "$-0.51", "2010-03-31": "$1.02", "2009-12-31": "$0.78", "2009-09-30": "$0.24", "2009-06-30": "$0.66", "2009-03-31": "$0.81", "2008-12-31": "$0.75", "2008-09-30": "$0.51", "2008-06-30": "$0.84", "2008-03-31": "$1.11", "2007-12-31": "$0.57", "2007-09-30": "$1.44", "2007-06-30": "$0.69", "2007-03-31": "$0.84", "2006-12-31": "$0.96", "2006-09-30": "$1.80", "2006-06-30": "$0.84", "2006-03-31": "$1.11", "2005-12-31": "$1.92", "2005-09-30": "$0.12", "2005-06-30": "$0.96", "2005-03-31": "$2.64"}}, "shares-outstanding": {"Duke Energy Annual Shares Outstanding (Millions of Shares)": {"2019": "729", "2018": "708", "2017": "700", "2016": "691", "2015": "694", "2014": "707", "2013": "706", "2012": "575", "2011": "444", "2010": "440", "2009": "431", "2008": "422", "2007": "422", "2006": "396", "2005": "323"}, "Duke Energy Quarterly Shares Outstanding (Millions of Shares)": {"2020-09-30": "735", "2020-06-30": "735", "2020-03-31": "736", "2019-12-31": "729", "2019-09-30": "729", "2019-06-30": "728", "2019-03-31": "727", "2018-12-31": "708", "2018-09-30": "714", "2018-06-30": "704", "2018-03-31": "701", "2017-12-31": "700", "2017-09-30": "700", "2017-06-30": "700", "2017-03-31": "700", "2016-12-31": "691", "2016-09-30": "691", "2016-06-30": "690", "2016-03-31": "689", "2015-12-31": "694", "2015-09-30": "688", "2015-06-30": "692", "2015-03-31": "708", "2014-12-31": "707", "2014-09-30": "707", "2014-06-30": "707", "2014-03-31": "706", "2013-12-31": "706", "2013-09-30": "706", "2013-06-30": "706", "2013-03-31": "705", "2012-12-31": "575", "2012-09-30": "699", "2012-06-30": "446", "2012-03-31": "446", "2011-12-31": "444", "2011-09-30": "444", "2011-06-30": "444", "2011-03-31": "444", "2010-12-31": "440", "2010-09-30": "441", "2010-06-30": "438", "2010-03-31": "437", "2009-12-31": "431", "2009-09-30": "433", "2009-06-30": "430", "2009-03-31": "428", "2008-12-31": "422", "2008-09-30": "422", "2008-06-30": "422", "2008-03-31": "423", "2007-12-31": "422", "2007-09-30": "422", "2007-06-30": "422", "2007-03-31": "423", "2006-12-31": "396", "2006-09-30": "421", "2006-06-30": "420", "2006-03-31": "321", "2005-12-31": "323", "2005-09-30": "321", "2005-06-30": "321", "2005-03-31": "330"}}, "total-assets": {"Duke Energy Annual Total Assets (Millions of US $)": {"2019": "$158,838", "2018": "$145,392", "2017": "$137,914", "2016": "$132,761", "2015": "$121,156", "2014": "$120,557", "2013": "$114,779", "2012": "$113,856", "2011": "$62,526", "2010": "$59,090", "2009": "$57,040", "2008": "$53,077", "2007": "$49,686", "2006": "$68,700", "2005": "$54,723"}, "Duke Energy Quarterly Total Assets (Millions of US $)": {"2020-09-30": "$161,409", "2020-06-30": "$160,049", "2020-03-31": "$160,072", "2019-12-31": "$158,838", "2019-09-30": "$155,917", "2019-06-30": "$153,449", "2019-03-31": "$151,136", "2018-12-31": "$145,392", "2018-09-30": "$143,165", "2018-06-30": "$140,259", "2018-03-31": "$138,541", "2017-12-31": "$137,914", "2017-09-30": "$136,325", "2017-06-30": "$135,004", "2017-03-31": "$134,108", "2016-12-31": "$132,761", "2016-09-30": "$129,686", "2016-06-30": "$122,654", "2016-03-31": "$121,709", "2015-12-31": "$121,156", "2015-09-30": "$121,033", "2015-06-30": "$118,575", "2015-03-31": "$122,142", "2014-12-31": "$120,557", "2014-09-30": "$119,656", "2014-06-30": "$115,173", "2014-03-31": "$113,792", "2013-12-31": "$114,779", "2013-09-30": "$114,590", "2013-06-30": "$114,100", "2013-03-31": "$113,666", "2012-12-31": "$113,856", "2012-09-30": "$112,008", "2012-06-30": "$63,031", "2012-03-31": "$61,799", "2011-12-31": "$62,526", "2011-09-30": "$60,776", "2011-06-30": "$59,792", "2011-03-31": "$58,986", "2010-12-31": "$59,090", "2010-09-30": "$57,857", "2010-06-30": "$56,400", "2010-03-31": "$57,633", "2009-12-31": "$57,040", "2009-09-30": "$55,774", "2009-06-30": "$54,709", "2009-03-31": "$53,584", "2008-12-31": "$53,077", "2008-09-30": "$52,769", "2008-06-30": "$51,598", "2008-03-31": "$49,647", "2007-12-31": "$49,686", "2007-09-30": "$49,027", "2007-06-30": "$48,448", "2007-03-31": "$48,229", "2006-12-31": "$68,700", "2006-09-30": "$70,282", "2006-06-30": "$70,368", "2006-03-31": "$51,417", "2005-12-31": "$54,723", "2005-09-30": "$53,333", "2005-06-30": "$55,995", "2005-03-31": "$55,908"}}, "cash-on-hand": {"Duke Energy Annual Cash on Hand (Millions of US $)": {"2019": "$311", "2018": "$442", "2017": "$358", "2016": "$392", "2015": "$383", "2014": "$2,036", "2013": "$1,545", "2012": "$1,757", "2011": "$2,300", "2010": "$1,670", "2009": "$1,542", "2008": "$1,037", "2007": "$1,115", "2006": "$2,462", "2005": "$1,143"}, "Duke Energy Quarterly Cash on Hand (Millions of US $)": {"2020-09-30": "$308", "2020-06-30": "$341", "2020-03-31": "$1,450", "2019-12-31": "$311", "2019-09-30": "$379", "2019-06-30": "$336", "2019-03-31": "$377", "2018-12-31": "$442", "2018-09-30": "$303", "2018-06-30": "$304", "2018-03-31": "$421", "2017-12-31": "$358", "2017-09-30": "$282", "2017-06-30": "$298", "2017-03-31": "$878", "2016-12-31": "$392", "2016-09-30": "$6,179", "2016-06-30": "$676", "2016-03-31": "$778", "2015-12-31": "$383", "2015-09-30": "$1,370", "2015-06-30": "$960", "2015-03-31": "$2,821", "2014-12-31": "$2,036", "2014-09-30": "$1,931", "2014-06-30": "$2,008", "2014-03-31": "$1,537", "2013-12-31": "$1,545", "2013-09-30": "$2,284", "2013-06-30": "$1,851", "2013-03-31": "$1,584", "2012-12-31": "$1,757", "2012-09-30": "$2,096", "2012-06-30": "$1,760", "2012-03-31": "$1,309", "2011-12-31": "$2,300", "2011-09-30": "$2,178", "2011-06-30": "$1,371", "2011-03-31": "$1,428", "2010-12-31": "$1,670", "2010-09-30": "$1,808", "2010-06-30": "$1,010", "2010-03-31": "$1,080", "2009-12-31": "$1,542", "2009-09-30": "$1,607", "2009-06-30": "$710", "2009-03-31": "$1,252", "2008-12-31": "$1,037", "2008-09-30": "$2,056", "2008-06-30": "$1,177", "2008-03-31": "$642", "2007-12-31": "$1,115", "2007-09-30": "$1,584", "2007-06-30": "$1,633", "2007-03-31": "$1,826", "2006-12-31": "$2,462", "2006-09-30": "$2,917", "2006-06-30": "$1,006", "2006-03-31": "$817", "2005-12-31": "$1,143", "2005-09-30": "$1,439", "2005-06-30": "$2,049", "2005-03-31": "$2,065"}}, "long-term-debt": {"Duke Energy Annual Long Term Debt (Millions of US $)": {"2019": "$54,985", "2018": "$51,123", "2017": "$49,035", "2016": "$45,576", "2015": "$36,842", "2014": "$37,061", "2013": "$38,152", "2012": "$36,351", "2011": "$18,679", "2010": "$17,935", "2009": "$16,113", "2008": "$13,250", "2007": "$9,498", "2006": "$18,118", "2005": "$14,547"}, "Duke Energy Quarterly Long Term Debt (Millions of US $)": {"2020-09-30": "$56,049", "2020-06-30": "$56,143", "2020-03-31": "$56,311", "2019-12-31": "$54,985", "2019-09-30": "$54,818", "2019-06-30": "$54,342", "2019-03-31": "$53,681", "2018-12-31": "$51,123", "2018-09-30": "$50,507", "2018-06-30": "$49,863", "2018-03-31": "$49,030", "2017-12-31": "$49,035", "2017-09-30": "$48,929", "2017-06-30": "$46,043", "2017-03-31": "$47,021", "2016-12-31": "$45,576", "2016-09-30": "$43,964", "2016-06-30": "$39,931", "2016-03-31": "$38,232", "2015-12-31": "$36,842", "2015-09-30": "$37,667", "2015-06-30": "$36,795", "2015-03-31": "$37,173", "2014-12-31": "$37,061", "2014-09-30": "$38,702", "2014-06-30": "$38,706", "2014-03-31": "$39,000", "2013-12-31": "$38,152", "2013-09-30": "$37,402", "2013-06-30": "$37,359", "2013-03-31": "$36,339", "2012-12-31": "$36,351", "2012-09-30": "$36,109", "2012-06-30": "$18,454", "2012-03-31": "$19,026", "2011-12-31": "$18,679", "2011-09-30": "$17,584", "2011-06-30": "$17,687", "2011-03-31": "$17,226", "2010-12-31": "$17,935", "2010-09-30": "$17,762", "2010-06-30": "$17,219", "2010-03-31": "$16,279", "2009-12-31": "$16,113", "2009-09-30": "$15,406", "2009-06-30": "$14,433", "2009-03-31": "$14,569", "2008-12-31": "$13,250", "2008-09-30": "$12,695", "2008-06-30": "$11,647", "2008-03-31": "$10,083", "2007-12-31": "$9,498", "2007-09-30": "$9,937", "2007-06-30": "$9,965", "2007-03-31": "$9,624", "2006-12-31": "$18,118", "2006-09-30": "$18,678", "2006-06-30": "$18,574", "2006-03-31": "$14,601", "2005-12-31": "$14,547", "2005-09-30": "$15,062", "2005-06-30": "$16,359", "2005-03-31": "$16,934"}}, "total-liabilities": {"Duke Energy Annual Total Liabilities (Millions of US $)": {"2019": "$110,887", "2018": "$101,558", "2017": "$96,177", "2016": "$91,720", "2015": "$81,385", "2014": "$79,658", "2013": "$73,371", "2012": "$72,915", "2011": "$39,661", "2010": "$36,437", "2009": "$35,154", "2008": "$31,926", "2007": "$28,487", "2006": "$42,598", "2005": "$38,284"}, "Duke Energy Quarterly Total Liabilities (Millions of US $)": {"2020-09-30": "$114,114", "2020-06-30": "$113,438", "2020-03-31": "$111,989", "2019-12-31": "$110,887", "2019-09-30": "$108,510", "2019-06-30": "$108,117", "2019-03-31": "$106,091", "2018-12-31": "$101,558", "2018-09-30": "$100,152", "2018-06-30": "$97,744", "2018-03-31": "$96,743", "2017-12-31": "$96,177", "2017-09-30": "$94,683", "2017-06-30": "$93,710", "2017-03-31": "$92,922", "2016-12-31": "$91,720", "2016-09-30": "$89,140", "2016-06-30": "$82,706", "2016-03-31": "$81,768", "2015-12-31": "$81,385", "2015-09-30": "$81,165", "2015-06-30": "$78,958", "2015-03-31": "$81,055", "2014-12-31": "$79,658", "2014-09-30": "$78,203", "2014-06-30": "$74,292", "2014-03-31": "$73,003", "2013-12-31": "$73,371", "2013-09-30": "$73,353", "2013-06-30": "$73,899", "2013-03-31": "$72,636", "2012-12-31": "$72,915", "2012-09-30": "$71,013", "2012-06-30": "$40,515", "2012-03-31": "$38,921", "2011-12-31": "$39,661", "2011-09-30": "$37,877", "2011-06-30": "$37,090", "2011-03-31": "$36,130", "2010-12-31": "$36,437", "2010-09-30": "$35,708", "2010-06-30": "$35,137", "2010-03-31": "$35,585", "2009-12-31": "$35,154", "2009-09-30": "$34,029", "2009-06-30": "$33,349", "2009-03-31": "$32,202", "2008-12-31": "$31,926", "2008-09-30": "$31,439", "2008-06-30": "$30,297", "2008-03-31": "$28,238", "2007-12-31": "$28,487", "2007-09-30": "$27,956", "2007-06-30": "$28,027", "2007-03-31": "$27,595", "2006-12-31": "$42,598", "2006-09-30": "$43,786", "2006-06-30": "$44,698", "2006-03-31": "$34,865", "2005-12-31": "$38,284", "2005-09-30": "$37,285", "2005-06-30": "$39,580", "2005-03-31": "$39,290"}}, "total-share-holder-equity": {"Duke Energy Annual Share Holder Equity (Millions of US $)": {"2019": "$47,951", "2018": "$43,834", "2017": "$41,737", "2016": "$41,041", "2015": "$39,771", "2014": "$40,899", "2013": "$41,408", "2012": "$40,941", "2011": "$22,865", "2010": "$22,653", "2009": "$21,886", "2008": "$21,151", "2007": "$21,199", "2006": "$26,102", "2005": "$16,439"}, "Duke Energy Quarterly Share Holder Equity (Millions of US $)": {"2020-09-30": "$47,295", "2020-06-30": "$46,611", "2020-03-31": "$48,083", "2019-12-31": "$47,951", "2019-09-30": "$47,407", "2019-06-30": "$45,332", "2019-03-31": "$45,045", "2018-12-31": "$43,834", "2018-09-30": "$43,013", "2018-06-30": "$42,515", "2018-03-31": "$41,798", "2017-12-31": "$41,737", "2017-09-30": "$41,642", "2017-06-30": "$41,294", "2017-03-31": "$41,186", "2016-12-31": "$41,041", "2016-09-30": "$40,546", "2016-06-30": "$39,948", "2016-03-31": "$39,941", "2015-12-31": "$39,771", "2015-09-30": "$39,868", "2015-06-30": "$39,617", "2015-03-31": "$41,087", "2014-12-31": "$40,899", "2014-09-30": "$41,453", "2014-06-30": "$40,881", "2014-03-31": "$40,789", "2013-12-31": "$41,408", "2013-09-30": "$41,237", "2013-06-30": "$40,201", "2013-03-31": "$41,030", "2012-12-31": "$40,941", "2012-09-30": "$40,995", "2012-06-30": "$22,516", "2012-03-31": "$22,878", "2011-12-31": "$22,865", "2011-09-30": "$22,899", "2011-06-30": "$22,702", "2011-03-31": "$22,856", "2010-12-31": "$22,653", "2010-09-30": "$22,149", "2010-06-30": "$21,263", "2010-03-31": "$22,048", "2009-12-31": "$21,886", "2009-09-30": "$21,745", "2009-06-30": "$21,360", "2009-03-31": "$21,382", "2008-12-31": "$21,151", "2008-09-30": "$21,330", "2008-06-30": "$21,301", "2008-03-31": "$21,409", "2007-12-31": "$21,199", "2007-09-30": "$21,071", "2007-06-30": "$20,421", "2007-03-31": "$20,634", "2006-12-31": "$26,102", "2006-09-30": "$26,496", "2006-06-30": "$25,670", "2006-03-31": "$16,552", "2005-12-31": "$16,439", "2005-09-30": "$16,048", "2005-06-30": "$16,415", "2005-03-31": "$16,618"}}, "profit-margins": {"current": "8.68%"}, "gross margin": {"2020-09-30": "72.23%", "2020-06-30": "71.92%", "2020-03-31": "71.19%", "2019-12-31": "70.28%", "2019-09-30": "69.85%", "2019-06-30": "69.62%", "2019-03-31": "69.55%", "2018-12-31": "69.30%", "2018-09-30": "69.56%", "2018-06-30": "69.62%", "2018-03-31": "69.70%", "2017-12-31": "70.37%", "2017-09-30": "70.27%", "2017-06-30": "69.93%", "2017-03-31": "69.86%", "2016-12-31": "69.70%", "2016-09-30": "69.70%", "2016-06-30": "68.83%", "2016-03-31": "67.82%", "2015-12-31": "66.49%", "2015-09-30": "65.88%", "2015-06-30": "65.24%", "2015-03-31": "64.95%", "2014-12-31": "64.83%", "2014-09-30": "66.22%", "2014-06-30": "66.59%", "2014-03-31": "65.99%", "2013-12-31": "65.41%", "2013-09-30": "65.06%", "2013-06-30": "63.25%", "2013-03-31": "63.42%", "2012-12-31": "64.00%", "2012-09-30": "62.46%", "2012-06-30": "64.68%", "2012-03-31": "64.59%", "2011-12-31": "64.59%", "2011-09-30": "64.59%", "2011-06-30": "64.73%", "2011-03-31": "65.30%", "2010-12-31": "65.49%", "2010-09-30": "65.06%", "2010-06-30": "65.29%", "2010-03-31": "65.33%", "2009-12-31": "65.09%", "2009-09-30": "64.00%", "2009-06-30": "62.19%", "2009-03-31": "62.01%", "2008-12-31": "61.99%", "2008-09-30": "63.29%", "2008-06-30": "64.40%", "2008-03-31": "64.26%", "2007-12-31": "64.60%", "2007-09-30": "63.69%", "2007-06-30": "63.83%", "2007-03-31": "63.38%", "2006-12-31": "65.01%", "2006-09-30": "349.07%", "2006-06-30": "468.20%", "2006-03-31": "135.12%", "2005-12-31": "77.01%"}, "operating margin": {"2020-09-30": "23.10%", "2020-06-30": "23.36%", "2020-03-31": "23.42%", "2019-12-31": "22.76%", "2019-09-30": "21.80%", "2019-06-30": "20.67%", "2019-03-31": "19.56%", "2018-12-31": "19.11%", "2018-09-30": "20.75%", "2018-06-30": "21.22%", "2018-03-31": "22.86%", "2017-12-31": "23.87%", "2017-09-30": "22.13%", "2017-06-30": "23.29%", "2017-03-31": "23.23%", "2016-12-31": "22.87%", "2016-09-30": "24.02%", "2016-06-30": "22.88%", "2016-03-31": "22.42%", "2015-12-31": "22.70%", "2015-09-30": "22.27%", "2015-06-30": "22.05%", "2015-03-31": "22.12%", "2014-12-31": "21.51%", "2014-09-30": "23.47%", "2014-06-30": "23.83%", "2014-03-31": "21.63%", "2013-12-31": "21.33%", "2013-09-30": "19.33%", "2013-06-30": "16.31%", "2013-03-31": "17.99%", "2012-12-31": "16.25%", "2012-09-30": "16.63%", "2012-06-30": "17.64%", "2012-03-31": "16.96%", "2011-12-31": "19.11%", "2011-09-30": "20.14%", "2011-06-30": "21.98%", "2011-03-31": "17.53%", "2010-12-31": "17.24%", "2010-09-30": "17.04%", "2010-06-30": "13.35%", "2010-03-31": "17.90%", "2009-12-31": "17.67%", "2009-09-30": "16.89%", "2009-06-30": "17.77%", "2009-03-31": "18.52%", "2008-12-31": "19.01%", "2008-09-30": "19.04%", "2008-06-30": "21.44%", "2008-03-31": "20.40%", "2007-12-31": "19.60%", "2007-09-30": "17.54%", "2007-06-30": "17.90%", "2007-03-31": "17.01%", "2006-12-31": "17.17%", "2006-09-30": "6.12%", "2006-06-30": "84.40%", "2006-03-31": "34.49%", "2005-12-31": "21.08%"}, "ebitda margin": {"2020-09-30": "45.52%", "2020-06-30": "45.25%", "2020-03-31": "44.49%", "2019-12-31": "43.40%", "2019-09-30": "42.05%", "2019-06-30": "40.56%", "2019-03-31": "39.30%", "2018-12-31": "38.26%", "2018-09-30": "39.36%", "2018-06-30": "39.27%", "2018-03-31": "40.14%", "2017-12-31": "41.04%", "2017-09-30": "39.36%", "2017-06-30": "40.21%", "2017-03-31": "40.29%", "2016-12-31": "39.93%", "2016-09-30": "41.69%", "2016-06-30": "40.23%", "2016-03-31": "39.31%", "2015-12-31": "38.85%", "2015-09-30": "38.19%", "2015-06-30": "38.01%", "2015-03-31": "37.84%", "2014-12-31": "37.09%", "2014-09-30": "38.62%", "2014-06-30": "38.79%", "2014-03-31": "36.12%", "2013-12-31": "35.52%", "2013-09-30": "33.67%", "2013-06-30": "30.18%", "2013-03-31": "32.22%", "2012-12-31": "31.06%", "2012-09-30": "30.40%", "2012-06-30": "32.17%", "2012-03-31": "31.21%", "2011-12-31": "33.06%", "2011-09-30": "33.97%", "2011-06-30": "35.73%", "2011-03-31": "31.42%", "2010-12-31": "31.21%", "2010-09-30": "30.90%", "2010-06-30": "27.60%", "2010-03-31": "32.41%", "2009-12-31": "32.17%", "2009-09-30": "31.33%", "2009-06-30": "32.09%", "2009-03-31": "32.51%", "2008-12-31": "32.90%", "2008-09-30": "32.63%", "2008-06-30": "35.35%", "2008-03-31": "34.83%", "2007-12-31": "34.44%", "2007-09-30": "34.01%", "2007-06-30": "35.45%", "2007-03-31": "35.63%", "2006-12-31": "38.05%", "2006-09-30": "198.42%", "2006-06-30": "307.50%", "2006-03-31": "89.90%", "2005-12-31": "48.36%"}, "pre tax profit margin": {"2020-09-30": "7.72%", "2020-06-30": "8.35%", "2020-03-31": "16.63%", "2019-12-31": "16.34%", "2019-09-30": "15.23%", "2019-06-30": "14.29%", "2019-03-31": "13.27%", "2018-12-31": "12.53%", "2018-09-30": "14.48%", "2018-06-30": "14.95%", "2018-03-31": "16.72%", "2017-12-31": "18.10%", "2017-09-30": "16.76%", "2017-06-30": "17.52%", "2017-03-31": "17.17%", "2016-12-31": "16.42%", "2016-09-30": "17.26%", "2016-06-30": "16.60%", "2016-03-31": "16.60%", "2015-12-31": "17.48%", "2015-09-30": "16.84%", "2015-06-30": "16.87%", "2015-03-31": "17.09%", "2014-12-31": "16.72%", "2014-09-30": "19.02%", "2014-06-30": "19.25%", "2014-03-31": "16.95%", "2013-12-31": "16.68%", "2013-09-30": "14.43%", "2013-06-30": "11.76%", "2013-03-31": "13.87%", "2012-12-31": "12.47%", "2012-09-30": "13.38%", "2012-06-30": "14.78%", "2012-03-31": "14.62%", "2011-12-31": "16.97%", "2011-09-30": "18.69%", "2011-06-30": "20.70%", "2011-03-31": "15.93%", "2010-12-31": "15.48%", "2010-09-30": "14.57%", "2010-06-30": "10.56%", "2010-03-31": "15.19%", "2009-12-31": "14.38%", "2009-09-30": "13.27%", "2009-06-30": "13.12%", "2009-03-31": "13.12%", "2008-12-31": "14.32%", "2008-09-30": "15.01%", "2008-06-30": "18.80%", "2008-03-31": "18.78%", "2007-12-31": "17.58%", "2007-09-30": "15.89%", "2007-06-30": "15.71%", "2007-03-31": "14.10%", "2006-12-31": "14.42%", "2006-09-30": "-54.73%", "2006-06-30": "3.63%", "2006-03-31": "8.38%", "2005-12-31": "18.36%"}, "net profit margin": {"2020-09-30": "8.30%", "2020-06-30": "8.47%", "2020-03-31": "14.90%", "2019-12-31": "14.78%", "2019-09-30": "13.99%", "2019-06-30": "13.18%", "2019-03-31": "12.00%", "2018-12-31": "10.87%", "2018-09-30": "12.00%", "2018-06-30": "11.54%", "2018-03-31": "12.36%", "2017-12-31": "12.98%", "2017-09-30": "9.12%", "2017-06-30": "10.03%", "2017-03-31": "9.41%", "2016-12-31": "9.46%", "2016-09-30": "13.35%", "2016-06-30": "12.26%", "2016-03-31": "12.20%", "2015-12-31": "12.59%", "2015-09-30": "10.93%", "2015-06-30": "12.52%", "2015-03-31": "12.75%", "2014-12-31": "8.37%", "2014-09-30": "10.70%", "2014-06-30": "9.60%", "2014-03-31": "8.36%", "2013-12-31": "11.71%", "2013-09-30": "10.98%", "2013-06-30": "8.90%", "2013-03-31": "10.44%", "2012-12-31": "9.87%", "2012-09-30": "9.37%", "2012-06-30": "10.31%", "2012-03-31": "10.28%", "2011-12-31": "11.74%", "2011-09-30": "12.63%", "2011-06-30": "14.00%", "2011-03-31": "9.66%", "2010-12-31": "9.25%", "2010-09-30": "8.89%", "2010-06-30": "5.06%", "2010-03-31": "9.04%", "2009-12-31": "8.44%", "2009-09-30": "8.31%", "2009-06-30": "9.06%", "2009-03-31": "9.41%", "2008-12-31": "10.31%", "2008-09-30": "9.72%", "2008-06-30": "12.54%", "2008-03-31": "12.35%", "2007-12-31": "11.79%", "2007-09-30": "13.16%", "2007-06-30": "14.89%", "2007-03-31": "15.49%", "2006-12-31": "17.56%", "2006-09-30": "192.67%", "2006-06-30": "163.48%", "2006-03-31": "40.78%", "2005-12-31": "26.24%"}, "pe ratio": {"current": "18.66", "2021-02-10": "34.32", "2020-09-30": "32.11", "2020-06-30": "27.82", "2020-03-31": "15.46", "2019-12-31": "17.27", "2019-09-30": "18.82", "2019-06-30": "18.32", "2019-03-31": "20.33", "2018-12-31": "21.14", "2018-09-30": "17.74", "2018-06-30": "17.99", "2018-03-31": "16.30", "2017-12-31": "16.93", "2017-09-30": "24.07", "2017-06-30": "21.33", "2017-03-31": "22.31", "2016-12-31": "20.95", "2016-09-30": "16.09", "2016-06-30": "18.65", "2016-03-31": "17.17", "2015-12-31": "14.25", "2015-09-30": "16.43", "2015-06-30": "14.13", "2015-03-31": "14.90", "2014-12-31": "24.26", "2014-09-30": "16.39", "2014-06-30": "18.04", "2014-03-31": "19.52", "2013-12-31": "13.58", "2013-09-30": "14.33", "2013-06-30": "17.20", "2013-03-31": "15.52", "2012-12-31": "16.86", "2012-09-30": "16.66", "2012-06-30": "16.38", "2012-03-31": "14.75", "2011-12-31": "11.61", "2011-09-30": "9.66", "2011-06-30": "8.04", "2011-03-31": "11.33", "2010-12-31": "11.41", "2010-09-30": "11.91", "2010-06-30": "19.55", "2010-03-31": "11.26", "2009-12-31": "12.70", "2009-09-30": "11.45", "2009-06-30": "9.41", "2009-03-31": "8.44", "2008-12-31": "7.90", "2008-09-30": "9.48", "2008-06-30": "7.17", "2008-03-31": "7.56", "2007-12-31": "9.08", "2007-09-30": "7.68", "2007-06-30": "6.80", "2007-03-31": "7.21", "2006-12-31": "6.38"}, "price sales": {"2021-02-11": "2.74", "2020-09-30": "2.63", "2020-06-30": "2.32", "2020-03-31": "2.27", "2019-12-31": "2.51", "2019-09-30": "2.59", "2019-06-30": "2.38", "2019-03-31": "2.40", "2018-12-31": "2.26", "2018-09-30": "2.10", "2018-06-30": "2.05", "2018-03-31": "1.99", "2017-12-31": "2.17", "2017-09-30": "2.16", "2017-06-30": "2.11", "2017-03-31": "2.07", "2016-12-31": "1.96", "2016-09-30": "2.13", "2016-06-30": "2.26", "2016-03-31": "2.07", "2015-12-31": "1.77", "2015-09-30": "1.78", "2015-06-30": "1.75", "2015-03-31": "1.88", "2014-12-31": "2.00", "2014-09-30": "1.73", "2014-06-30": "1.71", "2014-03-31": "1.61", "2013-12-31": "1.57", "2013-09-30": "1.49", "2013-06-30": "1.45", "2013-03-31": "1.56", "2012-12-31": "1.37", "2012-09-30": "1.34", "2012-06-30": "1.45", "2012-03-31": "1.31", "2011-12-31": "1.35", "2011-09-30": "1.20", "2011-06-30": "1.11", "2011-03-31": "1.07", "2010-12-31": "1.04", "2010-09-30": "1.04", "2010-06-30": "0.96", "2010-03-31": "0.99", "2009-12-31": "1.05", "2009-09-30": "0.94", "2009-06-30": "0.84", "2009-03-31": "0.79", "2008-12-31": "0.81", "2008-09-30": "0.93", "2008-06-30": "0.91", "2008-03-31": "0.94", "2007-12-31": "1.07", "2007-09-30": "0.99", "2007-06-30": "0.99", "2007-03-31": "1.09", "2006-12-31": "1.10"}, "price book": {"current": "1.51", "2021-02-10": "1.46", "2020-09-30": "1.36", "2020-06-30": "1.23", "2020-03-31": "1.20", "2019-12-31": "1.34", "2019-09-30": "1.40", "2019-06-30": "1.33", "2019-03-31": "1.35", "2018-12-31": "1.31", "2018-09-30": "1.21", "2018-06-30": "1.19", "2018-03-31": "1.15", "2017-12-31": "1.24", "2017-09-30": "1.23", "2017-06-30": "1.22", "2017-03-31": "1.19", "2016-12-31": "1.11", "2016-09-30": "1.13", "2016-06-30": "1.22", "2016-03-31": "1.13", "2015-12-31": "1.00", "2015-09-30": "0.99", "2015-06-30": "0.97", "2015-03-31": "1.03", "2014-12-31": "1.12", "2014-09-30": "0.98", "2014-06-30": "0.97", "2014-03-31": "0.92", "2013-12-31": "0.87", "2013-09-30": "0.84", "2013-06-30": "0.86", "2013-03-31": "0.89", "2012-12-31": "0.78", "2012-09-30": "0.78", "2012-06-30": "0.95", "2012-03-31": "0.84", "2011-12-31": "0.87", "2011-09-30": "0.78", "2011-06-30": "0.73", "2011-03-31": "0.69", "2010-12-31": "0.67", "2010-09-30": "0.67", "2010-06-30": "0.62", "2010-03-31": "0.60", "2009-12-31": "0.62", "2009-09-30": "0.56", "2009-06-30": "0.52", "2009-03-31": "0.50", "2008-12-31": "0.51", "2008-09-30": "0.58", "2008-06-30": "0.57", "2008-03-31": "0.58", "2007-12-31": "0.65", "2007-09-30": "0.60", "2007-06-30": "0.60", "2007-03-31": "0.65", "2006-12-31": "0.48", "2006-09-30": "0.42", "2006-06-30": "0.42", "2006-03-31": "0.47"}, "price fcf": {"2021-02-10": "", "2020-09-30": "$-1.51", "2020-06-30": "$-3.06", "2020-03-31": "$-3.95", "2019-12-31": "$-4.00", "2019-09-30": "$-4.95", "2019-06-30": "$-4.90", "2019-03-31": "$-3.90", "2018-12-31": "$-3.11", "2018-09-30": "$-2.33", "2018-06-30": "$-1.95", "2018-03-31": "$-1.73", "2017-12-31": "$-2.04", "2017-09-30": "$-3.25", "2017-06-30": "$-2.87", "2017-03-31": "$-2.86", "2016-12-31": "$-1.50", "2016-09-30": "$-0.67", "2016-06-30": "$-0.07", "2016-03-31": "$-0.06", "2015-12-31": "$-0.10", "2015-09-30": "$0.80", "2015-06-30": "$1.18", "2015-03-31": "$1.52", "2014-12-31": "$1.70", "2014-09-30": "$1.60", "2014-06-30": "$1.29", "2014-03-31": "$1.82", "2013-12-31": "$1.21", "2013-09-30": "$0.98", "2013-06-30": "$0.32", "2013-03-31": "$-0.59", "2012-12-31": "$-0.45", "2012-09-30": "$-1.38", "2012-06-30": "$-1.53", "2012-03-31": "$-1.72", "2011-12-31": "$-1.56", "2011-09-30": "$-1.19", "2011-06-30": "$-0.93", "2011-03-31": "$-0.75", "2010-12-31": "$-0.78", "2010-09-30": "$-0.73", "2010-06-30": "$-0.65", "2010-03-31": "$-0.71", "2009-12-31": "$-2.25", "2009-09-30": "$-2.23", "2009-06-30": "$-3.85", "2009-03-31": "$-4.40", "2008-12-31": "$-2.85", "2008-09-30": "$-2.13", "2008-06-30": "$-0.45", "2008-03-31": "$-0.18", "2007-12-31": "$0.20", "2007-09-30": "$0.65", "2007-06-30": "$0.39", "2007-03-31": "$0.64", "2006-12-31": "$0.93"}, "net worth": {"value": "$68.68B"}, "current ratio": {"current": "0.52", "2020-09-30": "0.52", "2020-06-30": "0.55", "2020-03-31": "0.67", "2019-12-31": "0.62", "2019-09-30": "0.72", "2019-06-30": "0.71", "2019-03-31": "0.75", "2018-12-31": "0.65", "2018-09-30": "0.68", "2018-06-30": "0.66", "2018-03-31": "0.64", "2017-12-31": "0.68", "2017-09-30": "0.71", "2017-06-30": "0.62", "2017-03-31": "0.73", "2016-12-31": "0.70", "2016-09-30": "1.12", "2016-06-30": "0.82", "2016-03-31": "0.73", "2015-12-31": "0.73", "2015-09-30": "0.97", "2015-06-30": "1.00", "2015-03-31": "1.04", "2014-12-31": "1.03", "2014-09-30": "1.40", "2014-06-30": "1.32", "2014-03-31": "1.41", "2013-12-31": "1.22", "2013-09-30": "1.13", "2013-06-30": "0.99", "2013-03-31": "0.96", "2012-12-31": "1.01", "2012-09-30": "1.18", "2012-06-30": "1.06", "2012-03-31": "1.38", "2011-12-31": "1.25", "2011-09-30": "1.23", "2011-06-30": "1.29", "2011-03-31": "1.32", "2010-12-31": "1.60", "2010-09-30": "1.65", "2010-06-30": "1.42", "2010-03-31": "1.43", "2009-12-31": "1.41", "2009-09-30": "1.56", "2009-06-30": "1.30", "2009-03-31": "1.51", "2008-12-31": "1.21", "2008-09-30": "1.16", "2008-06-30": "1.07", "2008-03-31": "0.85", "2007-12-31": "0.86", "2007-09-30": "1.13", "2007-06-30": "1.00", "2007-03-31": "1.13", "2006-12-31": "1.07", "2006-09-30": "1.12", "2006-06-30": "0.84", "2006-03-31": "0.85", "2005-12-31": "0.95", "2005-09-30": "1.07", "2005-06-30": "1.02", "2005-03-31": "1.16"}, "quick ratio": {"2020-09-30": "0.33", "2020-06-30": "0.36", "2020-03-31": "0.45", "2019-12-31": "0.40", "2019-09-30": "0.49", "2019-06-30": "0.47", "2019-03-31": "0.49", "2018-12-31": "0.44", "2018-09-30": "0.46", "2018-06-30": "0.41", "2018-03-31": "0.40", "2017-12-31": "0.42", "2017-09-30": "0.41", "2017-06-30": "0.35", "2017-03-31": "0.42", "2016-12-31": "0.39", "2016-09-30": "0.84", "2016-06-30": "0.45", "2016-03-31": "0.39", "2015-12-31": "0.40", "2015-09-30": "0.63", "2015-06-30": "0.64", "2015-03-31": "0.75", "2014-12-31": "0.72", "2014-09-30": "1.02", "2014-06-30": "0.97", "2014-03-31": "1.02", "2013-12-31": "0.84", "2013-09-30": "0.79", "2013-06-30": "0.67", "2013-03-31": "0.65", "2012-12-31": "0.69", "2012-09-30": "0.83", "2012-06-30": "0.77", "2012-03-31": "0.97", "2011-12-31": "0.96", "2011-09-30": "0.95", "2011-06-30": "0.96", "2011-03-31": "1.00", "2010-12-31": "1.26", "2010-09-30": "1.31", "2010-06-30": "1.08", "2010-03-31": "1.08", "2009-12-31": "1.04", "2009-09-30": "1.18", "2009-06-30": "0.97", "2009-03-31": "1.16", "2008-12-31": "0.95", "2008-09-30": "0.93", "2008-06-30": "0.86", "2008-03-31": "0.66", "2007-12-31": "0.69", "2007-09-30": "0.91", "2007-06-30": "0.80", "2007-03-31": "0.92", "2006-12-31": "0.86", "2006-09-30": "0.95", "2006-06-30": "0.70", "2006-03-31": "0.72", "2005-12-31": "0.84", "2005-09-30": "0.96", "2005-06-30": "0.90", "2005-03-31": "1.06"}, "debt equity ratio": {"current": "1.24", "2020-09-30": "2.41", "2020-06-30": "2.43", "2020-03-31": "2.33", "2019-12-31": "2.31", "2019-09-30": "2.29", "2019-06-30": "2.39", "2019-03-31": "2.36", "2018-12-31": "2.32", "2018-09-30": "2.33", "2018-06-30": "2.30", "2018-03-31": "2.32", "2017-12-31": "2.30", "2017-09-30": "2.27", "2017-06-30": "2.27", "2017-03-31": "2.26", "2016-12-31": "2.24", "2016-09-30": "2.20", "2016-06-30": "2.07", "2016-03-31": "2.05", "2015-12-31": "2.05", "2015-09-30": "2.04", "2015-06-30": "1.99", "2015-03-31": "1.97", "2014-12-31": "1.95", "2014-09-30": "1.89", "2014-06-30": "1.82", "2014-03-31": "1.79", "2013-12-31": "1.77", "2013-09-30": "1.78", "2013-06-30": "1.84", "2013-03-31": "1.77", "2012-12-31": "1.78", "2012-09-30": "1.73", "2012-06-30": "1.80", "2012-03-31": "1.70", "2011-12-31": "1.74", "2011-09-30": "1.65", "2011-06-30": "1.63", "2011-03-31": "1.58", "2010-12-31": "1.61", "2010-09-30": "1.61", "2010-06-30": "1.65", "2010-03-31": "1.61", "2009-12-31": "1.61", "2009-09-30": "1.57", "2009-06-30": "1.56", "2009-03-31": "1.51", "2008-12-31": "1.51", "2008-09-30": "1.47", "2008-06-30": "1.42", "2008-03-31": "1.32", "2007-12-31": "1.34", "2007-09-30": "1.33", "2007-06-30": "1.37", "2007-03-31": "1.34", "2006-12-31": "1.63", "2006-09-30": "1.65", "2006-06-30": "1.74", "2006-03-31": "2.11", "2005-12-31": "2.33", "2005-09-30": "2.32", "2005-06-30": "2.41", "2005-03-31": "2.36"}, "return on equity": {"2020-09-30": "4.23%", "2020-06-30": "4.35%", "2020-03-31": "7.85%", "2019-12-31": "7.98%", "2019-09-30": "7.73%", "2019-06-30": "7.37%", "2019-03-31": "6.76%", "2018-12-31": "6.23%", "2018-09-30": "6.87%", "2018-06-30": "6.62%", "2018-03-31": "7.12%", "2017-12-31": "7.38%", "2017-09-30": "5.16%", "2017-06-30": "5.73%", "2017-03-31": "5.34%", "2016-12-31": "5.33%", "2016-09-30": "7.13%", "2016-06-30": "6.55%", "2016-03-31": "6.65%", "2015-12-31": "7.02%", "2015-09-30": "6.03%", "2015-06-30": "6.81%", "2015-03-31": "6.92%", "2014-12-31": "4.59%", "2014-09-30": "6.01%", "2014-06-30": "5.37%", "2014-03-31": "4.73%", "2013-12-31": "6.50%", "2013-09-30": "5.90%", "2013-06-30": "4.91%", "2013-03-31": "5.79%", "2012-12-31": "5.55%", "2012-09-30": "5.93%", "2012-06-30": "6.58%", "2012-03-31": "6.52%", "2011-12-31": "7.47%", "2011-09-30": "8.10%", "2011-06-30": "9.04%", "2011-03-31": "6.23%", "2010-12-31": "5.99%", "2010-09-30": "5.67%", "2010-06-30": "3.12%", "2010-03-31": "5.40%", "2009-12-31": "4.98%", "2009-09-30": "4.95%", "2009-06-30": "5.47%", "2009-03-31": "5.83%", "2008-12-31": "6.40%", "2008-09-30": "5.98%", "2008-06-30": "7.84%", "2008-03-31": "7.65%", "2007-12-31": "7.20%", "2007-09-30": "7.45%", "2007-06-30": "7.69%", "2007-03-31": "7.53%", "2006-12-31": "7.86%", "2006-09-30": "9.76%", "2006-06-30": "7.24%", "2006-03-31": "7.97%", "2005-12-31": "11.06%"}, "return on assets": {"2020-09-30": "1.25%", "2020-06-30": "1.30%", "2020-03-31": "2.36%", "2019-12-31": "2.39%", "2019-09-30": "2.32%", "2019-06-30": "2.20%", "2019-03-31": "2.03%", "2018-12-31": "1.88%", "2018-09-30": "2.08%", "2018-06-30": "2.01%", "2018-03-31": "2.16%", "2017-12-31": "2.25%", "2017-09-30": "1.58%", "2017-06-30": "1.77%", "2017-03-31": "1.67%", "2016-12-31": "1.70%", "2016-09-30": "2.31%", "2016-06-30": "2.15%", "2016-03-31": "2.19%", "2015-12-31": "2.33%", "2015-09-30": "2.02%", "2015-06-30": "2.31%", "2015-03-31": "2.38%", "2014-12-31": "1.61%", "2014-09-30": "2.14%", "2014-06-30": "1.92%", "2014-03-31": "1.69%", "2013-12-31": "2.33%", "2013-09-30": "2.11%", "2013-06-30": "1.77%", "2013-03-31": "2.09%", "2012-12-31": "2.02%", "2012-09-30": "2.17%", "2012-06-30": "2.42%", "2012-03-31": "2.43%", "2011-12-31": "2.82%", "2011-09-30": "3.09%", "2011-06-30": "3.47%", "2011-03-31": "2.39%", "2010-12-31": "2.29%", "2010-09-30": "2.16%", "2010-06-30": "1.20%", "2010-03-31": "2.09%", "2009-12-31": "1.94%", "2009-09-30": "1.95%", "2009-06-30": "2.18%", "2009-03-31": "2.35%", "2008-12-31": "2.63%", "2008-09-30": "2.50%", "2008-06-30": "3.33%", "2008-03-31": "3.27%", "2007-12-31": "3.07%", "2007-09-30": "3.07%", "2007-06-30": "3.06%", "2007-03-31": "2.89%", "2006-12-31": "2.86%", "2006-09-30": "3.37%", "2006-06-30": "2.35%", "2006-03-31": "2.42%", "2005-12-31": "3.30%"}, "return on investments": {"2020-09-30": "5.41%", "2020-06-30": "5.53%", "2020-03-31": "5.69%", "2019-12-31": "5.66%", "2019-09-30": "5.53%", "2019-06-30": "5.29%", "2019-03-31": "5.06%", "2018-12-31": "5.04%", "2018-09-30": "5.47%", "2018-06-30": "5.60%", "2018-03-31": "6.10%", "2017-12-31": "6.30%", "2017-09-30": "5.86%", "2017-06-30": "6.30%", "2017-03-31": "6.33%", "2016-12-31": "6.32%", "2016-09-30": "6.44%", "2016-06-30": "6.25%", "2016-03-31": "6.30%", "2015-12-31": "6.58%", "2015-09-30": "6.40%", "2015-06-30": "6.26%", "2015-03-31": "6.25%", "2014-12-31": "6.10%", "2014-09-30": "6.80%", "2014-06-30": "6.89%", "2014-03-31": "6.34%", "2013-12-31": "6.20%", "2013-09-30": "5.47%", "2013-06-30": "4.74%", "2013-03-31": "5.33%", "2012-12-31": "4.91%", "2012-09-30": "5.71%", "2012-06-30": "6.22%", "2012-03-31": "5.98%", "2011-12-31": "6.84%", "2011-09-30": "7.28%", "2011-06-30": "7.97%", "2011-03-31": "6.32%", "2010-12-31": "6.26%", "2010-09-30": "6.14%", "2010-06-30": "4.70%", "2010-03-31": "6.24%", "2009-12-31": "6.12%", "2009-09-30": "6.01%", "2009-06-30": "6.52%", "2009-03-31": "7.11%", "2008-12-31": "7.56%", "2008-09-30": "7.73%", "2008-06-30": "9.03%", "2008-03-31": "8.60%", "2007-12-31": "8.15%", "2007-09-30": "6.45%", "2007-06-30": "5.77%", "2007-03-31": "4.99%", "2006-12-31": "4.42%", "2006-09-30": "0.17%", "2006-06-30": "2.03%", "2006-03-31": "3.50%", "2005-12-31": "4.54%"}, "return on tangible equity": {"2020-09-30": "7.12%", "2020-06-30": "7.33%", "2020-03-31": "13.29%", "2019-12-31": "13.66%", "2019-09-30": "13.45%", "2019-06-30": "13.06%", "2019-03-31": "12.14%", "2018-12-31": "11.37%", "2018-09-30": "12.69%", "2018-06-30": "12.33%", "2018-03-31": "13.34%", "2017-12-31": "13.87%", "2017-09-30": "9.74%", "2017-06-30": "10.51%", "2017-03-31": "9.54%", "2016-12-31": "9.26%", "2016-09-30": "12.02%", "2016-06-30": "11.06%", "2016-03-31": "11.24%", "2015-12-31": "11.82%", "2015-09-30": "10.13%", "2015-06-30": "11.37%", "2015-03-31": "11.49%", "2014-12-31": "7.63%", "2014-09-30": "9.98%", "2014-06-30": "8.94%", "2014-03-31": "7.93%", "2013-12-31": "10.94%", "2013-09-30": "9.95%", "2013-06-30": "8.27%", "2013-03-31": "9.20%", "2012-12-31": "8.22%", "2012-09-30": "8.10%", "2012-06-30": "8.07%", "2012-03-31": "8.01%", "2011-12-31": "9.19%", "2011-09-30": "9.99%", "2011-06-30": "11.19%", "2011-03-31": "7.75%", "2010-12-31": "7.52%", "2010-09-30": "7.21%", "2010-06-30": "4.00%", "2010-03-31": "7.04%", "2009-12-31": "6.54%", "2009-09-30": "6.57%", "2009-06-30": "7.32%", "2009-03-31": "7.80%", "2008-12-31": "8.55%", "2008-09-30": "7.99%", "2008-06-30": "10.49%", "2008-03-31": "10.29%", "2007-12-31": "9.74%", "2007-09-30": "10.47%", "2007-06-30": "11.17%", "2007-03-31": "11.28%", "2006-12-31": "11.70%", "2006-09-30": "14.02%", "2006-06-30": "9.97%", "2006-03-31": "10.44%", "2005-12-31": "14.60%"}, "dividend yield history": {"last payout": "$3.86", "last yield": "4.14%"}}