{"ticker": "DRE", "price": {"title": "Duke Realty Historical Annual Stock Price Data", "value": 41.38, "historical": {"2021": {"Average Stock Price": "39.5450", "Year Open": "38.4100", "Year High": "41.3800", "Year Low": "38.1600", "Year Close": "41.3800", "Annual % Change": "3.53%"}, "2020": {"Average Stock Price": "36.2918", "Year Open": "34.3700", "Year High": "40.9300", "Year Low": "26.1500", "Year Close": "39.9700", "Annual % Change": "15.29%"}, "2019": {"Average Stock Price": "31.9778", "Year Open": "25.0400", "Year High": "35.4900", "Year Low": "25.0400", "Year Close": "34.6700", "Annual % Change": "33.86%"}, "2018": {"Average Stock Price": "27.4289", "Year Open": "26.8900", "Year High": "29.3900", "Year Low": "24.5200", "Year Close": "25.9000", "Annual % Change": "-4.81%"}, "2017": {"Average Stock Price": "27.7720", "Year Open": "26.6200", "Year High": "30.1400", "Year Low": "24.0400", "Year Close": "27.2100", "Annual % Change": "2.45%"}, "2016": {"Average Stock Price": "24.3358", "Year Open": "20.9100", "Year High": "28.7900", "Year Low": "18.7600", "Year Close": "26.5600", "Annual % Change": "26.36%"}, "2015": {"Average Stock Price": "20.2304", "Year Open": "20.4400", "Year High": "22.5800", "Year Low": "17.6100", "Year Close": "21.0200", "Annual % Change": "4.06%"}, "2014": {"Average Stock Price": "17.6359", "Year Open": "15.0500", "Year High": "20.6300", "Year Low": "14.5300", "Year Close": "20.2000", "Annual % Change": "34.31%"}, "2013": {"Average Stock Price": "16.0309", "Year Open": "14.0400", "Year High": "18.7100", "Year Low": "14.0400", "Year Close": "15.0400", "Annual % Change": "8.44%"}, "2012": {"Average Stock Price": "14.1052", "Year Open": "12.2300", "Year High": "15.7700", "Year Low": "12.0200", "Year Close": "13.8700", "Annual % Change": "15.10%"}, "2011": {"Average Stock Price": "12.8170", "Year Open": "12.7400", "Year High": "15.5100", "Year Low": "9.7000", "Year Close": "12.0500", "Annual % Change": "-3.29%"}, "2010": {"Average Stock Price": "11.9630", "Year Open": "12.1100", "Year High": "14.3200", "Year Low": "10.3700", "Year Close": "12.4600", "Annual % Change": "2.38%"}, "2009": {"Average Stock Price": "9.7340", "Year Open": "10.7600", "Year High": "13.1600", "Year Low": "4.3900", "Year Close": "12.1700", "Annual % Change": "11.04%"}, "2008": {"Average Stock Price": "20.8798", "Year Open": "25.6200", "Year High": "26.9400", "Year Low": "4.1700", "Year Close": "10.9600", "Annual % Change": "-57.98%"}, "2007": {"Average Stock Price": "36.8210", "Year Open": "40.7000", "Year High": "48.2100", "Year Low": "24.7600", "Year Close": "26.0800", "Annual % Change": "-36.23%"}, "2006": {"Average Stock Price": "37.1140", "Year Open": "34.4100", "Year High": "43.9500", "Year Low": "33.3300", "Year Close": "40.9000", "Annual % Change": "22.46%"}, "2005": {"Average Stock Price": "32.2850", "Year Open": "33.6000", "Year High": "34.7200", "Year Low": "29.4000", "Year Close": "33.4000", "Annual % Change": "-2.17%"}, "2004": {"Average Stock Price": "32.5895", "Year Open": "30.9500", "Year High": "35.7700", "Year Low": "28.7600", "Year Close": "34.1400", "Annual % Change": "10.13%"}, "2003": {"Average Stock Price": "28.0224", "Year Open": "25.7000", "Year High": "31.7500", "Year Low": "24.1100", "Year Close": "31.0000", "Annual % Change": "21.81%"}, "2002": {"Average Stock Price": "25.3242", "Year Open": "24.2400", "Year High": "28.9500", "Year Low": "22.4200", "Year Close": "25.4500", "Annual % Change": "4.60%"}, "2001": {"Average Stock Price": "23.9014", "Year Open": "24.9400", "Year High": "25.9700", "Year Low": "22.0000", "Year Close": "24.3300", "Annual % Change": "-1.18%"}, "2000": {"Average Stock Price": "22.0142", "Year Open": "19.0000", "Year High": "25.7500", "Year Low": "17.8800", "Year Close": "24.6200", "Annual % Change": "26.26%"}, "1999": {"Average Stock Price": "21.3039", "Year Open": "23.2500", "Year High": "24.2500", "Year Low": "16.8100", "Year Close": "19.5000", "Annual % Change": "-16.13%"}, "1998": {"Average Stock Price": "23.0225", "Year Open": "24.0600", "Year High": "24.9400", "Year Low": "19.8100", "Year Close": "23.2500", "Annual % Change": "-4.12%"}, "1997": {"Average Stock Price": "20.9388", "Year Open": "19.1250", "Year High": "24.8800", "Year Low": "17.4400", "Year Close": "24.2500", "Annual % Change": "25.97%"}, "1996": {"Average Stock Price": "15.9446", "Year Open": "15.7500", "Year High": "19.2500", "Year Low": "14.3100", "Year Close": "19.2500", "Annual % Change": "22.69%"}, "1995": {"Average Stock Price": "14.1615", "Year Open": "13.4400", "Year High": "15.6900", "Year Low": "12.6900", "Year Close": "15.6900", "Annual % Change": "11.08%"}, "1994": {"Average Stock Price": "12.5479", "Year Open": "11.2500", "Year High": "14.1250", "Year Low": "10.5000", "Year Close": "14.1250", "Annual % Change": "26.97%"}, "1993": {"Average Stock Price": "4.8083", "Year Open": "1.8750", "Year High": "13.0000", "Year Low": "1.8750", "Year Close": "11.1250", "Annual % Change": "493.33%"}, "1992": {"Average Stock Price": "1.9249", "Year Open": "1.6250", "Year High": "2.1850", "Year Low": "1.6250", "Year Close": "1.8750", "Annual % Change": "15.38%"}, "1991": {"Average Stock Price": "1.6538", "Year Open": "1.3750", "Year High": "2.0000", "Year Low": "1.3750", "Year Close": "1.6250", "Annual % Change": "13.24%"}, "1990": {"Average Stock Price": "2.1547", "Year Open": "2.4350", "Year High": "2.6850", "Year Low": "1.1850", "Year Close": "1.4350", "Annual % Change": "-39.58%"}, "1989": {"Average Stock Price": "2.7021", "Year Open": "2.8100", "Year High": "3.0600", "Year Low": "2.2500", "Year Close": "2.3750", "Annual % Change": "-15.48%"}, "1988": {"Average Stock Price": "1.3718", "Year Open": "0.4050", "Year High": "3.1250", "Year Low": "0.3750", "Year Close": "2.8100", "Annual % Change": "649.33%"}}}, "market cap": {"value": "$15.39B"}, "income statement": {"Revenue": {"2020-12-31": "993.19800", "2019-12-31": "973.75900", "2018-12-31": "947.87000", "2017-12-31": "780.93400", "2016-12-31": "730.51100", "2015-12-31": "792.17600", "2014-12-31": "1046.85100", "2013-12-31": "968.76000", "2012-12-31": "1045.07900", "2011-12-31": "1208.03800", "2010-12-31": "1184.90400", "2009-12-31": "1083.96400", "2008-12-31": "1237.41500", "2007-12-31": "1122.09500", "2006-12-31": "895.42100", "2005-12-31": "713.55200"}, "Cost Of Goods Sold": {"2020-12-31": "283.91000", "2019-12-31": "316.67000", "2018-12-31": "350.61400", "2017-12-31": "261.34500", "2016-12-31": "253.72800", "2015-12-31": "308.29700", "2014-12-31": "451.32200", "2013-12-31": "416.31700", "2012-12-31": "498.57000", "2011-12-31": "705.86300", "2010-12-31": "710.33700", "2009-12-31": "641.94800", "2008-12-31": "693.98800", "2007-12-31": "557.67900", "2006-12-31": "258.53000", "2005-12-31": "211.67100"}, "Gross Profit": {"2020-12-31": "709.28800", "2019-12-31": "657.08900", "2018-12-31": "597.25600", "2017-12-31": "519.58900", "2016-12-31": "476.78300", "2015-12-31": "483.87900", "2014-12-31": "595.52890", "2013-12-31": "552.44300", "2012-12-31": "546.50900", "2011-12-31": "502.17490", "2010-12-31": "474.56710", "2009-12-31": "442.01600", "2008-12-31": "543.42700", "2007-12-31": "564.41600", "2006-12-31": "636.89100", "2005-12-31": "501.88100"}, "Research And Development Expenses": {"2020-12-31": "", "2019-12-31": "", "2018-12-31": "", "2017-12-31": "", "2016-12-31": "", "2015-12-31": "", "2014-12-31": "", "2013-12-31": "", "2012-12-31": "", "2011-12-31": "", "2010-12-31": "", "2009-12-31": "", "2008-12-31": "", "2007-12-31": "", "2006-12-31": "", "2005-12-31": ""}, "SG&A Expenses": {"2020-12-31": "62.40400", "2019-12-31": "60.88900", "2018-12-31": "56.21800", "2017-12-31": "54.94400", "2016-12-31": "55.38900", "2015-12-31": "58.56500", "2014-12-31": "49.36200", "2013-12-31": "42.67300", "2012-12-31": "46.42400", "2011-12-31": "43.10700", "2010-12-31": "41.32900", "2009-12-31": "47.93700", "2008-12-31": "39.50800", "2007-12-31": "37.72700", "2006-12-31": "35.81100", "2005-12-31": "30.96200"}, "Other Operating Income Or Expenses": {"2020-12-31": "123.97500", "2019-12-31": "255.78400", "2018-12-31": "231.53500", "2017-12-31": "197.53700", "2016-12-31": "254.47500", "2015-12-31": "232.57300", "2014-12-31": "211.17600", "2013-12-31": "110.92100", "2012-12-31": "-4.44400", "2011-12-31": "50.01200", "2010-12-31": "27.37400", "2009-12-31": "-264.19000", "2008-12-31": "48.85800", "2007-12-31": "85.90100", "2006-12-31": "-203.67900", "2005-12-31": "-143.71000"}, "Operating Expenses": {"2020-12-31": "575.35200", "2019-12-31": "448.99800", "2018-12-31": "487.51400", "2017-12-31": "392.31300", "2016-12-31": "297.19900", "2015-12-31": "380.05300", "2014-12-31": "635.78310", "2013-12-31": "701.52500", "2012-12-31": "897.70610", "2011-12-31": "1004.02800", "2010-12-31": "1000.33700", "2009-12-31": "1199.53100", "2008-12-31": "977.65720", "2007-12-31": "779.18990", "2006-12-31": "734.86600", "2005-12-31": "589.42400"}, "Operating Income": {"2020-12-31": "417.84600", "2019-12-31": "524.76100", "2018-12-31": "460.35600", "2017-12-31": "388.62100", "2016-12-31": "433.31200", "2015-12-31": "412.12300", "2014-12-31": "411.06790", "2013-12-31": "267.23500", "2012-12-31": "147.37290", "2011-12-31": "204.00990", "2010-12-31": "184.56710", "2009-12-31": "-115.56700", "2008-12-31": "259.75790", "2007-12-31": "342.90500", "2006-12-31": "160.55510", "2005-12-31": "124.12810"}, "Total Non-Operating Income/Expense": {"2020-12-31": "-120.30900", "2019-12-31": "-83.87600", "2018-12-31": "-68.16000", "2017-12-31": "-98.38600", "2016-12-31": "-135.48000", "2015-12-31": "-227.80300", "2014-12-31": "-196.32200", "2013-12-31": "-212.81300", "2012-12-31": "-233.09500", "2011-12-31": "-207.30000", "2010-12-31": "-146.40200", "2009-12-31": "-130.73800", "2008-12-31": "-180.59600", "2007-12-31": "-172.21000", "2006-12-31": "0.34800", "2005-12-31": "18.83800"}, "Pre-Tax Income": {"2020-12-31": "297.53700", "2019-12-31": "440.88500", "2018-12-31": "392.19600", "2017-12-31": "290.23500", "2016-12-31": "297.83200", "2015-12-31": "184.32000", "2014-12-31": "214.74600", "2013-12-31": "54.42200", "2012-12-31": "-85.72200", "2011-12-31": "-3.29000", "2010-12-31": "38.16500", "2009-12-31": "-246.30500", "2008-12-31": "79.16200", "2007-12-31": "170.69500", "2006-12-31": "160.90310", "2005-12-31": "142.96600"}, "Income Taxes": {"2020-12-31": "-5.11200", "2019-12-31": "8.68600", "2018-12-31": "8.82800", "2017-12-31": "-0.35700", "2016-12-31": "-0.58900", "2015-12-31": "-3.92800", "2014-12-31": "-0.84400", "2013-12-31": "-5.08000", "2012-12-31": "-0.10300", "2011-12-31": "-0.19400", "2010-12-31": "-1.12600", "2009-12-31": "-6.07000", "2008-12-31": "-7.00500", "2007-12-31": "6.26000", "2006-12-31": "", "2005-12-31": ""}, "Income After Taxes": {"2020-12-31": "302.64900", "2019-12-31": "432.19900", "2018-12-31": "383.36800", "2017-12-31": "290.59200", "2016-12-31": "298.42100", "2015-12-31": "188.24800", "2014-12-31": "215.59000", "2013-12-31": "59.50200", "2012-12-31": "-85.61900", "2011-12-31": "-3.09600", "2010-12-31": "39.29100", "2009-12-31": "-240.23500", "2008-12-31": "86.16700", "2007-12-31": "164.43500", "2006-12-31": "160.90310", "2005-12-31": "142.96600"}, "Other Income": {"2020-12-31": "", "2019-12-31": "", "2018-12-31": "", "2017-12-31": "", "2016-12-31": "", "2015-12-31": "", "2014-12-31": "", "2013-12-31": "", "2012-12-31": "", "2011-12-31": "", "2010-12-31": "", "2009-12-31": "", "2008-12-31": "", "2007-12-31": "", "2006-12-31": "", "2005-12-31": ""}, "Income From Continuous Operations": {"2020-12-31": "302.64900", "2019-12-31": "432.19900", "2018-12-31": "383.36800", "2017-12-31": "290.59200", "2016-12-31": "298.42100", "2015-12-31": "188.24800", "2014-12-31": "215.59000", "2013-12-31": "59.50200", "2012-12-31": "-85.61900", "2011-12-31": "-3.09600", "2010-12-31": "39.29100", "2009-12-31": "-240.23500", "2008-12-31": "86.16700", "2007-12-31": "164.43500", "2006-12-31": "151.36000", "2005-12-31": "132.81500"}, "Income From Discontinued Operations": {"2020-12-31": "0.11100", "2019-12-31": "0.44500", "2018-12-31": "3.90000", "2017-12-31": "1363.74900", "2016-12-31": "16.85700", "2015-12-31": "433.61300", "2014-12-31": "30.86500", "2013-12-31": "137.04700", "2012-12-31": "9.75100", "2011-12-31": "99.40500", "2010-12-31": "25.97100", "2009-12-31": "-31.25500", "2008-12-31": "24.24100", "2007-12-31": "126.62400", "2006-12-31": "52.78700", "2005-12-31": "222.84700"}, "Net Income": {"2020-12-31": "299.91500", "2019-12-31": "428.97200", "2018-12-31": "383.72900", "2017-12-31": "1634.43100", "2016-12-31": "312.14300", "2015-12-31": "615.31000", "2014-12-31": "204.89300", "2013-12-31": "153.04400", "2012-12-31": "-126.14500", "2011-12-31": "31.41600", "2010-12-31": "-14.10800", "2009-12-31": "-333.60100", "2008-12-31": "50.40800", "2007-12-31": "211.94200", "2006-12-31": "145.09500", "2005-12-31": "309.18300"}, "EBITDA": {"2020-12-31": "417.84600", "2019-12-31": "858.52000", "2018-12-31": "778.43990", "2017-12-31": "693.49500", "2016-12-31": "756.45700", "2015-12-31": "739.96600", "2014-12-31": "805.47080", "2013-12-31": "689.25310", "2012-12-31": "540.11290", "2011-12-31": "604.21890", "2010-12-31": "558.64820", "2009-12-31": "238.23800", "2008-12-31": "588.34990", "2007-12-31": "631.80800", "2006-12-31": "423.44000", "2005-12-31": "384.45210"}, "EBIT": {"2020-12-31": "417.84600", "2019-12-31": "524.76100", "2018-12-31": "460.35600", "2017-12-31": "388.62100", "2016-12-31": "433.31200", "2015-12-31": "412.12300", "2014-12-31": "411.06790", "2013-12-31": "267.23500", "2012-12-31": "147.37290", "2011-12-31": "204.00990", "2010-12-31": "184.56710", "2009-12-31": "-115.56700", "2008-12-31": "259.75790", "2007-12-31": "342.90500", "2006-12-31": "160.55510", "2005-12-31": "124.12810"}, "Basic Shares Outstanding": {"2020-12-31": "370.05700", "2019-12-31": "362.23400", "2018-12-31": "357.56900", "2017-12-31": "355.76200", "2016-12-31": "349.94200", "2015-12-31": "345.05700", "2014-12-31": "335.77700", "2013-12-31": "322.13300", "2012-12-31": "267.90000", "2011-12-31": "252.69400", "2010-12-31": "238.92000", "2009-12-31": "201.20600", "2008-12-31": "146.91500", "2007-12-31": "139.25500", "2006-12-31": "134.88300", "2005-12-31": "141.50800"}, "Shares Outstanding": {"2020-12-31": "375.59600", "2019-12-31": "367.33900", "2018-12-31": "363.29700", "2017-12-31": "362.01100", "2016-12-31": "357.07600", "2015-12-31": "352.19700", "2014-12-31": "340.44600", "2013-12-31": "326.71200", "2012-12-31": "267.90000", "2011-12-31": "259.59800", "2010-12-31": "238.92000", "2009-12-31": "201.20600", "2008-12-31": "154.55300", "2007-12-31": "149.25000", "2006-12-31": "149.39300", "2005-12-31": "155.87700"}, "Basic EPS": {"2020-12-31": "0.81000", "2019-12-31": "1.18000", "2018-12-31": "1.07000", "2017-12-31": "4.58000", "2016-12-31": "0.89000", "2015-12-31": "1.77000", "2014-12-31": "0.60000", "2013-12-31": "0.47000", "2012-12-31": "-0.48000", "2011-12-31": "0.11000", "2010-12-31": "-0.07000", "2009-12-31": "-1.67000", "2008-12-31": "0.33000", "2007-12-31": "1.51000", "2006-12-31": "1.08000", "2005-12-31": "2.19000"}, "EPS - Earnings Per Share": {"2020-12-31": "0.80000", "2019-12-31": "1.18000", "2018-12-31": "1.07000", "2017-12-31": "4.56000", "2016-12-31": "0.88000", "2015-12-31": "1.77000", "2014-12-31": "0.60000", "2013-12-31": "0.47000", "2012-12-31": "-0.48000", "2011-12-31": "0.11000", "2010-12-31": "-0.07000", "2009-12-31": "-1.67000", "2008-12-31": "0.33000", "2007-12-31": "1.51000", "2006-12-31": "1.07000", "2005-12-31": "2.17000"}}, "income statement, quarterly": {"Revenue": {"2020-12-31": "266.29000", "2020-09-30": "262.02800", "2020-06-30": "238.51100", "2020-03-31": "226.36900", "2019-12-31": "230.47500", "2019-09-30": "241.32900", "2019-06-30": "237.02600", "2019-03-31": "264.92900", "2018-12-31": "270.85700", "2018-09-30": "231.89800", "2018-06-30": "210.55800", "2018-03-31": "234.55700", "2017-12-31": "215.61900", "2017-09-30": "194.82800", "2017-06-30": "189.41200", "2017-03-31": "181.07500", "2016-12-31": "139.93000", "2016-09-30": "181.67300", "2016-06-30": "183.95400", "2016-03-31": "224.95400", "2015-12-31": "64.30700", "2015-09-30": "234.53700", "2015-06-30": "225.89700", "2015-03-31": "267.43500", "2014-12-31": "246.28690", "2014-09-30": "261.80600", "2014-06-30": "274.29200", "2014-03-31": "264.46600", "2013-12-31": "160.91400", "2013-09-30": "284.46200", "2013-06-30": "266.10100", "2013-03-31": "257.28300", "2012-12-31": "225.34000", "2012-09-30": "293.25800", "2012-06-30": "260.82000", "2012-03-31": "265.66100", "2011-12-31": "242.84490", "2011-09-30": "312.28900", "2011-06-30": "315.37100", "2011-03-31": "337.53300", "2010-12-31": "124.70900", "2010-09-30": "360.65000", "2010-06-30": "373.98600", "2010-03-31": "325.55900", "2009-12-31": "93.35700", "2009-09-30": "319.96200", "2009-06-30": "348.27200", "2009-03-31": "322.37300", "2008-12-31": "396.43510", "2008-09-30": "308.58000", "2008-06-30": "305.86100", "2008-03-31": "226.53900", "2007-12-31": "447.73600", "2007-09-30": "227.11400", "2007-06-30": "222.71900", "2007-03-31": "224.52600", "2006-12-31": "269.55510", "2006-09-30": "218.53400", "2006-06-30": "204.99000", "2006-03-31": "202.34200", "2005-12-31": "130.81800", "2005-09-30": "196.74900", "2005-06-30": "198.40800", "2005-03-31": "187.57700"}, "Cost Of Goods Sold": {"2020-12-31": "75.18400", "2020-09-30": "81.86200", "2020-06-30": "64.72600", "2020-03-31": "62.13800", "2019-12-31": "63.27600", "2019-09-30": "74.53700", "2019-06-30": "73.16100", "2019-03-31": "105.69600", "2018-12-31": "113.80700", "2018-09-30": "82.51300", "2018-06-30": "62.82600", "2018-03-31": "91.46800", "2017-12-31": "78.73100", "2017-09-30": "68.46000", "2017-06-30": "63.78200", "2017-03-31": "50.37200", "2016-12-31": "49.64300", "2016-09-30": "60.11600", "2016-06-30": "64.14400", "2016-03-31": "79.82500", "2015-12-31": "27.25900", "2015-09-30": "87.53300", "2015-06-30": "79.57900", "2015-03-31": "113.92600", "2014-12-31": "96.21900", "2014-09-30": "111.85800", "2014-06-30": "124.73000", "2014-03-31": "118.51500", "2013-12-31": "67.89900", "2013-09-30": "129.98400", "2013-06-30": "112.19200", "2013-03-31": "106.24200", "2012-12-31": "100.59500", "2012-09-30": "152.20900", "2012-06-30": "118.23800", "2012-03-31": "127.52800", "2011-12-31": "138.19400", "2011-09-30": "182.00700", "2011-06-30": "181.82800", "2011-03-31": "203.83400", "2010-12-31": "84.82800", "2010-09-30": "204.94000", "2010-06-30": "233.55200", "2010-03-31": "187.01700", "2009-12-31": "84.80600", "2009-09-30": "174.47300", "2009-06-30": "201.21500", "2009-03-31": "181.45400", "2008-12-31": "296.21700", "2008-09-30": "169.95000", "2008-06-30": "151.97100", "2008-03-31": "75.85000", "2007-12-31": "57.84100", "2007-09-30": "71.18800", "2007-06-30": "66.62200", "2007-03-31": "74.09200", "2006-12-31": "66.27300", "2006-09-30": "63.31400", "2006-06-30": "63.07700", "2006-03-31": "65.86600", "2005-12-31": "35.18100", "2005-09-30": "62.18600", "2005-06-30": "56.73100", "2005-03-31": "57.57300"}, "Gross Profit": {"2020-12-31": "191.10600", "2020-09-30": "180.16600", "2020-06-30": "173.78500", "2020-03-31": "164.23100", "2019-12-31": "167.19900", "2019-09-30": "166.79200", "2019-06-30": "163.86500", "2019-03-31": "159.23300", "2018-12-31": "157.05000", "2018-09-30": "149.38500", "2018-06-30": "147.73200", "2018-03-31": "143.08900", "2017-12-31": "136.88800", "2017-09-30": "126.36800", "2017-06-30": "125.63000", "2017-03-31": "130.70300", "2016-12-31": "90.28700", "2016-09-30": "121.55700", "2016-06-30": "119.81000", "2016-03-31": "145.12900", "2015-12-31": "37.04800", "2015-09-30": "147.00400", "2015-06-30": "146.31800", "2015-03-31": "153.50900", "2014-12-31": "150.06790", "2014-09-30": "149.94800", "2014-06-30": "149.56200", "2014-03-31": "145.95100", "2013-12-31": "93.01500", "2013-09-30": "154.47800", "2013-06-30": "153.90900", "2013-03-31": "151.04100", "2012-12-31": "124.74500", "2012-09-30": "141.04900", "2012-06-30": "142.58200", "2012-03-31": "138.13300", "2011-12-31": "104.65090", "2011-09-30": "130.28200", "2011-06-30": "133.54300", "2011-03-31": "133.69900", "2010-12-31": "39.88110", "2010-09-30": "155.71000", "2010-06-30": "140.43400", "2010-03-31": "138.54200", "2009-12-31": "8.55100", "2009-09-30": "145.48900", "2009-06-30": "147.05700", "2009-03-31": "140.91900", "2008-12-31": "100.21810", "2008-09-30": "138.63000", "2008-06-30": "153.89000", "2008-03-31": "150.68900", "2007-12-31": "389.89500", "2007-09-30": "155.92600", "2007-06-30": "156.09700", "2007-03-31": "150.43400", "2006-12-31": "203.28200", "2006-09-30": "155.22000", "2006-06-30": "141.91300", "2006-03-31": "136.47600", "2005-12-31": "95.63700", "2005-09-30": "134.56300", "2005-06-30": "141.67700", "2005-03-31": "130.00400"}, "Research And Development Expenses": {"2020-12-31": "", "2020-09-30": "", "2020-06-30": "", "2020-03-31": "", "2019-12-31": "", "2019-09-30": "", "2019-06-30": "", "2019-03-31": "", "2018-12-31": "", "2018-09-30": "", "2018-06-30": "", "2018-03-31": "", "2017-12-31": "", "2017-09-30": "", "2017-06-30": "", "2017-03-31": "", "2016-12-31": "", "2016-09-30": "", "2016-06-30": "", "2016-03-31": "", "2015-12-31": "", "2015-09-30": "", "2015-06-30": "", "2015-03-31": "", "2014-12-31": "", "2014-09-30": "", "2014-06-30": "", "2014-03-31": "", "2013-12-31": "", "2013-09-30": "", "2013-06-30": "", "2013-03-31": "", "2012-12-31": "", "2012-09-30": "", "2012-06-30": "", "2012-03-31": "", "2011-12-31": "", "2011-09-30": "", "2011-06-30": "", "2011-03-31": "", "2010-12-31": "", "2010-09-30": "", "2010-06-30": "", "2010-03-31": "", "2009-12-31": "", "2009-09-30": "", "2009-06-30": "", "2009-03-31": "", "2008-12-31": "", "2008-09-30": "", "2008-06-30": "", "2008-03-31": "", "2007-12-31": "", "2007-09-30": "", "2007-06-30": "", "2007-03-31": "", "2006-12-31": "", "2006-09-30": "", "2006-06-30": "", "2006-03-31": "", "2005-12-31": "", "2005-09-30": "", "2005-06-30": "", "2005-03-31": ""}, "SG&A Expenses": {"2020-12-31": "15.59600", "2020-09-30": "11.43900", "2020-06-30": "13.60600", "2020-03-31": "21.76300", "2019-12-31": "11.76600", "2019-09-30": "13.72000", "2019-06-30": "13.42000", "2019-03-31": "21.98300", "2018-12-31": "12.77700", "2018-09-30": "8.95900", "2018-06-30": "13.45900", "2018-03-31": "21.02300", "2017-12-31": "13.77900", "2017-09-30": "10.07500", "2017-06-30": "11.85800", "2017-03-31": "19.23200", "2016-12-31": "13.17300", "2016-09-30": "12.53400", "2016-06-30": "11.58400", "2016-03-31": "18.09800", "2015-12-31": "10.98300", "2015-09-30": "11.34000", "2015-06-30": "19.23800", "2015-03-31": "17.00400", "2014-12-31": "13.73000", "2014-09-30": "10.57300", "2014-06-30": "10.36500", "2014-03-31": "14.69400", "2013-12-31": "9.44800", "2013-09-30": "10.37300", "2013-06-30": "9.70700", "2013-03-31": "13.14500", "2012-12-31": "14.05700", "2012-09-30": "8.93400", "2012-06-30": "11.59400", "2012-03-31": "11.83900", "2011-12-31": "13.87600", "2011-09-30": "9.49300", "2011-06-30": "8.54100", "2011-03-31": "11.19700", "2010-12-31": "10.15800", "2010-09-30": "8.47600", "2010-06-30": "9.15100", "2010-03-31": "13.54400", "2009-12-31": "13.22400", "2009-09-30": "11.23300", "2009-06-30": "13.60000", "2009-03-31": "9.88000", "2008-12-31": "2.64000", "2008-09-30": "10.44800", "2008-06-30": "14.25700", "2008-03-31": "12.16300", "2007-12-31": "9.80300", "2007-09-30": "3.85600", "2007-06-30": "10.60800", "2007-03-31": "13.46000", "2006-12-31": "8.16000", "2006-09-30": "6.76000", "2006-06-30": "6.95300", "2006-03-31": "13.93800", "2005-12-31": "9.64800", "2005-09-30": "5.80300", "2005-06-30": "7.03500", "2005-03-31": "8.47600"}, "Other Operating Income Or Expenses": {"2020-12-31": "107.23400", "2020-09-30": "11.50700", "2020-06-30": "2.88600", "2020-03-31": "2.34800", "2019-12-31": "43.78700", "2019-09-30": "179.25400", "2019-06-30": "31.72000", "2019-03-31": "1.02300", "2018-12-31": "17.95400", "2018-09-30": "8.25600", "2018-06-30": "150.47200", "2018-03-31": "54.85300", "2017-12-31": "23.92600", "2017-09-30": "25.06600", "2017-06-30": "106.84200", "2017-03-31": "41.70300", "2016-12-31": "38.64300", "2016-09-30": "94.05500", "2016-06-30": "91.85200", "2016-03-31": "29.92500", "2015-12-31": "2.51800", "2015-09-30": "63.93700", "2015-06-30": "132.52000", "2015-03-31": "33.59800", "2014-12-31": "3.25200", "2014-09-30": "61.29100", "2014-06-30": "130.52300", "2014-03-31": "16.11000", "2013-12-31": "66.77000", "2013-09-30": "1.18300", "2013-06-30": "-4.31200", "2013-03-31": "47.28000", "2012-12-31": "-1.54800", "2012-09-30": "0.41300", "2012-06-30": "-1.97800", "2012-03-31": "-1.33100", "2011-12-31": "-15.59700", "2011-09-30": "-0.65200", "2011-06-30": "-0.27400", "2011-03-31": "66.53500", "2010-12-31": "30.92000", "2010-09-30": "-4.34400", "2010-06-30": "-3.67200", "2010-03-31": "4.47000", "2009-12-31": "28.11000", "2009-09-30": "-275.13200", "2009-06-30": "-17.34900", "2009-03-31": "0.18100", "2008-12-31": "19.24400", "2008-09-30": "20.85100", "2008-06-30": "11.13000", "2008-03-31": "-2.36700", "2007-12-31": "245.51300", "2007-09-30": "-56.88700", "2007-06-30": "-50.52100", "2007-03-31": "-52.20400", "2006-12-31": "-53.92800", "2006-09-30": "-58.74800", "2006-06-30": "-48.43400", "2006-03-31": "-42.56900", "2005-12-31": "-24.06900", "2005-09-30": "-40.54800", "2005-06-30": "-40.33600", "2005-03-31": "-38.75700"}, "Operating Expenses": {"2020-12-31": "75.90000", "2020-09-30": "170.39000", "2020-06-30": "162.15000", "2020-03-31": "166.91200", "2019-12-31": "115.55800", "2019-09-30": "-7.07300", "2019-06-30": "137.86500", "2019-03-31": "202.64800", "2018-12-31": "188.63100", "2018-09-30": "162.07100", "2018-06-30": "1.64500", "2018-03-31": "135.16700", "2017-12-31": "145.11700", "2017-09-30": "121.46100", "2017-06-30": "35.81100", "2017-03-31": "89.92400", "2016-12-31": "65.97600", "2016-09-30": "40.41500", "2016-06-30": "45.01200", "2016-03-31": "145.79600", "2015-12-31": "41.35310", "2015-09-30": "114.83400", "2015-06-30": "44.63100", "2015-03-31": "179.23500", "2014-12-31": "190.40210", "2014-09-30": "146.91200", "2014-06-30": "93.07200", "2014-03-31": "205.39700", "2013-12-31": "74.52690", "2013-09-30": "240.36500", "2013-06-30": "221.53300", "2013-03-31": "165.10000", "2012-12-31": "197.50910", "2012-09-30": "250.93200", "2012-06-30": "220.47700", "2012-03-31": "228.78800", "2011-12-31": "230.49600", "2011-09-30": "273.22000", "2011-06-30": "273.99400", "2011-03-31": "226.31800", "2010-12-31": "86.09090", "2010-09-30": "312.24700", "2010-06-30": "325.33100", "2010-03-31": "276.66800", "2009-12-31": "65.65100", "2009-09-30": "546.71800", "2009-06-30": "317.02300", "2009-03-31": "270.13900", "2008-12-31": "347.17120", "2008-09-30": "233.77600", "2008-06-30": "230.62300", "2008-03-31": "166.08700", "2007-12-31": "174.79990", "2007-09-30": "203.36900", "2007-06-30": "194.89000", "2007-03-31": "206.13100", "2006-12-31": "188.73990", "2006-09-30": "188.25400", "2006-06-30": "177.86900", "2006-03-31": "180.00300", "2005-12-31": "106.62790", "2005-09-30": "168.03100", "2005-06-30": "156.85100", "2005-03-31": "157.91400"}, "Operating Income": {"2020-12-31": "190.39000", "2020-09-30": "91.63800", "2020-06-30": "76.36100", "2020-03-31": "59.45700", "2019-12-31": "114.91700", "2019-09-30": "248.40200", "2019-06-30": "99.16100", "2019-03-31": "62.28100", "2018-12-31": "82.22600", "2018-09-30": "69.82700", "2018-06-30": "208.91300", "2018-03-31": "99.39000", "2017-12-31": "70.50200", "2017-09-30": "73.36700", "2017-06-30": "153.60100", "2017-03-31": "91.15100", "2016-12-31": "73.95400", "2016-09-30": "141.25800", "2016-06-30": "138.94200", "2016-03-31": "79.15800", "2015-12-31": "22.95400", "2015-09-30": "119.70300", "2015-06-30": "181.26600", "2015-03-31": "88.20000", "2014-12-31": "55.88480", "2014-09-30": "114.89400", "2014-06-30": "181.22000", "2014-03-31": "59.06900", "2013-12-31": "86.38700", "2013-09-30": "44.09700", "2013-06-30": "44.56800", "2013-03-31": "92.18300", "2012-12-31": "27.83090", "2012-09-30": "42.32600", "2012-06-30": "40.34300", "2012-03-31": "36.87300", "2011-12-31": "12.34900", "2011-09-30": "39.06900", "2011-06-30": "41.37700", "2011-03-31": "111.21500", "2010-12-31": "38.61810", "2010-09-30": "48.40300", "2010-06-30": "48.65500", "2010-03-31": "48.89100", "2009-12-31": "27.70600", "2009-09-30": "-226.75600", "2009-06-30": "31.24900", "2009-03-31": "52.23400", "2008-12-31": "49.26400", "2008-09-30": "74.80400", "2008-06-30": "75.23800", "2008-03-31": "60.45200", "2007-12-31": "272.93600", "2007-09-30": "23.74500", "2007-06-30": "27.82900", "2007-03-31": "18.39500", "2006-12-31": "80.81510", "2006-09-30": "30.28000", "2006-06-30": "27.12100", "2006-03-31": "22.33900", "2005-12-31": "24.19000", "2005-09-30": "28.71800", "2005-06-30": "41.55700", "2005-03-31": "29.66300"}, "Total Non-Operating Income/Expense": {"2020-12-31": "-23.97200", "2020-09-30": "-20.11800", "2020-06-30": "-36.31400", "2020-03-31": "-39.90500", "2019-12-31": "-25.25300", "2019-09-30": "-20.51900", "2019-06-30": "-20.97600", "2019-03-31": "-17.12800", "2018-12-31": "-19.10200", "2018-09-30": "-17.42200", "2018-06-30": "-16.09900", "2018-03-31": "-15.53700", "2017-12-31": "-14.80200", "2017-09-30": "-30.99900", "2017-06-30": "-28.98100", "2017-03-31": "-23.60400", "2016-12-31": "-35.79800", "2016-09-30": "-33.02600", "2016-06-30": "-31.44600", "2016-03-31": "-35.21000", "2015-12-31": "-7.07600", "2015-09-30": "-45.86800", "2015-06-30": "-125.55900", "2015-03-31": "-49.30000", "2014-12-31": "-48.11800", "2014-09-30": "-47.17500", "2014-06-30": "-52.10500", "2014-03-31": "-48.92400", "2013-12-31": "-40.70800", "2013-09-30": "-57.19900", "2013-06-30": "-58.52100", "2013-03-31": "-56.38500", "2012-12-31": "-53.66900", "2012-09-30": "-59.61600", "2012-06-30": "-60.07700", "2012-03-31": "-59.73300", "2011-12-31": "-45.85200", "2011-09-30": "-54.69800", "2011-06-30": "-54.12400", "2011-03-31": "-52.62600", "2010-12-31": "-12.42300", "2010-09-30": "-3.99600", "2010-06-30": "-73.61300", "2010-03-31": "-56.37000", "2009-12-31": "6.56500", "2009-09-30": "-69.01500", "2009-06-30": "-50.46200", "2009-03-31": "-17.82600", "2008-12-31": "-35.80600", "2008-09-30": "-49.86600", "2008-06-30": "-48.38200", "2008-03-31": "-46.54200", "2007-12-31": "-202.42000", "2007-09-30": "8.55400", "2007-06-30": "5.25600", "2007-03-31": "16.40000", "2006-12-31": "-13.39100", "2006-09-30": "7.36300", "2006-06-30": "2.50600", "2006-03-31": "3.87000", "2005-12-31": "9.38300", "2005-09-30": "3.88800", "2005-06-30": "4.18300", "2005-03-31": "1.38400"}, "Pre-Tax Income": {"2020-12-31": "166.41800", "2020-09-30": "71.52000", "2020-06-30": "40.04700", "2020-03-31": "19.55200", "2019-12-31": "89.66400", "2019-09-30": "227.88300", "2019-06-30": "78.18500", "2019-03-31": "45.15300", "2018-12-31": "63.12400", "2018-09-30": "52.40500", "2018-06-30": "192.81400", "2018-03-31": "83.85300", "2017-12-31": "55.70000", "2017-09-30": "42.36800", "2017-06-30": "124.62000", "2017-03-31": "67.54700", "2016-12-31": "38.15600", "2016-09-30": "108.23200", "2016-06-30": "107.49600", "2016-03-31": "43.94800", "2015-12-31": "15.87800", "2015-09-30": "73.83500", "2015-06-30": "55.70700", "2015-03-31": "38.90000", "2014-12-31": "7.76700", "2014-09-30": "67.71900", "2014-06-30": "129.11500", "2014-03-31": "10.14500", "2013-12-31": "45.67900", "2013-09-30": "-13.10200", "2013-06-30": "-13.95300", "2013-03-31": "35.79800", "2012-12-31": "-25.83800", "2012-09-30": "-17.29000", "2012-06-30": "-19.73400", "2012-03-31": "-22.86000", "2011-12-31": "-33.50300", "2011-09-30": "-15.62900", "2011-06-30": "-12.74700", "2011-03-31": "58.58900", "2010-12-31": "26.19500", "2010-09-30": "44.40700", "2010-06-30": "-24.95800", "2010-03-31": "-7.47900", "2009-12-31": "34.27100", "2009-09-30": "-295.77100", "2009-06-30": "-19.21300", "2009-03-31": "34.40800", "2008-12-31": "13.45800", "2008-09-30": "24.93800", "2008-06-30": "26.85600", "2008-03-31": "13.91000", "2007-12-31": "70.51600", "2007-09-30": "32.29900", "2007-06-30": "33.08500", "2007-03-31": "34.79500", "2006-12-31": "67.42410", "2006-09-30": "37.64300", "2006-06-30": "29.62700", "2006-03-31": "26.20900", "2005-12-31": "33.57300", "2005-09-30": "32.60600", "2005-06-30": "45.74000", "2005-03-31": "31.04700"}, "Income Taxes": {"2020-12-31": "-3.94600", "2020-09-30": "-0.95600", "2020-06-30": "-0.15000", "2020-03-31": "-0.06000", "2019-12-31": "2.22100", "2019-09-30": "-0.53600", "2019-06-30": "6.61600", "2019-03-31": "0.38500", "2018-12-31": "-0.66700", "2018-09-30": "-0.89700", "2018-06-30": "0.06300", "2018-03-31": "10.32900", "2017-12-31": "-8.27400", "2017-09-30": "0.35900", "2017-06-30": "5.42600", "2017-03-31": "2.13200", "2016-12-31": "-0.41600", "2016-09-30": "-0.35900", "2016-06-30": "-0.15700", "2016-03-31": "0.34300", "2015-12-31": "0.18100", "2015-09-30": "-3.30500", "2015-06-30": "-2.28800", "2015-03-31": "1.48400", "2014-12-31": "-3.44000", "2014-09-30": "-0.44200", "2014-06-30": "0.36400", "2014-03-31": "2.67400", "2013-12-31": "-0.58000", "2013-09-30": "-4.50000", "2013-06-30": "0.00000", "2013-03-31": "0.00000", "2012-12-31": "", "2012-09-30": "-0.10300", "2012-06-30": "", "2012-03-31": "", "2011-12-31": "", "2011-09-30": "-0.19400", "2011-06-30": "", "2011-03-31": "", "2010-12-31": "", "2010-09-30": "-1.12600", "2010-06-30": "", "2010-03-31": "", "2009-12-31": "-8.12300", "2009-09-30": "7.94700", "2009-06-30": "-3.18700", "2009-03-31": "-2.70700", "2008-12-31": "-2.76600", "2008-09-30": "-4.23900", "2008-06-30": "", "2008-03-31": "", "2007-12-31": "", "2007-09-30": "", "2007-06-30": "", "2007-03-31": "", "2006-12-31": "", "2006-09-30": "", "2006-06-30": "", "2006-03-31": "", "2005-12-31": "", "2005-09-30": "", "2005-06-30": "", "2005-03-31": ""}, "Income After Taxes": {"2020-12-31": "170.36400", "2020-09-30": "72.47600", "2020-06-30": "40.19700", "2020-03-31": "19.61200", "2019-12-31": "87.44300", "2019-09-30": "228.41900", "2019-06-30": "71.56900", "2019-03-31": "44.76800", "2018-12-31": "63.79100", "2018-09-30": "53.30200", "2018-06-30": "192.75100", "2018-03-31": "73.52400", "2017-12-31": "63.97400", "2017-09-30": "42.00900", "2017-06-30": "119.19400", "2017-03-31": "65.41500", "2016-12-31": "38.57200", "2016-09-30": "108.59100", "2016-06-30": "107.65300", "2016-03-31": "43.60500", "2015-12-31": "15.69700", "2015-09-30": "77.14000", "2015-06-30": "57.99500", "2015-03-31": "37.41600", "2014-12-31": "11.20700", "2014-09-30": "68.16100", "2014-06-30": "128.75100", "2014-03-31": "7.47100", "2013-12-31": "46.25900", "2013-09-30": "-8.60200", "2013-06-30": "-13.95300", "2013-03-31": "35.79800", "2012-12-31": "-25.83800", "2012-09-30": "-17.18700", "2012-06-30": "-19.73400", "2012-03-31": "-22.86000", "2011-12-31": "-33.50300", "2011-09-30": "-15.43500", "2011-06-30": "-12.74700", "2011-03-31": "58.58900", "2010-12-31": "26.19500", "2010-09-30": "45.53300", "2010-06-30": "-24.95800", "2010-03-31": "-7.47900", "2009-12-31": "42.39400", "2009-09-30": "-303.71800", "2009-06-30": "-16.02600", "2009-03-31": "37.11500", "2008-12-31": "16.22400", "2008-09-30": "29.17700", "2008-06-30": "26.85600", "2008-03-31": "13.91000", "2007-12-31": "64.25600", "2007-09-30": "32.29900", "2007-06-30": "33.08500", "2007-03-31": "34.79500", "2006-12-31": "67.42410", "2006-09-30": "37.64300", "2006-06-30": "29.62700", "2006-03-31": "26.20900", "2005-12-31": "33.57300", "2005-09-30": "32.60600", "2005-06-30": "45.74000", "2005-03-31": "31.04700"}, "Other Income": {"2020-12-31": "", "2020-09-30": "", "2020-06-30": "", "2020-03-31": "", "2019-12-31": "", "2019-09-30": "", "2019-06-30": "", "2019-03-31": "", "2018-12-31": "", "2018-09-30": "", "2018-06-30": "", "2018-03-31": "", "2017-12-31": "", "2017-09-30": "", "2017-06-30": "", "2017-03-31": "", "2016-12-31": "", "2016-09-30": "", "2016-06-30": "", "2016-03-31": "", "2015-12-31": "", "2015-09-30": "", "2015-06-30": "", "2015-03-31": "", "2014-12-31": "", "2014-09-30": "", "2014-06-30": "", "2014-03-31": "", "2013-12-31": "", "2013-09-30": "", "2013-06-30": "", "2013-03-31": "", "2012-12-31": "", "2012-09-30": "", "2012-06-30": "", "2012-03-31": "", "2011-12-31": "", "2011-09-30": "", "2011-06-30": "", "2011-03-31": "", "2010-12-31": "", "2010-09-30": "", "2010-06-30": "", "2010-03-31": "", "2009-12-31": "", "2009-09-30": "", "2009-06-30": "", "2009-03-31": "", "2008-12-31": "", "2008-09-30": "", "2008-06-30": "", "2008-03-31": "", "2007-12-31": "", "2007-09-30": "", "2007-06-30": "", "2007-03-31": "", "2006-12-31": "", "2006-09-30": "", "2006-06-30": "", "2006-03-31": "", "2005-12-31": "", "2005-09-30": "", "2005-06-30": "", "2005-03-31": ""}, "Income From Continuous Operations": {"2020-12-31": "170.36400", "2020-09-30": "72.47600", "2020-06-30": "40.19700", "2020-03-31": "19.61200", "2019-12-31": "87.44300", "2019-09-30": "228.41900", "2019-06-30": "71.56900", "2019-03-31": "44.76800", "2018-12-31": "63.79100", "2018-09-30": "53.30200", "2018-06-30": "192.75100", "2018-03-31": "73.52400", "2017-12-31": "63.97400", "2017-09-30": "42.00900", "2017-06-30": "119.19400", "2017-03-31": "65.41500", "2016-12-31": "38.57200", "2016-09-30": "108.59100", "2016-06-30": "107.65300", "2016-03-31": "43.60500", "2015-12-31": "15.69700", "2015-09-30": "77.14000", "2015-06-30": "57.99500", "2015-03-31": "37.41600", "2014-12-31": "11.20700", "2014-09-30": "68.16100", "2014-06-30": "128.75100", "2014-03-31": "7.47100", "2013-12-31": "46.25900", "2013-09-30": "-8.60200", "2013-06-30": "-13.95300", "2013-03-31": "35.79800", "2012-12-31": "-25.83800", "2012-09-30": "-17.18700", "2012-06-30": "-19.73400", "2012-03-31": "-22.86000", "2011-12-31": "-33.50300", "2011-09-30": "-15.43500", "2011-06-30": "-12.74700", "2011-03-31": "58.58900", "2010-12-31": "26.19500", "2010-09-30": "45.53300", "2010-06-30": "-24.95800", "2010-03-31": "-7.47900", "2009-12-31": "42.39400", "2009-09-30": "-303.71800", "2009-06-30": "-16.02600", "2009-03-31": "37.11500", "2008-12-31": "16.22400", "2008-09-30": "29.17700", "2008-06-30": "26.85600", "2008-03-31": "13.91000", "2007-12-31": "67.95100", "2007-09-30": "31.12500", "2007-06-30": "31.89500", "2007-03-31": "33.46400", "2006-12-31": "63.04500", "2006-09-30": "35.39100", "2006-06-30": "27.89900", "2006-03-31": "25.02500", "2005-12-31": "31.77800", "2005-09-30": "29.31300", "2005-06-30": "42.61800", "2005-03-31": "29.10600"}, "Income From Discontinued Operations": {"2020-12-31": "", "2020-09-30": "0.04000", "2020-06-30": "0.02300", "2020-03-31": "0.04800", "2019-12-31": "0.07900", "2019-09-30": "0.11200", "2019-06-30": "0.09900", "2019-03-31": "0.15500", "2018-12-31": "0.63500", "2018-09-30": "0.22100", "2018-06-30": "2.92000", "2018-03-31": "0.12400", "2017-12-31": "126.19200", "2017-09-30": "123.61800", "2017-06-30": "1108.57300", "2017-03-31": "5.36600", "2016-12-31": "9.60800", "2016-09-30": "4.56800", "2016-06-30": "2.53000", "2016-03-31": "0.15100", "2015-12-31": "8.82200", "2015-09-30": "0.06800", "2015-06-30": "396.17000", "2015-03-31": "28.55300", "2014-12-31": "1.59300", "2014-09-30": "3.39600", "2014-06-30": "7.77600", "2014-03-31": "18.10000", "2013-12-31": "34.99800", "2013-09-30": "9.93900", "2013-06-30": "83.78500", "2013-03-31": "8.32500", "2012-12-31": "3.35700", "2012-09-30": "-0.36200", "2012-06-30": "2.00600", "2012-03-31": "4.75000", "2011-12-31": "93.75000", "2011-09-30": "0.56600", "2011-06-30": "-1.11100", "2011-03-31": "6.20000", "2010-12-31": "-0.37600", "2010-09-30": "11.90200", "2010-06-30": "4.31800", "2010-03-31": "10.12700", "2009-12-31": "-27.22200", "2009-09-30": "-10.43300", "2009-06-30": "0.92800", "2009-03-31": "5.47200", "2008-12-31": "9.28900", "2008-09-30": "1.76500", "2008-06-30": "9.37200", "2008-03-31": "3.81500", "2007-12-31": "18.40300", "2007-09-30": "37.48900", "2007-06-30": "20.40700", "2007-03-31": "50.32500", "2006-12-31": "2.37700", "2006-09-30": "41.56900", "2006-06-30": "7.07300", "2006-03-31": "1.76800", "2005-12-31": "9.89700", "2005-09-30": "195.65400", "2005-06-30": "9.30100", "2005-03-31": "7.99500"}, "Net Income": {"2020-12-31": "168.81600", "2020-09-30": "71.82300", "2020-06-30": "39.82000", "2020-03-31": "19.45600", "2019-12-31": "86.80200", "2019-09-30": "226.56600", "2019-06-30": "71.05300", "2019-03-31": "44.55100", "2018-12-31": "63.89600", "2018-09-30": "53.02500", "2018-06-30": "193.84500", "2018-03-31": "72.96300", "2017-12-31": "188.41900", "2017-09-30": "165.26900", "2017-06-30": "1210.54300", "2017-03-31": "70.20000", "2016-12-31": "47.75500", "2016-09-30": "112.01400", "2016-06-30": "109.06700", "2016-03-31": "43.30700", "2015-12-31": "24.25200", "2015-09-30": "76.43400", "2015-06-30": "449.38000", "2015-03-31": "65.24400", "2014-12-31": "-3.01100", "2014-09-30": "61.53300", "2014-06-30": "127.68800", "2014-03-31": "18.68300", "2013-12-31": "69.57400", "2013-09-30": "-6.06700", "2013-06-30": "61.49400", "2013-03-31": "28.04300", "2012-12-31": "-33.04300", "2012-09-30": "-28.23000", "2012-06-30": "-28.48200", "2012-03-31": "-36.39000", "2011-12-31": "44.96500", "2011-09-30": "-32.07600", "2011-06-30": "-29.04200", "2011-03-31": "47.56900", "2010-12-31": "9.48300", "2010-09-30": "34.06400", "2010-06-30": "-42.39100", "2010-03-31": "-15.26400", "2009-12-31": "-1.56000", "2009-09-30": "-322.88200", "2009-06-30": "-32.40600", "2009-03-31": "23.24700", "2008-12-31": "20.12800", "2008-09-30": "11.49000", "2008-06-30": "16.25700", "2008-03-31": "2.53300", "2007-12-31": "52.91600", "2007-09-30": "53.38700", "2007-06-30": "37.07600", "2007-03-31": "68.56300", "2006-12-31": "50.19600", "2006-09-30": "61.73400", "2006-06-30": "21.71700", "2006-03-31": "11.44800", "2005-12-31": "30.05500", "2005-09-30": "213.34800", "2005-06-30": "40.29900", "2005-03-31": "25.48100"}, "EBITDA": {"2020-12-31": "", "2020-09-30": "182.57100", "2020-06-30": "165.32300", "2020-03-31": "147.03500", "2019-12-31": "201.15000", "2019-09-30": "333.81100", "2019-06-30": "183.72400", "2019-03-31": "139.83500", "2018-12-31": "163.79100", "2018-09-30": "150.14500", "2018-06-30": "286.16700", "2018-03-31": "178.33700", "2017-12-31": "-73.58800", "2017-09-30": "142.77300", "2017-06-30": "228.28500", "2017-03-31": "174.02400", "2016-12-31": "154.45400", "2016-09-30": "223.33600", "2016-06-30": "220.39300", "2016-03-31": "158.27400", "2015-12-31": "101.60200", "2015-09-30": "201.30900", "2015-06-30": "261.30500", "2015-03-31": "175.75000", "2014-12-31": "151.95980", "2014-09-30": "212.27500", "2014-06-30": "281.40400", "2014-03-31": "159.83200", "2013-12-31": "195.01500", "2013-09-30": "151.58100", "2013-06-30": "147.18700", "2013-03-31": "195.47000", "2012-12-31": "130.35490", "2012-09-30": "140.81700", "2012-06-30": "136.56600", "2012-03-31": "132.37500", "2011-12-31": "109.05900", "2011-09-30": "140.12300", "2011-06-30": "145.19700", "2011-03-31": "209.84000", "2010-12-31": "138.12120", "2010-09-30": "149.71600", "2010-06-30": "134.12600", "2010-03-31": "136.68500", "2009-12-31": "116.70400", "2009-09-30": "-135.72100", "2009-06-30": "121.40600", "2009-03-31": "135.84900", "2008-12-31": "136.76590", "2008-09-30": "153.54200", "2008-06-30": "155.07000", "2008-03-31": "142.97200", "2007-12-31": "345.09910", "2007-09-30": "98.89900", "2007-06-30": "98.81100", "2007-03-31": "88.99900", "2006-12-31": "147.49510", "2006-09-30": "96.91800", "2006-06-30": "94.39900", "2006-03-31": "84.62800", "2005-12-31": "84.85400", "2005-09-30": "97.94100", "2005-06-30": "107.22400", "2005-03-31": "94.43300"}, "EBIT": {"2020-12-31": "190.39000", "2020-09-30": "91.63800", "2020-06-30": "76.36100", "2020-03-31": "59.45700", "2019-12-31": "114.91700", "2019-09-30": "248.40200", "2019-06-30": "99.16100", "2019-03-31": "62.28100", "2018-12-31": "82.22600", "2018-09-30": "69.82700", "2018-06-30": "208.91300", "2018-03-31": "99.39000", "2017-12-31": "70.50200", "2017-09-30": "73.36700", "2017-06-30": "153.60100", "2017-03-31": "91.15100", "2016-12-31": "73.95400", "2016-09-30": "141.25800", "2016-06-30": "138.94200", "2016-03-31": "79.15800", "2015-12-31": "22.95400", "2015-09-30": "119.70300", "2015-06-30": "181.26600", "2015-03-31": "88.20000", "2014-12-31": "55.88490", "2014-09-30": "114.89400", "2014-06-30": "181.22000", "2014-03-31": "59.06900", "2013-12-31": "86.38710", "2013-09-30": "44.09700", "2013-06-30": "44.56800", "2013-03-31": "92.18300", "2012-12-31": "27.83090", "2012-09-30": "42.32600", "2012-06-30": "40.34300", "2012-03-31": "36.87300", "2011-12-31": "12.34900", "2011-09-30": "39.06900", "2011-06-30": "41.37700", "2011-03-31": "111.21500", "2010-12-31": "38.61820", "2010-09-30": "48.40300", "2010-06-30": "48.65500", "2010-03-31": "48.89100", "2009-12-31": "27.70600", "2009-09-30": "-226.75600", "2009-06-30": "31.24900", "2009-03-31": "52.23400", "2008-12-31": "49.26390", "2008-09-30": "74.80400", "2008-06-30": "75.23800", "2008-03-31": "60.45200", "2007-12-31": "272.93600", "2007-09-30": "23.74500", "2007-06-30": "27.82900", "2007-03-31": "18.39500", "2006-12-31": "80.81510", "2006-09-30": "30.28000", "2006-06-30": "27.12100", "2006-03-31": "22.33900", "2005-12-31": "24.19010", "2005-09-30": "28.71800", "2005-06-30": "41.55700", "2005-03-31": "29.66300"}, "Basic Shares Outstanding": {"2020-12-31": "372.08700", "2020-09-30": "371.08200", "2020-06-30": "368.83600", "2020-03-31": "368.19000", "2019-12-31": "362.23400", "2019-09-30": "362.41600", "2019-06-30": "359.68100", "2019-03-31": "359.13900", "2018-12-31": "357.56900", "2018-09-30": "357.89800", "2018-06-30": "357.05400", "2018-03-31": "356.74000", "2017-12-31": "355.76200", "2017-09-30": "355.90500", "2017-06-30": "355.64700", "2017-03-31": "355.28200", "2016-12-31": "349.94200", "2016-09-30": "351.85600", "2016-06-30": "347.46400", "2016-03-31": "345.66500", "2015-12-31": "345.05700", "2015-09-30": "345.25600", "2015-06-30": "345.09800", "2015-03-31": "344.59700", "2014-12-31": "335.77700", "2014-09-30": "341.16500", "2014-06-30": "331.75300", "2014-03-31": "327.10600", "2013-12-31": "322.13300", "2013-09-30": "324.89500", "2013-06-30": "322.48900", "2013-03-31": "314.93600", "2012-12-31": "267.90000", "2012-09-30": "270.28900", "2012-06-30": "266.74800", "2012-03-31": "258.36500", "2011-12-31": "252.69400", "2011-09-30": "252.80200", "2011-06-30": "252.64000", "2011-03-31": "252.40600", "2010-12-31": "238.92000", "2010-09-30": "251.86600", "2010-06-30": "227.08200", "2010-03-31": "224.15300", "2009-12-31": "201.20600", "2009-09-30": "223.95200", "2009-06-30": "207.29000", "2009-03-31": "148.48800", "2008-12-31": "146.91500", "2008-09-30": "146.96600", "2008-06-30": "146.74100", "2008-03-31": "146.33100", "2007-12-31": "139.25500", "2007-09-30": "137.57600", "2007-06-30": "136.92100", "2007-03-31": "136.82300", "2006-12-31": "134.88300", "2006-09-30": "135.11700", "2006-06-30": "134.96900", "2006-03-31": "134.78100", "2005-12-31": "141.50800", "2005-09-30": "142.66300", "2005-06-30": "143.48000", "2005-03-31": "143.08900"}, "Shares Outstanding": {"2020-12-31": "378.13700", "2020-09-30": "374.83400", "2020-06-30": "372.57300", "2020-03-31": "371.87000", "2019-12-31": "367.33900", "2019-09-30": "367.27100", "2019-06-30": "362.92600", "2019-03-31": "362.36200", "2018-12-31": "363.29700", "2018-09-30": "361.41000", "2018-06-30": "362.74100", "2018-03-31": "360.40000", "2017-12-31": "362.01100", "2017-09-30": "362.10200", "2017-06-30": "361.98100", "2017-03-31": "360.70000", "2016-12-31": "357.07600", "2016-09-30": "358.98100", "2016-06-30": "354.43300", "2016-03-31": "349.67400", "2015-12-31": "352.19700", "2015-09-30": "352.15000", "2015-06-30": "349.16100", "2015-03-31": "348.65300", "2014-12-31": "340.44600", "2014-09-30": "345.82600", "2014-06-30": "336.41400", "2014-03-31": "331.71600", "2013-12-31": "326.71200", "2013-09-30": "324.89500", "2013-06-30": "327.09800", "2013-03-31": "319.57100", "2012-12-31": "267.90000", "2012-09-30": "270.28900", "2012-06-30": "266.74800", "2012-03-31": "258.36500", "2011-12-31": "259.59800", "2011-09-30": "252.80200", "2011-06-30": "252.64000", "2011-03-31": "258.83700", "2010-12-31": "238.92000", "2010-09-30": "257.38300", "2010-06-30": "227.08200", "2010-03-31": "224.15300", "2009-12-31": "201.20600", "2009-09-30": "223.95200", "2009-06-30": "207.29000", "2009-03-31": "155.74700", "2008-12-31": "154.55300", "2008-09-30": "154.83600", "2008-06-30": "154.62400", "2008-03-31": "154.59600", "2007-12-31": "149.25000", "2007-09-30": "147.65100", "2007-06-30": "148.12900", "2007-03-31": "149.46500", "2006-12-31": "149.39300", "2006-09-30": "150.94700", "2006-06-30": "149.36400", "2006-03-31": "149.26500", "2005-12-31": "155.87700", "2005-09-30": "158.46800", "2005-06-30": "157.69600", "2005-03-31": "157.72000"}, "Basic EPS": {"2020-12-31": "0.45000", "2020-09-30": "0.19000", "2020-06-30": "0.11000", "2020-03-31": "0.05000", "2019-12-31": "0.24000", "2019-09-30": "0.62000", "2019-06-30": "0.20000", "2019-03-31": "0.12000", "2018-12-31": "0.18000", "2018-09-30": "0.15000", "2018-06-30": "0.54000", "2018-03-31": "0.20000", "2017-12-31": "0.52000", "2017-09-30": "0.46000", "2017-06-30": "3.40000", "2017-03-31": "0.20000", "2016-12-31": "0.14000", "2016-09-30": "0.32000", "2016-06-30": "0.31000", "2016-03-31": "0.12000", "2015-12-31": "0.06000", "2015-09-30": "0.22000", "2015-06-30": "1.30000", "2015-03-31": "0.19000", "2014-12-31": "-0.02000", "2014-09-30": "0.18000", "2014-06-30": "0.38000", "2014-03-31": "0.06000", "2013-12-31": "0.21000", "2013-09-30": "-0.02000", "2013-06-30": "0.19000", "2013-03-31": "0.09000", "2012-12-31": "-0.12000", "2012-09-30": "-0.11000", "2012-06-30": "-0.11000", "2012-03-31": "-0.14000", "2011-12-31": "0.17000", "2011-09-30": "-0.13000", "2011-06-30": "-0.12000", "2011-03-31": "0.19000", "2010-12-31": "0.06000", "2010-09-30": "0.13000", "2010-06-30": "-0.19000", "2010-03-31": "-0.07000", "2009-12-31": "-0.22000", "2009-09-30": "-1.44000", "2009-06-30": "-0.16000", "2009-03-31": "0.15000", "2008-12-31": "0.12000", "2008-09-30": "0.08000", "2008-06-30": "0.11000", "2008-03-31": "0.02000", "2007-12-31": "0.35000", "2007-09-30": "0.39000", "2007-06-30": "0.27000", "2007-03-31": "0.50000", "2006-12-31": "0.38000", "2006-09-30": "0.46000", "2006-06-30": "0.16000", "2006-03-31": "0.08000", "2005-12-31": "0.23000", "2005-09-30": "1.50000", "2005-06-30": "0.28000", "2005-03-31": "0.18000"}, "EPS - Earnings Per Share": {"2020-12-31": "0.45000", "2020-09-30": "0.19000", "2020-06-30": "0.11000", "2020-03-31": "0.05000", "2019-12-31": "0.24000", "2019-09-30": "0.62000", "2019-06-30": "0.20000", "2019-03-31": "0.12000", "2018-12-31": "0.18000", "2018-09-30": "0.15000", "2018-06-30": "0.54000", "2018-03-31": "0.20000", "2017-12-31": "0.52000", "2017-09-30": "0.46000", "2017-06-30": "3.38000", "2017-03-31": "0.20000", "2016-12-31": "0.13000", "2016-09-30": "0.32000", "2016-06-30": "0.31000", "2016-03-31": "0.12000", "2015-12-31": "0.06000", "2015-09-30": "0.22000", "2015-06-30": "1.30000", "2015-03-31": "0.19000", "2014-12-31": "-0.02000", "2014-09-30": "0.18000", "2014-06-30": "0.38000", "2014-03-31": "0.06000", "2013-12-31": "0.21000", "2013-09-30": "-0.02000", "2013-06-30": "0.19000", "2013-03-31": "0.09000", "2012-12-31": "-0.12000", "2012-09-30": "-0.11000", "2012-06-30": "-0.11000", "2012-03-31": "-0.14000", "2011-12-31": "0.17000", "2011-09-30": "-0.13000", "2011-06-30": "-0.12000", "2011-03-31": "0.19000", "2010-12-31": "0.06000", "2010-09-30": "0.13000", "2010-06-30": "-0.19000", "2010-03-31": "-0.07000", "2009-12-31": "-0.22000", "2009-09-30": "-1.44000", "2009-06-30": "-0.16000", "2009-03-31": "0.15000", "2008-12-31": "0.12000", "2008-09-30": "0.08000", "2008-06-30": "0.11000", "2008-03-31": "0.02000", "2007-12-31": "0.36000", "2007-09-30": "0.39000", "2007-06-30": "0.27000", "2007-03-31": "0.49000", "2006-12-31": "0.38000", "2006-09-30": "0.45000", "2006-06-30": "0.16000", "2006-03-31": "0.08000", "2005-12-31": "0.23000", "2005-09-30": "1.48000", "2005-06-30": "0.28000", "2005-03-31": "0.18000"}}, "balance sheet": {"Cash On Hand": {"2020-12-31": "6.30900", "2019-12-31": "110.89100", "2018-12-31": "17.90100", "2017-12-31": "67.56200", "2016-12-31": "12.63900", "2015-12-31": "22.53300", "2014-12-31": "17.92200", "2013-12-31": "19.27500", "2012-12-31": "33.88900", "2011-12-31": "213.80900", "2010-12-31": "18.38400", "2009-12-31": "147.32200", "2008-12-31": "22.53200", "2007-12-31": "48.01200", "2006-12-31": "68.48300", "2005-12-31": "26.73200"}, "Receivables": {"2020-12-31": "199.73000", "2019-12-31": "175.30000", "2018-12-31": "164.80300", "2017-12-31": "125.91200", "2016-12-31": "104.55100", "2015-12-31": "152.08600", "2014-12-31": "172.04900", "2013-12-31": "163.63300", "2012-12-31": "182.34000", "2011-12-31": "168.40200", "2010-12-31": "155.18100", "2009-12-31": "171.29300", "2008-12-31": "226.98900", "2007-12-31": "206.67100", "2006-12-31": "194.20500", "2005-12-31": "177.32500"}, "Inventory": {"2020-12-31": "", "2019-12-31": "", "2018-12-31": "", "2017-12-31": "", "2016-12-31": "", "2015-12-31": "", "2014-12-31": "", "2013-12-31": "", "2012-12-31": "", "2011-12-31": "", "2010-12-31": "", "2009-12-31": "", "2008-12-31": "", "2007-12-31": "", "2006-12-31": "", "2005-12-31": ""}, "Pre-Paid Expenses": {"2020-12-31": "", "2019-12-31": "", "2018-12-31": "", "2017-12-31": "", "2016-12-31": "", "2015-12-31": "", "2014-12-31": "", "2013-12-31": "", "2012-12-31": "", "2011-12-31": "", "2010-12-31": "", "2009-12-31": "", "2008-12-31": "", "2007-12-31": "", "2006-12-31": "", "2005-12-31": ""}, "Other Current Assets": {"2020-12-31": "", "2019-12-31": "", "2018-12-31": "", "2017-12-31": "", "2016-12-31": "", "2015-12-31": "", "2014-12-31": "", "2013-12-31": "", "2012-12-31": "", "2011-12-31": "", "2010-12-31": "", "2009-12-31": "", "2008-12-31": "", "2007-12-31": "", "2006-12-31": "", "2005-12-31": ""}, "Total Current Assets": {"2020-12-31": "206.03900", "2019-12-31": "396.19100", "2018-12-31": "455.25400", "2017-12-31": "620.13100", "2016-12-31": "142.65000", "2015-12-31": "174.61900", "2014-12-31": "189.97100", "2013-12-31": "182.90800", "2012-12-31": "216.22900", "2011-12-31": "382.21100", "2010-12-31": "173.56500", "2009-12-31": "318.61500", "2008-12-31": "249.52100", "2007-12-31": "254.68300", "2006-12-31": "262.68800", "2005-12-31": "204.05700"}, "Property, Plant, And Equipment": {"2020-12-31": "8204.57800", "2019-12-31": "7451.45300", "2018-12-31": "6852.94300", "2017-12-31": "6154.54300", "2016-12-31": "4840.74800", "2015-12-31": "5912.67200", "2014-12-31": "6203.59200", "2013-12-31": "6791.22100", "2012-12-31": "6607.95300", "2011-12-31": "5892.76800", "2010-12-31": "6326.33400", "2009-12-31": "6343.52800", "2008-12-31": "6790.02200", "2007-12-31": "6448.38300", "2006-12-31": "5914.45400", "2005-12-31": "5034.42200"}, "Long-Term Investments": {"2020-12-31": "", "2019-12-31": "", "2018-12-31": "", "2017-12-31": "", "2016-12-31": "", "2015-12-31": "", "2014-12-31": "", "2013-12-31": "", "2012-12-31": "", "2011-12-31": "", "2010-12-31": "", "2009-12-31": "", "2008-12-31": "", "2007-12-31": "", "2006-12-31": "", "2005-12-31": ""}, "Goodwill And Intangible Assets": {"2020-12-31": "", "2019-12-31": "", "2018-12-31": "", "2017-12-31": "", "2016-12-31": "", "2015-12-31": "", "2014-12-31": "", "2013-12-31": "", "2012-12-31": "", "2011-12-31": "", "2010-12-31": "", "2009-12-31": "", "2008-12-31": "", "2007-12-31": "", "2006-12-31": "", "2005-12-31": ""}, "Other Long-Term Assets": {"2020-12-31": "371.01200", "2019-12-31": "252.47400", "2018-12-31": "182.02800", "2017-12-31": "320.84000", "2016-12-31": "1529.86300", "2015-12-31": "461.85000", "2014-12-31": "934.90700", "2013-12-31": "275.25600", "2012-12-31": "198.00900", "2011-12-31": "226.30900", "2010-12-31": "580.12300", "2009-12-31": "216.36100", "2008-12-31": "234.20900", "2007-12-31": "528.29300", "2006-12-31": "687.62300", "2005-12-31": "154.31500"}, "Total Long-Term Assets": {"2020-12-31": "8905.35400", "2019-12-31": "8024.37100", "2018-12-31": "7348.77000", "2017-12-31": "6768.06500", "2016-12-31": "6629.35300", "2015-12-31": "6720.89600", "2014-12-31": "7564.86800", "2013-12-31": "7569.70600", "2012-12-31": "7343.87200", "2011-12-31": "6622.22600", "2010-12-31": "7470.71100", "2009-12-31": "6985.66400", "2008-12-31": "7441.36200", "2007-12-31": "7407.29800", "2006-12-31": "6975.90700", "2005-12-31": "5443.50300"}, "Total Assets": {"2020-12-31": "9111.39400", "2019-12-31": "8420.56200", "2018-12-31": "7804.02400", "2017-12-31": "7388.19600", "2016-12-31": "6772.00200", "2015-12-31": "6895.51500", "2014-12-31": "7754.83900", "2013-12-31": "7752.61400", "2012-12-31": "7560.10100", "2011-12-31": "7004.43700", "2010-12-31": "7644.27600", "2009-12-31": "7304.27900", "2008-12-31": "7690.88300", "2007-12-31": "7661.98100", "2006-12-31": "7238.59500", "2005-12-31": "5647.56000"}, "Total Current Liabilities": {"2020-12-31": "427.00200", "2019-12-31": "375.74300", "2018-12-31": "387.23200", "2017-12-31": "139.83000", "2016-12-31": "126.99500", "2015-12-31": "222.81200", "2014-12-31": "263.52000", "2013-12-31": "264.39500", "2012-12-31": "323.17800", "2011-12-31": "244.12500", "2010-12-31": "252.25200", "2009-12-31": "239.22300", "2008-12-31": "285.14500", "2007-12-31": "320.30300", "2006-12-31": "311.10700", "2005-12-31": "241.92000"}, "Long Term Debt": {"2020-12-31": "3385.05100", "2019-12-31": "2914.76500", "2018-12-31": "2658.50100", "2017-12-31": "2422.89100", "2016-12-31": "2908.47700", "2015-12-31": "3320.14100", "2014-12-31": "4412.63900", "2013-12-31": "4254.37600", "2012-12-31": "4446.17000", "2011-12-31": "3809.58900", "2010-12-31": "4207.07900", "2009-12-31": "3854.03200", "2008-12-31": "4276.99000", "2007-12-31": "4316.46000", "2006-12-31": "3961.84500", "2005-12-31": "2600.65100"}, "Other Non-Current Liabilities": {"2020-12-31": "64.89300", "2019-12-31": "49.79400", "2018-12-31": "45.04800", "2017-12-31": "251.09700", "2016-12-31": "243.23700", "2015-12-31": "147.76100", "2014-12-31": "198.80000", "2013-12-31": "189.21400", "2012-12-31": "164.63500", "2011-12-31": "171.06500", "2010-12-31": "195.04200", "2009-12-31": "243.16400", "2008-12-31": "228.77300", "2007-12-31": "191.50200", "2006-12-31": "305.20700", "2005-12-31": "169.62500"}, "Total Long Term Liabilities": {"2020-12-31": "3449.94400", "2019-12-31": "2964.55900", "2018-12-31": "2703.54900", "2017-12-31": "2673.98800", "2016-12-31": "3151.71400", "2015-12-31": "3467.90200", "2014-12-31": "4611.43800", "2013-12-31": "4443.59000", "2012-12-31": "4610.80500", "2011-12-31": "3980.65400", "2010-12-31": "4402.12100", "2009-12-31": "4097.19600", "2008-12-31": "4505.76300", "2007-12-31": "4591.64500", "2006-12-31": "4423.90500", "2005-12-31": "2952.84200"}, "Total Liabilities": {"2020-12-31": "3876.94600", "2019-12-31": "3340.30200", "2018-12-31": "3090.78100", "2017-12-31": "2813.81800", "2016-12-31": "3278.70900", "2015-12-31": "3690.71400", "2014-12-31": "4874.95900", "2013-12-31": "4707.98500", "2012-12-31": "4933.98300", "2011-12-31": "4224.77900", "2010-12-31": "4654.37300", "2009-12-31": "4336.41900", "2008-12-31": "4790.90800", "2007-12-31": "4911.94800", "2006-12-31": "4735.01200", "2005-12-31": "3194.76200"}, "Common Stock Net": {"2020-12-31": "3.73300", "2019-12-31": "3.68000", "2018-12-31": "3.58900", "2017-12-31": "3.56400", "2016-12-31": "3.54800", "2015-12-31": "3.45300", "2014-12-31": "3.44100", "2013-12-31": "3.26400", "2012-12-31": "2.79400", "2011-12-31": "2.52900", "2010-12-31": "2.52200", "2009-12-31": "2.24000", "2008-12-31": "1.48400", "2007-12-31": "1.46200", "2006-12-31": "1.33900", "2005-12-31": "1.34700"}, "Retained Earnings (Accumulated Deficit)": {"2020-12-31": "-532.51900", "2019-12-31": "-475.99200", "2018-12-31": "-585.08700", "2017-12-31": "-676.03600", "2016-12-31": "-1730.42300", "2015-12-31": "-1785.25000", "2014-12-31": "-2090.94200", "2013-12-31": "-2062.78700", "2012-12-31": "-1993.20600", "2011-12-31": "-1677.32800", "2010-12-31": "-1533.74000", "2009-12-31": "-1355.08600", "2008-12-31": "-867.95100", "2007-12-31": "-626.76500", "2006-12-31": "-575.82900", "2005-12-31": "-464.88500"}, "Comprehensive Income": {"2020-12-31": "-31.56800", "2019-12-31": "-35.03600", "2018-12-31": "-4.67600", "2017-12-31": "", "2016-12-31": "0.68200", "2015-12-31": "1.80600", "2014-12-31": "3.02600", "2013-12-31": "4.11900", "2012-12-31": "2.69100", "2011-12-31": "0.98700", "2010-12-31": "-1.43200", "2009-12-31": "-5.63000", "2008-12-31": "-8.65200", "2007-12-31": "-1.27900", "2006-12-31": "5.43500", "2005-12-31": "-7.11800"}, "Other Share Holders Equity": {"2020-12-31": "", "2019-12-31": "", "2018-12-31": "", "2017-12-31": "", "2016-12-31": "", "2015-12-31": "", "2014-12-31": "", "2013-12-31": "", "2012-12-31": "", "2011-12-31": "", "2010-12-31": "", "2009-12-31": "", "2008-12-31": "", "2007-12-31": "", "2006-12-31": "", "2005-12-31": ""}, "Share Holder Equity": {"2020-12-31": "5234.44800", "2019-12-31": "5080.26000", "2018-12-31": "4713.24300", "2017-12-31": "4574.37800", "2016-12-31": "3493.29300", "2015-12-31": "3204.80100", "2014-12-31": "2879.88000", "2013-12-31": "3044.62900", "2012-12-31": "2626.11800", "2011-12-31": "2779.65800", "2010-12-31": "2989.90300", "2009-12-31": "2967.86000", "2008-12-31": "2899.97500", "2007-12-31": "2750.03300", "2006-12-31": "2503.58300", "2005-12-31": "2452.79800"}, "Total Liabilities And Share Holders Equity": {"2020-12-31": "9111.39400", "2019-12-31": "8420.56200", "2018-12-31": "7804.02400", "2017-12-31": "7388.19600", "2016-12-31": "6772.00200", "2015-12-31": "6895.51500", "2014-12-31": "7754.83900", "2013-12-31": "7752.61400", "2012-12-31": "7560.10100", "2011-12-31": "7004.43700", "2010-12-31": "7644.27600", "2009-12-31": "7304.27900", "2008-12-31": "7690.88300", "2007-12-31": "7661.98100", "2006-12-31": "7238.59500", "2005-12-31": "5647.56000"}}, "balance sheet, quarterly": {"Cash On Hand": {"2020-12-31": "6.30900", "2020-09-30": "6.74800", "2020-06-30": "29.87000", "2020-03-31": "187.56300", "2019-12-31": "110.89100", "2019-09-30": "121.23300", "2019-06-30": "8.66400", "2019-03-31": "15.29500", "2018-12-31": "17.90100", "2018-09-30": "133.40500", "2018-06-30": "86.33900", "2018-03-31": "160.86100", "2017-12-31": "67.56200", "2017-09-30": "27.31500", "2017-06-30": "76.32600", "2017-03-31": "13.38900", "2016-12-31": "12.63900", "2016-09-30": "110.21100", "2016-06-30": "91.70000", "2016-03-31": "15.64000", "2015-12-31": "22.53300", "2015-09-30": "175.87400", "2015-06-30": "20.25400", "2015-03-31": "17.80600", "2014-12-31": "17.92200", "2014-09-30": "66.13200", "2014-06-30": "21.22500", "2014-03-31": "19.47400", "2013-12-31": "19.27500", "2013-09-30": "24.11200", "2013-06-30": "21.40200", "2013-03-31": "307.16700", "2012-12-31": "33.88900", "2012-09-30": "113.15200", "2012-06-30": "106.56500", "2012-03-31": "14.74000", "2011-12-31": "213.80900", "2011-09-30": "16.18200", "2011-06-30": "117.64500", "2011-03-31": "167.11500", "2010-12-31": "18.38400", "2010-09-30": "20.84900", "2010-06-30": "256.26500", "2010-03-31": "30.99900", "2009-12-31": "147.32200", "2009-09-30": "155.91400", "2009-06-30": "26.69900", "2009-03-31": "22.17100", "2008-12-31": "22.53200", "2008-09-30": "3.47000", "2008-06-30": "17.70400", "2008-03-31": "15.52900", "2007-12-31": "48.01200", "2007-09-30": "18.42400", "2007-06-30": "45.45600", "2007-03-31": "9.49200", "2006-12-31": "68.48300", "2006-09-30": "25.00000", "2006-06-30": "7.03900", "2006-03-31": "", "2005-12-31": "26.73200", "2005-09-30": "124.86700", "2005-06-30": "6.48700", "2005-03-31": "3.67900"}, "Receivables": {"2020-12-31": "199.73000", "2020-09-30": "205.02600", "2020-06-30": "208.88900", "2020-03-31": "179.96000", "2019-12-31": "175.30000", "2019-09-30": "168.32400", "2019-06-30": "163.83400", "2019-03-31": "153.80100", "2018-12-31": "164.80300", "2018-09-30": "155.67300", "2018-06-30": "129.91900", "2018-03-31": "135.89700", "2017-12-31": "125.91200", "2017-09-30": "121.99300", "2017-06-30": "119.67800", "2017-03-31": "140.17300", "2016-12-31": "104.55100", "2016-09-30": "153.30200", "2016-06-30": "154.97200", "2016-03-31": "155.29400", "2015-12-31": "152.08600", "2015-09-30": "162.44600", "2015-06-30": "148.43300", "2015-03-31": "184.45600", "2014-12-31": "172.04900", "2014-09-30": "194.07100", "2014-06-30": "200.29900", "2014-03-31": "188.88200", "2013-12-31": "163.63300", "2013-09-30": "173.29700", "2013-06-30": "175.33600", "2013-03-31": "170.09700", "2012-12-31": "182.34000", "2012-09-30": "183.16600", "2012-06-30": "164.84200", "2012-03-31": "168.41700", "2011-12-31": "168.40200", "2011-09-30": "206.84200", "2011-06-30": "209.17500", "2011-03-31": "196.84200", "2010-12-31": "155.18100", "2010-09-30": "184.25500", "2010-06-30": "211.85800", "2010-03-31": "194.91800", "2009-12-31": "171.29300", "2009-09-30": "189.08900", "2009-06-30": "218.45300", "2009-03-31": "220.84100", "2008-12-31": "226.98900", "2008-09-30": "236.19200", "2008-06-30": "232.06700", "2008-03-31": "214.03800", "2007-12-31": "206.67100", "2007-09-30": "193.21700", "2007-06-30": "176.24000", "2007-03-31": "184.97100", "2006-12-31": "194.20500", "2006-09-30": "189.95800", "2006-06-30": "167.45400", "2006-03-31": "173.02000", "2005-12-31": "177.32500", "2005-09-30": "184.07900", "2005-06-30": "186.24600", "2005-03-31": "181.43300"}, "Inventory": {"2020-12-31": "", "2020-09-30": "", "2020-06-30": "", "2020-03-31": "", "2019-12-31": "", "2019-09-30": "", "2019-06-30": "", "2019-03-31": "", "2018-12-31": "", "2018-09-30": "", "2018-06-30": "", "2018-03-31": "", "2017-12-31": "", "2017-09-30": "", "2017-06-30": "", "2017-03-31": "", "2016-12-31": "", "2016-09-30": "", "2016-06-30": "", "2016-03-31": "", "2015-12-31": "", "2015-09-30": "", "2015-06-30": "", "2015-03-31": "", "2014-12-31": "", "2014-09-30": "", "2014-06-30": "", "2014-03-31": "", "2013-12-31": "", "2013-09-30": "", "2013-06-30": "", "2013-03-31": "", "2012-12-31": "", "2012-09-30": "", "2012-06-30": "", "2012-03-31": "", "2011-12-31": "", "2011-09-30": "", "2011-06-30": "", "2011-03-31": "", "2010-12-31": "", "2010-09-30": "", "2010-06-30": "", "2010-03-31": "", "2009-12-31": "", "2009-09-30": "", "2009-06-30": "", "2009-03-31": "", "2008-12-31": "", "2008-09-30": "", "2008-06-30": "", "2008-03-31": "", "2007-12-31": "", "2007-09-30": "", "2007-06-30": "", "2007-03-31": "", "2006-12-31": "", "2006-09-30": "", "2006-06-30": "", "2006-03-31": "", "2005-12-31": "", "2005-09-30": "", "2005-06-30": "", "2005-03-31": ""}, "Pre-Paid Expenses": {"2020-12-31": "", "2020-09-30": "", "2020-06-30": "", "2020-03-31": "", "2019-12-31": "", "2019-09-30": "", "2019-06-30": "", "2019-03-31": "", "2018-12-31": "", "2018-09-30": "", "2018-06-30": "", "2018-03-31": "", "2017-12-31": "", "2017-09-30": "", "2017-06-30": "", "2017-03-31": "", "2016-12-31": "", "2016-09-30": "", "2016-06-30": "", "2016-03-31": "", "2015-12-31": "", "2015-09-30": "", "2015-06-30": "", "2015-03-31": "", "2014-12-31": "", "2014-09-30": "", "2014-06-30": "", "2014-03-31": "", "2013-12-31": "", "2013-09-30": "", "2013-06-30": "", "2013-03-31": "", "2012-12-31": "", "2012-09-30": "", "2012-06-30": "", "2012-03-31": "", "2011-12-31": "", "2011-09-30": "", "2011-06-30": "", "2011-03-31": "", "2010-12-31": "", "2010-09-30": "", "2010-06-30": "", "2010-03-31": "", "2009-12-31": "", "2009-09-30": "", "2009-06-30": "", "2009-03-31": "", "2008-12-31": "", "2008-09-30": "", "2008-06-30": "", "2008-03-31": "", "2007-12-31": "", "2007-09-30": "", "2007-06-30": "", "2007-03-31": "", "2006-12-31": "", "2006-09-30": "", "2006-06-30": "", "2006-03-31": "", "2005-12-31": "", "2005-09-30": "", "2005-06-30": "", "2005-03-31": ""}, "Other Current Assets": {"2020-12-31": "", "2020-09-30": "", "2020-06-30": "", "2020-03-31": "", "2019-12-31": "", "2019-09-30": "", "2019-06-30": "", "2019-03-31": "", "2018-12-31": "", "2018-09-30": "", "2018-06-30": "", "2018-03-31": "", "2017-12-31": "", "2017-09-30": "", "2017-06-30": "", "2017-03-31": "", "2016-12-31": "", "2016-09-30": "", "2016-06-30": "", "2016-03-31": "", "2015-12-31": "", "2015-09-30": "", "2015-06-30": "", "2015-03-31": "", "2014-12-31": "", "2014-09-30": "", "2014-06-30": "", "2014-03-31": "", "2013-12-31": "", "2013-09-30": "", "2013-06-30": "", "2013-03-31": "", "2012-12-31": "", "2012-09-30": "", "2012-06-30": "", "2012-03-31": "", "2011-12-31": "", "2011-09-30": "", "2011-06-30": "", "2011-03-31": "", "2010-12-31": "", "2010-09-30": "", "2010-06-30": "", "2010-03-31": "", "2009-12-31": "", "2009-09-30": "", "2009-06-30": "", "2009-03-31": "", "2008-12-31": "", "2008-09-30": "", "2008-06-30": "", "2008-03-31": "", "2007-12-31": "", "2007-09-30": "", "2007-06-30": "", "2007-03-31": "", "2006-12-31": "", "2006-09-30": "", "2006-06-30": "", "2006-03-31": "", "2005-12-31": "", "2005-09-30": "", "2005-06-30": "", "2005-03-31": ""}, "Total Current Assets": {"2020-12-31": "206.03900", "2020-09-30": "211.77400", "2020-06-30": "238.75900", "2020-03-31": "367.52300", "2019-12-31": "396.19100", "2019-09-30": "417.10700", "2019-06-30": "315.04800", "2019-03-31": "406.64600", "2018-12-31": "455.25400", "2018-09-30": "565.82200", "2018-06-30": "493.02400", "2018-03-31": "683.54700", "2017-12-31": "620.13100", "2017-09-30": "575.98600", "2017-06-30": "619.95000", "2017-03-31": "153.56200", "2016-12-31": "142.65000", "2016-09-30": "263.51300", "2016-06-30": "246.67200", "2016-03-31": "170.93400", "2015-12-31": "174.61900", "2015-09-30": "338.32000", "2015-06-30": "168.68700", "2015-03-31": "202.26200", "2014-12-31": "189.97100", "2014-09-30": "260.20300", "2014-06-30": "221.52400", "2014-03-31": "208.35600", "2013-12-31": "182.90800", "2013-09-30": "197.40900", "2013-06-30": "196.73800", "2013-03-31": "477.26400", "2012-12-31": "216.22900", "2012-09-30": "296.31800", "2012-06-30": "271.40700", "2012-03-31": "183.15700", "2011-12-31": "382.21100", "2011-09-30": "223.02400", "2011-06-30": "326.82000", "2011-03-31": "363.95700", "2010-12-31": "173.56500", "2010-09-30": "205.10400", "2010-06-30": "468.12300", "2010-03-31": "225.91700", "2009-12-31": "318.61500", "2009-09-30": "345.00300", "2009-06-30": "245.15200", "2009-03-31": "243.01200", "2008-12-31": "249.52100", "2008-09-30": "239.66200", "2008-06-30": "249.77100", "2008-03-31": "229.56700", "2007-12-31": "254.68300", "2007-09-30": "211.64100", "2007-06-30": "221.69600", "2007-03-31": "194.46300", "2006-12-31": "262.68800", "2006-09-30": "214.95800", "2006-06-30": "174.49300", "2006-03-31": "173.02000", "2005-12-31": "204.05700", "2005-09-30": "308.94600", "2005-06-30": "192.73300", "2005-03-31": "185.11200"}, "Property, Plant, And Equipment": {"2020-12-31": "8204.57800", "2020-09-30": "7936.35000", "2020-06-30": "7771.52000", "2020-03-31": "7661.98300", "2019-12-31": "7451.45300", "2019-09-30": "7152.46900", "2019-06-30": "7148.06400", "2019-03-31": "7026.93900", "2018-12-31": "6852.94300", "2018-09-30": "6586.46900", "2018-06-30": "6366.07600", "2018-03-31": "6192.80800", "2017-12-31": "6154.54300", "2017-09-30": "5676.39000", "2017-06-30": "5169.52900", "2017-03-31": "6117.93200", "2016-12-31": "4840.74800", "2016-09-30": "6000.52300", "2016-06-30": "6044.41700", "2016-03-31": "5941.59100", "2015-12-31": "5912.67200", "2015-09-30": "5977.28400", "2015-06-30": "5998.69100", "2015-03-31": "6033.32500", "2014-12-31": "6203.59200", "2014-09-30": "6896.12700", "2014-06-30": "6884.96500", "2014-03-31": "6828.05000", "2013-12-31": "6791.22100", "2013-09-30": "6885.96400", "2013-06-30": "6891.12500", "2013-03-31": "6528.07600", "2012-12-31": "6607.95300", "2012-09-30": "6209.22200", "2012-06-30": "6116.81700", "2012-03-31": "5991.35000", "2011-12-31": "5892.76800", "2011-09-30": "6528.08500", "2011-06-30": "6473.92600", "2011-03-31": "6428.82600", "2010-12-31": "6326.33400", "2010-09-30": "6589.97900", "2010-06-30": "6202.26900", "2010-03-31": "6245.51300", "2009-12-31": "6343.52800", "2009-09-30": "6452.70700", "2009-06-30": "6681.61700", "2009-03-31": "6766.47700", "2008-12-31": "6790.02200", "2008-09-30": "6736.51100", "2008-06-30": "6715.26100", "2008-03-31": "6704.96600", "2007-12-31": "6448.38300", "2007-09-30": "6180.91100", "2007-06-30": "6084.60300", "2007-03-31": "5931.31700", "2006-12-31": "5914.45400", "2006-09-30": "5752.84600", "2006-06-30": "5508.61800", "2006-03-31": "5440.36100", "2005-12-31": "5034.42200", "2005-09-30": "4919.73300", "2005-06-30": "5595.13800", "2005-03-31": "5400.55400"}, "Long-Term Investments": {"2020-12-31": "", "2020-09-30": "", "2020-06-30": "", "2020-03-31": "", "2019-12-31": "", "2019-09-30": "", "2019-06-30": "", "2019-03-31": "", "2018-12-31": "", "2018-09-30": "", "2018-06-30": "", "2018-03-31": "", "2017-12-31": "", "2017-09-30": "", "2017-06-30": "", "2017-03-31": "", "2016-12-31": "", "2016-09-30": "", "2016-06-30": "", "2016-03-31": "", "2015-12-31": "", "2015-09-30": "", "2015-06-30": "", "2015-03-31": "", "2014-12-31": "", "2014-09-30": "", "2014-06-30": "", "2014-03-31": "", "2013-12-31": "", "2013-09-30": "", "2013-06-30": "", "2013-03-31": "", "2012-12-31": "", "2012-09-30": "", "2012-06-30": "", "2012-03-31": "", "2011-12-31": "", "2011-09-30": "", "2011-06-30": "", "2011-03-31": "", "2010-12-31": "", "2010-09-30": "", "2010-06-30": "", "2010-03-31": "", "2009-12-31": "", "2009-09-30": "", "2009-06-30": "", "2009-03-31": "", "2008-12-31": "", "2008-09-30": "", "2008-06-30": "", "2008-03-31": "", "2007-12-31": "", "2007-09-30": "", "2007-06-30": "", "2007-03-31": "", "2006-12-31": "", "2006-09-30": "", "2006-06-30": "", "2006-03-31": "", "2005-12-31": "", "2005-09-30": "", "2005-06-30": "", "2005-03-31": ""}, "Goodwill And Intangible Assets": {"2020-12-31": "", "2020-09-30": "", "2020-06-30": "", "2020-03-31": "", "2019-12-31": "", "2019-09-30": "", "2019-06-30": "", "2019-03-31": "", "2018-12-31": "", "2018-09-30": "", "2018-06-30": "", "2018-03-31": "", "2017-12-31": "", "2017-09-30": "", "2017-06-30": "", "2017-03-31": "", "2016-12-31": "", "2016-09-30": "", "2016-06-30": "", "2016-03-31": "", "2015-12-31": "", "2015-09-30": "", "2015-06-30": "", "2015-03-31": "", "2014-12-31": "", "2014-09-30": "", "2014-06-30": "", "2014-03-31": "", "2013-12-31": "", "2013-09-30": "", "2013-06-30": "", "2013-03-31": "", "2012-12-31": "", "2012-09-30": "", "2012-06-30": "", "2012-03-31": "", "2011-12-31": "", "2011-09-30": "", "2011-06-30": "", "2011-03-31": "", "2010-12-31": "", "2010-09-30": "", "2010-06-30": "", "2010-03-31": "", "2009-12-31": "", "2009-09-30": "", "2009-06-30": "", "2009-03-31": "", "2008-12-31": "", "2008-09-30": "", "2008-06-30": "", "2008-03-31": "", "2007-12-31": "", "2007-09-30": "", "2007-06-30": "", "2007-03-31": "", "2006-12-31": "", "2006-09-30": "", "2006-06-30": "", "2006-03-31": "", "2005-12-31": "", "2005-09-30": "", "2005-06-30": "", "2005-03-31": ""}, "Other Long-Term Assets": {"2020-12-31": "371.01200", "2020-09-30": "269.05500", "2020-06-30": "242.01500", "2020-03-31": "228.90700", "2019-12-31": "252.47400", "2019-09-30": "377.79900", "2019-06-30": "234.39100", "2019-03-31": "220.43500", "2018-12-31": "182.02800", "2018-09-30": "367.37600", "2018-06-30": "330.65700", "2018-03-31": "254.21600", "2017-12-31": "320.84000", "2017-09-30": "765.20400", "2017-06-30": "1264.73200", "2017-03-31": "348.28300", "2016-12-31": "1529.86300", "2016-09-30": "262.93600", "2016-06-30": "228.46400", "2016-03-31": "444.56400", "2015-12-31": "461.85000", "2015-09-30": "434.22500", "2015-06-30": "544.56100", "2015-03-31": "1083.62800", "2014-12-31": "934.90700", "2014-09-30": "258.10200", "2014-06-30": "273.55100", "2014-03-31": "239.68500", "2013-12-31": "275.25600", "2013-09-30": "267.41200", "2013-06-30": "233.52900", "2013-03-31": "275.20400", "2012-12-31": "198.00900", "2012-09-30": "176.89400", "2012-06-30": "178.55600", "2012-03-31": "188.27700", "2011-12-31": "226.30900", "2011-09-30": "216.50900", "2011-06-30": "186.94200", "2011-03-31": "189.80300", "2010-12-31": "580.12300", "2010-09-30": "217.97400", "2010-06-30": "226.85200", "2010-03-31": "208.83400", "2009-12-31": "216.36100", "2009-09-30": "212.45500", "2009-06-30": "236.22800", "2009-03-31": "251.79900", "2008-12-31": "234.20900", "2008-09-30": "445.15200", "2008-06-30": "438.93600", "2008-03-31": "394.97700", "2007-12-31": "528.29300", "2007-09-30": "598.98200", "2007-06-30": "606.72600", "2007-03-31": "711.75500", "2006-12-31": "687.62300", "2006-09-30": "1003.28400", "2006-06-30": "1035.05100", "2006-03-31": "800.06200", "2005-12-31": "154.31500", "2005-09-30": "160.30800", "2005-06-30": "126.81100", "2005-03-31": "123.64200"}, "Total Long-Term Assets": {"2020-12-31": "8905.35400", "2020-09-30": "8531.25100", "2020-06-30": "8328.25000", "2020-03-31": "8206.76100", "2019-12-31": "8024.37100", "2019-09-30": "7845.84700", "2019-06-30": "7699.07900", "2019-03-31": "7555.83400", "2018-12-31": "7348.77000", "2018-09-30": "7258.98800", "2018-06-30": "7009.79400", "2018-03-31": "6744.12700", "2017-12-31": "6768.06500", "2017-09-30": "6721.48500", "2017-06-30": "6697.61900", "2017-03-31": "6804.94800", "2016-12-31": "6629.35300", "2016-09-30": "6598.56800", "2016-06-30": "6618.35300", "2016-03-31": "6726.02600", "2015-12-31": "6720.89600", "2015-09-30": "6801.58900", "2015-06-30": "6945.83400", "2015-03-31": "7528.24200", "2014-12-31": "7564.86800", "2014-09-30": "7623.99200", "2014-06-30": "7640.97900", "2014-03-31": "7559.00700", "2013-12-31": "7569.70600", "2013-09-30": "7689.43000", "2013-06-30": "7687.16400", "2013-03-31": "7324.83500", "2012-12-31": "7343.87200", "2012-09-30": "6893.79900", "2012-06-30": "6796.68300", "2012-03-31": "6689.24800", "2011-12-31": "6622.22600", "2011-09-30": "7281.63700", "2011-06-30": "7200.26500", "2011-03-31": "7163.53500", "2010-12-31": "7470.71100", "2010-09-30": "7354.68400", "2010-06-30": "6833.56400", "2010-03-31": "6866.35100", "2009-12-31": "6985.66400", "2009-09-30": "7093.94300", "2009-06-30": "7350.24400", "2009-03-31": "7433.40700", "2008-12-31": "7441.36200", "2008-09-30": "7603.20200", "2008-06-30": "7583.29800", "2008-03-31": "7530.67600", "2007-12-31": "7407.29800", "2007-09-30": "7205.20100", "2007-06-30": "7081.20200", "2007-03-31": "7078.02200", "2006-12-31": "6975.90700", "2006-09-30": "7058.58400", "2006-06-30": "6839.98000", "2006-03-31": "6530.99900", "2005-12-31": "5443.50300", "2005-09-30": "5348.08600", "2005-06-30": "6011.41200", "2005-03-31": "5760.76500"}, "Total Assets": {"2020-12-31": "9111.39400", "2020-09-30": "8743.02500", "2020-06-30": "8567.00900", "2020-03-31": "8574.28400", "2019-12-31": "8420.56200", "2019-09-30": "8262.95400", "2019-06-30": "8014.12700", "2019-03-31": "7962.48000", "2018-12-31": "7804.02400", "2018-09-30": "7824.81000", "2018-06-30": "7502.81800", "2018-03-31": "7427.67400", "2017-12-31": "7388.19600", "2017-09-30": "7297.47100", "2017-06-30": "7317.56900", "2017-03-31": "6958.51000", "2016-12-31": "6772.00200", "2016-09-30": "6862.08100", "2016-06-30": "6865.02500", "2016-03-31": "6896.96000", "2015-12-31": "6895.51500", "2015-09-30": "7139.90900", "2015-06-30": "7114.52100", "2015-03-31": "7730.50400", "2014-12-31": "7754.83900", "2014-09-30": "7884.19500", "2014-06-30": "7862.50400", "2014-03-31": "7767.36300", "2013-12-31": "7752.61400", "2013-09-30": "7886.83900", "2013-06-30": "7883.90200", "2013-03-31": "7802.09900", "2012-12-31": "7560.10100", "2012-09-30": "7190.11700", "2012-06-30": "7068.09000", "2012-03-31": "6872.40500", "2011-12-31": "7004.43700", "2011-09-30": "7504.66100", "2011-06-30": "7527.08500", "2011-03-31": "7527.49100", "2010-12-31": "7644.27600", "2010-09-30": "7559.78800", "2010-06-30": "7301.68700", "2010-03-31": "7092.26800", "2009-12-31": "7304.27900", "2009-09-30": "7438.94600", "2009-06-30": "7595.39600", "2009-03-31": "7676.41900", "2008-12-31": "7690.88300", "2008-09-30": "7842.86400", "2008-06-30": "7833.06900", "2008-03-31": "7760.24300", "2007-12-31": "7661.98100", "2007-09-30": "7416.84200", "2007-06-30": "7302.89800", "2007-03-31": "7272.48500", "2006-12-31": "7238.59500", "2006-09-30": "7273.54200", "2006-06-30": "7014.47300", "2006-03-31": "6704.01900", "2005-12-31": "5647.56000", "2005-09-30": "5657.03200", "2005-06-30": "6204.14500", "2005-03-31": "5945.87700"}, "Total Current Liabilities": {"2020-12-31": "427.00200", "2020-09-30": "211.39200", "2020-06-30": "206.49800", "2020-03-31": "186.17900", "2019-12-31": "152.06300", "2019-09-30": "184.67400", "2019-06-30": "165.42300", "2019-03-31": "170.77200", "2018-12-31": "387.23200", "2018-09-30": "217.45700", "2018-06-30": "187.05700", "2018-03-31": "151.73900", "2017-12-31": "139.83000", "2017-09-30": "178.13100", "2017-06-30": "153.24400", "2017-03-31": "165.69200", "2016-12-31": "126.99500", "2016-09-30": "216.97600", "2016-06-30": "190.39200", "2016-03-31": "188.55800", "2015-12-31": "222.81200", "2015-09-30": "231.78000", "2015-06-30": "216.18000", "2015-03-31": "190.25300", "2014-12-31": "263.52000", "2014-09-30": "276.09200", "2014-06-30": "304.99800", "2014-03-31": "238.45000", "2013-12-31": "264.39500", "2013-09-30": "259.52600", "2013-06-30": "277.50600", "2013-03-31": "234.25000", "2012-12-31": "323.17800", "2012-09-30": "261.90700", "2012-06-30": "243.72200", "2012-03-31": "190.30500", "2011-12-31": "244.12500", "2011-09-30": "268.76400", "2011-06-30": "271.05900", "2011-03-31": "228.74600", "2010-12-31": "252.25200", "2010-09-30": "248.60200", "2010-06-30": "258.62300", "2010-03-31": "203.89900", "2009-12-31": "239.22300", "2009-09-30": "257.83500", "2009-06-30": "267.45500", "2009-03-31": "247.31200", "2008-12-31": "285.14500", "2008-09-30": "309.20300", "2008-06-30": "305.70700", "2008-03-31": "271.96300", "2007-12-31": "320.30300", "2007-09-30": "313.25400", "2007-06-30": "287.30600", "2007-03-31": "255.40500", "2006-12-31": "311.10700", "2006-09-30": "283.44500", "2006-06-30": "238.95200", "2006-03-31": "223.46400", "2005-12-31": "241.92000", "2005-09-30": "243.52800", "2005-06-30": "219.78900", "2005-03-31": "185.75600"}, "Long Term Debt": {"2020-12-31": "3385.05100", "2020-09-30": "3146.42800", "2020-06-30": "3075.18600", "2020-03-31": "3146.61100", "2019-12-31": "2914.76500", "2019-09-30": "2767.58200", "2019-06-30": "2838.97500", "2019-03-31": "2826.82400", "2018-12-31": "2658.50100", "2018-09-30": "2634.17600", "2018-06-30": "2417.42900", "2018-03-31": "2496.45600", "2017-12-31": "2422.89100", "2017-09-30": "2131.88000", "2017-06-30": "2280.12800", "2017-03-31": "3080.26200", "2016-12-31": "2908.47700", "2016-09-30": "2991.05100", "2016-06-30": "3197.78100", "2016-03-31": "3381.06000", "2015-12-31": "3320.14100", "2015-09-30": "3446.02000", "2015-06-30": "3460.74300", "2015-03-31": "4444.36800", "2014-12-31": "4412.63900", "2014-09-30": "4208.54700", "2014-06-30": "4133.88500", "2014-03-31": "4323.21000", "2013-12-31": "4254.37600", "2013-09-30": "4435.21100", "2013-06-30": "4396.77700", "2013-03-31": "4394.39700", "2012-12-31": "4446.17000", "2012-09-30": "4140.14500", "2012-06-30": "4036.64300", "2012-03-31": "3816.87000", "2011-12-31": "3809.58900", "2011-09-30": "4272.32300", "2011-06-30": "4111.52700", "2011-03-31": "4071.50300", "2010-12-31": "4207.07900", "2010-09-30": "4115.59900", "2010-06-30": "3734.53600", "2010-03-31": "3740.33300", "2009-12-31": "3854.03200", "2009-09-30": "3932.60300", "2009-06-30": "3737.89600", "2009-03-31": "4332.91000", "2008-12-31": "4276.99000", "2008-09-30": "4399.74300", "2008-06-30": "4346.82200", "2008-03-31": "4262.13900", "2007-12-31": "4316.46000", "2007-09-30": "4165.68200", "2007-06-30": "4078.90200", "2007-03-31": "3968.80200", "2006-12-31": "3961.84500", "2006-09-30": "4075.68300", "2006-06-30": "3833.93400", "2006-03-31": "3621.64900", "2005-12-31": "2600.65100", "2005-09-30": "2219.30400", "2005-06-30": "2875.50800", "2005-03-31": "2623.75300"}, "Other Non-Current Liabilities": {"2020-12-31": "64.89300", "2020-09-30": "296.55800", "2020-06-30": "227.90900", "2020-03-31": "214.43200", "2019-12-31": "273.47400", "2019-09-30": "289.42600", "2019-06-30": "307.60800", "2019-03-31": "283.71300", "2018-12-31": "45.04800", "2018-09-30": "248.25300", "2018-06-30": "189.36200", "2018-03-31": "198.29500", "2017-12-31": "251.09700", "2017-09-30": "234.08500", "2017-06-30": "220.74100", "2017-03-31": "214.67600", "2016-12-31": "243.23700", "2016-09-30": "145.13200", "2016-06-30": "136.64300", "2016-03-31": "137.22500", "2015-12-31": "147.76100", "2015-09-30": "150.66600", "2015-06-30": "145.75500", "2015-03-31": "201.70000", "2014-12-31": "198.80000", "2014-09-30": "170.34600", "2014-06-30": "171.76100", "2014-03-31": "189.04100", "2013-12-31": "189.21400", "2013-09-30": "179.15800", "2013-06-30": "167.15300", "2013-03-31": "168.87100", "2012-12-31": "164.63500", "2012-09-30": "163.02400", "2012-06-30": "168.34700", "2012-03-31": "179.76000", "2011-12-31": "171.06500", "2011-09-30": "188.63100", "2011-06-30": "189.72700", "2011-03-31": "201.39200", "2010-12-31": "195.04200", "2010-09-30": "171.32800", "2010-06-30": "227.22800", "2010-03-31": "230.84800", "2009-12-31": "243.16400", "2009-09-30": "240.56800", "2009-06-30": "213.09000", "2009-03-31": "204.10100", "2008-12-31": "228.77300", "2008-09-30": "176.67100", "2008-06-30": "170.62600", "2008-03-31": "169.86900", "2007-12-31": "191.50200", "2007-09-30": "200.30300", "2007-06-30": "207.36400", "2007-03-31": "302.79200", "2006-12-31": "305.20700", "2006-09-30": "143.72800", "2006-06-30": "156.89500", "2006-03-31": "154.44300", "2005-12-31": "169.62500", "2005-09-30": "165.85200", "2005-06-30": "161.18400", "2005-03-31": "145.13900"}, "Total Long Term Liabilities": {"2020-12-31": "3449.94400", "2020-09-30": "3442.98600", "2020-06-30": "3303.09500", "2020-03-31": "3361.04300", "2019-12-31": "3188.23900", "2019-09-30": "3057.00800", "2019-06-30": "3146.58300", "2019-03-31": "3110.53700", "2018-12-31": "2703.54900", "2018-09-30": "2882.42900", "2018-06-30": "2606.79100", "2018-03-31": "2694.75100", "2017-12-31": "2673.98800", "2017-09-30": "2365.96500", "2017-06-30": "2500.86900", "2017-03-31": "3294.93800", "2016-12-31": "3151.71400", "2016-09-30": "3136.18300", "2016-06-30": "3334.42400", "2016-03-31": "3518.28500", "2015-12-31": "3467.90200", "2015-09-30": "3596.68600", "2015-06-30": "3606.49800", "2015-03-31": "4646.06800", "2014-12-31": "4611.43800", "2014-09-30": "4378.89300", "2014-06-30": "4305.64600", "2014-03-31": "4512.25100", "2013-12-31": "4443.59000", "2013-09-30": "4614.36900", "2013-06-30": "4563.93000", "2013-03-31": "4563.26800", "2012-12-31": "4610.80500", "2012-09-30": "4303.16900", "2012-06-30": "4204.99000", "2012-03-31": "3996.63000", "2011-12-31": "3980.65400", "2011-09-30": "4460.95400", "2011-06-30": "4301.25400", "2011-03-31": "4272.89500", "2010-12-31": "4402.12100", "2010-09-30": "4286.92700", "2010-06-30": "3961.76400", "2010-03-31": "3971.18100", "2009-12-31": "4097.19600", "2009-09-30": "4173.17100", "2009-06-30": "3950.98600", "2009-03-31": "4537.01100", "2008-12-31": "4505.76300", "2008-09-30": "4648.23100", "2008-06-30": "4592.34100", "2008-03-31": "4508.62700", "2007-12-31": "4591.64500", "2007-09-30": "4456.50900", "2007-06-30": "4400.84900", "2007-03-31": "4388.31600", "2006-12-31": "4423.90500", "2006-09-30": "4391.64100", "2006-06-30": "4161.47300", "2006-03-31": "3953.62600", "2005-12-31": "2952.84200", "2005-09-30": "2586.87500", "2005-06-30": "3225.07400", "2005-03-31": "2959.74700"}, "Total Liabilities": {"2020-12-31": "3876.94600", "2020-09-30": "3654.37800", "2020-06-30": "3509.59300", "2020-03-31": "3547.22200", "2019-12-31": "3340.30200", "2019-09-30": "3241.68200", "2019-06-30": "3312.00600", "2019-03-31": "3281.30900", "2018-12-31": "3090.78100", "2018-09-30": "3099.88600", "2018-06-30": "2793.84800", "2018-03-31": "2846.49000", "2017-12-31": "2813.81800", "2017-09-30": "2544.09600", "2017-06-30": "2654.11300", "2017-03-31": "3460.63000", "2016-12-31": "3278.70900", "2016-09-30": "3353.15900", "2016-06-30": "3524.81600", "2016-03-31": "3706.84300", "2015-12-31": "3690.71400", "2015-09-30": "3828.46600", "2015-06-30": "3822.67800", "2015-03-31": "4836.32100", "2014-12-31": "4874.95900", "2014-09-30": "4654.98500", "2014-06-30": "4610.64400", "2014-03-31": "4750.70100", "2013-12-31": "4707.98500", "2013-09-30": "4873.89500", "2013-06-30": "4841.43600", "2013-03-31": "4797.51800", "2012-12-31": "4933.98300", "2012-09-30": "4565.07600", "2012-06-30": "4448.71200", "2012-03-31": "4186.93500", "2011-12-31": "4224.77900", "2011-09-30": "4729.71800", "2011-06-30": "4572.31300", "2011-03-31": "4501.64100", "2010-12-31": "4654.37300", "2010-09-30": "4535.52900", "2010-06-30": "4220.38700", "2010-03-31": "4175.08000", "2009-12-31": "4336.41900", "2009-09-30": "4431.00600", "2009-06-30": "4218.44100", "2009-03-31": "4784.32300", "2008-12-31": "4790.90800", "2008-09-30": "4957.43400", "2008-06-30": "4898.04800", "2008-03-31": "4780.59000", "2007-12-31": "4911.94800", "2007-09-30": "4769.76300", "2007-06-30": "4688.15500", "2007-03-31": "4643.72100", "2006-12-31": "4735.01200", "2006-09-30": "4675.08600", "2006-06-30": "4400.42500", "2006-03-31": "4177.09000", "2005-12-31": "3194.76200", "2005-09-30": "2830.40300", "2005-06-30": "3444.86300", "2005-03-31": "3145.50300"}, "Common Stock Net": {"2020-12-31": "3.73300", "2020-09-30": "3.71500", "2020-06-30": "3.70400", "2020-03-31": "3.68400", "2019-12-31": "3.68000", "2019-09-30": "3.66300", "2019-06-30": "3.60600", "2019-03-31": "3.59400", "2018-12-31": "3.58900", "2018-09-30": "3.58300", "2018-06-30": "3.57200", "2018-03-31": "3.57000", "2017-12-31": "3.56400", "2017-09-30": "3.56100", "2017-06-30": "3.55700", "2017-03-31": "3.55600", "2016-12-31": "3.54800", "2016-09-30": "3.54600", "2016-06-30": "3.50300", "2016-03-31": "3.45900", "2015-12-31": "3.45300", "2015-09-30": "3.45300", "2015-06-30": "3.45100", "2015-03-31": "3.45000", "2014-12-31": "3.44100", "2014-09-30": "3.41700", "2014-06-30": "3.38100", "2014-03-31": "3.28500", "2013-12-31": "3.26400", "2013-09-30": "3.25300", "2013-06-30": "3.23300", "2013-03-31": "3.21700", "2012-12-31": "2.79400", "2012-09-30": "2.73500", "2012-06-30": "2.67500", "2012-03-31": "2.66400", "2011-12-31": "2.52900", "2011-09-30": "2.52900", "2011-06-30": "2.52700", "2011-03-31": "2.52600", "2010-12-31": "2.52200", "2010-09-30": "2.52100", "2010-06-30": "2.51500", "2010-03-31": "2.24300", "2009-12-31": "2.24000", "2009-09-30": "2.24000", "2009-06-30": "2.23800", "2009-03-31": "1.48500", "2008-12-31": "1.48400", "2008-09-30": "1.47100", "2008-06-30": "1.46900", "2008-03-31": "1.46700", "2007-12-31": "1.46200", "2007-09-30": "1.38600", "2007-06-30": "1.36900", "2007-03-31": "1.36900", "2006-12-31": "1.33900", "2006-09-30": "1.35200", "2006-06-30": "1.35100", "2006-03-31": "1.34900", "2005-12-31": "1.34700", "2005-09-30": "1.40700", "2005-06-30": "1.43500", "2005-03-31": "1.43400"}, "Retained Earnings (Accumulated Deficit)": {"2020-12-31": "-532.51900", "2020-09-30": "-606.18200", "2020-06-30": "-590.43500", "2020-03-31": "-543.41200", "2019-12-31": "-475.99200", "2019-09-30": "-476.13600", "2019-06-30": "-624.67400", "2019-03-31": "-618.12300", "2018-12-31": "-585.08700", "2018-09-30": "-571.61700", "2018-06-30": "-552.68500", "2018-03-31": "-674.92000", "2017-12-31": "-676.03600", "2017-09-30": "-488.32800", "2017-06-30": "-585.59200", "2017-03-31": "-1728.17000", "2016-12-31": "-1730.42300", "2016-09-30": "-1710.21500", "2016-06-30": "-1758.54700", "2016-03-31": "-1804.76500", "2015-12-31": "-1785.25000", "2015-09-30": "-1677.31400", "2015-06-30": "-1694.57400", "2015-03-31": "-2084.81000", "2014-12-31": "-2090.94200", "2014-09-30": "-2029.08000", "2014-06-30": "-2031.95700", "2014-03-31": "-2100.24500", "2013-12-31": "-2062.78700", "2013-09-30": "-2076.29900", "2013-06-30": "-2014.39900", "2013-03-31": "-2020.45500", "2012-12-31": "-1993.20600", "2012-09-30": "-1912.80200", "2012-06-30": "-1833.08800", "2012-03-31": "-1758.46700", "2011-12-31": "-1677.32800", "2011-09-30": "-1678.48400", "2011-06-30": "-1602.63400", "2011-03-31": "-1529.84700", "2010-12-31": "-1533.74000", "2010-09-30": "-1499.60500", "2010-06-30": "-1490.09900", "2010-03-31": "-1409.04800", "2009-12-31": "-1355.08600", "2009-09-30": "-1313.10300", "2009-06-30": "-953.21600", "2009-03-31": "-882.35700", "2008-12-31": "-867.95100", "2008-09-30": "-804.74400", "2008-06-30": "-746.20300", "2008-03-31": "-693.19400", "2007-12-31": "-626.76500", "2007-09-30": "-615.20000", "2007-06-30": "-602.38100", "2007-03-31": "-574.20100", "2006-12-31": "-575.82900", "2006-09-30": "-561.63600", "2006-06-30": "-558.96100", "2006-03-31": "-517.16800", "2005-12-31": "-464.88500", "2005-09-30": "-286.27400", "2005-06-30": "-432.15900", "2005-03-31": "-405.69900"}, "Comprehensive Income": {"2020-12-31": "-31.56800", "2020-09-30": "-32.45700", "2020-06-30": "-33.34600", "2020-03-31": "-34.23500", "2019-12-31": "-35.03600", "2019-09-30": "-42.10400", "2019-06-30": "-28.71700", "2019-03-31": "-14.01800", "2018-12-31": "-4.67600", "2018-09-30": "", "2018-06-30": "", "2018-03-31": "", "2017-12-31": "", "2017-09-30": "", "2017-06-30": "0.00000", "2017-03-31": "0.42600", "2016-12-31": "0.68200", "2016-09-30": "0.93800", "2016-06-30": "1.21600", "2016-03-31": "1.51100", "2015-12-31": "1.80600", "2015-09-30": "2.06600", "2015-06-30": "2.34000", "2015-03-31": "2.73900", "2014-12-31": "3.02600", "2014-09-30": "3.31300", "2014-06-30": "3.60000", "2014-03-31": "3.83200", "2013-12-31": "4.11900", "2013-09-30": "3.78000", "2013-06-30": "3.95000", "2013-03-31": "3.22800", "2012-12-31": "2.69100", "2012-09-30": "2.17700", "2012-06-30": "1.76700", "2012-03-31": "1.50600", "2011-12-31": "0.98700", "2011-09-30": "0.49300", "2011-06-30": "0.05600", "2011-03-31": "-0.66100", "2010-12-31": "-1.43200", "2010-09-30": "-2.18400", "2010-06-30": "-2.88800", "2010-03-31": "-4.90600", "2009-12-31": "-5.63000", "2009-09-30": "-6.44000", "2009-06-30": "-7.14900", "2009-03-31": "-8.03600", "2008-12-31": "-8.65200", "2008-09-30": "-7.90200", "2008-06-30": "-8.47200", "2008-03-31": "-9.71900", "2007-12-31": "-1.27900", "2007-09-30": "6.05300", "2007-06-30": "16.78400", "2007-03-31": "5.70300", "2006-12-31": "5.43500", "2006-09-30": "4.84000", "2006-06-30": "20.49600", "2006-03-31": "9.80500", "2005-12-31": "-7.11800", "2005-09-30": "-11.75300", "2005-06-30": "-25.23200", "2005-03-31": "-8.22600"}, "Other Share Holders Equity": {"2020-12-31": "", "2020-09-30": "", "2020-06-30": "", "2020-03-31": "", "2019-12-31": "", "2019-09-30": "", "2019-06-30": "", "2019-03-31": "", "2018-12-31": "", "2018-09-30": "", "2018-06-30": "", "2018-03-31": "", "2017-12-31": "", "2017-09-30": "", "2017-06-30": "", "2017-03-31": "", "2016-12-31": "", "2016-09-30": "", "2016-06-30": "", "2016-03-31": "", "2015-12-31": "", "2015-09-30": "", "2015-06-30": "", "2015-03-31": "", "2014-12-31": "", "2014-09-30": "", "2014-06-30": "", "2014-03-31": "", "2013-12-31": "", "2013-09-30": "", "2013-06-30": "", "2013-03-31": "", "2012-12-31": "", "2012-09-30": "", "2012-06-30": "", "2012-03-31": "", "2011-12-31": "", "2011-09-30": "", "2011-06-30": "", "2011-03-31": "", "2010-12-31": "", "2010-09-30": "", "2010-06-30": "", "2010-03-31": "", "2009-12-31": "", "2009-09-30": "", "2009-06-30": "", "2009-03-31": "", "2008-12-31": "", "2008-09-30": "", "2008-06-30": "", "2008-03-31": "", "2007-12-31": "", "2007-09-30": "", "2007-06-30": "", "2007-03-31": "", "2006-12-31": "", "2006-09-30": "", "2006-06-30": "", "2006-03-31": "", "2005-12-31": "", "2005-09-30": "", "2005-06-30": "", "2005-03-31": ""}, "Share Holder Equity": {"2020-12-31": "5234.44800", "2020-09-30": "5088.64700", "2020-06-30": "5057.41600", "2020-03-31": "5027.06200", "2019-12-31": "5080.26000", "2019-09-30": "5021.27200", "2019-06-30": "4702.12100", "2019-03-31": "4681.17100", "2018-12-31": "4713.24300", "2018-09-30": "4724.92400", "2018-06-30": "4708.97000", "2018-03-31": "4581.18400", "2017-12-31": "4574.37800", "2017-09-30": "4753.37500", "2017-06-30": "4663.45600", "2017-03-31": "3497.88000", "2016-12-31": "3493.29300", "2016-09-30": "3508.92200", "2016-06-30": "3340.20900", "2016-03-31": "3190.11700", "2015-12-31": "3204.80100", "2015-09-30": "3311.44300", "2015-06-30": "3291.84300", "2015-03-31": "2894.18300", "2014-12-31": "2879.88000", "2014-09-30": "3229.21000", "2014-06-30": "3251.86000", "2014-03-31": "3016.66200", "2013-12-31": "3044.62900", "2013-09-30": "3012.94400", "2013-06-30": "3042.46600", "2013-03-31": "3004.58100", "2012-12-31": "2626.11800", "2012-09-30": "2625.04100", "2012-06-30": "2619.37800", "2012-03-31": "2685.47000", "2011-12-31": "2779.65800", "2011-09-30": "2774.94300", "2011-06-30": "2954.77200", "2011-03-31": "3025.85000", "2010-12-31": "2989.90300", "2010-09-30": "3024.25900", "2010-06-30": "3081.30000", "2010-03-31": "2917.18800", "2009-12-31": "2967.86000", "2009-09-30": "3007.94000", "2009-06-30": "3376.95500", "2009-03-31": "2892.09600", "2008-12-31": "2899.97500", "2008-09-30": "2885.43000", "2008-06-30": "2935.02100", "2008-03-31": "2979.65300", "2007-12-31": "2750.03300", "2007-09-30": "2647.07900", "2007-06-30": "2614.74300", "2007-03-31": "2628.76400", "2006-12-31": "2503.58300", "2006-09-30": "2598.45600", "2006-06-30": "2614.04800", "2006-03-31": "2526.92900", "2005-12-31": "2452.79800", "2005-09-30": "2826.62900", "2005-06-30": "2759.28200", "2005-03-31": "2800.37400"}, "Total Liabilities And Share Holders Equity": {"2020-12-31": "9111.39400", "2020-09-30": "8743.02500", "2020-06-30": "8567.00900", "2020-03-31": "8574.28400", "2019-12-31": "8420.56200", "2019-09-30": "8262.95400", "2019-06-30": "8014.12700", "2019-03-31": "7962.48000", "2018-12-31": "7804.02400", "2018-09-30": "7824.81000", "2018-06-30": "7502.81800", "2018-03-31": "7427.67400", "2017-12-31": "7388.19600", "2017-09-30": "7297.47100", "2017-06-30": "7317.56900", "2017-03-31": "6958.51000", "2016-12-31": "6772.00200", "2016-09-30": "6862.08100", "2016-06-30": "6865.02500", "2016-03-31": "6896.96000", "2015-12-31": "6895.51500", "2015-09-30": "7139.90900", "2015-06-30": "7114.52100", "2015-03-31": "7730.50400", "2014-12-31": "7754.83900", "2014-09-30": "7884.19500", "2014-06-30": "7862.50400", "2014-03-31": "7767.36300", "2013-12-31": "7752.61400", "2013-09-30": "7886.83900", "2013-06-30": "7883.90200", "2013-03-31": "7802.09900", "2012-12-31": "7560.10100", "2012-09-30": "7190.11700", "2012-06-30": "7068.09000", "2012-03-31": "6872.40500", "2011-12-31": "7004.43700", "2011-09-30": "7504.66100", "2011-06-30": "7527.08500", "2011-03-31": "7527.49100", "2010-12-31": "7644.27600", "2010-09-30": "7559.78800", "2010-06-30": "7301.68700", "2010-03-31": "7092.26800", "2009-12-31": "7304.27900", "2009-09-30": "7438.94600", "2009-06-30": "7595.39600", "2009-03-31": "7676.41900", "2008-12-31": "7690.88300", "2008-09-30": "7842.86400", "2008-06-30": "7833.06900", "2008-03-31": "7760.24300", "2007-12-31": "7661.98100", "2007-09-30": "7416.84200", "2007-06-30": "7302.89800", "2007-03-31": "7272.48500", "2006-12-31": "7238.59500", "2006-09-30": "7273.54200", "2006-06-30": "7014.47300", "2006-03-31": "6704.01900", "2005-12-31": "5647.56000", "2005-09-30": "5657.03200", "2005-06-30": "6204.14500", "2005-03-31": "5945.87700"}}, "cash flow statement": {"Net Income/Loss": {"2020-12-31": "0.00000", "2019-12-31": "432.64400", "2018-12-31": "387.26800", "2017-12-31": "1654.34100", "2016-12-31": "315.27800", "2015-12-31": "621.86100", "2014-12-31": "246.45500", "2013-12-31": "196.54900", "2012-12-31": "-75.86800", "2011-12-31": "96.30900", "2010-12-31": "65.26200", "2009-12-31": "-271.49000", "2008-12-31": "110.40800", "2007-12-31": "291.05900", "2006-12-31": "204.14700", "2005-12-31": "355.66200"}, "Total Depreciation And Amortization - Cash Flow": {"2020-12-31": "", "2019-12-31": "333.75900", "2018-12-31": "318.08400", "2017-12-31": "304.87400", "2016-12-31": "323.14500", "2015-12-31": "327.84300", "2014-12-31": "394.40300", "2013-12-31": "422.01800", "2012-12-31": "392.74000", "2011-12-31": "400.20900", "2010-12-31": "374.08100", "2009-12-31": "353.80500", "2008-12-31": "328.59200", "2007-12-31": "288.90300", "2006-12-31": "262.88500", "2005-12-31": "260.32400"}, "Other Non-Cash Items": {"2020-12-31": "", "2019-12-31": "-268.98100", "2018-12-31": "-268.65600", "2017-12-31": "-1512.11500", "2016-12-31": "-198.08800", "2015-12-31": "-574.07800", "2014-12-31": "-244.08900", "2013-12-31": "-204.59700", "2012-12-31": "-31.01500", "2011-12-31": "-182.98200", "2010-12-31": "-117.07900", "2009-12-31": "270.32600", "2008-12-31": "176.97200", "2007-12-31": "-280.67400", "2006-12-31": "-220.89500", "2005-12-31": "-222.24000"}, "Total Non-Cash Items": {"2020-12-31": "", "2019-12-31": "64.77800", "2018-12-31": "49.42800", "2017-12-31": "-1207.24100", "2016-12-31": "125.05700", "2015-12-31": "-246.23500", "2014-12-31": "150.31400", "2013-12-31": "217.42100", "2012-12-31": "361.72500", "2011-12-31": "217.22700", "2010-12-31": "257.00200", "2009-12-31": "624.13100", "2008-12-31": "505.56400", "2007-12-31": "8.22900", "2006-12-31": "41.99000", "2005-12-31": "38.08400"}, "Change In Accounts Receivable": {"2020-12-31": "", "2019-12-31": "", "2018-12-31": "", "2017-12-31": "", "2016-12-31": "", "2015-12-31": "", "2014-12-31": "", "2013-12-31": "", "2012-12-31": "", "2011-12-31": "", "2010-12-31": "", "2009-12-31": "", "2008-12-31": "", "2007-12-31": "", "2006-12-31": "", "2005-12-31": ""}, "Change In Inventories": {"2020-12-31": "", "2019-12-31": "", "2018-12-31": "", "2017-12-31": "", "2016-12-31": "", "2015-12-31": "", "2014-12-31": "", "2013-12-31": "", "2012-12-31": "", "2011-12-31": "", "2010-12-31": "", "2009-12-31": "", "2008-12-31": "", "2007-12-31": "", "2006-12-31": "", "2005-12-31": ""}, "Change In Accounts Payable": {"2020-12-31": "", "2019-12-31": "", "2018-12-31": "", "2017-12-31": "", "2016-12-31": "", "2015-12-31": "", "2014-12-31": "", "2013-12-31": "", "2012-12-31": "", "2011-12-31": "", "2010-12-31": "", "2009-12-31": "", "2008-12-31": "", "2007-12-31": "", "2006-12-31": "", "2005-12-31": ""}, "Change In Assets/Liabilities": {"2020-12-31": "", "2019-12-31": "8.47600", "2018-12-31": "47.71100", "2017-12-31": "3.10400", "2016-12-31": "16.68200", "2015-12-31": "11.02500", "2014-12-31": "47.71800", "2013-12-31": "21.70600", "2012-12-31": "13.30000", "2011-12-31": "24.00100", "2010-12-31": "68.89200", "2009-12-31": "47.83100", "2008-12-31": "26.87500", "2007-12-31": "24.64300", "2006-12-31": "26.75200", "2005-12-31": "15.35600"}, "Total Change In Assets/Liabilities": {"2020-12-31": "", "2019-12-31": "8.47600", "2018-12-31": "47.71100", "2017-12-31": "3.10400", "2016-12-31": "16.68200", "2015-12-31": "11.02500", "2014-12-31": "47.71800", "2013-12-31": "21.70600", "2012-12-31": "13.30000", "2011-12-31": "24.00100", "2010-12-31": "68.89200", "2009-12-31": "47.83100", "2008-12-31": "26.87500", "2007-12-31": "24.64300", "2006-12-31": "26.75200", "2005-12-31": "15.35600"}, "Cash Flow From Operating Activities": {"2020-12-31": "", "2019-12-31": "505.89800", "2018-12-31": "484.40700", "2017-12-31": "450.20400", "2016-12-31": "457.01700", "2015-12-31": "386.65100", "2014-12-31": "444.48700", "2013-12-31": "435.67600", "2012-12-31": "299.15700", "2011-12-31": "337.53700", "2010-12-31": "391.15600", "2009-12-31": "400.47200", "2008-12-31": "642.84700", "2007-12-31": "323.93100", "2006-12-31": "272.88900", "2005-12-31": "409.10200"}, "Net Change In Property, Plant, And Equipment": {"2020-12-31": "", "2019-12-31": "-449.89000", "2018-12-31": "-363.72800", "2017-12-31": "1677.39500", "2016-12-31": "-21.56700", "2015-12-31": "1203.44300", "2014-12-31": "-120.48200", "2013-12-31": "144.23100", "2012-12-31": "-255.46500", "2011-12-31": "1296.66900", "2010-12-31": "276.98900", "2009-12-31": "-97.08800", "2008-12-31": "-435.40000", "2007-12-31": "-373.47890", "2006-12-31": "-723.60800", "2005-12-31": "713.04100"}, "Net Change In Intangible Assets": {"2020-12-31": "", "2019-12-31": "-210.22400", "2018-12-31": "-348.10700", "2017-12-31": "-982.59800", "2016-12-31": "-170.63500", "2015-12-31": "-28.84900", "2014-12-31": "-125.22700", "2013-12-31": "-445.51400", "2012-12-31": "-665.52700", "2011-12-31": "-544.81600", "2010-12-31": "-488.53900", "2009-12-31": "-31.65800", "2008-12-31": "-20.12300", "2007-12-31": "-116.02100", "2006-12-31": "-735.29400", "2005-12-31": "-285.34200"}, "Net Acquisitions/Divestitures": {"2020-12-31": "", "2019-12-31": "", "2018-12-31": "", "2017-12-31": "", "2016-12-31": "", "2015-12-31": "", "2014-12-31": "", "2013-12-31": "", "2012-12-31": "", "2011-12-31": "", "2010-12-31": "", "2009-12-31": "", "2008-12-31": "", "2007-12-31": "", "2006-12-31": "", "2005-12-31": ""}, "Net Change In Short-term Investments": {"2020-12-31": "", "2019-12-31": "", "2018-12-31": "", "2017-12-31": "", "2016-12-31": "", "2015-12-31": "", "2014-12-31": "", "2013-12-31": "", "2012-12-31": "", "2011-12-31": "", "2010-12-31": "", "2009-12-31": "", "2008-12-31": "", "2007-12-31": "", "2006-12-31": "", "2005-12-31": ""}, "Net Change In Long-Term Investments": {"2020-12-31": "", "2019-12-31": "", "2018-12-31": "", "2017-12-31": "", "2016-12-31": "", "2015-12-31": "", "2014-12-31": "", "2013-12-31": "", "2012-12-31": "", "2011-12-31": "", "2010-12-31": "", "2009-12-31": "", "2008-12-31": "", "2007-12-31": "", "2006-12-31": "", "2005-12-31": ""}, "Net Change In Investments - Total": {"2020-12-31": "", "2019-12-31": "", "2018-12-31": "", "2017-12-31": "", "2016-12-31": "", "2015-12-31": "", "2014-12-31": "", "2013-12-31": "", "2012-12-31": "", "2011-12-31": "", "2010-12-31": "", "2009-12-31": "", "2008-12-31": "", "2007-12-31": "", "2006-12-31": "", "2005-12-31": ""}, "Investing Activities - Other": {"2020-12-31": "", "2019-12-31": "105.04000", "2018-12-31": "117.40500", "2017-12-31": "81.11500", "2016-12-31": "222.30100", "2015-12-31": "-53.29500", "2014-12-31": "38.67800", "2013-12-31": "-18.09900", "2012-12-31": "-46.62400", "2011-12-31": "-0.91800", "2010-12-31": "-77.24000", "2009-12-31": "-47.20200", "2008-12-31": "-67.06900", "2007-12-31": "54.68100", "2006-12-31": "224.84200", "2005-12-31": "-104.48000"}, "Cash Flow From Investing Activities": {"2020-12-31": "", "2019-12-31": "-555.07400", "2018-12-31": "-594.43000", "2017-12-31": "775.91200", "2016-12-31": "30.09900", "2015-12-31": "1121.29900", "2014-12-31": "-207.03100", "2013-12-31": "-319.38200", "2012-12-31": "-967.61600", "2011-12-31": "750.93500", "2010-12-31": "-288.79000", "2009-12-31": "-175.94800", "2008-12-31": "-522.59200", "2007-12-31": "-434.81900", "2006-12-31": "-1234.06000", "2005-12-31": "323.21900"}, "Net Long-Term Debt": {"2020-12-31": "", "2019-12-31": "250.95700", "2018-12-31": "240.57600", "2017-12-31": "-512.78500", "2016-12-31": "-442.87200", "2015-12-31": "-1193.80800", "2014-12-31": "203.03100", "2013-12-31": "-299.27700", "2012-12-31": "537.91000", "2011-12-31": "-536.21000", "2010-12-31": "-168.22300", "2009-12-31": "-395.88300", "2008-12-31": "-54.48700", "2007-12-31": "320.79000", "2006-12-31": "1292.56900", "2005-12-31": "71.32500"}, "Net Current Debt": {"2020-12-31": "", "2019-12-31": "", "2018-12-31": "", "2017-12-31": "", "2016-12-31": "", "2015-12-31": "", "2014-12-31": "", "2013-12-31": "", "2012-12-31": "", "2011-12-31": "", "2010-12-31": "", "2009-12-31": "", "2008-12-31": "", "2007-12-31": "", "2006-12-31": "", "2005-12-31": ""}, "Debt Issuance/Retirement Net - Total": {"2020-12-31": "", "2019-12-31": "250.95700", "2018-12-31": "240.57600", "2017-12-31": "-512.78500", "2016-12-31": "-442.87200", "2015-12-31": "-1193.80800", "2014-12-31": "203.03100", "2013-12-31": "-299.27700", "2012-12-31": "537.91000", "2011-12-31": "-536.21000", "2010-12-31": "-168.22300", "2009-12-31": "-395.88300", "2008-12-31": "-54.48700", "2007-12-31": "320.79000", "2006-12-31": "1292.56900", "2005-12-31": "71.32500"}, "Net Common Equity Issued/Repurchased": {"2020-12-31": "", "2019-12-31": "272.76100", "2018-12-31": "34.91300", "2017-12-31": "12.92600", "2016-12-31": "220.25800", "2015-12-31": "4.53000", "2014-12-31": "-157.47000", "2013-12-31": "471.73500", "2012-12-31": "147.02300", "2011-12-31": "-110.72600", "2010-12-31": "298.00400", "2009-12-31": "551.13600", "2008-12-31": "17.10000", "2007-12-31": "240.80200", "2006-12-31": "-121.57700", "2005-12-31": "-285.88700"}, "Net Total Equity Issued/Repurchased": {"2020-12-31": "", "2019-12-31": "272.76100", "2018-12-31": "34.91300", "2017-12-31": "12.92600", "2016-12-31": "220.25800", "2015-12-31": "4.53000", "2014-12-31": "-157.47000", "2013-12-31": "471.73500", "2012-12-31": "147.02300", "2011-12-31": "-110.72600", "2010-12-31": "179.21700", "2009-12-31": "551.13600", "2008-12-31": "294.70900", "2007-12-31": "108.53000", "2006-12-31": "87.40700", "2005-12-31": "-285.88700"}, "Total Common And Preferred Stock Dividends Paid": {"2020-12-31": "", "2019-12-31": "-321.35000", "2018-12-31": "-293.95800", "2017-12-31": "-588.71400", "2016-12-31": "-257.91900", "2015-12-31": "-309.92300", "2014-12-31": "-258.41300", "2013-12-31": "-251.91300", "2012-12-31": "-228.33000", "2011-12-31": "-232.16700", "2010-12-31": "-231.48300", "2009-12-31": "-224.78400", "2008-12-31": "-354.81400", "2007-12-31": "-343.56600", "2006-12-31": "-336.12800", "2005-12-31": "-496.01700"}, "Financial Activities - Other": {"2020-12-31": "", "2019-12-31": "-57.27800", "2018-12-31": "-39.61800", "2017-12-31": "-0.95300", "2016-12-31": "-11.50300", "2015-12-31": "-4.13800", "2014-12-31": "-25.95700", "2013-12-31": "-51.45300", "2012-12-31": "31.93600", "2011-12-31": "-13.94400", "2010-12-31": "-10.81500", "2009-12-31": "-30.20300", "2008-12-31": "-31.14300", "2007-12-31": "4.66300", "2006-12-31": "-40.92600", "2005-12-31": "-0.59900"}, "Cash Flow From Financial Activities": {"2020-12-31": "", "2019-12-31": "145.09000", "2018-12-31": "-58.08700", "2017-12-31": "-1089.52600", "2016-12-31": "-492.03600", "2015-12-31": "-1503.33900", "2014-12-31": "-238.80900", "2013-12-31": "-130.90800", "2012-12-31": "488.53900", "2011-12-31": "-893.04700", "2010-12-31": "-231.30400", "2009-12-31": "-99.73400", "2008-12-31": "-145.73500", "2007-12-31": "90.41700", "2006-12-31": "1002.92200", "2005-12-31": "-711.17800"}, "Net Cash Flow": {"2020-12-31": "", "2019-12-31": "95.91400", "2018-12-31": "-168.11000", "2017-12-31": "136.59000", "2016-12-31": "-4.92000", "2015-12-31": "4.61100", "2014-12-31": "-1.35300", "2013-12-31": "-14.61400", "2012-12-31": "-179.92000", "2011-12-31": "195.42500", "2010-12-31": "-128.93800", "2009-12-31": "124.79000", "2008-12-31": "-25.48000", "2007-12-31": "-20.47100", "2006-12-31": "41.75100", "2005-12-31": "21.14300"}, "Stock-Based Compensation": {"2020-12-31": "", "2019-12-31": "", "2018-12-31": "", "2017-12-31": "", "2016-12-31": "", "2015-12-31": "", "2014-12-31": "", "2013-12-31": "", "2012-12-31": "", "2011-12-31": "", "2010-12-31": "", "2009-12-31": "", "2008-12-31": "", "2007-12-31": "", "2006-12-31": "", "2005-12-31": ""}, "Common Stock Dividends Paid": {"2020-12-31": "", "2019-12-31": "-321.35000", "2018-12-31": "-293.95800", "2017-12-31": "-588.71400", "2016-12-31": "-257.91900", "2015-12-31": "-309.92300", "2014-12-31": "-231.01800", "2013-12-31": "-220.29700", "2012-12-31": "-181.89200", "2011-12-31": "-171.81400", "2010-12-31": "-162.01500", "2009-12-31": "-151.33300", "2008-12-31": "-283.37500", "2007-12-31": "-285.27400", "2006-12-31": "-279.70900", "2005-12-31": "-449.53800"}}, "cash flow statement, quarterly": {"Net Income/Loss": {"2020-12-31": -132.396, "2020-09-30": 72.516, "2020-06-30": 40.22, "2020-03-31": "19.66000", "2019-12-31": 87.522, "2019-09-30": 228.531, "2019-06-30": 71.668, "2019-03-31": "44.92300", "2018-12-31": 64.426, "2018-09-30": 53.523, "2018-06-30": 195.671, "2018-03-31": "73.64800", "2017-12-31": -1393.394, "2017-09-30": 165.627, "2017-06-30": 1227.767, "2017-03-31": "70.78100", "2016-12-31": 48.18, "2016-09-30": 113.159, "2016-06-30": 110.183, "2016-03-31": "43.75600", "2015-12-31": 24.519, "2015-09-30": 77.208, "2015-06-30": 454.165, "2015-03-31": "65.96900", "2014-12-31": 12.8, "2014-09-30": 71.557, "2014-06-30": 136.527, "2014-03-31": "25.57100", "2013-12-31": 81.257, "2013-09-30": 1.337, "2013-06-30": 69.832, "2013-03-31": "44.12300", "2012-12-31": -22.481, "2012-09-30": -17.549, "2012-06-30": -17.728, "2012-03-31": "-18.11000", "2011-12-31": 60.247, "2011-09-30": -14.869, "2011-06-30": -13.858, "2011-03-31": "64.78900", "2010-12-31": 25.819, "2010-09-30": 57.435, "2010-06-30": -20.64, "2010-03-31": "2.64800", "2009-12-31": 15.172, "2009-09-30": -314.151, "2009-06-30": -15.098, "2009-03-31": "42.58700", "2008-12-31": 25.513, "2008-09-30": 30.942, "2008-06-30": 36.228, "2008-03-31": "17.72500", "2007-12-31": 86.354, "2007-09-30": 68.614, "2007-06-30": 52.302, "2007-03-31": "83.78900", "2006-12-31": 65.422, "2006-09-30": 76.96, "2006-06-30": 34.972, "2006-03-31": "26.79300", "2005-12-31": 41.675, "2005-09-30": 224.967, "2005-06-30": 51.919, "2005-03-31": "37.10100"}, "Total Depreciation And Amortization - Cash Flow": {"2020-12-31": -267.473, "2020-09-30": 90.933, "2020-06-30": 88.962, "2020-03-31": "87.57800", "2019-12-31": 86.233, "2019-09-30": 85.409, "2019-06-30": 84.563, "2019-03-31": "77.55400", "2018-12-31": 81.565, "2018-09-30": 80.318, "2018-06-30": 77.254, "2018-03-31": "78.94700", "2017-12-31": -144.09, "2017-09-30": 69.406, "2017-06-30": 74.684, "2017-03-31": "82.87300", "2016-12-31": 80.5, "2016-09-30": 82.078, "2016-06-30": 81.451, "2016-03-31": "79.11600", "2015-12-31": 78.648, "2015-09-30": 81.606, "2015-06-30": 80.039, "2015-03-31": "87.55000", "2014-12-31": 96.075, "2014-09-30": 97.381, "2014-06-30": 100.184, "2014-03-31": "100.76300", "2013-12-31": 108.628, "2013-09-30": 107.484, "2013-06-30": 102.619, "2013-03-31": "103.28700", "2012-12-31": 102.524, "2012-09-30": 98.491, "2012-06-30": 96.223, "2012-03-31": "95.50200", "2011-12-31": 96.71, "2011-09-30": 101.054, "2011-06-30": 103.82, "2011-03-31": "98.62500", "2010-12-31": 99.503, "2010-09-30": 101.313, "2010-06-30": 85.471, "2010-03-31": "87.79400", "2009-12-31": 88.998, "2009-09-30": 91.035, "2009-06-30": 90.157, "2009-03-31": "83.61500", "2008-12-31": 87.502, "2008-09-30": 78.738, "2008-06-30": 79.832, "2008-03-31": "82.52000", "2007-12-31": 72.163, "2007-09-30": 75.154, "2007-06-30": 70.982, "2007-03-31": "70.60400", "2006-12-31": 66.68, "2006-09-30": 66.638, "2006-06-30": 67.278, "2006-03-31": "62.28900", "2005-12-31": 60.664, "2005-09-30": 69.223, "2005-06-30": 65.667, "2005-03-31": "64.77000"}, "Other Non-Cash Items": {"2020-12-31": 3.342, "2020-09-30": -16.62, "2020-06-30": -0.772, "2020-03-31": "14.05000", "2019-12-31": -53.55, "2019-09-30": -184.494, "2019-06-30": -33.912, "2019-03-31": "2.97500", "2018-12-31": -37.317, "2018-09-30": -11.677, "2018-06-30": -160.367, "2018-03-31": "-59.29500", "2017-12-31": 1314.9, "2017-09-30": -126.276, "2017-06-30": -1188.624, "2017-03-31": "-40.21300", "2016-12-31": -20.943, "2016-09-30": -83.915, "2016-06-30": -66.375, "2016-03-31": "-26.85500", "2015-12-31": 1.37, "2015-09-30": -75.301, "2015-06-30": -441.339, "2015-03-31": "-58.80800", "2014-12-31": -15.185, "2014-09-30": -58.847, "2014-06-30": -136.771, "2014-03-31": "-33.28600", "2013-12-31": -82.172, "2013-09-30": 8.795, "2013-06-30": -83.505, "2013-03-31": "-47.71500", "2012-12-31": -10.343, "2012-09-30": -7.482, "2012-06-30": -4.257, "2012-03-31": "-8.93300", "2011-12-31": -73.919, "2011-09-30": 0.284, "2011-06-30": -16.903, "2011-03-31": "-92.44400", "2010-12-31": -32.617, "2010-09-30": -64.772, "2010-06-30": 7.743, "2010-03-31": "-27.43300", "2009-12-31": -15.203, "2009-09-30": 305.085, "2009-06-30": 29.777, "2009-03-31": "-49.33300", "2008-12-31": 180.113, "2008-09-30": 100.154, "2008-06-30": -38.683, "2008-03-31": "-64.61200", "2007-12-31": 14.448, "2007-09-30": -92.179, "2007-06-30": -93.275, "2007-03-31": "-109.66800", "2006-12-31": -0.747, "2006-09-30": -100.207, "2006-06-30": -70.604, "2006-03-31": "-49.33700", "2005-12-31": -24.852, "2005-09-30": -176.264, "2005-06-30": -8.586, "2005-03-31": "-12.53800"}, "Total Non-Cash Items": {"2020-12-31": -264.131, "2020-09-30": 74.313, "2020-06-30": 88.19, "2020-03-31": "101.62800", "2019-12-31": 32.683, "2019-09-30": -99.085, "2019-06-30": 50.651, "2019-03-31": "80.52900", "2018-12-31": 44.248, "2018-09-30": 68.641, "2018-06-30": -83.113, "2018-03-31": "19.65200", "2017-12-31": 1170.81, "2017-09-30": -56.87, "2017-06-30": -1113.94, "2017-03-31": "42.66000", "2016-12-31": 59.557, "2016-09-30": -1.837, "2016-06-30": 15.076, "2016-03-31": "52.26100", "2015-12-31": 80.018, "2015-09-30": 6.305, "2015-06-30": -361.3, "2015-03-31": "28.74200", "2014-12-31": 80.89, "2014-09-30": 38.534, "2014-06-30": -36.587, "2014-03-31": "67.47700", "2013-12-31": 26.456, "2013-09-30": 116.279, "2013-06-30": 19.114, "2013-03-31": "55.57200", "2012-12-31": 92.181, "2012-09-30": 91.009, "2012-06-30": 91.966, "2012-03-31": "86.56900", "2011-12-31": 22.791, "2011-09-30": 101.338, "2011-06-30": 86.917, "2011-03-31": "6.18100", "2010-12-31": 66.886, "2010-09-30": 36.541, "2010-06-30": 93.214, "2010-03-31": "60.36100", "2009-12-31": 73.795, "2009-09-30": 396.12, "2009-06-30": 119.934, "2009-03-31": "34.28200", "2008-12-31": 267.615, "2008-09-30": 178.892, "2008-06-30": 41.149, "2008-03-31": "17.90800", "2007-12-31": 86.611, "2007-09-30": -17.025, "2007-06-30": -22.293, "2007-03-31": "-39.06400", "2006-12-31": 65.933, "2006-09-30": -33.569, "2006-06-30": -3.326, "2006-03-31": "12.95200", "2005-12-31": 35.812, "2005-09-30": -107.041, "2005-06-30": 57.081, "2005-03-31": "52.23200"}, "Change In Accounts Receivable": {"2020-12-31": 0, "2020-09-30": 0, "2020-06-30": 0, "2020-03-31": "", "2019-12-31": 0, "2019-09-30": 0, "2019-06-30": 0, "2019-03-31": "", "2018-12-31": 0, "2018-09-30": 0, "2018-06-30": 0, "2018-03-31": "", "2017-12-31": 0, "2017-09-30": 0, "2017-06-30": 0, "2017-03-31": "", "2016-12-31": 0, "2016-09-30": 0, "2016-06-30": 0, "2016-03-31": "", "2015-12-31": 0, "2015-09-30": 0, "2015-06-30": 0, "2015-03-31": "", "2014-12-31": 0, "2014-09-30": 0, "2014-06-30": 0, "2014-03-31": "", "2013-12-31": 0, "2013-09-30": 0, "2013-06-30": 0, "2013-03-31": "", "2012-12-31": 0, "2012-09-30": 0, "2012-06-30": 0, "2012-03-31": "", "2011-12-31": 0, "2011-09-30": 0, "2011-06-30": 0, "2011-03-31": "", "2010-12-31": 0, "2010-09-30": 0, "2010-06-30": 0, "2010-03-31": "", "2009-12-31": 0, "2009-09-30": 0, "2009-06-30": 0, "2009-03-31": "", "2008-12-31": 0, "2008-09-30": 0, "2008-06-30": 0, "2008-03-31": "", "2007-12-31": 0, "2007-09-30": 0, "2007-06-30": 0, "2007-03-31": "", "2006-12-31": 0, "2006-09-30": 0, "2006-06-30": 0, "2006-03-31": "", "2005-12-31": 0, "2005-09-30": 0, "2005-06-30": 0, "2005-03-31": ""}, "Change In Inventories": {"2020-12-31": 0, "2020-09-30": 0, "2020-06-30": 0, "2020-03-31": "", "2019-12-31": 0, "2019-09-30": 0, "2019-06-30": 0, "2019-03-31": "", "2018-12-31": 0, "2018-09-30": 0, "2018-06-30": 0, "2018-03-31": "", "2017-12-31": 0, "2017-09-30": 0, "2017-06-30": 0, "2017-03-31": "", "2016-12-31": 0, "2016-09-30": 0, "2016-06-30": 0, "2016-03-31": "", "2015-12-31": 0, "2015-09-30": 0, "2015-06-30": 0, "2015-03-31": "", "2014-12-31": 0, "2014-09-30": 0, "2014-06-30": 0, "2014-03-31": "", "2013-12-31": 0, "2013-09-30": 0, "2013-06-30": 0, "2013-03-31": "", "2012-12-31": 0, "2012-09-30": 0, "2012-06-30": 0, "2012-03-31": "", "2011-12-31": 0, "2011-09-30": 0, "2011-06-30": 0, "2011-03-31": "", "2010-12-31": 0, "2010-09-30": 0, "2010-06-30": 0, "2010-03-31": "", "2009-12-31": 0, "2009-09-30": 0, "2009-06-30": 0, "2009-03-31": "", "2008-12-31": 0, "2008-09-30": 0, "2008-06-30": 0, "2008-03-31": "", "2007-12-31": 0, "2007-09-30": 0, "2007-06-30": 0, "2007-03-31": "", "2006-12-31": 0, "2006-09-30": 0, "2006-06-30": 0, "2006-03-31": "", "2005-12-31": 0, "2005-09-30": 0, "2005-06-30": 0, "2005-03-31": ""}, "Change In Accounts Payable": {"2020-12-31": 0, "2020-09-30": 0, "2020-06-30": 0, "2020-03-31": "", "2019-12-31": 0, "2019-09-30": 0, "2019-06-30": 0, "2019-03-31": "", "2018-12-31": 0, "2018-09-30": 0, "2018-06-30": 0, "2018-03-31": "", "2017-12-31": 0, "2017-09-30": 0, "2017-06-30": 0, "2017-03-31": "", "2016-12-31": 0, "2016-09-30": 0, "2016-06-30": 0, "2016-03-31": "", "2015-12-31": 0, "2015-09-30": 0, "2015-06-30": 0, "2015-03-31": "", "2014-12-31": 0, "2014-09-30": 0, "2014-06-30": 0, "2014-03-31": "", "2013-12-31": 0, "2013-09-30": 0, "2013-06-30": 0, "2013-03-31": "", "2012-12-31": 0, "2012-09-30": 0, "2012-06-30": 0, "2012-03-31": "", "2011-12-31": 0, "2011-09-30": 0, "2011-06-30": 0, "2011-03-31": "", "2010-12-31": 0, "2010-09-30": 0, "2010-06-30": 0, "2010-03-31": "", "2009-12-31": 0, "2009-09-30": 0, "2009-06-30": 0, "2009-03-31": "", "2008-12-31": 0, "2008-09-30": 0, "2008-06-30": 0, "2008-03-31": "", "2007-12-31": 0, "2007-09-30": 0, "2007-06-30": 0, "2007-03-31": "", "2006-12-31": 0, "2006-09-30": 0, "2006-06-30": 0, "2006-03-31": "", "2005-12-31": 0, "2005-09-30": 0, "2005-06-30": 0, "2005-03-31": ""}, "Change In Assets/Liabilities": {"2020-12-31": -42.415, "2020-09-30": 30.955, "2020-06-30": 18.198, "2020-03-31": "-6.73800", "2019-12-31": -18.394, "2019-09-30": 16.849, "2019-06-30": 20.914, "2019-03-31": "-10.89300", "2018-12-31": 4.084, "2018-09-30": 18.867, "2018-06-30": 4.898, "2018-03-31": "19.86200", "2017-12-31": -29.581, "2017-09-30": 21.78, "2017-06-30": 7.566, "2017-03-31": "-3.49800", "2016-12-31": -5.15, "2016-09-30": 44.907, "2016-06-30": 0.071, "2016-03-31": "-23.14600", "2015-12-31": 3.896, "2015-09-30": 19.053, "2015-06-30": 40.109, "2015-03-31": "-52.03300", "2014-12-31": 29.798, "2014-09-30": 6.878, "2014-06-30": 44.953, "2014-03-31": "-33.91100", "2013-12-31": 10.339, "2013-09-30": 1.803, "2013-06-30": 35.825, "2013-03-31": "-26.26100", "2012-12-31": 27.921, "2012-09-30": -12.37, "2012-06-30": 40.865, "2012-03-31": "-43.11600", "2011-12-31": 9.415, "2011-09-30": 14.323, "2011-06-30": 43.208, "2011-03-31": "-42.94500", "2010-12-31": 55.599, "2010-09-30": 0.478, "2010-06-30": 55.627, "2010-03-31": "-42.81200", "2009-12-31": 7.747, "2009-09-30": 34.033, "2009-06-30": 34.492, "2009-03-31": "-28.44100", "2008-12-31": 20.455, "2008-09-30": 1.573, "2008-06-30": 38.257, "2008-03-31": "-33.41000", "2007-12-31": 15.652, "2007-09-30": 2.242, "2007-06-30": 39.339, "2007-03-31": "-32.59000", "2006-12-31": 33.056, "2006-09-30": -19.236, "2006-06-30": 23.877, "2006-03-31": "-10.94500", "2005-12-31": 7.713, "2005-09-30": 11.658, "2005-06-30": 20.467, "2005-03-31": "-24.48200"}, "Total Change In Assets/Liabilities": {"2020-12-31": -42.415, "2020-09-30": 30.955, "2020-06-30": 18.198, "2020-03-31": "-6.73800", "2019-12-31": -18.394, "2019-09-30": 16.849, "2019-06-30": 20.914, "2019-03-31": "-10.89300", "2018-12-31": 4.084, "2018-09-30": 18.867, "2018-06-30": 4.898, "2018-03-31": "19.86200", "2017-12-31": -29.581, "2017-09-30": 21.78, "2017-06-30": 7.566, "2017-03-31": "-3.49800", "2016-12-31": -5.15, "2016-09-30": 44.907, "2016-06-30": 0.071, "2016-03-31": "-23.14600", "2015-12-31": 3.896, "2015-09-30": 19.053, "2015-06-30": 40.109, "2015-03-31": "-52.03300", "2014-12-31": 29.798, "2014-09-30": 6.878, "2014-06-30": 44.953, "2014-03-31": "-33.91100", "2013-12-31": 10.339, "2013-09-30": 1.803, "2013-06-30": 35.825, "2013-03-31": "-26.26100", "2012-12-31": 27.921, "2012-09-30": -12.37, "2012-06-30": 40.865, "2012-03-31": "-43.11600", "2011-12-31": 9.415, "2011-09-30": 14.323, "2011-06-30": 43.208, "2011-03-31": "-42.94500", "2010-12-31": 55.599, "2010-09-30": 0.478, "2010-06-30": 55.627, "2010-03-31": "-42.81200", "2009-12-31": 7.747, "2009-09-30": 34.033, "2009-06-30": 34.492, "2009-03-31": "-28.44100", "2008-12-31": 20.455, "2008-09-30": 1.573, "2008-06-30": 38.257, "2008-03-31": "-33.41000", "2007-12-31": 15.652, "2007-09-30": 2.242, "2007-06-30": 39.339, "2007-03-31": "-32.59000", "2006-12-31": 33.056, "2006-09-30": -19.236, "2006-06-30": 23.877, "2006-03-31": "-10.94500", "2005-12-31": 7.713, "2005-09-30": 11.658, "2005-06-30": 20.467, "2005-03-31": "-24.48200"}, "Cash Flow From Operating Activities": {"2020-12-31": -438.942, "2020-09-30": 177.784, "2020-06-30": 146.608, "2020-03-31": "114.55000", "2019-12-31": 101.811, "2019-09-30": 146.295, "2019-06-30": 143.233, "2019-03-31": "114.55900", "2018-12-31": 112.758, "2018-09-30": 141.031, "2018-06-30": 117.456, "2018-03-31": "113.16200", "2017-12-31": -252.165, "2017-09-30": 130.537, "2017-06-30": 121.393, "2017-03-31": "109.94300", "2016-12-31": 102.587, "2016-09-30": 156.229, "2016-06-30": 125.33, "2016-03-31": "72.87100", "2015-12-31": 108.433, "2015-09-30": 102.566, "2015-06-30": 132.974, "2015-03-31": "42.67800", "2014-12-31": 123.488, "2014-09-30": 116.969, "2014-06-30": 144.893, "2014-03-31": "59.13700", "2013-12-31": 118.052, "2013-09-30": 119.419, "2013-06-30": 124.771, "2013-03-31": "73.43400", "2012-12-31": 97.621, "2012-09-30": 61.09, "2012-06-30": 115.103, "2012-03-31": "25.34300", "2011-12-31": 92.453, "2011-09-30": 100.792, "2011-06-30": 116.267, "2011-03-31": "28.02500", "2010-12-31": 148.304, "2010-09-30": 94.454, "2010-06-30": 128.201, "2010-03-31": "20.19700", "2009-12-31": 96.714, "2009-09-30": 116.002, "2009-06-30": 139.328, "2009-03-31": "48.42800", "2008-12-31": 313.583, "2008-09-30": 211.407, "2008-06-30": 115.634, "2008-03-31": "2.22300", "2007-12-31": 188.617, "2007-09-30": 53.831, "2007-06-30": 69.348, "2007-03-31": "12.13500", "2006-12-31": 164.411, "2006-09-30": 24.155, "2006-06-30": 55.523, "2006-03-31": "28.80000", "2005-12-31": 85.2, "2005-09-30": 129.584, "2005-06-30": 129.467, "2005-03-31": "64.85100"}, "Net Change In Property, Plant, And Equipment": {"2020-12-31": 537.37, "2020-09-30": -125.746, "2020-06-30": -172.677, "2020-03-31": "-238.94700", "2019-12-31": -248.648, "2019-09-30": 236.083, "2019-06-30": -213.586, "2019-03-31": "-223.73900", "2018-12-31": -110.317, "2018-09-30": -334.953, "2018-06-30": 121.764, "2018-03-31": "-40.22200", "2017-12-31": -1760.246, "2017-09-30": 99.944, "2017-06-30": 1670.733, "2017-03-31": "-70.47400", "2016-12-31": 34.276, "2016-09-30": 40.017, "2016-06-30": -3.447, "2016-03-31": "-92.41300", "2015-12-31": -23.964, "2015-09-30": 87.68, "2015-06-30": 1114.085, "2015-03-31": "25.64200", "2014-12-31": -14.555, "2014-09-30": -36.225, "2014-06-30": -13.061, "2014-03-31": "-56.64100", "2013-12-31": 224.342, "2013-09-30": -54.711, "2013-06-30": 38.621, "2013-03-31": "-64.02100", "2012-12-31": -154.518, "2012-09-30": -30.943, "2012-06-30": -76.105, "2012-03-31": "6.10100", "2011-12-31": 993.214, "2011-09-30": -74.865, "2011-06-30": -4.38, "2011-03-31": "382.70000", "2010-12-31": 235.661, "2010-09-30": -14.234, "2010-06-30": -0.173, "2010-03-31": "55.73500", "2009-12-31": 70.636, "2009-09-30": -76.549, "2009-06-30": -45.486, "2009-03-31": "-45.68900", "2008-12-31": -67.376, "2008-09-30": -119.058, "2008-06-30": -91.169, "2008-03-31": "-157.79700", "2007-12-31": -260.8189, "2007-09-30": -43.932, "2007-06-30": -102.821, "2007-03-31": "34.09300", "2006-12-31": -179.902, "2006-09-30": -92.619, "2006-06-30": -158.556, "2006-03-31": "-292.53100", "2005-12-31": -103.8421, "2005-09-30": 890.4091, "2005-06-30": -6.806, "2005-03-31": "-66.72000"}, "Net Change In Intangible Assets": {"2020-12-31": 85.465, "2020-09-30": -85.465, "2020-06-30": 0, "2020-03-31": "", "2019-12-31": -63.592, "2019-09-30": -146.632, "2019-06-30": 0, "2019-03-31": "", "2018-12-31": -139.193, "2018-09-30": 0, "2018-06-30": -186.113, "2018-03-31": "-22.80100", "2017-12-31": 506.5, "2017-09-30": -383.397, "2017-06-30": -123.103, "2017-03-31": "-114.36900", "2016-12-31": -154.606, "2016-09-30": 0, "2016-06-30": -16.029, "2016-03-31": "", "2015-12-31": 0, "2015-09-30": -7.92, "2015-06-30": -20.039, "2015-03-31": "-0.89000", "2014-12-31": -31.195, "2014-09-30": -8.85, "2014-06-30": -67.958, "2014-03-31": "-17.22400", "2013-12-31": -72.58, "2013-09-30": -38.647, "2013-06-30": -298.792, "2013-03-31": "-35.49500", "2012-12-31": -344.428, "2012-09-30": -90.058, "2012-06-30": -99.526, "2012-03-31": "-131.51500", "2011-12-31": -365.769, "2011-09-30": -79.23, "2011-06-30": -77.556, "2011-03-31": "-22.26100", "2010-12-31": -227.662, "2010-09-30": -241.672, "2010-06-30": -19.205, "2010-03-31": "0.00000", "2009-12-31": -15.067, "2009-09-30": 0, "2009-06-30": -16.591, "2009-03-31": "", "2008-12-31": 0, "2008-09-30": -8.806, "2008-06-30": -2.616, "2008-03-31": "-8.70100", "2007-12-31": -35.067, "2007-09-30": -1.293, "2007-06-30": -46.033, "2007-03-31": "-33.62800", "2006-12-31": 0, "2006-09-30": -59.571, "2006-06-30": -44.589, "2006-03-31": "-631.13400", "2005-12-31": 0, "2005-09-30": -22.622, "2005-06-30": -262.72, "2005-03-31": ""}, "Net Acquisitions/Divestitures": {"2020-12-31": 0, "2020-09-30": 0, "2020-06-30": 0, "2020-03-31": "", "2019-12-31": 0, "2019-09-30": 0, "2019-06-30": 0, "2019-03-31": "", "2018-12-31": 0, "2018-09-30": 0, "2018-06-30": 0, "2018-03-31": "", "2017-12-31": 0, "2017-09-30": 0, "2017-06-30": 0, "2017-03-31": "", "2016-12-31": 0, "2016-09-30": 0, "2016-06-30": 0, "2016-03-31": "", "2015-12-31": 0, "2015-09-30": 0, "2015-06-30": 0, "2015-03-31": "", "2014-12-31": 0, "2014-09-30": 0, "2014-06-30": 0, "2014-03-31": "", "2013-12-31": 0, "2013-09-30": 0, "2013-06-30": 0, "2013-03-31": "", "2012-12-31": 0, "2012-09-30": 0, "2012-06-30": 0, "2012-03-31": "", "2011-12-31": 0, "2011-09-30": 0, "2011-06-30": 0, "2011-03-31": "", "2010-12-31": 0, "2010-09-30": 0, "2010-06-30": 0, "2010-03-31": "", "2009-12-31": 0, "2009-09-30": 0, "2009-06-30": 0, "2009-03-31": "", "2008-12-31": 0, "2008-09-30": 0, "2008-06-30": 0, "2008-03-31": "", "2007-12-31": 0, "2007-09-30": 0, "2007-06-30": 0, "2007-03-31": "", "2006-12-31": 0, "2006-09-30": 0, "2006-06-30": 0, "2006-03-31": "", "2005-12-31": 0, "2005-09-30": 0, "2005-06-30": 0, "2005-03-31": ""}, "Net Change In Short-term Investments": {"2020-12-31": 0, "2020-09-30": 0, "2020-06-30": 0, "2020-03-31": "", "2019-12-31": 0, "2019-09-30": 0, "2019-06-30": 0, "2019-03-31": "", "2018-12-31": 0, "2018-09-30": 0, "2018-06-30": 0, "2018-03-31": "", "2017-12-31": 0, "2017-09-30": 0, "2017-06-30": 0, "2017-03-31": "", "2016-12-31": 0, "2016-09-30": 0, "2016-06-30": 0, "2016-03-31": "", "2015-12-31": 0, "2015-09-30": 0, "2015-06-30": 0, "2015-03-31": "", "2014-12-31": 0, "2014-09-30": 0, "2014-06-30": 0, "2014-03-31": "", "2013-12-31": 0, "2013-09-30": 0, "2013-06-30": 0, "2013-03-31": "", "2012-12-31": 0, "2012-09-30": 0, "2012-06-30": 0, "2012-03-31": "", "2011-12-31": 0, "2011-09-30": 0, "2011-06-30": 0, "2011-03-31": "", "2010-12-31": 0, "2010-09-30": 0, "2010-06-30": 0, "2010-03-31": "", "2009-12-31": 0, "2009-09-30": 0, "2009-06-30": 0, "2009-03-31": "", "2008-12-31": 0, "2008-09-30": 0, "2008-06-30": 0, "2008-03-31": "", "2007-12-31": 0, "2007-09-30": 0, "2007-06-30": 0, "2007-03-31": "", "2006-12-31": 0, "2006-09-30": 0, "2006-06-30": 0, "2006-03-31": "", "2005-12-31": 0, "2005-09-30": 0, "2005-06-30": 0, "2005-03-31": ""}, "Net Change In Long-Term Investments": {"2020-12-31": 0, "2020-09-30": 0, "2020-06-30": 0, "2020-03-31": "", "2019-12-31": 0, "2019-09-30": 0, "2019-06-30": 0, "2019-03-31": "", "2018-12-31": 0, "2018-09-30": 0, "2018-06-30": 0, "2018-03-31": "", "2017-12-31": 0, "2017-09-30": 0, "2017-06-30": 0, "2017-03-31": "", "2016-12-31": 0, "2016-09-30": 0, "2016-06-30": 0, "2016-03-31": "", "2015-12-31": 0, "2015-09-30": 0, "2015-06-30": 0, "2015-03-31": "", "2014-12-31": 0, "2014-09-30": 0, "2014-06-30": 0, "2014-03-31": "", "2013-12-31": 0, "2013-09-30": 0, "2013-06-30": 0, "2013-03-31": "", "2012-12-31": 0, "2012-09-30": 0, "2012-06-30": 0, "2012-03-31": "", "2011-12-31": 0, "2011-09-30": 0, "2011-06-30": 0, "2011-03-31": "", "2010-12-31": 0, "2010-09-30": 0, "2010-06-30": 0, "2010-03-31": "", "2009-12-31": 0, "2009-09-30": 0, "2009-06-30": 0, "2009-03-31": "", "2008-12-31": 0, "2008-09-30": 0, "2008-06-30": 0, "2008-03-31": "", "2007-12-31": 0, "2007-09-30": 0, "2007-06-30": 0, "2007-03-31": "", "2006-12-31": 0, "2006-09-30": 0, "2006-06-30": 0, "2006-03-31": "", "2005-12-31": 0, "2005-09-30": 0, "2005-06-30": 0, "2005-03-31": ""}, "Net Change In Investments - Total": {"2020-12-31": 0, "2020-09-30": 0, "2020-06-30": 0, "2020-03-31": "", "2019-12-31": 0, "2019-09-30": 0, "2019-06-30": 0, "2019-03-31": "", "2018-12-31": 0, "2018-09-30": 0, "2018-06-30": 0, "2018-03-31": "", "2017-12-31": 0, "2017-09-30": 0, "2017-06-30": 0, "2017-03-31": "", "2016-12-31": 0, "2016-09-30": 0, "2016-06-30": 0, "2016-03-31": "", "2015-12-31": 0, "2015-09-30": 0, "2015-06-30": 0, "2015-03-31": "", "2014-12-31": 0, "2014-09-30": 0, "2014-06-30": 0, "2014-03-31": "", "2013-12-31": 0, "2013-09-30": 0, "2013-06-30": 0, "2013-03-31": "", "2012-12-31": 0, "2012-09-30": 0, "2012-06-30": 0, "2012-03-31": "", "2011-12-31": 0, "2011-09-30": 0, "2011-06-30": 0, "2011-03-31": "", "2010-12-31": 0, "2010-09-30": 0, "2010-06-30": 0, "2010-03-31": "", "2009-12-31": 0, "2009-09-30": 0, "2009-06-30": 0, "2009-03-31": "", "2008-12-31": 0, "2008-09-30": 0, "2008-06-30": 0, "2008-03-31": "", "2007-12-31": 0, "2007-09-30": 0, "2007-06-30": 0, "2007-03-31": "", "2006-12-31": 0, "2006-09-30": 0, "2006-06-30": 0, "2006-03-31": "", "2005-12-31": 0, "2005-09-30": 0, "2005-06-30": 0, "2005-03-31": ""}, "Investing Activities - Other": {"2020-12-31": -65.329, "2020-09-30": -12.256, "2020-06-30": -2.681, "2020-03-31": "80.26600", "2019-12-31": 0.994, "2019-09-30": -1.616, "2019-06-30": 88.229, "2019-03-31": "17.43300", "2018-12-31": -15.336, "2018-09-30": -6.594, "2018-06-30": 114.648, "2018-03-31": "24.68700", "2017-12-31": -96.129, "2017-09-30": -30.4, "2017-06-30": 138.122, "2017-03-31": "-26.04700", "2016-12-31": 86.139, "2016-09-30": -17.214, "2016-06-30": 123.572, "2016-03-31": "29.80400", "2015-12-31": -2.146, "2015-09-30": 49.102, "2015-06-30": -52.887, "2015-03-31": "-47.36400", "2014-12-31": -1.068, "2014-09-30": 14.644, "2014-06-30": 26.143, "2014-03-31": "-1.04100", "2013-12-31": -44.074, "2013-09-30": -24.595, "2013-06-30": -17.618, "2013-03-31": "68.18800", "2012-12-31": 36.483, "2012-09-30": -54.644, "2012-06-30": -16.302, "2012-03-31": "-12.16100", "2011-12-31": -1.836, "2011-09-30": -26.237, "2011-06-30": -18.051, "2011-03-31": "45.20600", "2010-12-31": 10.18, "2010-09-30": -29.289, "2010-06-30": -38.246, "2010-03-31": "-19.88500", "2009-12-31": -12.115, "2009-09-30": -28.246, "2009-06-30": 29.999, "2009-03-31": "-36.84000", "2008-12-31": -26.54, "2008-09-30": -45.3, "2008-06-30": -7.449, "2008-03-31": "12.22000", "2007-12-31": 6.231, "2007-09-30": -49.504, "2007-06-30": 90.043, "2007-03-31": "7.91100", "2006-12-31": 241.277, "2006-09-30": 6.706, "2006-06-30": -8.585, "2006-03-31": "-14.55600", "2005-12-31": -28.202, "2005-09-30": -41.848, "2005-06-30": -13.503, "2005-03-31": "-20.92700"}, "Cash Flow From Investing Activities": {"2020-12-31": 557.506, "2020-09-30": -223.467, "2020-06-30": -175.358, "2020-03-31": "-158.68100", "2019-12-31": -311.246, "2019-09-30": 87.835, "2019-06-30": -125.357, "2019-03-31": "-206.30600", "2018-12-31": -264.846, "2018-09-30": -341.547, "2018-06-30": 50.299, "2018-03-31": "-38.33600", "2017-12-31": -1349.875, "2017-09-30": -313.853, "2017-06-30": 1685.752, "2017-03-31": "-210.89000", "2016-12-31": -34.191, "2016-09-30": 22.803, "2016-06-30": 104.096, "2016-03-31": "-62.60900", "2015-12-31": -26.11, "2015-09-30": 128.862, "2015-06-30": 1041.159, "2015-03-31": "-22.61200", "2014-12-31": -46.818, "2014-09-30": -30.431, "2014-06-30": -54.876, "2014-03-31": "-74.90600", "2013-12-31": 107.688, "2013-09-30": -117.953, "2013-06-30": -277.789, "2013-03-31": "-31.32800", "2012-12-31": -462.463, "2012-09-30": -175.645, "2012-06-30": -191.933, "2012-03-31": "-137.57500", "2011-12-31": 625.609, "2011-09-30": -180.332, "2011-06-30": -99.987, "2011-03-31": "405.64500", "2010-12-31": 18.179, "2010-09-30": -285.195, "2010-06-30": -57.624, "2010-03-31": "35.85000", "2009-12-31": 43.454, "2009-09-30": -104.795, "2009-06-30": -32.078, "2009-03-31": "-82.52900", "2008-12-31": -93.916, "2008-09-30": -173.164, "2008-06-30": -101.234, "2008-03-31": "-154.27800", "2007-12-31": -289.655, "2007-09-30": -94.729, "2007-06-30": -58.811, "2007-03-31": "8.37600", "2006-12-31": 61.375, "2006-09-30": -145.484, "2006-06-30": -211.73, "2006-03-31": "-938.22100", "2005-12-31": -132.044, "2005-09-30": 825.939, "2005-06-30": -283.029, "2005-03-31": "-87.64700"}, "Net Long-Term Debt": {"2020-12-31": -178.267, "2020-09-30": 45.622, "2020-06-30": -84.595, "2020-03-31": "217.24000", "2019-12-31": 143.325, "2019-09-30": -70.866, "2019-06-30": 11.163, "2019-03-31": "167.33500", "2018-12-31": 23.644, "2018-09-30": 223.962, "2018-06-30": -80.029, "2018-03-31": "72.99900", "2017-12-31": 976.491, "2017-09-30": -165.599, "2017-06-30": -810.892, "2017-03-31": "170.84500", "2016-12-31": -108.81, "2016-09-30": -213.651, "2016-06-30": -180.455, "2016-03-31": "60.04400", "2015-12-31": -106.775, "2015-09-30": -14.51, "2015-06-30": -1105.828, "2015-03-31": "33.30500", "2014-12-31": 245.623, "2014-09-30": 75.335, "2014-06-30": -187.945, "2014-03-31": "70.01800", "2013-12-31": -187.651, "2013-09-30": 39.757, "2013-06-30": -100.35, "2013-03-31": "-51.03300", "2012-12-31": 224.512, "2012-09-30": 103.87, "2012-06-30": 220.434, "2012-03-31": "-10.90600", "2011-12-31": -456.27, "2011-09-30": 146.122, "2011-06-30": -4.5, "2011-03-31": "-221.56200", "2010-12-31": -103.425, "2010-09-30": 73.906, "2010-06-30": -24.187, "2010-03-31": "-114.51700", "2009-12-31": -79.164, "2009-09-30": 188.688, "2009-06-30": -594.635, "2009-03-31": "89.22800", "2008-12-31": -99.026, "2008-09-30": 36.77, "2008-06-30": 80.3, "2008-03-31": "-72.53100", "2007-12-31": 116.759, "2007-09-30": 87.011, "2007-06-30": 110.215, "2007-03-31": "6.80500", "2006-12-31": 33.896, "2006-09-30": 230.672, "2006-06-30": 144.359, "2006-03-31": "883.64200", "2005-12-31": 381.606, "2005-09-30": -655.873, "2005-06-30": 240.289, "2005-03-31": "105.30300"}, "Net Current Debt": {"2020-12-31": 0, "2020-09-30": 0, "2020-06-30": 0, "2020-03-31": "", "2019-12-31": 0, "2019-09-30": 0, "2019-06-30": 0, "2019-03-31": "", "2018-12-31": 0, "2018-09-30": 0, "2018-06-30": 0, "2018-03-31": "", "2017-12-31": 0, "2017-09-30": 0, "2017-06-30": 0, "2017-03-31": "", "2016-12-31": 0, "2016-09-30": 0, "2016-06-30": 0, "2016-03-31": "", "2015-12-31": 0, "2015-09-30": 0, "2015-06-30": 0, "2015-03-31": "", "2014-12-31": 0, "2014-09-30": 0, "2014-06-30": 0, "2014-03-31": "", "2013-12-31": 0, "2013-09-30": 0, "2013-06-30": 0, "2013-03-31": "", "2012-12-31": 0, "2012-09-30": 0, "2012-06-30": 0, "2012-03-31": "", "2011-12-31": 0, "2011-09-30": 0, "2011-06-30": 0, "2011-03-31": "", "2010-12-31": 0, "2010-09-30": 0, "2010-06-30": 0, "2010-03-31": "", "2009-12-31": 0, "2009-09-30": 0, "2009-06-30": 0, "2009-03-31": "", "2008-12-31": 0, "2008-09-30": 0, "2008-06-30": 0, "2008-03-31": "", "2007-12-31": 0, "2007-09-30": 0, "2007-06-30": 0, "2007-03-31": "", "2006-12-31": 0, "2006-09-30": 0, "2006-06-30": 0, "2006-03-31": "", "2005-12-31": 0, "2005-09-30": 0, "2005-06-30": 0, "2005-03-31": ""}, "Debt Issuance/Retirement Net - Total": {"2020-12-31": -178.267, "2020-09-30": 45.622, "2020-06-30": -84.595, "2020-03-31": "217.24000", "2019-12-31": 143.325, "2019-09-30": -70.866, "2019-06-30": 11.163, "2019-03-31": "167.33500", "2018-12-31": 23.644, "2018-09-30": 223.962, "2018-06-30": -80.029, "2018-03-31": "72.99900", "2017-12-31": 976.491, "2017-09-30": -165.599, "2017-06-30": -810.892, "2017-03-31": "170.84500", "2016-12-31": -108.81, "2016-09-30": -213.651, "2016-06-30": -180.455, "2016-03-31": "60.04400", "2015-12-31": -106.775, "2015-09-30": -14.51, "2015-06-30": -1105.828, "2015-03-31": "33.30500", "2014-12-31": 245.623, "2014-09-30": 75.335, "2014-06-30": -187.945, "2014-03-31": "70.01800", "2013-12-31": -187.651, "2013-09-30": 39.757, "2013-06-30": -100.35, "2013-03-31": "-51.03300", "2012-12-31": 224.512, "2012-09-30": 103.87, "2012-06-30": 220.434, "2012-03-31": "-10.90600", "2011-12-31": -456.27, "2011-09-30": 146.122, "2011-06-30": -4.5, "2011-03-31": "-221.56200", "2010-12-31": -103.425, "2010-09-30": 73.906, "2010-06-30": -24.187, "2010-03-31": "-114.51700", "2009-12-31": -79.164, "2009-09-30": 188.688, "2009-06-30": -594.635, "2009-03-31": "89.22800", "2008-12-31": -99.026, "2008-09-30": 36.77, "2008-06-30": 80.3, "2008-03-31": "-72.53100", "2007-12-31": 116.759, "2007-09-30": 87.011, "2007-06-30": 110.215, "2007-03-31": "6.80500", "2006-12-31": 33.896, "2006-09-30": 230.672, "2006-06-30": 144.359, "2006-03-31": "883.64200", "2005-12-31": 381.606, "2005-09-30": -655.873, "2005-06-30": 240.289, "2005-03-31": "105.30300"}, "Net Common Equity Issued/Repurchased": {"2020-12-31": -119.765, "2020-09-30": 43.087, "2020-06-30": 71.213, "2020-03-31": "5.46500", "2019-12-31": 50.089, "2019-09-30": 180.544, "2019-06-30": 37.636, "2019-03-31": "4.49200", "2018-12-31": 4.322, "2018-09-30": 29.215, "2018-06-30": 0.67, "2018-03-31": "0.70600", "2017-12-31": -6.066, "2017-09-30": 3.162, "2017-06-30": 2.904, "2017-03-31": "0.78600", "2016-12-31": 2.745, "2016-09-30": 117.669, "2016-06-30": 99.296, "2016-03-31": "0.54800", "2015-12-31": -0.062, "2015-09-30": -0.164, "2015-06-30": -0.126, "2015-03-31": "4.88200", "2014-12-31": -413.432, "2014-09-30": 64.855, "2014-06-30": 167.324, "2014-03-31": "23.78300", "2013-12-31": -160.796, "2013-09-30": 30.604, "2013-06-30": 27.242, "2013-03-31": "574.68500", "2012-12-31": -89.278, "2012-09-30": 253.315, "2012-06-30": -163.983, "2012-03-31": "146.96900", "2011-12-31": -110.726, "2011-09-30": 2.096, "2011-06-30": 0, "2011-03-31": "-2.09600", "2010-12-31": 115.957, "2010-09-30": -116.101, "2010-06-30": 298.148, "2010-03-31": "", "2009-12-31": -0.458, "2009-09-30": -0.037, "2009-06-30": 551.605, "2009-03-31": "0.02600", "2008-12-31": 3.08, "2008-09-30": 5.09, "2008-06-30": 3.017, "2008-03-31": "5.91300", "2007-12-31": 237.913, "2007-09-30": 2.753, "2007-06-30": 0.148, "2007-03-31": "-0.01200", "2006-12-31": -116.03, "2006-09-30": 0.729, "2006-06-30": 0.84, "2006-03-31": "-7.11600", "2005-12-31": -191.405, "2005-09-30": -95.824, "2005-06-30": 0.709, "2005-03-31": "0.63300"}, "Net Total Equity Issued/Repurchased": {"2020-12-31": -119.765, "2020-09-30": 43.087, "2020-06-30": 71.213, "2020-03-31": "5.46500", "2019-12-31": 50.089, "2019-09-30": 180.544, "2019-06-30": 37.636, "2019-03-31": "4.49200", "2018-12-31": 4.322, "2018-09-30": 29.215, "2018-06-30": 0.67, "2018-03-31": "0.70600", "2017-12-31": -6.066, "2017-09-30": 3.162, "2017-06-30": 2.904, "2017-03-31": "0.78600", "2016-12-31": 2.745, "2016-09-30": 117.669, "2016-06-30": 99.296, "2016-03-31": "0.54800", "2015-12-31": -0.062, "2015-09-30": -0.164, "2015-06-30": -0.126, "2015-03-31": "4.88200", "2014-12-31": -299.635, "2014-09-30": -31.286, "2014-06-30": 167.324, "2014-03-31": "6.12700", "2013-12-31": 17.159, "2013-09-30": 30.604, "2013-06-30": 27.242, "2013-03-31": "396.73000", "2012-12-31": 78.994, "2012-09-30": 85.043, "2012-06-30": 4.289, "2012-03-31": "-21.30300", "2011-12-31": 0, "2011-09-30": -108.63, "2011-06-30": 0, "2011-03-31": "-2.09600", "2010-12-31": -2.83, "2010-09-30": -57.797, "2010-06-30": 239.844, "2010-03-31": "", "2009-12-31": -0.458, "2009-09-30": -0.037, "2009-06-30": 551.605, "2009-03-31": "0.02600", "2008-12-31": -9.325, "2008-09-30": 5.033, "2008-06-30": 2.643, "2008-03-31": "296.35800", "2007-12-31": 105.641, "2007-09-30": 2.753, "2007-06-30": 0.148, "2007-03-31": "-0.01200", "2006-12-31": -116.03, "2006-09-30": 0.729, "2006-06-30": 107.1, "2006-03-31": "95.60800", "2005-12-31": -191.405, "2005-09-30": -95.824, "2005-06-30": 0.709, "2005-03-31": "0.63300"}, "Total Common And Preferred Stock Dividends Paid": {"2020-12-31": 262.58, "2020-09-30": -87.883, "2020-06-30": -87.352, "2020-03-31": "-87.34500", "2019-12-31": -87.163, "2019-09-30": -78.457, "2019-06-30": -77.988, "2019-03-31": "-77.74200", "2018-12-31": -79.495, "2018-09-30": -70.295, "2018-06-30": -72.77, "2018-03-31": "-71.39800", "2017-12-31": 134.576, "2017-09-30": -67.639, "2017-06-30": -67.577, "2017-03-31": "-67.55400", "2016-12-31": -68.079, "2016-09-30": -65.189, "2016-06-30": -62.389, "2016-03-31": "-62.26200", "2015-12-31": -132.553, "2015-09-30": -58.702, "2015-06-30": -59.355, "2015-03-31": "-59.31300", "2014-12-31": -67.707, "2014-09-30": -63.297, "2014-06-30": -64.673, "2014-03-31": "-62.73600", "2013-12-31": -62.841, "2013-09-30": -62.613, "2013-06-30": -62.231, "2013-03-31": "-64.22800", "2012-12-31": -61.617, "2012-09-30": -56.945, "2012-06-30": -56.379, "2012-03-31": "-53.38900", "2011-12-31": -57.003, "2011-09-30": -57.373, "2011-06-30": -58.925, "2011-03-31": "-58.86600", "2010-12-31": -58.915, "2010-09-30": -59.583, "2010-06-30": -56.5, "2010-03-31": "-56.48500", "2009-12-31": -56.444, "2009-09-30": -56.438, "2009-06-30": -56.414, "2009-03-31": "-55.48800", "2008-12-31": -79.397, "2008-09-30": -93.875, "2008-06-30": -92.197, "2008-03-31": "-89.34500", "2007-12-31": -90.451, "2007-09-30": -83.307, "2007-06-30": -84.916, "2007-03-31": "-84.89200", "2006-12-31": -86.441, "2006-09-30": -83.947, "2006-06-30": -82.979, "2006-03-31": "-82.76100", "2005-12-31": -241.422, "2005-09-30": -85.386, "2005-06-30": -84.621, "2005-03-31": "-84.58800"}, "Financial Activities - Other": {"2020-12-31": 24.921, "2020-09-30": -0.341, "2020-06-30": -2.403, "2020-03-31": "-22.17700", "2019-12-31": -25.917, "2019-09-30": -31.846, "2019-06-30": 6.172, "2019-03-31": "-5.68700", "2018-12-31": -43.667, "2018-09-30": 47.793, "2018-06-30": -1.347, "2018-03-31": "-42.39700", "2017-12-31": 10.306, "2017-09-30": 11.733, "2017-06-30": -21.399, "2017-03-31": "-2.38000", "2016-12-31": 13.15, "2016-09-30": 0.65, "2016-06-30": -9.818, "2016-03-31": "-15.48500", "2015-12-31": 3.726, "2015-09-30": -2.432, "2015-06-30": -6.376, "2015-03-31": "0.94400", "2014-12-31": -3.161, "2014-09-30": -22.383, "2014-06-30": -2.972, "2014-03-31": "2.55900", "2013-12-31": 2.756, "2013-09-30": -6.504, "2013-06-30": 2.592, "2013-03-31": "-50.29700", "2012-12-31": 43.69, "2012-09-30": -10.826, "2012-06-30": 0.311, "2012-03-31": "-1.23900", "2011-12-31": -7.162, "2011-09-30": -2.042, "2011-06-30": -2.325, "2011-03-31": "-2.41500", "2010-12-31": -3.778, "2010-09-30": -1.201, "2010-06-30": -4.468, "2010-03-31": "-1.36800", "2009-12-31": -12.694, "2009-09-30": -14.205, "2009-06-30": -3.278, "2009-03-31": "-0.02600", "2008-12-31": -12.857, "2008-09-30": -0.405, "2008-06-30": -2.971, "2008-03-31": "-14.91000", "2007-12-31": -1.323, "2007-09-30": 7.409, "2007-06-30": -0.02, "2007-03-31": "-1.40300", "2006-12-31": -13.728, "2006-09-30": -8.164, "2006-06-30": -5.234, "2006-03-31": "-13.80000", "2005-12-31": -0.07, "2005-09-30": -0.06, "2005-06-30": -0.007, "2005-03-31": "-0.46200"}, "Cash Flow From Financial Activities": {"2020-12-31": -10.531, "2020-09-30": 0.485, "2020-06-30": -103.137, "2020-03-31": "113.18300", "2019-12-31": 80.334, "2019-09-30": -0.625, "2019-06-30": -23.017, "2019-03-31": "88.39800", "2018-12-31": -95.196, "2018-09-30": 230.675, "2018-06-30": -153.476, "2018-03-31": "-40.09000", "2017-12-31": 1115.307, "2017-09-30": -218.343, "2017-06-30": -896.964, "2017-03-31": "101.69700", "2016-12-31": -160.994, "2016-09-30": -160.521, "2016-06-30": -153.366, "2016-03-31": "-17.15500", "2015-12-31": -235.664, "2015-09-30": -75.808, "2015-06-30": -1171.685, "2015-03-31": "-20.18200", "2014-12-31": -124.88, "2014-09-30": -41.631, "2014-06-30": -88.266, "2014-03-31": "15.96800", "2013-12-31": -230.577, "2013-09-30": 1.244, "2013-06-30": -132.747, "2013-03-31": "231.17200", "2012-12-31": 285.579, "2012-09-30": 121.142, "2012-06-30": 168.655, "2012-03-31": "-86.83700", "2011-12-31": -520.435, "2011-09-30": -21.923, "2011-06-30": -65.75, "2011-03-31": "-284.93900", "2010-12-31": -168.948, "2010-09-30": -44.675, "2010-06-30": 154.689, "2010-03-31": "-172.37000", "2009-12-31": -148.76, "2009-09-30": 118.008, "2009-06-30": -102.722, "2009-03-31": "33.74000", "2008-12-31": -200.605, "2008-09-30": -52.477, "2008-06-30": -12.225, "2008-03-31": "119.57200", "2007-12-31": 130.626, "2007-09-30": 13.866, "2007-06-30": 25.427, "2007-03-31": "-79.50200", "2006-12-31": -182.303, "2006-09-30": 139.29, "2006-06-30": 163.246, "2006-03-31": "882.68900", "2005-12-31": -51.291, "2005-09-30": -837.143, "2005-06-30": 156.37, "2005-03-31": "20.88600"}, "Net Cash Flow": {"2020-12-31": 108.033, "2020-09-30": -45.198, "2020-06-30": -131.887, "2020-03-31": "69.05200", "2019-12-31": -129.101, "2019-09-30": 233.505, "2019-06-30": -5.141, "2019-03-31": "-3.34900", "2018-12-31": -247.284, "2018-09-30": 30.159, "2018-06-30": 14.279, "2018-03-31": "34.73600", "2017-12-31": -486.733, "2017-09-30": -401.659, "2017-06-30": 910.181, "2017-03-31": "0.75000", "2016-12-31": -92.598, "2016-09-30": 18.511, "2016-06-30": 76.06, "2016-03-31": "-6.89300", "2015-12-31": -153.341, "2015-09-30": 155.62, "2015-06-30": 2.448, "2015-03-31": "-0.11600", "2014-12-31": -48.21, "2014-09-30": 44.907, "2014-06-30": 1.751, "2014-03-31": "0.19900", "2013-12-31": -4.837, "2013-09-30": 2.71, "2013-06-30": -285.765, "2013-03-31": "273.27800", "2012-12-31": -79.263, "2012-09-30": 6.587, "2012-06-30": 91.825, "2012-03-31": "-199.06900", "2011-12-31": 197.627, "2011-09-30": -101.463, "2011-06-30": -49.47, "2011-03-31": "148.73100", "2010-12-31": -2.465, "2010-09-30": -235.416, "2010-06-30": 225.266, "2010-03-31": "-116.32300", "2009-12-31": -8.592, "2009-09-30": 129.215, "2009-06-30": 4.528, "2009-03-31": "-0.36100", "2008-12-31": 19.062, "2008-09-30": -14.234, "2008-06-30": 2.175, "2008-03-31": "-32.48300", "2007-12-31": 29.588, "2007-09-30": -27.032, "2007-06-30": 35.964, "2007-03-31": "-58.99100", "2006-12-31": 43.483, "2006-09-30": 17.961, "2006-06-30": 7.039, "2006-03-31": "-26.73200", "2005-12-31": -98.135, "2005-09-30": 118.38, "2005-06-30": 2.808, "2005-03-31": "-1.91000"}, "Stock-Based Compensation": {"2020-12-31": 0, "2020-09-30": 0, "2020-06-30": 0, "2020-03-31": "", "2019-12-31": 0, "2019-09-30": 0, "2019-06-30": 0, "2019-03-31": "", "2018-12-31": 0, "2018-09-30": 0, "2018-06-30": 0, "2018-03-31": "", "2017-12-31": 0, "2017-09-30": 0, "2017-06-30": 0, "2017-03-31": "", "2016-12-31": 0, "2016-09-30": 0, "2016-06-30": 0, "2016-03-31": "", "2015-12-31": 0, "2015-09-30": 0, "2015-06-30": 0, "2015-03-31": "", "2014-12-31": 0, "2014-09-30": 0, "2014-06-30": 0, "2014-03-31": "", "2013-12-31": 0, "2013-09-30": 0, "2013-06-30": 0, "2013-03-31": "", "2012-12-31": 0, "2012-09-30": 0, "2012-06-30": 0, "2012-03-31": "", "2011-12-31": 0, "2011-09-30": 0, "2011-06-30": 0, "2011-03-31": "", "2010-12-31": 0, "2010-09-30": 0, "2010-06-30": 0, "2010-03-31": "", "2009-12-31": 0, "2009-09-30": 0, "2009-06-30": 0, "2009-03-31": "", "2008-12-31": 0, "2008-09-30": 0, "2008-06-30": 0, "2008-03-31": "", "2007-12-31": 0, "2007-09-30": 0, "2007-06-30": 0, "2007-03-31": "", "2006-12-31": 0, "2006-09-30": 0, "2006-06-30": 0, "2006-03-31": "", "2005-12-31": 0, "2005-09-30": 0, "2005-06-30": 0, "2005-03-31": ""}, "Common Stock Dividends Paid": {"2020-12-31": 262.58, "2020-09-30": -87.883, "2020-06-30": -87.352, "2020-03-31": "-87.34500", "2019-12-31": -87.163, "2019-09-30": -78.457, "2019-06-30": -77.988, "2019-03-31": "-77.74200", "2018-12-31": -79.495, "2018-09-30": -70.295, "2018-06-30": -72.77, "2018-03-31": "-71.39800", "2017-12-31": 134.576, "2017-09-30": -67.639, "2017-06-30": -67.577, "2017-03-31": "-67.55400", "2016-12-31": -68.079, "2016-09-30": -65.189, "2016-06-30": -62.389, "2016-03-31": "-62.26200", "2015-12-31": -132.553, "2015-09-30": -58.702, "2015-06-30": -59.355, "2015-03-31": "-59.31300", "2014-12-31": -61.101, "2014-09-30": -56.694, "2014-06-30": -57.627, "2014-03-31": "-55.59600", "2013-12-31": -55.486, "2013-09-30": -55.257, "2013-06-30": -54.876, "2013-03-31": "-54.67800", "2012-12-31": -46.809, "2012-09-30": -45.864, "2012-06-30": -45.297, "2012-03-31": "-43.92200", "2011-12-31": -42.997, "2011-09-30": -42.974, "2011-06-30": -42.951, "2011-03-31": "-42.89200", "2010-12-31": -42.899, "2010-09-30": -42.857, "2010-06-30": -38.137, "2010-03-31": "-38.12200", "2009-12-31": -38.082, "2009-09-30": -38.075, "2009-06-30": -38.051, "2009-03-31": "-37.12500", "2008-12-31": -60.996, "2008-09-30": -75.009, "2008-06-30": -73.331, "2008-03-31": "-74.03900", "2007-12-31": -77.838, "2007-09-30": -68.08, "2007-06-30": -69.69, "2007-03-31": "-69.66600", "2006-12-31": -71.215, "2006-09-30": -68.721, "2006-06-30": -69.724, "2006-03-31": "-70.04900", "2005-12-31": -229.802, "2005-09-30": -73.767, "2005-06-30": -73.001, "2005-03-31": "-72.96800"}}, "financial ratios": {"Current Ratio": {"2019-12-31": "", "2018-12-31": "", "2017-12-31": "", "2016-12-31": "", "2015-12-31": "", "2014-12-31": "", "2013-12-31": "", "2012-12-31": "", "2011-12-31": "", "2010-12-31": "", "2009-12-31": "", "2008-12-31": "", "2007-12-31": "", "2006-12-31": "", "2005-12-31": ""}, "Long-term Debt / Capital": {"2019-12-31": "0.36460", "2018-12-31": "0.36060", "2017-12-31": "0.34630", "2016-12-31": "0.45430", "2015-12-31": "0.50880", "2014-12-31": "0.60510", "2013-12-31": "0.58290", "2012-12-31": "0.62870", "2011-12-31": "0.57820", "2010-12-31": "0.58460", "2009-12-31": "0.56500", "2008-12-31": "0.59590", "2007-12-31": "0.61080", "2006-12-31": "0.61280", "2005-12-31": "0.51460"}, "Debt/Equity Ratio": {"2019-12-31": "0.57370", "2018-12-31": "0.56400", "2017-12-31": "0.52970", "2016-12-31": "0.83260", "2015-12-31": "1.03600", "2014-12-31": "1.53220", "2013-12-31": "1.39730", "2012-12-31": "1.69310", "2011-12-31": "1.37050", "2010-12-31": "1.40710", "2009-12-31": "1.29860", "2008-12-31": "1.47480", "2007-12-31": "1.56960", "2006-12-31": "1.58250", "2005-12-31": "1.06030"}, "Gross Margin": {"2019-12-31": "", "2018-12-31": "", "2017-12-31": "", "2016-12-31": "", "2015-12-31": "", "2014-12-31": "", "2013-12-31": "", "2012-12-31": "", "2011-12-31": "", "2010-12-31": "", "2009-12-31": "", "2008-12-31": "", "2007-12-31": "", "2006-12-31": "", "2005-12-31": ""}, "Operating Margin": {"2019-12-31": "53.89020", "2018-12-31": "48.56740", "2017-12-31": "49.76360", "2016-12-31": "59.31630", "2015-12-31": "52.02420", "2014-12-31": "39.26710", "2013-12-31": "27.58530", "2012-12-31": "14.10160", "2011-12-31": "16.88770", "2010-12-31": "15.57660", "2009-12-31": "-10.66150", "2008-12-31": "20.99200", "2007-12-31": "30.55940", "2006-12-31": "17.93070", "2005-12-31": "17.39580"}, "EBIT Margin": {"2019-12-31": "53.89020", "2018-12-31": "48.56740", "2017-12-31": "49.76360", "2016-12-31": "59.31630", "2015-12-31": "52.02420", "2014-12-31": "39.26710", "2013-12-31": "27.58530", "2012-12-31": "14.10160", "2011-12-31": "16.88770", "2010-12-31": "15.57660", "2009-12-31": "-10.66150", "2008-12-31": "20.99200", "2007-12-31": "30.55940", "2006-12-31": "17.93070", "2005-12-31": "17.39580"}, "EBITDA Margin": {"2019-12-31": "88.16560", "2018-12-31": "82.12520", "2017-12-31": "88.80330", "2016-12-31": "103.55180", "2015-12-31": "93.40930", "2014-12-31": "76.94230", "2013-12-31": "71.14800", "2012-12-31": "51.68150", "2011-12-31": "50.01660", "2010-12-31": "47.14710", "2009-12-31": "21.97840", "2008-12-31": "47.54670", "2007-12-31": "56.30610", "2006-12-31": "47.28950", "2005-12-31": "53.87860"}, "Pre-Tax Profit Margin": {"2019-12-31": "45.27660", "2018-12-31": "41.37660", "2017-12-31": "37.16510", "2016-12-31": "40.77040", "2015-12-31": "23.26760", "2014-12-31": "20.51350", "2013-12-31": "5.61770", "2012-12-31": "-8.20240", "2011-12-31": "-0.27230", "2010-12-31": "3.22090", "2009-12-31": "-22.72260", "2008-12-31": "6.39740", "2007-12-31": "15.21220", "2006-12-31": "17.96950", "2005-12-31": "20.03580"}, "Net Profit Margin": {"2019-12-31": "44.05320", "2018-12-31": "40.48330", "2017-12-31": "209.29180", "2016-12-31": "42.72940", "2015-12-31": "77.67340", "2014-12-31": "19.57230", "2013-12-31": "15.79790", "2012-12-31": "-12.07040", "2011-12-31": "2.60060", "2010-12-31": "-1.19060", "2009-12-31": "-30.77600", "2008-12-31": "4.07370", "2007-12-31": "18.88810", "2006-12-31": "16.20410", "2005-12-31": "43.33010"}, "Asset Turnover": {"2019-12-31": "0.11560", "2018-12-31": "0.12150", "2017-12-31": "0.10570", "2016-12-31": "0.10790", "2015-12-31": "0.11490", "2014-12-31": "0.13500", "2013-12-31": "0.12500", "2012-12-31": "0.13820", "2011-12-31": "0.17250", "2010-12-31": "0.15500", "2009-12-31": "0.14840", "2008-12-31": "0.16090", "2007-12-31": "0.14640", "2006-12-31": "0.12370", "2005-12-31": "0.12630"}, "Inventory Turnover Ratio": {"2019-12-31": "", "2018-12-31": "", "2017-12-31": "", "2016-12-31": "", "2015-12-31": "", "2014-12-31": "", "2013-12-31": "", "2012-12-31": "", "2011-12-31": "", "2010-12-31": "", "2009-12-31": "", "2008-12-31": "", "2007-12-31": "", "2006-12-31": "", "2005-12-31": ""}, "Receiveable Turnover": {"2019-12-31": "", "2018-12-31": "", "2017-12-31": "", "2016-12-31": "", "2015-12-31": "", "2014-12-31": "", "2013-12-31": "", "2012-12-31": "", "2011-12-31": "", "2010-12-31": "", "2009-12-31": "", "2008-12-31": "", "2007-12-31": "", "2006-12-31": "", "2005-12-31": ""}, "Days Sales In Receivables": {"2019-12-31": "", "2018-12-31": "", "2017-12-31": "", "2016-12-31": "", "2015-12-31": "", "2014-12-31": "", "2013-12-31": "", "2012-12-31": "", "2011-12-31": "", "2010-12-31": "", "2009-12-31": "", "2008-12-31": "", "2007-12-31": "", "2006-12-31": "", "2005-12-31": ""}, "ROE - Return On Equity": {"2019-12-31": "8.50740", "2018-12-31": "8.13380", "2017-12-31": "6.35260", "2016-12-31": "8.54270", "2015-12-31": "5.87390", "2014-12-31": "7.48610", "2013-12-31": "2.29120", "2012-12-31": "-4.27990", "2011-12-31": "-0.15590", "2010-12-31": "1.88410", "2009-12-31": "-12.31200", "2008-12-31": "4.57520", "2007-12-31": "8.19700", "2006-12-31": "9.30110", "2005-12-31": "7.39690"}, "Return On Tangible Equity": {"2019-12-31": "8.50740", "2018-12-31": "8.13380", "2017-12-31": "6.35260", "2016-12-31": "8.54270", "2015-12-31": "5.87390", "2014-12-31": "7.48610", "2013-12-31": "1.95430", "2012-12-31": "-3.26030", "2011-12-31": "-0.11140", "2010-12-31": "1.31410", "2009-12-31": "-8.09460", "2008-12-31": "2.97130", "2007-12-31": "5.97940", "2006-12-31": "6.04570", "2005-12-31": "5.41480"}, "ROA - Return On Assets": {"2019-12-31": "5.13270", "2018-12-31": "4.91240", "2017-12-31": "3.93320", "2016-12-31": "4.40670", "2015-12-31": "2.73000", "2014-12-31": "2.78010", "2013-12-31": "0.76750", "2012-12-31": "-1.13250", "2011-12-31": "-0.04420", "2010-12-31": "0.51400", "2009-12-31": "-3.28900", "2008-12-31": "1.12040", "2007-12-31": "2.14610", "2006-12-31": "2.09100", "2005-12-31": "2.35170"}, "ROI - Return On Investment": {"2019-12-31": "5.40580", "2018-12-31": "5.20050", "2017-12-31": "4.15290", "2016-12-31": "4.66150", "2015-12-31": "2.88510", "2014-12-31": "2.95630", "2013-12-31": "0.81520", "2012-12-31": "-1.21060", "2011-12-31": "-0.04700", "2010-12-31": "0.54590", "2009-12-31": "-3.52150", "2008-12-31": "1.20060", "2007-12-31": "2.32700", "2006-12-31": "2.34110", "2005-12-31": "2.62820"}, "Book Value Per Share": {"2019-12-31": "13.80690", "2018-12-31": "13.13430", "2017-12-31": "12.83640", "2016-12-31": "9.84700", "2015-12-31": "9.28160", "2014-12-31": "8.36900", "2013-12-31": "9.32790", "2012-12-31": "9.39840", "2011-12-31": "10.99000", "2010-12-31": "11.85550", "2009-12-31": "13.24770", "2008-12-31": "19.53900", "2007-12-31": "18.81330", "2006-12-31": "18.69450", "2005-12-31": "18.20980"}, "Operating Cash Flow Per Share": {"2019-12-31": 0.0438, "2018-12-31": 0.0898, "2017-12-31": -0.0363, "2016-12-31": 0.1821, "2015-12-31": -0.2078, "2014-12-31": -0.0279, "2013-12-31": 0.2168, "2012-12-31": -0.1835, "2011-12-31": -0.337, "2010-12-31": -0.3532, "2009-12-31": -2.169, "2008-12-31": 1.989, "2007-12-31": 0.3437, "2006-12-31": -0.7978, "2005-12-31": 2.6245}, "Free Cash Flow Per Share": {"2019-12-31": -0.1797, "2018-12-31": -5.545, "2017-12-31": 4.6577, "2016-12-31": -3.2953, "2015-12-31": 3.5631, "2014-12-31": -0.8233, "2013-12-31": 1.6119, "2012-12-31": -6.132, "2011-12-31": 3.4986, "2010-12-31": 1.2887, "2009-12-31": 0.1656, "2008-12-31": 1.6742, "2007-12-31": 2.685, "2006-12-31": -10.2159, "2005-12-31": 7.1989}}, "financial ratios, quarterly": {"Current Ratio": {"2020-09-30": "", "2020-06-30": "", "2020-03-31": "", "2019-12-31": "", "2019-09-30": "", "2019-06-30": "", "2019-03-31": "", "2018-12-31": "", "2018-09-30": "", "2018-06-30": "", "2018-03-31": "", "2017-12-31": "", "2017-09-30": "", "2017-06-30": "", "2017-03-31": "", "2016-12-31": "", "2016-09-30": "", "2016-06-30": "", "2016-03-31": "", "2015-12-31": "", "2015-09-30": "", "2015-06-30": "", "2015-03-31": "", "2014-12-31": "", "2014-09-30": "", "2014-06-30": "", "2014-03-31": "", "2013-12-31": "", "2013-09-30": "", "2013-06-30": "", "2013-03-31": "", "2012-12-31": "", "2012-09-30": "", "2012-06-30": "", "2012-03-31": "", "2011-12-31": "", "2011-09-30": "", "2011-06-30": "", "2011-03-31": "", "2010-12-31": "", "2010-09-30": "", "2010-06-30": "", "2010-03-31": "", "2009-12-31": "", "2009-09-30": "", "2009-06-30": "", "2009-03-31": "", "2008-12-31": "", "2008-09-30": "", "2008-06-30": "", "2008-03-31": "", "2007-12-31": "", "2007-09-30": "", "2007-06-30": "", "2007-03-31": "", "2006-12-31": "", "2006-09-30": "", "2006-06-30": "", "2006-03-31": "", "2005-12-31": "", "2005-09-30": "", "2005-06-30": "", "2005-03-31": ""}, "Long-term Debt / Capital": {"2020-09-30": "0.38210", "2020-06-30": "0.37810", "2020-03-31": "0.38500", "2019-12-31": "0.36460", "2019-09-30": "0.35530", "2019-06-30": "0.37650", "2019-03-31": "0.37650", "2018-12-31": "0.36060", "2018-09-30": "0.35790", "2018-06-30": "0.33920", "2018-03-31": "0.35270", "2017-12-31": "0.34630", "2017-09-30": "0.30960", "2017-06-30": "0.32840", "2017-03-31": "0.46830", "2016-12-31": "0.45430", "2016-09-30": "0.46020", "2016-06-30": "0.48910", "2016-03-31": "0.51450", "2015-12-31": "0.50880", "2015-09-30": "0.51000", "2015-06-30": "0.51250", "2015-03-31": "0.60560", "2014-12-31": "0.60510", "2014-09-30": "0.56580", "2014-06-30": "0.55970", "2014-03-31": "0.58900", "2013-12-31": "0.58290", "2013-09-30": "0.59550", "2013-06-30": "0.59100", "2013-03-31": "0.59390", "2012-12-31": "0.62870", "2012-09-30": "0.61200", "2012-06-30": "0.60650", "2012-03-31": "0.58700", "2011-12-31": "0.57820", "2011-09-30": "0.60620", "2011-06-30": "0.58190", "2011-03-31": "0.57370", "2010-12-31": "0.58460", "2010-09-30": "0.57640", "2010-06-30": "0.54790", "2010-03-31": "0.56180", "2009-12-31": "0.56500", "2009-09-30": "0.56660", "2009-06-30": "0.52540", "2009-03-31": "0.59970", "2008-12-31": "0.59590", "2008-09-30": "0.60390", "2008-06-30": "0.59690", "2008-03-31": "0.58850", "2007-12-31": "0.61080", "2007-09-30": "0.61150", "2007-06-30": "0.60940", "2007-03-31": "0.60160", "2006-12-31": "0.61280", "2006-09-30": "0.61070", "2006-06-30": "0.59460", "2006-03-31": "0.58900", "2005-12-31": "0.51460", "2005-09-30": "0.43980", "2005-06-30": "0.51030", "2005-03-31": "0.48370"}, "Debt/Equity Ratio": {"2020-09-30": "0.61830", "2020-06-30": "0.60810", "2020-03-31": "0.62590", "2019-12-31": "0.57370", "2019-09-30": "0.55120", "2019-06-30": "0.60380", "2019-03-31": "0.60390", "2018-12-31": "0.56400", "2018-09-30": "0.55750", "2018-06-30": "0.51340", "2018-03-31": "0.54490", "2017-12-31": "0.52970", "2017-09-30": "0.44850", "2017-06-30": "0.48890", "2017-03-31": "0.88060", "2016-12-31": "0.83260", "2016-09-30": "0.85240", "2016-06-30": "0.95740", "2016-03-31": "1.05990", "2015-12-31": "1.03600", "2015-09-30": "1.04060", "2015-06-30": "1.05130", "2015-03-31": "1.53560", "2014-12-31": "1.53220", "2014-09-30": "1.30330", "2014-06-30": "1.27120", "2014-03-31": "1.43310", "2013-12-31": "1.39730", "2013-09-30": "1.47210", "2013-06-30": "1.44510", "2013-03-31": "1.46260", "2012-12-31": "1.69310", "2012-09-30": "1.57720", "2012-06-30": "1.54110", "2012-03-31": "1.42130", "2011-12-31": "1.37050", "2011-09-30": "1.53960", "2011-06-30": "1.39150", "2011-03-31": "1.34560", "2010-12-31": "1.40710", "2010-09-30": "1.36090", "2010-06-30": "1.21200", "2010-03-31": "1.28220", "2009-12-31": "1.29860", "2009-09-30": "1.30740", "2009-06-30": "1.10690", "2009-03-31": "1.49820", "2008-12-31": "1.47480", "2008-09-30": "1.52480", "2008-06-30": "1.48100", "2008-03-31": "1.43040", "2007-12-31": "1.56960", "2007-09-30": "1.57370", "2007-06-30": "1.56000", "2007-03-31": "1.50980", "2006-12-31": "1.58250", "2006-09-30": "1.56850", "2006-06-30": "1.46670", "2006-03-31": "1.43320", "2005-12-31": "1.06030", "2005-09-30": "0.78510", "2005-06-30": "1.04210", "2005-03-31": "0.93690"}, "Gross Margin": {"2020-09-30": "", "2020-06-30": "", "2020-03-31": "", "2019-12-31": "", "2019-09-30": "", "2019-06-30": "", "2019-03-31": "", "2018-12-31": "", "2018-09-30": "", "2018-06-30": "", "2018-03-31": "", "2017-12-31": "", "2017-09-30": "", "2017-06-30": "", "2017-03-31": "", "2016-12-31": "", "2016-09-30": "", "2016-06-30": "", "2016-03-31": "", "2015-12-31": "", "2015-09-30": "", "2015-06-30": "", "2015-03-31": "", "2014-12-31": "", "2014-09-30": "", "2014-06-30": "", "2014-03-31": "", "2013-12-31": "", "2013-09-30": "", "2013-06-30": "", "2013-03-31": "", "2012-12-31": "", "2012-09-30": "", "2012-06-30": "", "2012-03-31": "", "2011-12-31": "", "2011-09-30": "", "2011-06-30": "", "2011-03-31": "", "2010-12-31": "", "2010-09-30": "", "2010-06-30": "", "2010-03-31": "", "2009-12-31": "", "2009-09-30": "", "2009-06-30": "", "2009-03-31": "", "2008-12-31": "", "2008-09-30": "", "2008-06-30": "", "2008-03-31": "", "2007-12-31": "", "2007-09-30": "", "2007-06-30": "", "2007-03-31": "", "2006-12-31": "", "2006-09-30": "", "2006-06-30": "", "2006-03-31": "", "2005-12-31": "", "2005-09-30": "", "2005-06-30": "", "2005-03-31": ""}, "Operating Margin": {"2020-09-30": "34.97260", "2020-06-30": "32.01570", "2020-03-31": "26.26550", "2019-12-31": "49.86090", "2019-09-30": "102.93090", "2019-06-30": "41.83550", "2019-03-31": "23.50860", "2018-12-31": "30.35770", "2018-09-30": "30.11110", "2018-06-30": "99.21880", "2018-03-31": "42.37350", "2017-12-31": "32.69750", "2017-09-30": "37.65730", "2017-06-30": "81.09360", "2017-03-31": "50.33880", "2016-12-31": "52.85070", "2016-09-30": "77.75400", "2016-06-30": "75.53080", "2016-03-31": "35.18850", "2015-12-31": "35.69430", "2015-09-30": "51.03800", "2015-06-30": "80.24280", "2015-03-31": "32.98000", "2014-12-31": "22.69100", "2014-09-30": "43.88520", "2014-06-30": "66.06830", "2014-03-31": "22.33520", "2013-12-31": "53.68520", "2013-09-30": "15.50190", "2013-06-30": "16.74850", "2013-03-31": "35.82940", "2012-12-31": "12.35060", "2012-09-30": "14.43300", "2012-06-30": "15.46780", "2012-03-31": "13.87970", "2011-12-31": "5.08510", "2011-09-30": "12.51050", "2011-06-30": "13.12010", "2011-03-31": "32.94940", "2010-12-31": "30.96660", "2010-09-30": "13.42100", "2010-06-30": "13.00980", "2010-03-31": "15.01760", "2009-12-31": "29.67750", "2009-09-30": "-70.86970", "2009-06-30": "8.97260", "2009-03-31": "16.20300", "2008-12-31": "12.42670", "2008-09-30": "24.24140", "2008-06-30": "24.59880", "2008-03-31": "26.68500", "2007-12-31": "60.95920", "2007-09-30": "10.45510", "2007-06-30": "12.49510", "2007-03-31": "8.19280", "2006-12-31": "29.98090", "2006-09-30": "13.85600", "2006-06-30": "13.23040", "2006-03-31": "11.04020", "2005-12-31": "18.49140", "2005-09-30": "14.59630", "2005-06-30": "20.94520", "2005-03-31": "15.81380"}, "EBIT Margin": {"2020-09-30": "34.97260", "2020-06-30": "32.01570", "2020-03-31": "26.26550", "2019-12-31": "49.86090", "2019-09-30": "102.93090", "2019-06-30": "41.83550", "2019-03-31": "23.50860", "2018-12-31": "30.35770", "2018-09-30": "30.11110", "2018-06-30": "99.21880", "2018-03-31": "42.37350", "2017-12-31": "32.69750", "2017-09-30": "37.65730", "2017-06-30": "81.09360", "2017-03-31": "50.33880", "2016-12-31": "52.85070", "2016-09-30": "77.75400", "2016-06-30": "75.53080", "2016-03-31": "35.18850", "2015-12-31": "35.69430", "2015-09-30": "51.03800", "2015-06-30": "80.24280", "2015-03-31": "32.98000", "2014-12-31": "22.69100", "2014-09-30": "43.88520", "2014-06-30": "66.06830", "2014-03-31": "22.33520", "2013-12-31": "53.68530", "2013-09-30": "15.50190", "2013-06-30": "16.74850", "2013-03-31": "35.82940", "2012-12-31": "12.35060", "2012-09-30": "14.43300", "2012-06-30": "15.46780", "2012-03-31": "13.87970", "2011-12-31": "5.08510", "2011-09-30": "12.51050", "2011-06-30": "13.12010", "2011-03-31": "32.94940", "2010-12-31": "30.96660", "2010-09-30": "13.42100", "2010-06-30": "13.00980", "2010-03-31": "15.01760", "2009-12-31": "29.67750", "2009-09-30": "-70.86970", "2009-06-30": "8.97260", "2009-03-31": "16.20300", "2008-12-31": "12.42670", "2008-09-30": "24.24140", "2008-06-30": "24.59880", "2008-03-31": "26.68500", "2007-12-31": "60.95920", "2007-09-30": "10.45510", "2007-06-30": "12.49510", "2007-03-31": "8.19280", "2006-12-31": "29.98090", "2006-09-30": "13.85600", "2006-06-30": "13.23040", "2006-03-31": "11.04020", "2005-12-31": "18.49140", "2005-09-30": "14.59630", "2005-06-30": "20.94520", "2005-03-31": "15.81380"}, "EBITDA Margin": {"2020-09-30": "", "2020-06-30": "", "2020-03-31": "", "2019-12-31": "", "2019-09-30": "", "2019-06-30": "", "2019-03-31": "", "2018-12-31": "", "2018-09-30": "", "2018-06-30": "", "2018-03-31": "", "2017-12-31": "", "2017-09-30": "", "2017-06-30": "", "2017-03-31": "", "2016-12-31": "", "2016-09-30": "", "2016-06-30": "", "2016-03-31": "", "2015-12-31": "", "2015-09-30": "", "2015-06-30": "", "2015-03-31": "", "2014-12-31": "", "2014-09-30": "", "2014-06-30": "", "2014-03-31": "", "2013-12-31": "", "2013-09-30": "", "2013-06-30": "", "2013-03-31": "", "2012-12-31": "", "2012-09-30": "", "2012-06-30": "", "2012-03-31": "", "2011-12-31": "", "2011-09-30": "", "2011-06-30": "", "2011-03-31": "", "2010-12-31": "", "2010-09-30": "", "2010-06-30": "", "2010-03-31": "", "2009-12-31": "", "2009-09-30": "", "2009-06-30": "", "2009-03-31": "", "2008-12-31": "", "2008-09-30": "", "2008-06-30": "", "2008-03-31": "", "2007-12-31": "", "2007-09-30": "", "2007-06-30": "", "2007-03-31": "", "2006-12-31": "", "2006-09-30": "", "2006-06-30": "", "2006-03-31": "", "2005-12-31": "", "2005-09-30": "", "2005-06-30": "", "2005-03-31": ""}, "Pre-Tax Profit Margin": {"2020-09-30": "27.29480", "2020-06-30": "16.79040", "2020-03-31": "8.63720", "2019-12-31": "38.90400", "2019-09-30": "94.42840", "2019-06-30": "32.98580", "2019-03-31": "17.04340", "2018-12-31": "23.30530", "2018-09-30": "22.59830", "2018-06-30": "91.57290", "2018-03-31": "35.74950", "2017-12-31": "25.83260", "2017-09-30": "21.74640", "2017-06-30": "65.79310", "2017-03-31": "37.30330", "2016-12-31": "27.26790", "2016-09-30": "59.57520", "2016-06-30": "58.43640", "2016-03-31": "19.53640", "2015-12-31": "24.69090", "2015-09-30": "31.48120", "2015-06-30": "24.66040", "2015-03-31": "14.54560", "2014-12-31": "3.15360", "2014-09-30": "25.86610", "2014-06-30": "47.07210", "2014-03-31": "3.83600", "2013-12-31": "28.38720", "2013-09-30": "-4.60590", "2013-06-30": "-5.24350", "2013-03-31": "13.91390", "2012-12-31": "-11.46620", "2012-09-30": "-5.89580", "2012-06-30": "-7.56610", "2012-03-31": "-8.60500", "2011-12-31": "-13.79610", "2011-09-30": "-5.00470", "2011-06-30": "-4.04190", "2011-03-31": "17.35800", "2010-12-31": "21.00490", "2010-09-30": "12.31310", "2010-06-30": "-6.67350", "2010-03-31": "-2.29730", "2009-12-31": "36.70960", "2009-09-30": "-92.43940", "2009-06-30": "-5.51670", "2009-03-31": "10.67340", "2008-12-31": "3.39480", "2008-09-30": "8.08150", "2008-06-30": "8.78050", "2008-03-31": "6.14020", "2007-12-31": "15.74950", "2007-09-30": "14.22150", "2007-06-30": "14.85500", "2007-03-31": "15.49710", "2006-12-31": "25.01310", "2006-09-30": "17.22520", "2006-06-30": "14.45290", "2006-03-31": "12.95280", "2005-12-31": "25.66390", "2005-09-30": "16.57240", "2005-06-30": "23.05350", "2005-03-31": "16.55160"}, "Net Profit Margin": {"2020-09-30": "27.41040", "2020-06-30": "16.69530", "2020-03-31": "8.59480", "2019-12-31": "37.66220", "2019-09-30": "93.88260", "2019-06-30": "29.97690", "2019-03-31": "16.81620", "2018-12-31": "23.59030", "2018-09-30": "22.86570", "2018-06-30": "92.06250", "2018-03-31": "31.10670", "2017-12-31": "87.38520", "2017-09-30": "84.82820", "2017-06-30": "639.10580", "2017-03-31": "38.76850", "2016-12-31": "34.12780", "2016-09-30": "61.65690", "2016-06-30": "59.29040", "2016-03-31": "19.25150", "2015-12-31": "37.71280", "2015-09-30": "32.58930", "2015-06-30": "198.93140", "2015-03-31": "24.39620", "2014-12-31": "-1.22260", "2014-09-30": "23.50330", "2014-06-30": "46.55190", "2014-03-31": "7.06440", "2013-12-31": "43.23680", "2013-09-30": "-2.13280", "2013-06-30": "23.10930", "2013-03-31": "10.89970", "2012-12-31": "-14.66360", "2012-09-30": "-9.62630", "2012-06-30": "-10.92020", "2012-03-31": "-13.69790", "2011-12-31": "18.51590", "2011-09-30": "-10.27130", "2011-06-30": "-9.20880", "2011-03-31": "14.09310", "2010-12-31": "7.60410", "2010-09-30": "9.44520", "2010-06-30": "-11.33490", "2010-03-31": "-4.68860", "2009-12-31": "-1.67100", "2009-09-30": "-100.91260", "2009-06-30": "-9.30480", "2009-03-31": "7.21120", "2008-12-31": "5.07720", "2008-09-30": "3.72350", "2008-06-30": "5.31520", "2008-03-31": "1.11810", "2007-12-31": "11.81860", "2007-09-30": "23.50670", "2007-06-30": "16.64700", "2007-03-31": "30.53680", "2006-12-31": "18.62180", "2006-09-30": "28.24920", "2006-06-30": "10.59420", "2006-03-31": "5.65770", "2005-12-31": "22.97470", "2005-09-30": "108.43660", "2005-06-30": "20.31120", "2005-03-31": "13.58430"}, "Asset Turnover": {"2020-09-30": "0.03000", "2020-06-30": "0.02780", "2020-03-31": "0.02640", "2019-12-31": "0.02740", "2019-09-30": "0.02920", "2019-06-30": "0.02960", "2019-03-31": "0.03330", "2018-12-31": "0.03470", "2018-09-30": "0.02960", "2018-06-30": "0.02810", "2018-03-31": "0.03160", "2017-12-31": "0.02920", "2017-09-30": "0.02670", "2017-06-30": "0.02590", "2017-03-31": "0.02600", "2016-12-31": "0.02070", "2016-09-30": "0.02650", "2016-06-30": "0.02680", "2016-03-31": "0.03260", "2015-12-31": "0.00930", "2015-09-30": "0.03280", "2015-06-30": "0.03180", "2015-03-31": "0.03460", "2014-12-31": "0.03180", "2014-09-30": "0.03320", "2014-06-30": "0.03490", "2014-03-31": "0.03400", "2013-12-31": "0.02080", "2013-09-30": "0.03610", "2013-06-30": "0.03380", "2013-03-31": "0.03300", "2012-12-31": "0.02980", "2012-09-30": "0.04080", "2012-06-30": "0.03690", "2012-03-31": "0.03870", "2011-12-31": "0.03470", "2011-09-30": "0.04160", "2011-06-30": "0.04190", "2011-03-31": "0.04480", "2010-12-31": "0.01630", "2010-09-30": "0.04770", "2010-06-30": "0.05120", "2010-03-31": "0.04590", "2009-12-31": "0.01280", "2009-09-30": "0.04300", "2009-06-30": "0.04590", "2009-03-31": "0.04200", "2008-12-31": "0.05150", "2008-09-30": "0.03930", "2008-06-30": "0.03900", "2008-03-31": "0.02920", "2007-12-31": "0.05840", "2007-09-30": "0.03060", "2007-06-30": "0.03050", "2007-03-31": "0.03090", "2006-12-31": "0.03720", "2006-09-30": "0.03000", "2006-06-30": "0.02920", "2006-03-31": "0.03020", "2005-12-31": "0.02320", "2005-09-30": "0.03480", "2005-06-30": "0.03200", "2005-03-31": "0.03150"}, "Inventory Turnover Ratio": {"2020-09-30": "", "2020-06-30": "", "2020-03-31": "", "2019-12-31": "", "2019-09-30": "", "2019-06-30": "", "2019-03-31": "", "2018-12-31": "", "2018-09-30": "", "2018-06-30": "", "2018-03-31": "", "2017-12-31": "", "2017-09-30": "", "2017-06-30": "", "2017-03-31": "", "2016-12-31": "", "2016-09-30": "", "2016-06-30": "", "2016-03-31": "", "2015-12-31": "", "2015-09-30": "", "2015-06-30": "", "2015-03-31": "", "2014-12-31": "", "2014-09-30": "", "2014-06-30": "", "2014-03-31": "", "2013-12-31": "", "2013-09-30": "", "2013-06-30": "", "2013-03-31": "", "2012-12-31": "", "2012-09-30": "", "2012-06-30": "", "2012-03-31": "", "2011-12-31": "", "2011-09-30": "", "2011-06-30": "", "2011-03-31": "", "2010-12-31": "", "2010-09-30": "", "2010-06-30": "", "2010-03-31": "", "2009-12-31": "", "2009-09-30": "", "2009-06-30": "", "2009-03-31": "", "2008-12-31": "", "2008-09-30": "", "2008-06-30": "", "2008-03-31": "", "2007-12-31": "", "2007-09-30": "", "2007-06-30": "", "2007-03-31": "", "2006-12-31": "", "2006-09-30": "", "2006-06-30": "", "2006-03-31": "", "2005-12-31": "", "2005-09-30": "", "2005-06-30": "", "2005-03-31": ""}, "Receiveable Turnover": {"2020-09-30": "", "2020-06-30": "", "2020-03-31": "", "2019-12-31": "", "2019-09-30": "", "2019-06-30": "", "2019-03-31": "", "2018-12-31": "", "2018-09-30": "", "2018-06-30": "", "2018-03-31": "", "2017-12-31": "", "2017-09-30": "", "2017-06-30": "", "2017-03-31": "", "2016-12-31": "", "2016-09-30": "", "2016-06-30": "", "2016-03-31": "", "2015-12-31": "", "2015-09-30": "", "2015-06-30": "", "2015-03-31": "", "2014-12-31": "", "2014-09-30": "", "2014-06-30": "", "2014-03-31": "", "2013-12-31": "", "2013-09-30": "", "2013-06-30": "", "2013-03-31": "", "2012-12-31": "", "2012-09-30": "", "2012-06-30": "", "2012-03-31": "", "2011-12-31": "", "2011-09-30": "", "2011-06-30": "", "2011-03-31": "", "2010-12-31": "", "2010-09-30": "", "2010-06-30": "", "2010-03-31": "", "2009-12-31": "", "2009-09-30": "", "2009-06-30": "", "2009-03-31": "", "2008-12-31": "", "2008-09-30": "", "2008-06-30": "", "2008-03-31": "", "2007-12-31": "", "2007-09-30": "", "2007-06-30": "", "2007-03-31": "", "2006-12-31": "", "2006-09-30": "", "2006-06-30": "", "2006-03-31": "", "2005-12-31": "", "2005-09-30": "", "2005-06-30": "", "2005-03-31": ""}, "Days Sales In Receivables": {"2020-09-30": "", "2020-06-30": "", "2020-03-31": "", "2019-12-31": "", "2019-09-30": "", "2019-06-30": "", "2019-03-31": "", "2018-12-31": "", "2018-09-30": "", "2018-06-30": "", "2018-03-31": "", "2017-12-31": "", "2017-09-30": "", "2017-06-30": "", "2017-03-31": "", "2016-12-31": "", "2016-09-30": "", "2016-06-30": "", "2016-03-31": "", "2015-12-31": "", "2015-09-30": "", "2015-06-30": "", "2015-03-31": "", "2014-12-31": "", "2014-09-30": "", "2014-06-30": "", "2014-03-31": "", "2013-12-31": "", "2013-09-30": "", "2013-06-30": "", "2013-03-31": "", "2012-12-31": "", "2012-09-30": "", "2012-06-30": "", "2012-03-31": "", "2011-12-31": "", "2011-09-30": "", "2011-06-30": "", "2011-03-31": "", "2010-12-31": "", "2010-09-30": "", "2010-06-30": "", "2010-03-31": "", "2009-12-31": "", "2009-09-30": "", "2009-06-30": "", "2009-03-31": "", "2008-12-31": "", "2008-09-30": "", "2008-06-30": "", "2008-03-31": "", "2007-12-31": "", "2007-09-30": "", "2007-06-30": "", "2007-03-31": "", "2006-12-31": "", "2006-09-30": "", "2006-06-30": "", "2006-03-31": "", "2005-12-31": "", "2005-09-30": "", "2005-06-30": "", "2005-03-31": ""}, "ROE - Return On Equity": {"2020-09-30": "1.42430", "2020-06-30": "0.79480", "2020-03-31": "0.39010", "2019-12-31": "1.72120", "2019-09-30": "4.54900", "2019-06-30": "1.52210", "2019-03-31": "0.95630", "2018-12-31": "1.35340", "2018-09-30": "1.12810", "2018-06-30": "4.09330", "2018-03-31": "1.60490", "2017-12-31": "1.39850", "2017-09-30": "0.88380", "2017-06-30": "2.55590", "2017-03-31": "1.87010", "2016-12-31": "1.10420", "2016-09-30": "3.09470", "2016-06-30": "3.22290", "2016-03-31": "1.36690", "2015-12-31": "0.48980", "2015-09-30": "2.32950", "2015-06-30": "1.76180", "2015-03-31": "1.29280", "2014-12-31": "0.38910", "2014-09-30": "2.35330", "2014-06-30": "4.56090", "2014-03-31": "0.28870", "2013-12-31": "1.78130", "2013-09-30": "-0.33530", "2013-06-30": "-0.53770", "2013-03-31": "1.40010", "2012-12-31": "-1.29160", "2012-09-30": "-0.85960", "2012-06-30": "-0.98980", "2012-03-31": "-1.10980", "2011-12-31": "-1.68720", "2011-09-30": "-0.77910", "2011-06-30": "-0.62110", "2011-03-31": "2.75930", "2010-12-31": "1.25610", "2010-09-30": "2.15080", "2010-06-30": "-1.17710", "2010-03-31": "-0.39350", "2009-12-31": "2.17270", "2009-09-30": "-15.25210", "2009-06-30": "-0.67900", "2009-03-31": "1.97900", "2008-12-31": "0.86140", "2008-09-30": "1.58450", "2008-06-30": "1.42020", "2008-03-31": "0.71860", "2007-12-31": "3.38730", "2007-09-30": "1.75770", "2007-06-30": "1.83460", "2007-03-31": "1.90950", "2006-12-31": "3.87410", "2006-09-30": "2.05500", "2006-06-30": "1.60540", "2006-03-31": "1.42130", "2005-12-31": "1.76980", "2005-09-30": "1.35120", "2005-06-30": "2.02750", "2005-03-31": "1.35810"}, "Return On Tangible Equity": {"2020-09-30": "1.42430", "2020-06-30": "0.79480", "2020-03-31": "0.39010", "2019-12-31": "1.72120", "2019-09-30": "4.54900", "2019-06-30": "1.52210", "2019-03-31": "0.95630", "2018-12-31": "1.35340", "2018-09-30": "1.12810", "2018-06-30": "4.09330", "2018-03-31": "1.60490", "2017-12-31": "1.39850", "2017-09-30": "0.88380", "2017-06-30": "2.55590", "2017-03-31": "1.87010", "2016-12-31": "1.10420", "2016-09-30": "3.09470", "2016-06-30": "3.22290", "2016-03-31": "1.36690", "2015-12-31": "0.48980", "2015-09-30": "2.32950", "2015-06-30": "1.76180", "2015-03-31": "1.29280", "2014-12-31": "0.38910", "2014-09-30": "2.11080", "2014-06-30": "3.95930", "2014-03-31": "0.24770", "2013-12-31": "1.51940", "2013-09-30": "-0.28550", "2013-06-30": "-0.45860", "2013-03-31": "1.19140", "2012-12-31": "-0.98390", "2012-09-30": "-0.65470", "2012-06-30": "-0.75340", "2012-03-31": "-0.85120", "2011-12-31": "-1.20530", "2011-09-30": "-0.55620", "2011-06-30": "-0.43140", "2011-03-31": "1.93630", "2010-12-31": "0.87610", "2010-09-30": "1.50560", "2010-06-30": "-0.81000", "2010-03-31": "-0.25640", "2009-12-31": "1.42840", "2009-09-30": "-10.09720", "2009-06-30": "-0.47460", "2009-03-31": "1.28330", "2008-12-31": "0.55950", "2008-09-30": "1.01120", "2008-06-30": "0.91500", "2008-03-31": "0.46680", "2007-12-31": "2.47090", "2007-09-30": "1.17580", "2007-06-30": "1.21980", "2007-03-31": "1.27300", "2006-12-31": "2.51820", "2006-09-30": "1.36200", "2006-06-30": "1.06730", "2006-03-31": "0.99030", "2005-12-31": "1.29560", "2005-09-30": "1.03700", "2005-06-30": "1.54450", "2005-03-31": "1.03940"}, "ROA - Return On Assets": {"2020-09-30": "0.82900", "2020-06-30": "0.46920", "2020-03-31": "0.22870", "2019-12-31": "1.03840", "2019-09-30": "2.76440", "2019-06-30": "0.89300", "2019-03-31": "0.56220", "2018-12-31": "0.81740", "2018-09-30": "0.68120", "2018-06-30": "2.56900", "2018-03-31": "0.98990", "2017-12-31": "0.86590", "2017-09-30": "0.57570", "2017-06-30": "1.62890", "2017-03-31": "0.94010", "2016-12-31": "0.56960", "2016-09-30": "1.58250", "2016-06-30": "1.56810", "2016-03-31": "0.63220", "2015-12-31": "0.22760", "2015-09-30": "1.08040", "2015-06-30": "0.81520", "2015-03-31": "0.48400", "2014-12-31": "0.14450", "2014-09-30": "0.86450", "2014-06-30": "1.63750", "2014-03-31": "0.09620", "2013-12-31": "0.59670", "2013-09-30": "-0.10910", "2013-06-30": "-0.17700", "2013-03-31": "0.45880", "2012-12-31": "-0.34180", "2012-09-30": "-0.23900", "2012-06-30": "-0.27920", "2012-03-31": "-0.33260", "2011-12-31": "-0.47830", "2011-09-30": "-0.20570", "2011-06-30": "-0.16930", "2011-03-31": "0.77830", "2010-12-31": "0.34270", "2010-09-30": "0.60230", "2010-06-30": "-0.34180", "2010-03-31": "-0.10550", "2009-12-31": "0.58040", "2009-09-30": "-4.08280", "2009-06-30": "-0.21100", "2009-03-31": "0.48350", "2008-12-31": "0.21100", "2008-09-30": "0.37200", "2008-06-30": "0.34290", "2008-03-31": "0.17920", "2007-12-31": "0.88690", "2007-09-30": "0.41970", "2007-06-30": "0.43670", "2007-03-31": "0.46010", "2006-12-31": "0.87100", "2006-09-30": "0.48660", "2006-06-30": "0.39770", "2006-03-31": "0.37330", "2005-12-31": "0.56270", "2005-09-30": "0.51820", "2005-06-30": "0.68690", "2005-03-31": "0.48950"}, "ROI - Return On Investment": {"2020-09-30": "0.88010", "2020-06-30": "0.49430", "2020-03-31": "0.23990", "2019-12-31": "1.09370", "2019-09-30": "2.93260", "2019-06-30": "0.94910", "2019-03-31": "0.59630", "2018-12-31": "0.86530", "2018-09-30": "0.72430", "2018-06-30": "2.70470", "2018-03-31": "1.03880", "2017-12-31": "0.91430", "2017-09-30": "0.61010", "2017-06-30": "1.71660", "2017-03-31": "0.99440", "2016-12-31": "0.60250", "2016-09-30": "1.67060", "2016-06-30": "1.64660", "2016-03-31": "0.66360", "2015-12-31": "0.24060", "2015-09-30": "1.14160", "2015-06-30": "0.85890", "2015-03-31": "0.50990", "2014-12-31": "0.15370", "2014-09-30": "0.91640", "2014-06-30": "1.74320", "2014-03-31": "0.10180", "2013-12-31": "0.63380", "2013-09-30": "-0.11550", "2013-06-30": "-0.18760", "2013-03-31": "0.48380", "2012-12-31": "-0.36530", "2012-09-30": "-0.25410", "2012-06-30": "-0.29650", "2012-03-31": "-0.35160", "2011-12-31": "-0.50840", "2011-09-30": "-0.21900", "2011-06-30": "-0.18040", "2011-03-31": "0.82550", "2010-12-31": "0.36400", "2010-09-30": "0.63770", "2010-06-30": "-0.36620", "2010-03-31": "-0.11230", "2009-12-31": "0.62140", "2009-09-30": "-4.37600", "2009-06-30": "-0.22520", "2009-03-31": "0.51370", "2008-12-31": "0.22610", "2008-09-30": "0.40050", "2008-06-30": "0.36880", "2008-03-31": "0.19210", "2007-12-31": "0.96160", "2007-09-30": "0.45690", "2007-06-30": "0.47650", "2007-03-31": "0.50720", "2006-12-31": "0.97510", "2006-09-30": "0.53030", "2006-06-30": "0.43270", "2006-03-31": "0.40700", "2005-12-31": "0.62880", "2005-09-30": "0.58090", "2005-06-30": "0.75630", "2005-03-31": "0.53660"}, "Book Value Per Share": {"2020-09-30": "13.69720", "2020-06-30": "13.65520", "2020-03-31": "13.64640", "2019-12-31": "13.80690", "2019-09-30": "13.70830", "2019-06-30": "13.03880", "2019-03-31": "13.02420", "2018-12-31": "13.13430", "2018-09-30": "13.18680", "2018-06-30": "13.18430", "2018-03-31": "12.83160", "2017-12-31": "12.83640", "2017-09-30": "13.34730", "2017-06-30": "13.11020", "2017-03-31": "9.83690", "2016-12-31": "9.84700", "2016-09-30": "9.89500", "2016-06-30": "9.53600", "2016-03-31": "9.22170", "2015-12-31": "9.28160", "2015-09-30": "9.59120", "2015-06-30": "9.53470", "2015-03-31": "8.38780", "2014-12-31": "8.36900", "2014-09-30": "9.45010", "2014-06-30": "9.61820", "2014-03-31": "9.18370", "2013-12-31": "9.32790", "2013-09-30": "9.26150", "2013-06-30": "9.41100", "2013-03-31": "9.34070", "2012-12-31": "9.39840", "2012-09-30": "9.59730", "2012-06-30": "9.79120", "2012-03-31": "10.08040", "2011-12-31": "10.99000", "2011-09-30": "10.97170", "2011-06-30": "11.69450", "2011-03-31": "11.97800", "2010-12-31": "11.85550", "2010-09-30": "11.99550", "2010-06-30": "12.24980", "2010-03-31": "13.00850", "2009-12-31": "13.24770", "2009-09-30": "13.42940", "2009-06-30": "15.08660", "2009-03-31": "19.46920", "2008-12-31": "19.53900", "2008-09-30": "19.61410", "2008-06-30": "19.98390", "2008-03-31": "20.31540", "2007-12-31": "18.81330", "2007-09-30": "19.10280", "2007-06-30": "19.09380", "2007-03-31": "19.20320", "2006-12-31": "18.69450", "2006-09-30": "19.22500", "2006-06-30": "19.35270", "2006-03-31": "18.73780", "2005-12-31": "18.20980", "2005-09-30": "20.09200", "2005-06-30": "19.22720", "2005-03-31": "19.52270"}, "Operating Cash Flow Per Share": {"2020-09-30": 0.47, "2020-06-30": 0.393, "2020-03-31": "0.30800", "2019-12-31": 0.277, "2019-09-30": 0.3899, "2019-06-30": 0.3942, "2019-03-31": "0.31610", "2018-12-31": 0.3051, "2018-09-30": 0.3925, "2018-06-30": 0.3218, "2018-03-31": "0.31400", "2017-12-31": -0.6963, "2017-09-30": 0.3603, "2017-06-30": 0.3343, "2017-03-31": "0.30480", "2016-12-31": 0.2926, "2016-09-30": 0.4281, "2016-06-30": 0.3508, "2016-03-31": "0.20840", "2015-12-31": 0.3077, "2015-09-30": 0.287, "2015-06-30": 0.3807, "2015-03-31": "0.12240", "2014-12-31": 0.3774, "2014-09-30": 0.3217, "2014-06-30": 0.4282, "2014-03-31": "0.17830", "2013-12-31": 0.3559, "2013-09-30": 0.3717, "2013-06-30": 0.3761, "2013-03-31": "0.22980", "2012-12-31": 0.3711, "2012-09-30": 0.2191, "2012-06-30": 0.4284, "2012-03-31": "0.09810", "2011-12-31": 0.3307, "2011-09-30": 0.3984, "2011-06-30": 0.4628, "2011-03-31": "0.10830", "2010-12-31": 0.6937, "2010-09-30": 0.29, "2010-06-30": 0.5634, "2010-03-31": "0.09010", "2009-12-31": 0.634, "2009-09-30": 0.4506, "2009-06-30": 0.5949, "2009-03-31": "0.31090", "2008-12-31": 2.0329, "2008-09-30": 1.3643, "2008-06-30": 0.7478, "2008-03-31": "0.01440", "2007-12-31": 1.254, "2007-09-30": 0.3663, "2007-06-30": 0.4689, "2007-03-31": "0.08120", "2006-12-31": 1.1081, "2006-09-30": 0.1541, "2006-06-30": 0.3716, "2006-03-31": "0.19290", "2005-12-31": 0.5805, "2005-09-30": 0.8118, "2005-06-30": 0.821, "2005-03-31": "0.41120"}, "Free Cash Flow Per Share": {"2020-09-30": 0.1413, "2020-06-30": -0.0694, "2020-03-31": "-0.33450", "2019-12-31": -0.3998, "2019-09-30": 1.047, "2019-06-30": -0.1934, "2019-03-31": "-0.30130", "2018-12-31": 0.005, "2018-09-30": -0.5334, "2018-06-30": 0.6582, "2018-03-31": "0.20240", "2017-12-31": -5.5575, "2017-09-30": 0.6348, "2017-06-30": 4.9505, "2017-03-31": "0.10940", "2016-12-31": 0.3877, "2016-09-30": 0.5431, "2016-06-30": 0.3446, "2016-03-31": "-0.05590", "2015-12-31": 0.2393, "2015-09-30": 0.5082, "2015-06-30": 3.5713, "2015-03-31": "0.19600", "2014-12-31": 0.3298, "2014-09-30": 0.2226, "2014-06-30": 0.3918, "2014-03-31": "0.00750", "2013-12-31": 1.044, "2013-09-30": 0.2027, "2013-06-30": 0.4988, "2013-03-31": "0.02950", "2012-12-31": -0.2091, "2012-09-30": 0.1081, "2012-06-30": 0.1424, "2012-03-31": "0.12170", "2011-12-31": 4.1253, "2011-09-30": 0.1012, "2011-06-30": 0.4818, "2011-03-31": "1.58680", "2010-12-31": 1.6924, "2010-09-30": 0.2059, "2010-06-30": 0.5594, "2010-03-31": "0.33880", "2009-12-31": 0.9004, "2009-09-30": 0.1415, "2009-06-30": 0.4483, "2009-03-31": "0.01760", "2008-12-31": 1.5925, "2008-09-30": 0.5976, "2008-06-30": 0.1584, "2008-03-31": "-1.00630", "2007-12-31": -0.4854, "2007-09-30": 0.0673, "2007-06-30": -0.2232, "2007-03-31": "0.30930", "2006-12-31": -0.1337, "2006-09-30": -0.4278, "2006-06-30": -0.6886, "2006-03-31": "-1.76690", "2005-12-31": 0.0001, "2005-09-30": 6.4328, "2005-06-30": 0.7779, "2005-03-31": "-0.01190"}}, "revenue": {"Duke Realty Annual Revenue (Millions of US $)": {"2020": "$993", "2019": "$974", "2018": "$948", "2017": "$781", "2016": "$731", "2015": "$792", "2014": "$1,047", "2013": "$969", "2012": "$1,045", "2011": "$1,208", "2010": "$1,185", "2009": "$1,084", "2008": "$1,237", "2007": "$1,122", "2006": "$895", "2005": "$714"}, "Duke Realty Quarterly Revenue (Millions of US $)": {"2020-12-31": "$266", "2020-09-30": "$262", "2020-06-30": "$239", "2020-03-31": "$226", "2019-12-31": "$230", "2019-09-30": "$241", "2019-06-30": "$237", "2019-03-31": "$265", "2018-12-31": "$271", "2018-09-30": "$232", "2018-06-30": "$211", "2018-03-31": "$235", "2017-12-31": "$216", "2017-09-30": "$195", "2017-06-30": "$189", "2017-03-31": "$181", "2016-12-31": "$140", "2016-09-30": "$182", "2016-06-30": "$184", "2016-03-31": "$225", "2015-12-31": "$64", "2015-09-30": "$235", "2015-06-30": "$226", "2015-03-31": "$267", "2014-12-31": "$246", "2014-09-30": "$262", "2014-06-30": "$274", "2014-03-31": "$264", "2013-12-31": "$161", "2013-09-30": "$284", "2013-06-30": "$266", "2013-03-31": "$257", "2012-12-31": "$225", "2012-09-30": "$293", "2012-06-30": "$261", "2012-03-31": "$266", "2011-12-31": "$243", "2011-09-30": "$312", "2011-06-30": "$315", "2011-03-31": "$338", "2010-12-31": "$125", "2010-09-30": "$361", "2010-06-30": "$374", "2010-03-31": "$326", "2009-12-31": "$93", "2009-09-30": "$320", "2009-06-30": "$348", "2009-03-31": "$322", "2008-12-31": "$396", "2008-09-30": "$309", "2008-06-30": "$306", "2008-03-31": "$227", "2007-12-31": "$448", "2007-09-30": "$227", "2007-06-30": "$223", "2007-03-31": "$225", "2006-12-31": "$270", "2006-09-30": "$219", "2006-06-30": "$205", "2006-03-31": "$202", "2005-12-31": "$131", "2005-09-30": "$197", "2005-06-30": "$198", "2005-03-31": "$188"}}, "gross-profit": {"Duke Realty Annual Gross Profit (Millions of US $)": {"2020": "$709", "2019": "$657", "2018": "$597", "2017": "$520", "2016": "$477", "2015": "$484", "2014": "$596", "2013": "$552", "2012": "$547", "2011": "$502", "2010": "$475", "2009": "$442", "2008": "$543", "2007": "$564", "2006": "$637", "2005": "$502"}, "Duke Realty Quarterly Gross Profit (Millions of US $)": {"2020-12-31": "$191", "2020-09-30": "$180", "2020-06-30": "$174", "2020-03-31": "$164", "2019-12-31": "$167", "2019-09-30": "$167", "2019-06-30": "$164", "2019-03-31": "$159", "2018-12-31": "$157", "2018-09-30": "$149", "2018-06-30": "$148", "2018-03-31": "$143", "2017-12-31": "$137", "2017-09-30": "$126", "2017-06-30": "$126", "2017-03-31": "$131", "2016-12-31": "$90", "2016-09-30": "$122", "2016-06-30": "$120", "2016-03-31": "$145", "2015-12-31": "$37", "2015-09-30": "$147", "2015-06-30": "$146", "2015-03-31": "$154", "2014-12-31": "$150", "2014-09-30": "$150", "2014-06-30": "$150", "2014-03-31": "$146", "2013-12-31": "$93", "2013-09-30": "$154", "2013-06-30": "$154", "2013-03-31": "$151", "2012-12-31": "$125", "2012-09-30": "$141", "2012-06-30": "$143", "2012-03-31": "$138", "2011-12-31": "$105", "2011-09-30": "$130", "2011-06-30": "$134", "2011-03-31": "$134", "2010-12-31": "$40", "2010-09-30": "$156", "2010-06-30": "$140", "2010-03-31": "$139", "2009-12-31": "$9", "2009-09-30": "$145", "2009-06-30": "$147", "2009-03-31": "$141", "2008-12-31": "$100", "2008-09-30": "$139", "2008-06-30": "$154", "2008-03-31": "$151", "2007-12-31": "$390", "2007-09-30": "$156", "2007-06-30": "$156", "2007-03-31": "$150", "2006-12-31": "$203", "2006-09-30": "$155", "2006-06-30": "$142", "2006-03-31": "$136", "2005-12-31": "$96", "2005-09-30": "$135", "2005-06-30": "$142", "2005-03-31": "$130"}}, "operating-income": {"Duke Realty Annual Operating Income (Millions of US $)": {"2020": "$418", "2019": "$525", "2018": "$460", "2017": "$389", "2016": "$433", "2015": "$412", "2014": "$411", "2013": "$267", "2012": "$147", "2011": "$204", "2010": "$185", "2009": "$-116", "2008": "$260", "2007": "$343", "2006": "$161", "2005": "$124"}, "Duke Realty Quarterly Operating Income (Millions of US $)": {"2020-12-31": "$190", "2020-09-30": "$92", "2020-06-30": "$76", "2020-03-31": "$59", "2019-12-31": "$115", "2019-09-30": "$248", "2019-06-30": "$99", "2019-03-31": "$62", "2018-12-31": "$82", "2018-09-30": "$70", "2018-06-30": "$209", "2018-03-31": "$99", "2017-12-31": "$71", "2017-09-30": "$73", "2017-06-30": "$154", "2017-03-31": "$91", "2016-12-31": "$74", "2016-09-30": "$141", "2016-06-30": "$139", "2016-03-31": "$79", "2015-12-31": "$23", "2015-09-30": "$120", "2015-06-30": "$181", "2015-03-31": "$88", "2014-12-31": "$56", "2014-09-30": "$115", "2014-06-30": "$181", "2014-03-31": "$59", "2013-12-31": "$86", "2013-09-30": "$44", "2013-06-30": "$45", "2013-03-31": "$92", "2012-12-31": "$28", "2012-09-30": "$42", "2012-06-30": "$40", "2012-03-31": "$37", "2011-12-31": "$12", "2011-09-30": "$39", "2011-06-30": "$41", "2011-03-31": "$111", "2010-12-31": "$39", "2010-09-30": "$48", "2010-06-30": "$49", "2010-03-31": "$49", "2009-12-31": "$28", "2009-09-30": "$-227", "2009-06-30": "$31", "2009-03-31": "$52", "2008-12-31": "$49", "2008-09-30": "$75", "2008-06-30": "$75", "2008-03-31": "$60", "2007-12-31": "$273", "2007-09-30": "$24", "2007-06-30": "$28", "2007-03-31": "$18", "2006-12-31": "$81", "2006-09-30": "$30", "2006-06-30": "$27", "2006-03-31": "$22", "2005-12-31": "$24", "2005-09-30": "$29", "2005-06-30": "$42", "2005-03-31": "$30"}}, "ebitda": {"Duke Realty Annual EBITDA (Millions of US $)": {"2019": "$859", "2018": "$778", "2017": "$693", "2016": "$756", "2015": "$740", "2014": "$805", "2013": "$689", "2012": "$540", "2011": "$604", "2010": "$559", "2009": "$238", "2008": "$588", "2007": "$632", "2006": "$423", "2005": "$384"}, "Duke Realty Quarterly EBITDA (Millions of US $)": {"2020-09-30": "$183", "2020-06-30": "$165", "2020-03-31": "$147", "2019-12-31": "$201", "2019-09-30": "$334", "2019-06-30": "$184", "2019-03-31": "$140", "2018-12-31": "$164", "2018-09-30": "$150", "2018-06-30": "$286", "2018-03-31": "$178", "2017-12-31": "$-74", "2017-09-30": "$143", "2017-06-30": "$228", "2017-03-31": "$174", "2016-12-31": "$154", "2016-09-30": "$223", "2016-06-30": "$220", "2016-03-31": "$158", "2015-12-31": "$102", "2015-09-30": "$201", "2015-06-30": "$261", "2015-03-31": "$176", "2014-12-31": "$152", "2014-09-30": "$212", "2014-06-30": "$281", "2014-03-31": "$160", "2013-12-31": "$195", "2013-09-30": "$152", "2013-06-30": "$147", "2013-03-31": "$195", "2012-12-31": "$130", "2012-09-30": "$141", "2012-06-30": "$137", "2012-03-31": "$132", "2011-12-31": "$109", "2011-09-30": "$140", "2011-06-30": "$145", "2011-03-31": "$210", "2010-12-31": "$138", "2010-09-30": "$150", "2010-06-30": "$134", "2010-03-31": "$137", "2009-12-31": "$117", "2009-09-30": "$-136", "2009-06-30": "$121", "2009-03-31": "$136", "2008-12-31": "$137", "2008-09-30": "$154", "2008-06-30": "$155", "2008-03-31": "$143", "2007-12-31": "$345", "2007-09-30": "$99", "2007-06-30": "$99", "2007-03-31": "$89", "2006-12-31": "$147", "2006-09-30": "$97", "2006-06-30": "$94", "2006-03-31": "$85", "2005-12-31": "$85", "2005-09-30": "$98", "2005-06-30": "$107", "2005-03-31": "$94"}}, "net-income": {"Duke Realty Annual Net Income (Millions of US $)": {"2020": "$300", "2019": "$429", "2018": "$384", "2017": "$1,634", "2016": "$312", "2015": "$615", "2014": "$205", "2013": "$153", "2012": "$-126", "2011": "$31", "2010": "$-14", "2009": "$-334", "2008": "$50", "2007": "$212", "2006": "$145", "2005": "$309"}, "Duke Realty Quarterly Net Income (Millions of US $)": {"2020-12-31": "$169", "2020-09-30": "$72", "2020-06-30": "$40", "2020-03-31": "$19", "2019-12-31": "$87", "2019-09-30": "$227", "2019-06-30": "$71", "2019-03-31": "$45", "2018-12-31": "$64", "2018-09-30": "$53", "2018-06-30": "$194", "2018-03-31": "$73", "2017-12-31": "$188", "2017-09-30": "$165", "2017-06-30": "$1,211", "2017-03-31": "$70", "2016-12-31": "$48", "2016-09-30": "$112", "2016-06-30": "$109", "2016-03-31": "$43", "2015-12-31": "$24", "2015-09-30": "$76", "2015-06-30": "$449", "2015-03-31": "$65", "2014-12-31": "$-3", "2014-09-30": "$62", "2014-06-30": "$128", "2014-03-31": "$19", "2013-12-31": "$70", "2013-09-30": "$-6", "2013-06-30": "$61", "2013-03-31": "$28", "2012-12-31": "$-33", "2012-09-30": "$-28", "2012-06-30": "$-28", "2012-03-31": "$-36", "2011-12-31": "$45", "2011-09-30": "$-32", "2011-06-30": "$-29", "2011-03-31": "$48", "2010-12-31": "$9", "2010-09-30": "$34", "2010-06-30": "$-42", "2010-03-31": "$-15", "2009-12-31": "$-2", "2009-09-30": "$-323", "2009-06-30": "$-32", "2009-03-31": "$23", "2008-12-31": "$20", "2008-09-30": "$11", "2008-06-30": "$16", "2008-03-31": "$3", "2007-12-31": "$53", "2007-09-30": "$53", "2007-06-30": "$37", "2007-03-31": "$69", "2006-12-31": "$50", "2006-09-30": "$62", "2006-06-30": "$22", "2006-03-31": "$11", "2005-12-31": "$30", "2005-09-30": "$213", "2005-06-30": "$40", "2005-03-31": "$25"}}, "eps-earnings-per-share-diluted": {"Duke Realty Annual EPS": {"2020": "$0.80", "2019": "$1.18", "2018": "$1.07", "2017": "$4.56", "2016": "$0.88", "2015": "$1.77", "2014": "$0.60", "2013": "$0.47", "2012": "$-0.48", "2011": "$0.11", "2010": "$-0.07", "2009": "$-1.67", "2008": "$0.33", "2007": "$1.51", "2006": "$1.07", "2005": "$2.17"}, "Duke Realty Quarterly EPS": {"2020-12-31": "$0.45", "2020-09-30": "$0.19", "2020-06-30": "$0.11", "2020-03-31": "$0.05", "2019-12-31": "$0.24", "2019-09-30": "$0.62", "2019-06-30": "$0.20", "2019-03-31": "$0.12", "2018-12-31": "$0.18", "2018-09-30": "$0.15", "2018-06-30": "$0.54", "2018-03-31": "$0.20", "2017-12-31": "$0.52", "2017-09-30": "$0.46", "2017-06-30": "$3.38", "2017-03-31": "$0.20", "2016-12-31": "$0.13", "2016-09-30": "$0.32", "2016-06-30": "$0.31", "2016-03-31": "$0.12", "2015-12-31": "$0.06", "2015-09-30": "$0.22", "2015-06-30": "$1.30", "2015-03-31": "$0.19", "2014-12-31": "$-0.02", "2014-09-30": "$0.18", "2014-06-30": "$0.38", "2014-03-31": "$0.06", "2013-12-31": "$0.21", "2013-09-30": "$-0.02", "2013-06-30": "$0.19", "2013-03-31": "$0.09", "2012-12-31": "$-0.12", "2012-09-30": "$-0.11", "2012-06-30": "$-0.11", "2012-03-31": "$-0.14", "2011-12-31": "$0.17", "2011-09-30": "$-0.13", "2011-06-30": "$-0.12", "2011-03-31": "$0.19", "2010-12-31": "$0.06", "2010-09-30": "$0.13", "2010-06-30": "$-0.19", "2010-03-31": "$-0.07", "2009-12-31": "$-0.22", "2009-09-30": "$-1.44", "2009-06-30": "$-0.16", "2009-03-31": "$0.15", "2008-12-31": "$0.12", "2008-09-30": "$0.08", "2008-06-30": "$0.11", "2008-03-31": "$0.02", "2007-12-31": "$0.36", "2007-09-30": "$0.39", "2007-06-30": "$0.27", "2007-03-31": "$0.49", "2006-12-31": "$0.38", "2006-09-30": "$0.45", "2006-06-30": "$0.16", "2006-03-31": "$0.08", "2005-12-31": "$0.23", "2005-09-30": "$1.48", "2005-06-30": "$0.28", "2005-03-31": "$0.18"}}, "shares-outstanding": {"Duke Realty Annual Shares Outstanding (Millions of Shares)": {"2020": "376", "2019": "367", "2018": "363", "2017": "362", "2016": "357", "2015": "352", "2014": "340", "2013": "327", "2012": "268", "2011": "260", "2010": "239", "2009": "201", "2008": "155", "2007": "149", "2006": "149", "2005": "156"}, "Duke Realty Quarterly Shares Outstanding (Millions of Shares)": {"2020-12-31": "378", "2020-09-30": "375", "2020-06-30": "373", "2020-03-31": "372", "2019-12-31": "367", "2019-09-30": "367", "2019-06-30": "363", "2019-03-31": "362", "2018-12-31": "363", "2018-09-30": "361", "2018-06-30": "363", "2018-03-31": "360", "2017-12-31": "362", "2017-09-30": "362", "2017-06-30": "362", "2017-03-31": "361", "2016-12-31": "357", "2016-09-30": "359", "2016-06-30": "354", "2016-03-31": "350", "2015-12-31": "352", "2015-09-30": "352", "2015-06-30": "349", "2015-03-31": "349", "2014-12-31": "340", "2014-09-30": "346", "2014-06-30": "336", "2014-03-31": "332", "2013-12-31": "327", "2013-09-30": "325", "2013-06-30": "327", "2013-03-31": "320", "2012-12-31": "268", "2012-09-30": "270", "2012-06-30": "267", "2012-03-31": "258", "2011-12-31": "260", "2011-09-30": "253", "2011-06-30": "253", "2011-03-31": "259", "2010-12-31": "239", "2010-09-30": "257", "2010-06-30": "227", "2010-03-31": "224", "2009-12-31": "201", "2009-09-30": "224", "2009-06-30": "207", "2009-03-31": "156", "2008-12-31": "155", "2008-09-30": "155", "2008-06-30": "155", "2008-03-31": "155", "2007-12-31": "149", "2007-09-30": "148", "2007-06-30": "148", "2007-03-31": "149", "2006-12-31": "149", "2006-09-30": "151", "2006-06-30": "149", "2006-03-31": "149", "2005-12-31": "156", "2005-09-30": "158", "2005-06-30": "158", "2005-03-31": "158"}}, "total-assets": {"Duke Realty Annual Total Assets (Millions of US $)": {"2019": "$8,421", "2018": "$7,804", "2017": "$7,388", "2016": "$6,772", "2015": "$6,896", "2014": "$7,755", "2013": "$7,753", "2012": "$7,560", "2011": "$7,004", "2010": "$7,644", "2009": "$7,304", "2008": "$7,691", "2007": "$7,662", "2006": "$7,239", "2005": "$5,648"}, "Duke Realty Quarterly Total Assets (Millions of US $)": {"2020-09-30": "$8,743", "2020-06-30": "$8,567", "2020-03-31": "$8,574", "2019-12-31": "$8,421", "2019-09-30": "$8,263", "2019-06-30": "$8,014", "2019-03-31": "$7,962", "2018-12-31": "$7,804", "2018-09-30": "$7,825", "2018-06-30": "$7,503", "2018-03-31": "$7,428", "2017-12-31": "$7,388", "2017-09-30": "$7,297", "2017-06-30": "$7,318", "2017-03-31": "$6,959", "2016-12-31": "$6,772", "2016-09-30": "$6,862", "2016-06-30": "$6,865", "2016-03-31": "$6,897", "2015-12-31": "$6,896", "2015-09-30": "$7,140", "2015-06-30": "$7,115", "2015-03-31": "$7,731", "2014-12-31": "$7,755", "2014-09-30": "$7,884", "2014-06-30": "$7,863", "2014-03-31": "$7,767", "2013-12-31": "$7,753", "2013-09-30": "$7,887", "2013-06-30": "$7,884", "2013-03-31": "$7,802", "2012-12-31": "$7,560", "2012-09-30": "$7,190", "2012-06-30": "$7,068", "2012-03-31": "$6,872", "2011-12-31": "$7,004", "2011-09-30": "$7,505", "2011-06-30": "$7,527", "2011-03-31": "$7,527", "2010-12-31": "$7,644", "2010-09-30": "$7,560", "2010-06-30": "$7,302", "2010-03-31": "$7,092", "2009-12-31": "$7,304", "2009-09-30": "$7,439", "2009-06-30": "$7,595", "2009-03-31": "$7,676", "2008-12-31": "$7,691", "2008-09-30": "$7,843", "2008-06-30": "$7,833", "2008-03-31": "$7,760", "2007-12-31": "$7,662", "2007-09-30": "$7,417", "2007-06-30": "$7,303", "2007-03-31": "$7,272", "2006-12-31": "$7,239", "2006-09-30": "$7,274", "2006-06-30": "$7,014", "2006-03-31": "$6,704", "2005-12-31": "$5,648", "2005-09-30": "$5,657", "2005-06-30": "$6,204", "2005-03-31": "$5,946"}}, "cash-on-hand": {"Duke Realty Annual Cash on Hand (Millions of US $)": {"2019": "$111", "2018": "$18", "2017": "$68", "2016": "$13", "2015": "$23", "2014": "$18", "2013": "$19", "2012": "$34", "2011": "$214", "2010": "$18", "2009": "$147", "2008": "$23", "2007": "$48", "2006": "$68", "2005": "$27"}, "Duke Realty Quarterly Cash on Hand (Millions of US $)": {"2020-09-30": "$7", "2020-06-30": "$30", "2020-03-31": "$188", "2019-12-31": "$111", "2019-09-30": "$121", "2019-06-30": "$9", "2019-03-31": "$15", "2018-12-31": "$18", "2018-09-30": "$133", "2018-06-30": "$86", "2018-03-31": "$161", "2017-12-31": "$68", "2017-09-30": "$27", "2017-06-30": "$76", "2017-03-31": "$13", "2016-12-31": "$13", "2016-09-30": "$110", "2016-06-30": "$92", "2016-03-31": "$16", "2015-12-31": "$23", "2015-09-30": "$176", "2015-06-30": "$20", "2015-03-31": "$18", "2014-12-31": "$18", "2014-09-30": "$66", "2014-06-30": "$21", "2014-03-31": "$19", "2013-12-31": "$19", "2013-09-30": "$24", "2013-06-30": "$21", "2013-03-31": "$307", "2012-12-31": "$34", "2012-09-30": "$113", "2012-06-30": "$107", "2012-03-31": "$15", "2011-12-31": "$214", "2011-09-30": "$16", "2011-06-30": "$118", "2011-03-31": "$167", "2010-12-31": "$18", "2010-09-30": "$21", "2010-06-30": "$256", "2010-03-31": "$31", "2009-12-31": "$147", "2009-09-30": "$156", "2009-06-30": "$27", "2009-03-31": "$22", "2008-12-31": "$23", "2008-09-30": "$3", "2008-06-30": "$18", "2008-03-31": "$16", "2007-12-31": "$48", "2007-09-30": "$18", "2007-06-30": "$45", "2007-03-31": "$9", "2006-12-31": "$68", "2006-09-30": "$25", "2006-06-30": "$7", "2006-03-31": "", "2005-12-31": "$27", "2005-09-30": "$125", "2005-06-30": "$6", "2005-03-31": "$4"}}, "long-term-debt": {"Duke Realty Annual Long Term Debt (Millions of US $)": {"2019": "$2,915", "2018": "$2,659", "2017": "$2,423", "2016": "$2,908", "2015": "$3,320", "2014": "$4,413", "2013": "$4,254", "2012": "$4,446", "2011": "$3,810", "2010": "$4,207", "2009": "$3,854", "2008": "$4,277", "2007": "$4,316", "2006": "$3,962", "2005": "$2,601"}, "Duke Realty Quarterly Long Term Debt (Millions of US $)": {"2020-09-30": "$3,146", "2020-06-30": "$3,075", "2020-03-31": "$3,147", "2019-12-31": "$2,915", "2019-09-30": "$2,768", "2019-06-30": "$2,839", "2019-03-31": "$2,827", "2018-12-31": "$2,659", "2018-09-30": "$2,634", "2018-06-30": "$2,417", "2018-03-31": "$2,496", "2017-12-31": "$2,423", "2017-09-30": "$2,132", "2017-06-30": "$2,280", "2017-03-31": "$3,080", "2016-12-31": "$2,908", "2016-09-30": "$2,991", "2016-06-30": "$3,198", "2016-03-31": "$3,381", "2015-12-31": "$3,320", "2015-09-30": "$3,446", "2015-06-30": "$3,461", "2015-03-31": "$4,444", "2014-12-31": "$4,413", "2014-09-30": "$4,209", "2014-06-30": "$4,134", "2014-03-31": "$4,323", "2013-12-31": "$4,254", "2013-09-30": "$4,435", "2013-06-30": "$4,397", "2013-03-31": "$4,394", "2012-12-31": "$4,446", "2012-09-30": "$4,140", "2012-06-30": "$4,037", "2012-03-31": "$3,817", "2011-12-31": "$3,810", "2011-09-30": "$4,272", "2011-06-30": "$4,112", "2011-03-31": "$4,072", "2010-12-31": "$4,207", "2010-09-30": "$4,116", "2010-06-30": "$3,735", "2010-03-31": "$3,740", "2009-12-31": "$3,854", "2009-09-30": "$3,933", "2009-06-30": "$3,738", "2009-03-31": "$4,333", "2008-12-31": "$4,277", "2008-09-30": "$4,400", "2008-06-30": "$4,347", "2008-03-31": "$4,262", "2007-12-31": "$4,316", "2007-09-30": "$4,166", "2007-06-30": "$4,079", "2007-03-31": "$3,969", "2006-12-31": "$3,962", "2006-09-30": "$4,076", "2006-06-30": "$3,834", "2006-03-31": "$3,622", "2005-12-31": "$2,601", "2005-09-30": "$2,219", "2005-06-30": "$2,876", "2005-03-31": "$2,624"}}, "total-liabilities": {"Duke Realty Annual Total Liabilities (Millions of US $)": {"2019": "$3,340", "2018": "$3,091", "2017": "$2,814", "2016": "$3,279", "2015": "$3,691", "2014": "$4,875", "2013": "$4,708", "2012": "$4,934", "2011": "$4,225", "2010": "$4,654", "2009": "$4,336", "2008": "$4,791", "2007": "$4,912", "2006": "$4,735", "2005": "$3,195"}, "Duke Realty Quarterly Total Liabilities (Millions of US $)": {"2020-09-30": "$3,654", "2020-06-30": "$3,510", "2020-03-31": "$3,547", "2019-12-31": "$3,340", "2019-09-30": "$3,242", "2019-06-30": "$3,312", "2019-03-31": "$3,281", "2018-12-31": "$3,091", "2018-09-30": "$3,100", "2018-06-30": "$2,794", "2018-03-31": "$2,846", "2017-12-31": "$2,814", "2017-09-30": "$2,544", "2017-06-30": "$2,654", "2017-03-31": "$3,461", "2016-12-31": "$3,279", "2016-09-30": "$3,353", "2016-06-30": "$3,525", "2016-03-31": "$3,707", "2015-12-31": "$3,691", "2015-09-30": "$3,828", "2015-06-30": "$3,823", "2015-03-31": "$4,836", "2014-12-31": "$4,875", "2014-09-30": "$4,655", "2014-06-30": "$4,611", "2014-03-31": "$4,751", "2013-12-31": "$4,708", "2013-09-30": "$4,874", "2013-06-30": "$4,841", "2013-03-31": "$4,798", "2012-12-31": "$4,934", "2012-09-30": "$4,565", "2012-06-30": "$4,449", "2012-03-31": "$4,187", "2011-12-31": "$4,225", "2011-09-30": "$4,730", "2011-06-30": "$4,572", "2011-03-31": "$4,502", "2010-12-31": "$4,654", "2010-09-30": "$4,536", "2010-06-30": "$4,220", "2010-03-31": "$4,175", "2009-12-31": "$4,336", "2009-09-30": "$4,431", "2009-06-30": "$4,218", "2009-03-31": "$4,784", "2008-12-31": "$4,791", "2008-09-30": "$4,957", "2008-06-30": "$4,898", "2008-03-31": "$4,781", "2007-12-31": "$4,912", "2007-09-30": "$4,770", "2007-06-30": "$4,688", "2007-03-31": "$4,644", "2006-12-31": "$4,735", "2006-09-30": "$4,675", "2006-06-30": "$4,400", "2006-03-31": "$4,177", "2005-12-31": "$3,195", "2005-09-30": "$2,830", "2005-06-30": "$3,445", "2005-03-31": "$3,146"}}, "total-share-holder-equity": {"Duke Realty Annual Share Holder Equity (Millions of US $)": {"2019": "$5,080", "2018": "$4,713", "2017": "$4,574", "2016": "$3,493", "2015": "$3,205", "2014": "$2,880", "2013": "$3,045", "2012": "$2,626", "2011": "$2,780", "2010": "$2,990", "2009": "$2,968", "2008": "$2,900", "2007": "$2,750", "2006": "$2,504", "2005": "$2,453"}, "Duke Realty Quarterly Share Holder Equity (Millions of US $)": {"2020-09-30": "$5,089", "2020-06-30": "$5,057", "2020-03-31": "$5,027", "2019-12-31": "$5,080", "2019-09-30": "$5,021", "2019-06-30": "$4,702", "2019-03-31": "$4,681", "2018-12-31": "$4,713", "2018-09-30": "$4,725", "2018-06-30": "$4,709", "2018-03-31": "$4,581", "2017-12-31": "$4,574", "2017-09-30": "$4,753", "2017-06-30": "$4,663", "2017-03-31": "$3,498", "2016-12-31": "$3,493", "2016-09-30": "$3,509", "2016-06-30": "$3,340", "2016-03-31": "$3,190", "2015-12-31": "$3,205", "2015-09-30": "$3,311", "2015-06-30": "$3,292", "2015-03-31": "$2,894", "2014-12-31": "$2,880", "2014-09-30": "$3,229", "2014-06-30": "$3,252", "2014-03-31": "$3,017", "2013-12-31": "$3,045", "2013-09-30": "$3,013", "2013-06-30": "$3,042", "2013-03-31": "$3,005", "2012-12-31": "$2,626", "2012-09-30": "$2,625", "2012-06-30": "$2,619", "2012-03-31": "$2,685", "2011-12-31": "$2,780", "2011-09-30": "$2,775", "2011-06-30": "$2,955", "2011-03-31": "$3,026", "2010-12-31": "$2,990", "2010-09-30": "$3,024", "2010-06-30": "$3,081", "2010-03-31": "$2,917", "2009-12-31": "$2,968", "2009-09-30": "$3,008", "2009-06-30": "$3,377", "2009-03-31": "$2,892", "2008-12-31": "$2,900", "2008-09-30": "$2,885", "2008-06-30": "$2,935", "2008-03-31": "$2,980", "2007-12-31": "$2,750", "2007-09-30": "$2,647", "2007-06-30": "$2,615", "2007-03-31": "$2,629", "2006-12-31": "$2,504", "2006-09-30": "$2,598", "2006-06-30": "$2,614", "2006-03-31": "$2,527", "2005-12-31": "$2,453", "2005-09-30": "$2,827", "2005-06-30": "$2,759", "2005-03-31": "$2,800"}}, "profit-margins": {"current": "30.2%"}, "gross margin": {"2020-12-31": "71.40%", "2020-09-30": "71.58%", "2020-06-30": "71.79%", "2020-03-31": "70.88%", "2019-12-31": "67.52%", "2019-09-30": "63.81%", "2019-06-30": "62.59%", "2019-03-31": "62.61%", "2018-12-31": "62.91%", "2018-09-30": "64.54%", "2018-06-30": "64.64%", "2018-03-31": "63.71%", "2017-12-31": "66.58%", "2017-09-30": "67.09%", "2017-06-30": "67.77%", "2017-03-31": "67.39%", "2016-12-31": "65.25%", "2016-09-30": "64.73%", "2016-06-30": "63.42%", "2016-03-31": "63.33%", "2015-12-31": "61.11%", "2015-09-30": "61.29%", "2015-06-30": "59.94%", "2015-03-31": "57.58%", "2014-12-31": "56.98%", "2014-09-30": "56.09%", "2014-06-30": "55.24%", "2014-03-31": "56.10%", "2013-12-31": "57.02%", "2013-09-30": "56.59%", "2013-06-30": "54.85%", "2013-03-31": "54.05%", "2012-12-31": "52.34%", "2012-09-30": "49.58%", "2012-06-30": "47.69%", "2012-03-31": "44.63%", "2011-12-31": "41.64%", "2011-09-30": "40.18%", "2011-06-30": "40.74%", "2011-03-31": "39.23%", "2010-12-31": "40.05%", "2010-09-30": "38.47%", "2010-06-30": "38.90%", "2010-03-31": "40.48%", "2009-12-31": "40.81%", "2009-09-30": "38.46%", "2009-06-30": "38.33%", "2009-03-31": "40.06%", "2008-12-31": "43.94%", "2008-09-30": "64.65%", "2008-06-30": "70.45%", "2008-03-31": "75.82%", "2007-12-31": "75.87%", "2007-09-30": "70.37%", "2007-06-30": "70.86%", "2007-03-31": "70.73%", "2006-12-31": "70.98%", "2006-09-30": "69.88%", "2006-06-30": "69.25%", "2006-03-31": "69.92%", "2005-12-31": "70.45%"}, "operating margin": {"2020-12-31": "41.99%", "2020-09-30": "35.74%", "2020-06-30": "53.21%", "2020-03-31": "55.78%", "2019-12-31": "53.85%", "2019-09-30": "48.42%", "2019-06-30": "31.14%", "2019-03-31": "43.21%", "2018-12-31": "48.47%", "2018-09-30": "50.22%", "2018-06-30": "52.74%", "2018-03-31": "47.54%", "2017-12-31": "49.81%", "2017-09-30": "55.60%", "2017-06-30": "66.47%", "2017-03-31": "64.77%", "2016-12-31": "59.23%", "2016-09-30": "58.32%", "2016-06-30": "50.99%", "2016-03-31": "53.73%", "2015-12-31": "52.02%", "2015-09-30": "45.69%", "2015-06-30": "43.96%", "2015-03-31": "41.94%", "2014-12-31": "39.29%", "2014-09-30": "45.89%", "2014-06-30": "37.64%", "2014-03-31": "24.00%", "2013-12-31": "27.58%", "2013-09-30": "20.25%", "2013-06-30": "19.88%", "2013-03-31": "19.50%", "2012-12-31": "14.07%", "2012-09-30": "12.32%", "2012-06-30": "11.83%", "2012-03-31": "11.36%", "2011-12-31": "16.80%", "2011-09-30": "21.10%", "2011-06-30": "20.98%", "2011-03-31": "20.62%", "2010-12-31": "15.60%", "2010-09-30": "15.08%", "2010-06-30": "-9.07%", "2010-03-31": "-10.95%", "2009-12-31": "-10.71%", "2009-09-30": "-6.85%", "2009-06-30": "15.05%", "2009-03-31": "18.83%", "2008-12-31": "20.92%", "2008-09-30": "37.44%", "2008-06-30": "35.76%", "2008-03-31": "34.22%", "2007-12-31": "30.54%", "2007-09-30": "15.98%", "2007-06-30": "16.76%", "2007-03-31": "16.97%", "2006-12-31": "17.86%", "2006-09-30": "13.61%", "2006-06-30": "13.88%", "2006-03-31": "16.07%", "2005-12-31": "17.51%"}, "ebitda margin": {"2020-09-30": "72.73%", "2020-06-30": "90.49%", "2020-03-31": "92.72%", "2019-12-31": "88.28%", "2019-09-30": "81.07%", "2019-06-30": "63.48%", "2019-03-31": "75.59%", "2018-12-31": "81.98%", "2018-09-30": "60.40%", "2018-06-30": "62.19%", "2018-03-31": "56.89%", "2017-12-31": "60.31%", "2017-09-30": "99.15%", "2017-06-30": "112.57%", "2017-03-31": "112.23%", "2016-12-31": "103.28%", "2016-09-30": "107.33%", "2016-06-30": "96.19%", "2016-03-31": "96.27%", "2015-12-31": "93.43%", "2015-09-30": "81.11%", "2015-06-30": "80.02%", "2015-03-31": "78.27%", "2014-12-31": "76.96%", "2014-09-30": "88.24%", "2014-06-30": "80.16%", "2014-03-31": "67.08%", "2013-12-31": "71.18%", "2013-09-30": "60.47%", "2013-06-30": "58.89%", "2013-03-31": "58.20%", "2012-12-31": "51.67%", "2012-09-30": "48.82%", "2012-06-30": "47.87%", "2012-03-31": "46.30%", "2011-12-31": "50.00%", "2011-09-30": "58.07%", "2011-06-30": "56.45%", "2011-03-31": "52.75%", "2010-12-31": "47.13%", "2010-09-30": "46.62%", "2010-06-30": "22.64%", "2010-03-31": "21.99%", "2009-12-31": "21.98%", "2009-09-30": "18.61%", "2009-06-30": "39.85%", "2009-03-31": "43.66%", "2008-12-31": "47.58%", "2008-09-30": "61.78%", "2008-06-30": "61.42%", "2008-03-31": "60.98%", "2007-12-31": "56.28%", "2007-09-30": "45.93%", "2007-06-30": "46.10%", "2007-03-31": "46.46%", "2006-12-31": "47.21%", "2006-09-30": "47.69%", "2006-06-30": "49.25%", "2006-03-31": "51.51%", "2005-12-31": "53.78%"}, "pre tax profit margin": {"2020-12-31": "30.01%", "2020-09-30": "23.20%", "2020-06-30": "40.38%", "2020-03-31": "44.54%", "2019-12-31": "45.32%", "2019-09-30": "40.83%", "2019-06-30": "23.68%", "2019-03-31": "36.06%", "2018-12-31": "41.31%", "2018-09-30": "43.06%", "2018-06-30": "43.76%", "2018-03-31": "36.77%", "2017-12-31": "37.26%", "2017-09-30": "38.72%", "2017-06-30": "48.99%", "2017-03-31": "46.72%", "2016-12-31": "40.63%", "2016-09-30": "41.98%", "2016-06-30": "34.04%", "2016-03-31": "25.33%", "2015-12-31": "23.36%", "2015-09-30": "18.17%", "2015-06-30": "17.08%", "2015-03-31": "23.26%", "2014-12-31": "20.55%", "2014-09-30": "26.33%", "2014-06-30": "17.50%", "2014-03-31": "2.97%", "2013-12-31": "5.68%", "2013-09-30": "-1.65%", "2013-06-30": "-2.02%", "2013-03-31": "-2.61%", "2012-12-31": "-8.23%", "2012-09-30": "-8.84%", "2012-06-30": "-8.60%", "2012-03-31": "-7.57%", "2011-12-31": "-0.33%", "2011-09-30": "5.14%", "2011-06-30": "10.18%", "2011-03-31": "8.68%", "2010-12-31": "3.20%", "2010-09-30": "3.99%", "2010-06-30": "-26.42%", "2010-03-31": "-26.49%", "2009-12-31": "-22.81%", "2009-09-30": "-19.34%", "2009-06-30": "3.85%", "2009-03-31": "7.43%", "2008-12-31": "6.38%", "2008-09-30": "10.62%", "2008-06-30": "11.92%", "2008-03-31": "13.33%", "2007-12-31": "15.23%", "2007-09-30": "17.67%", "2007-06-30": "18.46%", "2007-03-31": "18.50%", "2006-12-31": "17.97%", "2006-09-30": "16.91%", "2006-06-30": "16.73%", "2006-03-31": "19.09%", "2005-12-31": "20.17%"}, "net profit margin": {"2020-12-31": "30.21%", "2020-09-30": "22.78%", "2020-06-30": "39.85%", "2020-03-31": "43.25%", "2019-12-31": "44.19%", "2019-09-30": "40.14%", "2019-06-30": "23.18%", "2019-03-31": "36.36%", "2018-12-31": "40.46%", "2018-09-30": "56.82%", "2018-06-30": "72.35%", "2018-03-31": "196.05%", "2017-12-31": "209.22%", "2017-09-30": "211.91%", "2017-06-30": "208.24%", "2017-03-31": "49.34%", "2016-12-31": "42.68%", "2016-09-30": "43.97%", "2016-06-30": "35.59%", "2016-03-31": "78.93%", "2015-12-31": "77.53%", "2015-09-30": "60.27%", "2015-06-30": "57.24%", "2015-03-31": "24.02%", "2014-12-31": "19.69%", "2014-09-30": "29.03%", "2014-06-30": "21.46%", "2014-03-31": "14.77%", "2013-12-31": "15.81%", "2013-09-30": "4.84%", "2013-06-30": "2.69%", "2013-03-31": "-5.89%", "2012-12-31": "-11.96%", "2012-09-30": "-4.42%", "2012-06-30": "-4.71%", "2012-03-31": "-4.58%", "2011-12-31": "2.65%", "2011-09-30": "-0.37%", "2011-06-30": "5.44%", "2011-03-31": "4.09%", "2010-12-31": "-1.18%", "2010-09-30": "-2.17%", "2010-06-30": "-34.32%", "2010-03-31": "-34.22%", "2009-12-31": "-30.84%", "2009-09-30": "-22.51%", "2009-06-30": "1.60%", "2009-03-31": "5.25%", "2008-12-31": "4.04%", "2008-09-30": "6.43%", "2008-06-30": "10.35%", "2008-03-31": "12.98%", "2007-12-31": "18.88%", "2007-09-30": "22.12%", "2007-06-30": "23.27%", "2007-03-31": "22.09%", "2006-12-31": "16.18%", "2006-09-30": "16.51%", "2006-06-30": "37.55%", "2006-03-31": "40.38%", "2005-12-31": "43.14%"}, "pe ratio": {"current": "27.22", "2021-02-05": "118.23", "2020-12-31": "114.20", "2020-09-30": "63.22", "2020-06-30": "34.61", "2020-03-31": "28.85", "2019-12-31": "28.87", "2019-09-30": "29.35", "2019-06-30": "46.75", "2019-03-31": "29.48", "2018-12-31": "22.94", "2018-09-30": "18.92", "2018-06-30": "15.76", "2018-03-31": "5.39", "2017-12-31": "5.49", "2017-09-30": "6.13", "2017-06-30": "6.11", "2017-03-31": "23.95", "2016-12-31": "26.22", "2016-09-30": "28.72", "2016-06-30": "31.70", "2016-03-31": "11.20", "2015-12-31": "9.94", "2015-09-30": "9.25", "2015-06-30": "9.15", "2015-03-31": "23.86", "2014-12-31": "26.65", "2014-09-30": "16.51", "2014-06-30": "22.78", "2014-03-31": "30.02", "2013-12-31": "24.78", "2013-09-30": "84.49", "2013-06-30": "236.24", "2013-03-31": "0.00", "2012-12-31": "0.00", "2012-09-30": "0.00", "2012-06-30": "0.00", "2012-03-31": "0.00", "2011-12-31": "77.51", "2011-09-30": "0.00", "2011-06-30": "40.12", "2011-03-31": "55.97", "2010-12-31": "0.00", "2010-09-30": "0.00", "2010-06-30": "0.00", "2010-03-31": "0.00", "2009-12-31": "0.00", "2009-09-30": "0.00", "2009-06-30": "23.40", "2009-03-31": "6.50", "2008-12-31": "16.49", "2008-09-30": "21.48", "2008-06-30": "13.11", "2008-03-31": "11.27", "2007-12-31": "8.88", "2007-09-30": "11.54", "2007-06-30": "11.54", "2007-03-31": "14.95", "2006-12-31": "19.30"}, "price sales": {"2021-02-05": "15.60", "2020-12-31": "15.07", "2020-09-30": "14.24", "2020-06-30": "13.80", "2020-03-31": "12.46", "2019-12-31": "12.66", "2019-09-30": "11.79", "2019-06-30": "10.96", "2019-03-31": "10.82", "2018-12-31": "9.37", "2018-09-30": "10.81", "2018-06-30": "11.46", "2018-03-31": "10.64", "2017-12-31": "11.60", "2017-09-30": "13.07", "2017-06-30": "12.81", "2017-03-31": "11.98", "2016-12-31": "11.20", "2016-09-30": "12.72", "2016-06-30": "11.35", "2016-03-31": "8.95", "2015-12-31": "7.82", "2015-09-30": "5.61", "2015-06-30": "5.25", "2015-03-31": "5.77", "2014-12-31": "5.26", "2014-09-30": "4.79", "2014-06-30": "4.81", "2014-03-31": "4.43", "2013-12-31": "3.90", "2013-09-30": "3.55", "2013-06-30": "3.33", "2013-03-31": "3.44", "2012-12-31": "2.62", "2012-09-30": "2.68", "2012-06-30": "2.54", "2012-03-31": "2.31", "2011-12-31": "1.81", "2011-09-30": "1.70", "2011-06-30": "2.15", "2011-03-31": "1.95", "2010-12-31": "1.66", "2010-09-30": "1.54", "2010-06-30": "1.48", "2010-03-31": "1.59", "2009-12-31": "1.37", "2009-09-30": "0.97", "2009-06-30": "0.65", "2009-03-31": "0.39", "2008-12-31": "0.80", "2008-09-30": "1.63", "2008-06-30": "1.54", "2008-03-31": "1.64", "2007-12-31": "1.82", "2007-09-30": "2.76", "2007-06-30": "2.91", "2007-03-31": "3.59", "2006-12-31": "3.42"}, "price book": {"current": "2.94", "2021-02-05": "3.02", "2020-09-30": "2.68", "2020-06-30": "2.56", "2020-03-31": "2.33", "2019-12-31": "2.45", "2019-09-30": "2.40", "2019-06-30": "2.33", "2019-03-31": "2.24", "2018-12-31": "1.87", "2018-09-30": "2.02", "2018-06-30": "2.06", "2018-03-31": "1.91", "2017-12-31": "1.95", "2017-09-30": "1.92", "2017-06-30": "1.88", "2017-03-31": "2.34", "2016-12-31": "2.34", "2016-09-30": "2.38", "2016-06-30": "2.39", "2016-03-31": "2.08", "2015-12-31": "1.91", "2015-09-30": "1.64", "2015-06-30": "1.59", "2015-03-31": "2.11", "2014-12-31": "1.94", "2014-09-30": "1.45", "2014-06-30": "1.49", "2014-03-31": "1.44", "2013-12-31": "1.25", "2013-09-30": "1.28", "2013-06-30": "1.26", "2013-03-31": "1.36", "2012-12-31": "1.10", "2012-09-30": "1.12", "2012-06-30": "1.08", "2012-03-31": "1.02", "2011-12-31": "0.78", "2011-09-30": "0.67", "2011-06-30": "0.82", "2011-03-31": "0.79", "2010-12-31": "0.71", "2010-09-30": "0.64", "2010-06-30": "0.60", "2010-03-31": "0.61", "2009-12-31": "0.58", "2009-09-30": "0.56", "2009-06-30": "0.36", "2009-03-31": "0.17", "2008-12-31": "0.33", "2008-09-30": "0.70", "2008-06-30": "0.62", "2008-03-31": "0.60", "2007-12-31": "0.73", "2007-09-30": "0.92", "2007-06-30": "0.95", "2007-03-31": "1.14", "2006-12-31": "1.09", "2006-09-30": "0.96", "2006-06-30": "0.89", "2006-03-31": "0.98"}, "price fcf": {"2021-02-05": "", "2020-09-30": "$-0.66", "2020-06-30": "$0.24", "2020-03-31": "$0.12", "2019-12-31": "$0.15", "2019-09-30": "$0.56", "2019-06-30": "$-1.02", "2019-03-31": "$-0.17", "2018-12-31": "$0.33", "2018-09-30": "$-5.23", "2018-06-30": "$-4.06", "2018-03-31": "$0.23", "2017-12-31": "$0.14", "2017-09-30": "$6.08", "2017-06-30": "$5.99", "2017-03-31": "$1.38", "2016-12-31": "$1.22", "2016-09-30": "$1.07", "2016-06-30": "$1.04", "2016-03-31": "$4.26", "2015-12-31": "$4.51", "2015-09-30": "$4.61", "2015-06-30": "$4.32", "2015-03-31": "$1.14", "2014-12-31": "$0.95", "2014-09-30": "$1.67", "2014-06-30": "$1.65", "2014-03-31": "$1.75", "2013-12-31": "$1.78", "2013-09-30": "$0.52", "2013-06-30": "$0.43", "2013-03-31": "$0.07", "2012-12-31": "$0.16", "2012-09-30": "$4.50", "2012-06-30": "$4.49", "2012-03-31": "$4.83", "2011-12-31": "$6.30", "2011-09-30": "$3.86", "2011-06-30": "$3.97", "2011-03-31": "$4.04", "2010-12-31": "$2.80", "2010-09-30": "$2.00", "2010-06-30": "$1.94", "2010-03-31": "$1.83", "2009-12-31": "$1.51", "2009-09-30": "$2.20", "2009-06-30": "$2.66", "2009-03-31": "$2.37", "2008-12-31": "$1.34", "2008-09-30": "$-0.74", "2008-06-30": "$-1.27", "2008-03-31": "$-1.65", "2007-12-31": "$-0.33", "2007-09-30": "$0.02", "2007-06-30": "$-0.48", "2007-03-31": "$-0.94", "2006-12-31": "$-3.02"}, "net worth": {"value": "$15.39B"}, "current ratio": {"2020-12-31": "0.48", "2020-09-30": "1.00", "2020-06-30": "1.16", "2020-03-31": "1.97", "2019-12-31": "2.61", "2019-09-30": "2.26", "2019-06-30": "1.90", "2019-03-31": "2.38", "2018-12-31": "1.18", "2018-09-30": "2.60", "2018-06-30": "2.64", "2018-03-31": "4.51", "2017-12-31": "4.44", "2017-09-30": "3.23", "2017-06-30": "4.05", "2017-03-31": "0.93", "2016-12-31": "1.12", "2016-09-30": "1.21", "2016-06-30": "1.30", "2016-03-31": "0.91", "2015-12-31": "0.78", "2015-09-30": "1.46", "2015-06-30": "0.78", "2015-03-31": "1.06", "2014-12-31": "0.72", "2014-09-30": "0.94", "2014-06-30": "0.73", "2014-03-31": "0.87", "2013-12-31": "0.69", "2013-09-30": "0.76", "2013-06-30": "0.71", "2013-03-31": "2.04", "2012-12-31": "0.67", "2012-09-30": "1.13", "2012-06-30": "1.11", "2012-03-31": "0.96", "2011-12-31": "1.57", "2011-09-30": "0.83", "2011-06-30": "1.21", "2011-03-31": "1.59", "2010-12-31": "0.69", "2010-09-30": "0.83", "2010-06-30": "1.81", "2010-03-31": "1.11", "2009-12-31": "1.33", "2009-09-30": "1.34", "2009-06-30": "0.92", "2009-03-31": "0.98", "2008-12-31": "0.88", "2008-09-30": "0.78", "2008-06-30": "0.82", "2008-03-31": "0.84", "2007-12-31": "0.80", "2007-09-30": "0.68", "2007-06-30": "0.77", "2007-03-31": "0.76", "2006-12-31": "0.84", "2006-09-30": "0.76", "2006-06-30": "0.73", "2006-03-31": "0.77", "2005-12-31": "0.84", "2005-09-30": "1.27", "2005-06-30": "0.88", "2005-03-31": "1.00"}, "quick ratio": {"2020-12-31": "0.00", "2020-09-30": "0.00", "2020-06-30": "0.00", "2020-03-31": "0.00", "2019-12-31": "0.00", "2019-09-30": "0.00", "2019-06-30": "0.00", "2019-03-31": "0.00", "2018-12-31": "0.00", "2018-09-30": "0.00", "2018-06-30": "0.00", "2018-03-31": "0.00", "2017-12-31": "0.00", "2017-09-30": "0.00", "2017-06-30": "0.00", "2017-03-31": "0.00", "2016-12-31": "0.00", "2016-09-30": "0.00", "2016-06-30": "0.00", "2016-03-31": "0.00", "2015-12-31": "0.00", "2015-09-30": "0.00", "2015-06-30": "0.00", "2015-03-31": "0.00", "2014-12-31": "0.00", "2014-09-30": "0.00", "2014-06-30": "0.00", "2014-03-31": "0.00", "2013-12-31": "0.00", "2013-09-30": "0.00", "2013-06-30": "0.00", "2013-03-31": "0.00", "2012-12-31": "0.00", "2012-09-30": "0.00", "2012-06-30": "0.00", "2012-03-31": "0.00", "2011-12-31": "0.00", "2011-09-30": "0.00", "2011-06-30": "0.00", "2011-03-31": "0.00", "2010-12-31": "0.00", "2010-09-30": "0.00", "2010-06-30": "0.00", "2010-03-31": "0.00", "2009-12-31": "0.00", "2009-09-30": "0.00", "2009-06-30": "0.00", "2009-03-31": "0.00", "2008-12-31": "0.00", "2008-09-30": "0.00", "2008-06-30": "0.00", "2008-03-31": "0.00", "2007-12-31": "0.00", "2007-09-30": "0.00", "2007-06-30": "0.00", "2007-03-31": "0.00", "2006-12-31": "0.00", "2006-09-30": "0.00", "2006-06-30": "0.00", "2006-03-31": "0.00", "2005-12-31": "0.00", "2005-09-30": "0.00", "2005-06-30": "0.00", "2005-03-31": "0.00"}, "debt equity ratio": {"current": "0.65", "2020-12-31": "0.74", "2020-09-30": "0.72", "2020-06-30": "0.69", "2020-03-31": "0.71", "2019-12-31": "0.66", "2019-09-30": "0.65", "2019-06-30": "0.70", "2019-03-31": "0.70", "2018-12-31": "0.66", "2018-09-30": "0.66", "2018-06-30": "0.59", "2018-03-31": "0.62", "2017-12-31": "0.62", "2017-09-30": "0.54", "2017-06-30": "0.57", "2017-03-31": "0.99", "2016-12-31": "0.94", "2016-09-30": "0.96", "2016-06-30": "1.06", "2016-03-31": "1.16", "2015-12-31": "1.15", "2015-09-30": "1.16", "2015-06-30": "1.16", "2015-03-31": "1.67", "2014-12-31": "1.69", "2014-09-30": "1.44", "2014-06-30": "1.42", "2014-03-31": "1.58", "2013-12-31": "1.55", "2013-09-30": "1.62", "2013-06-30": "1.59", "2013-03-31": "1.60", "2012-12-31": "1.88", "2012-09-30": "1.74", "2012-06-30": "1.70", "2012-03-31": "1.56", "2011-12-31": "1.52", "2011-09-30": "1.70", "2011-06-30": "1.55", "2011-03-31": "1.49", "2010-12-31": "1.56", "2010-09-30": "1.50", "2010-06-30": "1.37", "2010-03-31": "1.43", "2009-12-31": "1.46", "2009-09-30": "1.47", "2009-06-30": "1.25", "2009-03-31": "1.65", "2008-12-31": "1.65", "2008-09-30": "1.72", "2008-06-30": "1.67", "2008-03-31": "1.60", "2007-12-31": "1.79", "2007-09-30": "1.80", "2007-06-30": "1.79", "2007-03-31": "1.77", "2006-12-31": "1.89", "2006-09-30": "1.80", "2006-06-30": "1.68", "2006-03-31": "1.65", "2005-12-31": "1.30", "2005-09-30": "1.00", "2005-06-30": "1.25", "2005-03-31": "1.12"}, "return on equity": {"2020-12-31": "5.88%", "2020-09-30": "4.31%", "2020-06-30": "7.39%", "2020-03-31": "8.15%", "2019-12-31": "8.83%", "2019-09-30": "8.52%", "2019-06-30": "4.95%", "2019-03-31": "7.56%", "2018-12-31": "8.20%", "2018-09-30": "10.93%", "2018-06-30": "13.32%", "2018-03-31": "35.26%", "2017-12-31": "37.37%", "2017-09-30": "36.42%", "2017-06-30": "38.01%", "2017-03-31": "9.80%", "2016-12-31": "9.22%", "2016-09-30": "8.70%", "2016-06-30": "7.73%", "2016-03-31": "18.22%", "2015-12-31": "19.34%", "2015-09-30": "18.97%", "2015-06-30": "18.64%", "2015-03-31": "8.23%", "2014-12-31": "6.66%", "2014-09-30": "8.90%", "2014-06-30": "6.85%", "2014-03-31": "4.75%", "2013-12-31": "5.06%", "2013-09-30": "1.71%", "2013-06-30": "0.99%", "2013-03-31": "-2.24%", "2012-12-31": "-4.74%", "2012-09-30": "-1.76%", "2012-06-30": "-1.88%", "2012-03-31": "-1.86%", "2011-12-31": "1.11%", "2011-09-30": "-0.14%", "2011-06-30": "2.07%", "2011-03-31": "1.62%", "2010-12-31": "-0.47%", "2010-09-30": "-0.83%", "2010-06-30": "-12.76%", "2010-03-31": "-12.13%", "2009-12-31": "-10.91%", "2009-09-30": "-10.25%", "2009-06-30": "0.73%", "2009-03-31": "2.41%", "2008-12-31": "1.71%", "2008-09-30": "2.87%", "2008-06-30": "4.42%", "2008-03-31": "5.31%", "2007-12-31": "7.97%", "2007-09-30": "8.04%", "2007-06-30": "8.43%", "2007-03-31": "7.85%", "2006-12-31": "5.66%", "2006-09-30": "4.91%", "2006-06-30": "10.59%", "2006-03-31": "11.13%", "2005-12-31": "11.37%"}, "return on assets": {"2020-12-31": "3.43%", "2020-09-30": "2.54%", "2020-06-30": "4.41%", "2020-03-31": "4.86%", "2019-12-31": "5.27%", "2019-09-30": "5.08%", "2019-06-30": "2.95%", "2019-03-31": "4.58%", "2018-12-31": "5.03%", "2018-09-30": "6.74%", "2018-06-30": "8.37%", "2018-03-31": "22.25%", "2017-12-31": "22.57%", "2017-09-30": "21.08%", "2017-06-30": "20.65%", "2017-03-31": "4.94%", "2016-12-31": "4.56%", "2016-09-30": "4.19%", "2016-06-30": "3.63%", "2016-03-31": "8.44%", "2015-12-31": "8.50%", "2015-09-30": "7.89%", "2015-06-30": "7.52%", "2015-03-31": "3.23%", "2014-12-31": "2.64%", "2014-09-30": "3.57%", "2014-06-30": "2.70%", "2014-03-31": "1.84%", "2013-12-31": "1.95%", "2013-09-30": "0.64%", "2013-06-30": "0.37%", "2013-03-31": "-0.82%", "2012-12-31": "-1.74%", "2012-09-30": "-0.67%", "2012-06-30": "-0.72%", "2012-03-31": "-0.72%", "2011-12-31": "0.43%", "2011-09-30": "-0.05%", "2011-06-30": "0.82%", "2011-03-31": "0.65%", "2010-12-31": "-0.19%", "2010-09-30": "-0.34%", "2010-06-30": "-5.24%", "2010-03-31": "-5.06%", "2009-12-31": "-4.45%", "2009-09-30": "-4.11%", "2009-06-30": "0.29%", "2009-03-31": "0.90%", "2008-12-31": "0.64%", "2008-09-30": "1.07%", "2008-06-30": "1.63%", "2008-03-31": "1.94%", "2007-12-31": "2.86%", "2007-09-30": "2.86%", "2007-06-30": "3.00%", "2007-03-31": "2.82%", "2006-12-31": "2.05%", "2006-09-30": "1.88%", "2006-06-30": "4.41%", "2006-03-31": "4.86%", "2005-12-31": "5.25%"}, "return on investments": {"2020-12-31": "5.03%", "2020-09-30": "4.20%", "2020-06-30": "6.21%", "2020-03-31": "6.62%", "2019-12-31": "6.80%", "2019-09-30": "6.50%", "2019-06-30": "4.20%", "2019-03-31": "5.76%", "2018-12-31": "6.36%", "2018-09-30": "6.29%", "2018-06-30": "6.44%", "2018-03-31": "5.69%", "2017-12-31": "5.68%", "2017-09-30": "5.85%", "2017-06-30": "6.96%", "2017-03-31": "6.84%", "2016-12-31": "6.66%", "2016-09-30": "5.85%", "2016-06-30": "5.47%", "2016-03-31": "6.06%", "2015-12-31": "6.02%", "2015-09-30": "6.33%", "2015-06-30": "6.11%", "2015-03-31": "5.98%", "2014-12-31": "5.58%", "2014-09-30": "5.99%", "2014-06-30": "5.02%", "2014-03-31": "3.17%", "2013-12-31": "3.61%", "2013-09-30": "2.85%", "2013-06-30": "2.89%", "2013-03-31": "2.90%", "2012-12-31": "2.18%", "2012-09-30": "1.98%", "2012-06-30": "1.91%", "2012-03-31": "1.90%", "2011-12-31": "2.92%", "2011-09-30": "3.24%", "2011-06-30": "3.35%", "2011-03-31": "3.50%", "2010-12-31": "2.66%", "2010-09-30": "2.54%", "2010-06-30": "-1.48%", "2010-03-31": "-1.73%", "2009-12-31": "-1.65%", "2009-09-30": "-1.34%", "2009-06-30": "2.87%", "2009-03-31": "3.47%", "2008-12-31": "3.57%", "2008-09-30": "6.69%", "2008-06-30": "6.08%", "2008-03-31": "5.54%", "2007-12-31": "5.05%", "2007-09-30": "2.27%", "2007-06-30": "2.38%", "2007-03-31": "2.38%", "2006-12-31": "2.49%", "2006-09-30": "1.69%", "2006-06-30": "1.80%", "2006-03-31": "2.14%", "2005-12-31": "2.36%"}, "return on tangible equity": {"2020-09-30": "4.31%", "2020-06-30": "7.39%", "2020-03-31": "8.15%", "2019-12-31": "8.83%", "2019-09-30": "8.52%", "2019-06-30": "4.95%", "2019-03-31": "7.56%", "2018-12-31": "8.20%", "2018-09-30": "10.93%", "2018-06-30": "13.32%", "2018-03-31": "35.26%", "2017-12-31": "37.37%", "2017-09-30": "36.42%", "2017-06-30": "38.01%", "2017-03-31": "9.80%", "2016-12-31": "9.22%", "2016-09-30": "8.70%", "2016-06-30": "7.73%", "2016-03-31": "18.22%", "2015-12-31": "19.34%", "2015-09-30": "18.97%", "2015-06-30": "18.64%", "2015-03-31": "8.23%", "2014-12-31": "6.66%", "2014-09-30": "8.90%", "2014-06-30": "6.85%", "2014-03-31": "4.75%", "2013-12-31": "5.06%", "2013-09-30": "1.71%", "2013-06-30": "0.99%", "2013-03-31": "-2.24%", "2012-12-31": "-4.74%", "2012-09-30": "-1.76%", "2012-06-30": "-1.88%", "2012-03-31": "-1.86%", "2011-12-31": "1.11%", "2011-09-30": "-0.14%", "2011-06-30": "2.07%", "2011-03-31": "1.62%", "2010-12-31": "-0.47%", "2010-09-30": "-0.83%", "2010-06-30": "-12.76%", "2010-03-31": "-12.13%", "2009-12-31": "-10.91%", "2009-09-30": "-10.25%", "2009-06-30": "0.73%", "2009-03-31": "2.41%", "2008-12-31": "1.71%", "2008-09-30": "2.87%", "2008-06-30": "4.42%", "2008-03-31": "5.31%", "2007-12-31": "7.97%", "2007-09-30": "8.04%", "2007-06-30": "8.43%", "2007-03-31": "7.85%", "2006-12-31": "5.66%", "2006-09-30": "4.91%", "2006-06-30": "10.59%", "2006-03-31": "11.13%", "2005-12-31": "11.37%"}, "dividend yield history": {"last payout": "$1.02", "last yield": "2.46%"}}