{"ticker": "DD", "price": {"title": "DuPont De Nemours Historical Annual Stock Price Data", "value": 75.84, "historical": {"2020": {"Average Stock Price": "53.4584", "Year Open": "63.5000", "Year High": "71.3300", "Year Low": "28.4600", "Year Close": "71.1100", "Annual % Change": "10.76%"}, "2019": {"Average Stock Price": "81.3474", "Year Open": "115.3862", "Year High": "125.4603", "Year Low": "61.9900", "Year Close": "64.2000", "Annual % Change": "-43.28%"}, "2018": {"Average Stock Price": "138.6195", "Year Open": "152.1693", "Year High": "163.0053", "Year Low": "103.8942", "Year Close": "113.1852", "Annual % Change": "-24.91%"}, "2017": {"Average Stock Price": "149.1536", "Year Open": "142.1799", "Year High": "155.1746", "Year Low": "136.8889", "Year Close": "150.7302", "Annual % Change": "0.00%"}}}, "market cap": {"value": "$55.66B"}, "income statement": {"Revenue": {"2019-12-31": "21512.00000", "2018-12-31": "22594.00000", "2017-12-31": "11672.00000", "2016-12-31": "48158.00000", "2015-12-31": "48778.00000", "2014-12-31": "58167.00000", "2013-12-31": "57080.00000", "2012-12-31": "56786.00000", "2011-12-31": "59985.00000", "2010-12-31": "53674.00000", "2009-12-31": "44875.00000", "2008-12-31": "57361.00000", "2007-12-31": "53375.00000", "2006-12-31": "49124.00000", "2005-12-31": "46307.00000"}, "Cost Of Goods Sold": {"2019-12-31": "14056.00000", "2018-12-31": "15302.00000", "2017-12-31": "9558.00000", "2016-12-31": "37668.00000", "2015-12-31": "37745.00000", "2014-12-31": "47464.00000", "2013-12-31": "47594.00000", "2012-12-31": "47792.00000", "2011-12-31": "51029.00000", "2010-12-31": "45780.00000", "2009-12-31": "39148.00000", "2008-12-31": "51913.00000", "2007-12-31": "46302.00000", "2006-12-31": "41526.00000", "2005-12-31": "38276.00000"}, "Gross Profit": {"2019-12-31": "7456.00000", "2018-12-31": "7292.00000", "2017-12-31": "2114.00000", "2016-12-31": "10490.00000", "2015-12-31": "11033.00000", "2014-12-31": "10703.00000", "2013-12-31": "9486.00000", "2012-12-31": "8994.00000", "2011-12-31": "8956.00000", "2010-12-31": "7894.00000", "2009-12-31": "5727.00000", "2008-12-31": "5448.00000", "2007-12-31": "7073.00000", "2006-12-31": "7598.00000", "2005-12-31": "8031.00000"}, "Research And Development Expenses": {"2019-12-31": "955.00000", "2018-12-31": "1070.00000", "2017-12-31": "657.00000", "2016-12-31": "1593.00000", "2015-12-31": "1598.00000", "2014-12-31": "1647.00000", "2013-12-31": "1747.00000", "2012-12-31": "1708.00000", "2011-12-31": "1646.00000", "2010-12-31": "1660.00000", "2009-12-31": "1492.00000", "2008-12-31": "1310.00000", "2007-12-31": "1305.00000", "2006-12-31": "1164.00000", "2005-12-31": "1073.00000"}, "SG&A Expenses": {"2019-12-31": "2663.00000", "2018-12-31": "3028.00000", "2017-12-31": "1615.00000", "2016-12-31": "2953.00000", "2015-12-31": "2948.00000", "2014-12-31": "3106.00000", "2013-12-31": "3024.00000", "2012-12-31": "2861.00000", "2011-12-31": "2788.00000", "2010-12-31": "2609.00000", "2009-12-31": "2487.00000", "2008-12-31": "1966.00000", "2007-12-31": "1861.00000", "2006-12-31": "1663.00000", "2005-12-31": "1545.00000"}, "Other Operating Income Or Expenses": {"2019-12-31": "-1022.00000", "2018-12-31": "92.00000", "2017-12-31": "66.00000", "2016-12-31": "373.00000", "2015-12-31": "4716.00000", "2014-12-31": "-155.00000", "2013-12-31": "2554.00000", "2012-12-31": "-247.00000", "2011-12-31": "-316.00000", "2010-12-31": "179.00000", "2009-12-31": "884.00000", "2008-12-31": "-96.00000", "2007-12-31": "324.00000", "2006-12-31": "314.00000", "2005-12-31": "755.00000"}, "Operating Expenses": {"2019-12-31": "21402.00000", "2018-12-31": "22386.00000", "2017-12-31": "13564.00000", "2016-12-31": "43329.00000", "2015-12-31": "38576.00000", "2014-12-31": "52805.00000", "2013-12-31": "50250.00000", "2012-12-31": "54429.00000", "2011-12-31": "56306.00000", "2010-12-31": "50548.00000", "2009-12-31": "43504.00000", "2008-12-31": "56309.00000", "2007-12-31": "49851.00000", "2006-12-31": "44680.00000", "2005-12-31": "40308.00000"}, "Operating Income": {"2019-12-31": "110.00000", "2018-12-31": "208.00000", "2017-12-31": "-1892.00000", "2016-12-31": "4829.00000", "2015-12-31": "10202.00000", "2014-12-31": "5362.00000", "2013-12-31": "6830.00000", "2012-12-31": "2357.00000", "2011-12-31": "3679.00000", "2010-12-31": "3126.00000", "2009-12-31": "1371.00000", "2008-12-31": "1052.00000", "2007-12-31": "3524.00000", "2006-12-31": "4444.00000", "2005-12-31": "5999.00000"}, "Total Non-Operating Income/Expense": {"2019-12-31": "-584.00000", "2018-12-31": "392.00000", "2017-12-31": "367.00000", "2016-12-31": "-416.00000", "2015-12-31": "-272.00000", "2014-12-31": "-97.00000", "2013-12-31": "-26.00000", "2012-12-31": "-692.00000", "2011-12-31": "-78.00000", "2010-12-31": "-324.00000", "2009-12-31": "-902.00000", "2008-12-31": "225.00000", "2007-12-31": "668.00000", "2006-12-31": "528.00000", "2005-12-31": "400.00000"}, "Pre-Tax Income": {"2019-12-31": "-474.00000", "2018-12-31": "600.00000", "2017-12-31": "-1525.00000", "2016-12-31": "4413.00000", "2015-12-31": "9930.00000", "2014-12-31": "5265.00000", "2013-12-31": "6804.00000", "2012-12-31": "1665.00000", "2011-12-31": "3601.00000", "2010-12-31": "2802.00000", "2009-12-31": "469.00000", "2008-12-31": "1277.00000", "2007-12-31": "4192.00000", "2006-12-31": "4972.00000", "2005-12-31": "6399.00000"}, "Income Taxes": {"2019-12-31": "140.00000", "2018-12-31": "195.00000", "2017-12-31": "-1758.00000", "2016-12-31": "9.00000", "2015-12-31": "2147.00000", "2014-12-31": "1426.00000", "2013-12-31": "1988.00000", "2012-12-31": "565.00000", "2011-12-31": "817.00000", "2010-12-31": "481.00000", "2009-12-31": "-97.00000", "2008-12-31": "651.00000", "2007-12-31": "1230.00000", "2006-12-31": "1155.00000", "2005-12-31": "1782.00000"}, "Income After Taxes": {"2019-12-31": "-614.00000", "2018-12-31": "405.00000", "2017-12-31": "233.00000", "2016-12-31": "4404.00000", "2015-12-31": "7783.00000", "2014-12-31": "3839.00000", "2013-12-31": "4816.00000", "2012-12-31": "1100.00000", "2011-12-31": "2784.00000", "2010-12-31": "2321.00000", "2009-12-31": "566.00000", "2008-12-31": "626.00000", "2007-12-31": "2962.00000", "2006-12-31": "3817.00000", "2005-12-31": "4617.00000"}, "Other Income": {"2019-12-31": "", "2018-12-31": "", "2017-12-31": "", "2016-12-31": "", "2015-12-31": "", "2014-12-31": "", "2013-12-31": "", "2012-12-31": "", "2011-12-31": "", "2010-12-31": "", "2009-12-31": "", "2008-12-31": "", "2007-12-31": "", "2006-12-31": "", "2005-12-31": ""}, "Income From Continuous Operations": {"2019-12-31": "-614.00000", "2018-12-31": "405.00000", "2017-12-31": "233.00000", "2016-12-31": "4404.00000", "2015-12-31": "7783.00000", "2014-12-31": "3839.00000", "2013-12-31": "4816.00000", "2012-12-31": "1100.00000", "2011-12-31": "2784.00000", "2010-12-31": "2321.00000", "2009-12-31": "566.00000", "2008-12-31": "626.00000", "2007-12-31": "2962.00000", "2006-12-31": "3724.00000", "2005-12-31": "4535.00000"}, "Income From Discontinued Operations": {"2019-12-31": "1214.00000", "2018-12-31": "3595.00000", "2017-12-31": "1058.00000", "2016-12-31": "", "2015-12-31": "", "2014-12-31": "", "2013-12-31": "", "2012-12-31": "", "2011-12-31": "", "2010-12-31": "", "2009-12-31": "110.00000", "2008-12-31": "28.00000", "2007-12-31": "23.00000", "2006-12-31": "", "2005-12-31": ""}, "Net Income": {"2019-12-31": "498.00000", "2018-12-31": "3845.00000", "2017-12-31": "1159.00000", "2016-12-31": "3978.00000", "2015-12-31": "7345.00000", "2014-12-31": "3432.00000", "2013-12-31": "4447.00000", "2012-12-31": "842.00000", "2011-12-31": "2402.00000", "2010-12-31": "1970.00000", "2009-12-31": "336.00000", "2008-12-31": "579.00000", "2007-12-31": "2887.00000", "2006-12-31": "3724.00000", "2005-12-31": "4515.00000"}, "EBITDA": {"2019-12-31": "4733.00000", "2018-12-31": "7754.00000", "2017-12-31": "5141.00000", "2016-12-31": "7691.00000", "2015-12-31": "12723.00000", "2014-12-31": "8159.00000", "2013-12-31": "9511.00000", "2012-12-31": "5275.00000", "2011-12-31": "6562.00000", "2010-12-31": "6088.00000", "2009-12-31": "4205.00000", "2008-12-31": "3527.00000", "2007-12-31": "5714.00000", "2006-12-31": "6518.00000", "2005-12-31": "8078.00000"}, "EBIT": {"2019-12-31": "110.00000", "2018-12-31": "208.00000", "2017-12-31": "-1892.00000", "2016-12-31": "4829.00000", "2015-12-31": "10202.00000", "2014-12-31": "5362.00000", "2013-12-31": "6830.00000", "2012-12-31": "2357.00000", "2011-12-31": "3679.00000", "2010-12-31": "3126.00000", "2009-12-31": "1371.00000", "2008-12-31": "1052.00000", "2007-12-31": "3524.00000", "2006-12-31": "4444.00000", "2005-12-31": "5999.00000"}, "Basic Shares Outstanding": {"2019-12-31": "746.30000", "2018-12-31": "767.00000", "2017-12-31": "526.60000", "2016-12-31": "369.32970", "2015-12-31": "376.66230", "2014-12-31": "390.26100", "2013-12-31": "395.36040", "2012-12-31": "389.86100", "2011-12-31": "382.96170", "2010-12-31": "375.26250", "2009-12-31": "347.69850", "2008-12-31": "310.10230", "2007-12-31": "317.66820", "2006-12-31": "320.73460", "2005-12-31": "321.03450"}, "Shares Outstanding": {"2019-12-31": "746.30000", "2018-12-31": "771.80000", "2017-12-31": "532.70000", "2016-12-31": "374.36250", "2015-12-31": "413.75860", "2014-12-31": "395.62710", "2013-12-31": "430.09030", "2012-12-31": "392.09410", "2011-12-31": "386.02800", "2010-12-31": "381.22850", "2009-12-31": "351.26490", "2008-12-31": "312.96870", "2007-12-31": "321.83450", "2006-12-31": "324.76750", "2005-12-31": "325.56740"}, "Basic EPS": {"2019-12-31": "0.67000", "2018-12-31": "4.99000", "2017-12-31": "2.18000", "2016-12-31": "10.71110", "2015-12-31": "19.35190", "2014-12-31": "8.73090", "2013-12-31": "11.16110", "2012-12-31": "2.13020", "2011-12-31": "6.18060", "2010-12-31": "5.25050", "2009-12-31": "0.96010", "2008-12-31": "1.86020", "2007-12-31": "9.09090", "2006-12-31": "11.61120", "2005-12-31": "14.07140"}, "EPS - Earnings Per Share": {"2019-12-31": "0.67000", "2018-12-31": "4.96000", "2017-12-31": "2.15000", "2016-12-31": "10.56110", "2015-12-31": "18.45190", "2014-12-31": "8.61090", "2013-12-31": "11.04110", "2012-12-31": "2.13020", "2011-12-31": "6.15060", "2010-12-31": "5.16050", "2009-12-31": "0.96010", "2008-12-31": "1.86020", "2007-12-31": "8.97090", "2006-12-31": "11.46120", "2005-12-31": "13.86140"}}, "income statement, quarterly": {"Revenue": {"2020-09-30": "5096.00000", "2020-06-30": "4828.00000", "2020-03-31": "5221.00000", "2019-12-31": "5204.00000", "2019-09-30": "5426.00000", "2019-06-30": "5468.00000", "2019-03-31": "5414.00000", "2018-12-31": "-10456.00000", "2018-09-30": "5683.00000", "2018-06-30": "5857.00000", "2018-03-31": "21510.00000", "2017-12-31": "-30746.00000", "2017-09-30": "15354.00000", "2017-06-30": "13834.00000", "2017-03-31": "13230.00000", "2016-12-31": "13020.00000", "2016-09-30": "12483.00000", "2016-06-30": "11952.00000", "2016-03-31": "10703.00000", "2015-12-31": "11462.00000", "2015-09-30": "12036.00000", "2015-06-30": "12910.00000", "2015-03-31": "12370.00000", "2014-12-31": "14384.00000", "2014-09-30": "14405.00000", "2014-06-30": "14917.00000", "2014-03-31": "14461.00000", "2013-12-31": "14386.00000", "2013-09-30": "13734.00000", "2013-06-30": "14577.00000", "2013-03-31": "14383.00000", "2012-12-31": "13917.00000", "2012-09-30": "13637.00000", "2012-06-30": "14513.00000", "2012-03-31": "14719.00000", "2011-12-31": "14097.00000", "2011-09-30": "15109.00000", "2011-06-30": "16046.00000", "2011-03-31": "14733.00000", "2010-12-31": "13771.00000", "2010-09-30": "12868.00000", "2010-06-30": "13618.00000", "2010-03-31": "13417.00000", "2009-12-31": "12466.00000", "2009-09-30": "12046.00000", "2009-06-30": "11322.00000", "2009-03-31": "9041.00000", "2008-12-31": "10817.00000", "2008-09-30": "15371.00000", "2008-06-30": "16349.00000", "2008-03-31": "14824.00000", "2007-12-31": "14089.00000", "2007-09-30": "13589.00000", "2007-06-30": "13265.00000", "2007-03-31": "12432.00000", "2006-12-31": "12236.00000", "2006-09-30": "12359.00000", "2006-06-30": "12509.00000", "2006-03-31": "12020.00000", "2005-12-31": "11917.00000", "2005-09-30": "11261.00000", "2005-06-30": "11450.00000", "2005-03-31": "11679.00000"}, "Cost Of Goods Sold": {"2020-09-30": "3392.00000", "2020-06-30": "3291.00000", "2020-03-31": "3318.00000", "2019-12-31": "3408.00000", "2019-09-30": "3531.00000", "2019-06-30": "3496.00000", "2019-03-31": "3621.00000", "2018-12-31": "-8868.00000", "2018-09-30": "3770.00000", "2018-06-30": "4085.00000", "2018-03-31": "16315.00000", "2017-12-31": "-23583.00000", "2017-09-30": "12186.00000", "2017-06-30": "10761.00000", "2017-03-31": "10194.00000", "2016-12-31": "10602.00000", "2016-09-30": "9840.00000", "2016-06-30": "9275.00000", "2016-03-31": "7951.00000", "2015-12-31": "8715.00000", "2015-09-30": "9349.00000", "2015-06-30": "10146.00000", "2015-03-31": "9535.00000", "2014-12-31": "11611.00000", "2014-09-30": "11776.00000", "2014-06-30": "12344.00000", "2014-03-31": "11733.00000", "2013-12-31": "12068.00000", "2013-09-30": "11716.00000", "2013-06-30": "12103.00000", "2013-03-31": "11707.00000", "2012-12-31": "11939.00000", "2012-09-30": "11368.00000", "2012-06-30": "12200.00000", "2012-03-31": "12285.00000", "2011-12-31": "12433.00000", "2011-09-30": "12928.00000", "2011-06-30": "13551.00000", "2011-03-31": "12117.00000", "2010-12-31": "11818.00000", "2010-09-30": "10841.00000", "2010-06-30": "11580.00000", "2010-03-31": "11541.00000", "2009-12-31": "10860.00000", "2009-09-30": "10386.00000", "2009-06-30": "9764.00000", "2009-03-31": "8138.00000", "2008-12-31": "10435.00000", "2008-09-30": "13949.00000", "2008-06-30": "14621.00000", "2008-03-31": "12908.00000", "2007-12-31": "12435.00000", "2007-09-30": "11864.00000", "2007-06-30": "11398.00000", "2007-03-31": "10605.00000", "2006-12-31": "10499.00000", "2006-09-30": "10600.00000", "2006-06-30": "10624.00000", "2006-03-31": "9803.00000", "2005-12-31": "10029.00000", "2005-09-30": "9610.00000", "2005-06-30": "9300.00000", "2005-03-31": "9337.00000"}, "Gross Profit": {"2020-09-30": "1704.00000", "2020-06-30": "1537.00000", "2020-03-31": "1903.00000", "2019-12-31": "1796.00000", "2019-09-30": "1895.00000", "2019-06-30": "1972.00000", "2019-03-31": "1793.00000", "2018-12-31": "-1588.00000", "2018-09-30": "1913.00000", "2018-06-30": "1772.00000", "2018-03-31": "5195.00000", "2017-12-31": "-7163.00000", "2017-09-30": "3168.00000", "2017-06-30": "3073.00000", "2017-03-31": "3036.00000", "2016-12-31": "2418.00000", "2016-09-30": "2643.00000", "2016-06-30": "2677.00000", "2016-03-31": "2752.00000", "2015-12-31": "2747.00000", "2015-09-30": "2687.00000", "2015-06-30": "2764.00000", "2015-03-31": "2835.00000", "2014-12-31": "2773.00000", "2014-09-30": "2629.00000", "2014-06-30": "2573.00000", "2014-03-31": "2728.00000", "2013-12-31": "2318.00000", "2013-09-30": "2018.00000", "2013-06-30": "2474.00000", "2013-03-31": "2676.00000", "2012-12-31": "1978.00000", "2012-09-30": "2269.00000", "2012-06-30": "2313.00000", "2012-03-31": "2434.00000", "2011-12-31": "1664.00000", "2011-09-30": "2181.00000", "2011-06-30": "2495.00000", "2011-03-31": "2616.00000", "2010-12-31": "1953.00000", "2010-09-30": "2027.00000", "2010-06-30": "2038.00000", "2010-03-31": "1876.00000", "2009-12-31": "1606.00000", "2009-09-30": "1660.00000", "2009-06-30": "1558.00000", "2009-03-31": "903.00000", "2008-12-31": "382.00000", "2008-09-30": "1422.00000", "2008-06-30": "1728.00000", "2008-03-31": "1916.00000", "2007-12-31": "1654.00000", "2007-09-30": "1725.00000", "2007-06-30": "1867.00000", "2007-03-31": "1827.00000", "2006-12-31": "1737.00000", "2006-09-30": "1759.00000", "2006-06-30": "1885.00000", "2006-03-31": "2217.00000", "2005-12-31": "1888.00000", "2005-09-30": "1651.00000", "2005-06-30": "2150.00000", "2005-03-31": "2342.00000"}, "Research And Development Expenses": {"2020-09-30": "199.00000", "2020-06-30": "209.00000", "2020-03-31": "236.00000", "2019-12-31": "231.00000", "2019-09-30": "225.00000", "2019-06-30": "232.00000", "2019-03-31": "267.00000", "2018-12-31": "-232.00000", "2018-09-30": "264.00000", "2018-06-30": "270.00000", "2018-03-31": "768.00000", "2017-12-31": "-698.00000", "2017-09-30": "528.00000", "2017-06-30": "408.00000", "2017-03-31": "419.00000", "2016-12-31": "434.00000", "2016-09-30": "399.00000", "2016-06-30": "399.00000", "2016-03-31": "361.00000", "2015-12-31": "404.00000", "2015-09-30": "382.00000", "2015-06-30": "429.00000", "2015-03-31": "383.00000", "2014-12-31": "428.00000", "2014-09-30": "409.00000", "2014-06-30": "419.00000", "2014-03-31": "391.00000", "2013-12-31": "477.00000", "2013-09-30": "418.00000", "2013-06-30": "417.00000", "2013-03-31": "435.00000", "2012-12-31": "463.00000", "2012-09-30": "434.00000", "2012-06-30": "406.00000", "2012-03-31": "405.00000", "2011-12-31": "433.00000", "2011-09-30": "402.00000", "2011-06-30": "411.00000", "2011-03-31": "400.00000", "2010-12-31": "443.00000", "2010-09-30": "403.00000", "2010-06-30": "407.00000", "2010-03-31": "407.00000", "2009-12-31": "419.00000", "2009-09-30": "400.00000", "2009-06-30": "381.00000", "2009-03-31": "292.00000", "2008-12-31": "310.00000", "2008-09-30": "334.00000", "2008-06-30": "335.00000", "2008-03-31": "331.00000", "2007-12-31": "354.00000", "2007-09-30": "329.00000", "2007-06-30": "320.00000", "2007-03-31": "302.00000", "2006-12-31": "308.00000", "2006-09-30": "291.00000", "2006-06-30": "287.00000", "2006-03-31": "278.00000", "2005-12-31": "283.00000", "2005-09-30": "264.00000", "2005-06-30": "271.00000", "2005-03-31": "255.00000"}, "SG&A Expenses": {"2020-09-30": "524.00000", "2020-06-30": "", "2020-03-31": "633.00000", "2019-12-31": "1292.00000", "2019-09-30": "645.00000", "2019-06-30": "", "2019-03-31": "726.00000", "2018-12-31": "-185.00000", "2018-09-30": "731.00000", "2018-06-30": "768.00000", "2018-03-31": "1714.00000", "2017-12-31": "-865.00000", "2017-09-30": "1001.00000", "2017-06-30": "720.00000", "2017-03-31": "759.00000", "2016-12-31": "686.00000", "2016-09-30": "738.00000", "2016-06-30": "787.00000", "2016-03-31": "742.00000", "2015-12-31": "734.00000", "2015-09-30": "689.00000", "2015-06-30": "773.00000", "2015-03-31": "752.00000", "2014-12-31": "823.00000", "2014-09-30": "753.00000", "2014-06-30": "751.00000", "2014-03-31": "779.00000", "2013-12-31": "838.00000", "2013-09-30": "698.00000", "2013-06-30": "716.00000", "2013-03-31": "772.00000", "2012-12-31": "741.00000", "2012-09-30": "739.00000", "2012-06-30": "674.00000", "2012-03-31": "707.00000", "2011-12-31": "702.00000", "2011-09-30": "691.00000", "2011-06-30": "695.00000", "2011-03-31": "700.00000", "2010-12-31": "659.00000", "2010-09-30": "640.00000", "2010-06-30": "648.00000", "2010-03-31": "662.00000", "2009-12-31": "698.00000", "2009-09-30": "683.00000", "2009-06-30": "663.00000", "2009-03-31": "443.00000", "2008-12-31": "457.00000", "2008-09-30": "497.00000", "2008-06-30": "514.00000", "2008-03-31": "498.00000", "2007-12-31": "490.00000", "2007-09-30": "476.00000", "2007-06-30": "477.00000", "2007-03-31": "418.00000", "2006-12-31": "453.00000", "2006-09-30": "420.00000", "2006-06-30": "402.00000", "2006-03-31": "388.00000", "2005-12-31": "392.00000", "2005-09-30": "379.00000", "2005-06-30": "383.00000", "2005-03-31": "391.00000"}, "Other Operating Income Or Expenses": {"2020-09-30": "247.00000", "2020-06-30": "-2512.00000", "2020-03-31": "-322.00000", "2019-12-31": "9.00000", "2019-09-30": "79.00000", "2019-06-30": "-1194.00000", "2019-03-31": "84.00000", "2018-12-31": "-96.00000", "2018-09-30": "-9.00000", "2018-06-30": "82.00000", "2018-03-31": "115.00000", "2017-12-31": "-206.00000", "2017-09-30": "394.00000", "2017-06-30": "322.00000", "2017-03-31": "-444.00000", "2016-12-31": "-958.00000", "2016-09-30": "22.00000", "2016-06-30": "2550.00000", "2016-03-31": "-1241.00000", "2015-12-31": "3036.00000", "2015-09-30": "632.00000", "2015-06-30": "385.00000", "2015-03-31": "663.00000", "2014-12-31": "-186.00000", "2014-09-30": "-23.00000", "2014-06-30": "25.00000", "2014-03-31": "29.00000", "2013-12-31": "474.00000", "2013-09-30": "59.00000", "2013-06-30": "2053.00000", "2013-03-31": "-32.00000", "2012-12-31": "-270.00000", "2012-09-30": "-21.00000", "2012-06-30": "27.00000", "2012-03-31": "17.00000", "2011-12-31": "6.00000", "2011-09-30": "47.00000", "2011-06-30": "80.00000", "2011-03-31": "-449.00000", "2010-12-31": "11.00000", "2010-09-30": "-10.00000", "2010-06-30": "95.00000", "2010-03-31": "83.00000", "2009-12-31": "51.00000", "2009-09-30": "813.00000", "2009-06-30": "23.00000", "2009-03-31": "-3.00000", "2008-12-31": "-145.00000", "2008-09-30": "-34.00000", "2008-06-30": "37.00000", "2008-03-31": "46.00000", "2007-12-31": "62.00000", "2007-09-30": "70.00000", "2007-06-30": "123.00000", "2007-03-31": "69.00000", "2006-12-31": "227.00000", "2006-09-30": "4.00000", "2006-06-30": "53.00000", "2006-03-31": "30.00000", "2005-12-31": "577.00000", "2005-09-30": "39.00000", "2005-06-30": "57.00000", "2005-03-31": "82.00000"}, "Operating Expenses": {"2020-09-30": "4909.00000", "2020-06-30": "7245.00000", "2020-03-31": "5643.00000", "2019-12-31": "4792.00000", "2019-09-30": "4842.00000", "2019-06-30": "6300.00000", "2019-03-31": "5468.00000", "2018-12-31": "-8830.00000", "2018-09-30": "5560.00000", "2018-06-30": "5781.00000", "2018-03-31": "19875.00000", "2017-12-31": "-24461.00000", "2017-09-30": "14098.00000", "2017-06-30": "11848.00000", "2017-03-31": "12079.00000", "2016-12-31": "13329.00000", "2016-09-30": "11117.00000", "2016-06-30": "8487.00000", "2016-03-31": "10396.00000", "2015-12-31": "7127.00000", "2015-09-30": "9893.00000", "2015-06-30": "11447.00000", "2015-03-31": "10109.00000", "2014-12-31": "13151.00000", "2014-09-30": "13069.00000", "2014-06-30": "13597.00000", "2014-03-31": "12988.00000", "2013-12-31": "13004.00000", "2013-09-30": "12887.00000", "2013-06-30": "11298.00000", "2013-03-31": "13061.00000", "2012-12-31": "14516.00000", "2012-09-30": "12679.00000", "2012-06-30": "13375.00000", "2012-03-31": "13859.00000", "2011-12-31": "13685.00000", "2011-09-30": "14099.00000", "2011-06-30": "14702.00000", "2011-03-31": "13820.00000", "2010-12-31": "13083.00000", "2010-09-30": "12053.00000", "2010-06-30": "12715.00000", "2010-03-31": "12697.00000", "2009-12-31": "12143.00000", "2009-09-30": "10785.00000", "2009-06-30": "11611.00000", "2009-03-31": "8965.00000", "2008-12-31": "12258.00000", "2008-09-30": "14880.00000", "2008-06-30": "15458.00000", "2008-03-31": "13713.00000", "2007-12-31": "13818.00000", "2007-09-30": "12680.00000", "2007-06-30": "12086.00000", "2007-03-31": "11267.00000", "2006-12-31": "11058.00000", "2006-09-30": "11899.00000", "2006-06-30": "11272.00000", "2006-03-31": "10451.00000", "2005-12-31": "10256.00000", "2005-09-30": "10227.00000", "2005-06-30": "9910.00000", "2005-03-31": "9915.00000"}, "Operating Income": {"2020-09-30": "187.00000", "2020-06-30": "-2417.00000", "2020-03-31": "-422.00000", "2019-12-31": "412.00000", "2019-09-30": "584.00000", "2019-06-30": "-832.00000", "2019-03-31": "-54.00000", "2018-12-31": "-1626.00000", "2018-09-30": "123.00000", "2018-06-30": "76.00000", "2018-03-31": "1635.00000", "2017-12-31": "-6285.00000", "2017-09-30": "1256.00000", "2017-06-30": "1986.00000", "2017-03-31": "1151.00000", "2016-12-31": "-309.00000", "2016-09-30": "1366.00000", "2016-06-30": "3465.00000", "2016-03-31": "307.00000", "2015-12-31": "4335.00000", "2015-09-30": "2143.00000", "2015-06-30": "1463.00000", "2015-03-31": "2261.00000", "2014-12-31": "1233.00000", "2014-09-30": "1336.00000", "2014-06-30": "1320.00000", "2014-03-31": "1473.00000", "2013-12-31": "1382.00000", "2013-09-30": "847.00000", "2013-06-30": "3279.00000", "2013-03-31": "1322.00000", "2012-12-31": "-599.00000", "2012-09-30": "958.00000", "2012-06-30": "1138.00000", "2012-03-31": "860.00000", "2011-12-31": "412.00000", "2011-09-30": "1010.00000", "2011-06-30": "1344.00000", "2011-03-31": "913.00000", "2010-12-31": "688.00000", "2010-09-30": "815.00000", "2010-06-30": "903.00000", "2010-03-31": "720.00000", "2009-12-31": "323.00000", "2009-09-30": "1261.00000", "2009-06-30": "-289.00000", "2009-03-31": "76.00000", "2008-12-31": "-1441.00000", "2008-09-30": "491.00000", "2008-06-30": "891.00000", "2008-03-31": "1111.00000", "2007-12-31": "271.00000", "2007-09-30": "909.00000", "2007-06-30": "1179.00000", "2007-03-31": "1165.00000", "2006-12-31": "1178.00000", "2006-09-30": "460.00000", "2006-06-30": "1237.00000", "2006-03-31": "1569.00000", "2005-12-31": "1661.00000", "2005-09-30": "1034.00000", "2005-06-30": "1540.00000", "2005-03-31": "1764.00000"}, "Total Non-Operating Income/Expense": {"2020-09-30": "-167.00000", "2020-06-30": "-90.00000", "2020-03-31": "-144.00000", "2019-12-31": "-223.00000", "2019-09-30": "-134.00000", "2019-06-30": "-116.00000", "2019-03-31": "-111.00000", "2018-12-31": "386.00000", "2018-09-30": "45.00000", "2018-06-30": "54.00000", "2018-03-31": "-93.00000", "2017-12-31": "693.00000", "2017-09-30": "-131.00000", "2017-06-30": "-172.00000", "2017-03-31": "-23.00000", "2016-12-31": "111.00000", "2016-09-30": "-277.00000", "2016-06-30": "-108.00000", "2016-03-31": "-142.00000", "2015-12-31": "-187.00000", "2015-09-30": "-80.00000", "2015-06-30": "51.00000", "2015-03-31": "-56.00000", "2014-12-31": "-115.00000", "2014-09-30": "6.00000", "2014-06-30": "-6.00000", "2014-03-31": "18.00000", "2013-12-31": "4.00000", "2013-09-30": "69.00000", "2013-06-30": "-41.00000", "2013-03-31": "-58.00000", "2012-12-31": "-251.00000", "2012-09-30": "-133.00000", "2012-06-30": "-154.00000", "2012-03-31": "-154.00000", "2011-12-31": "-58.00000", "2011-09-30": "79.00000", "2011-06-30": "-27.00000", "2011-03-31": "-72.00000", "2010-12-31": "-42.00000", "2010-09-30": "-104.00000", "2010-06-30": "-113.00000", "2010-03-31": "-65.00000", "2009-12-31": "-173.00000", "2009-09-30": "-258.00000", "2009-06-30": "-394.00000", "2009-03-31": "-77.00000", "2008-12-31": "-182.00000", "2008-09-30": "129.00000", "2008-06-30": "125.00000", "2008-03-31": "153.00000", "2007-12-31": "162.00000", "2007-09-30": "176.00000", "2007-06-30": "162.00000", "2007-03-31": "168.00000", "2006-12-31": "145.00000", "2006-09-30": "210.00000", "2006-06-30": "119.00000", "2006-03-31": "54.00000", "2005-12-31": "106.00000", "2005-09-30": "114.00000", "2005-06-30": "63.00000", "2005-03-31": "117.00000"}, "Pre-Tax Income": {"2020-09-30": "20.00000", "2020-06-30": "-2507.00000", "2020-03-31": "-566.00000", "2019-12-31": "189.00000", "2019-09-30": "450.00000", "2019-06-30": "-948.00000", "2019-03-31": "-165.00000", "2018-12-31": "-1240.00000", "2018-09-30": "168.00000", "2018-06-30": "130.00000", "2018-03-31": "1542.00000", "2017-12-31": "-5592.00000", "2017-09-30": "1125.00000", "2017-06-30": "1814.00000", "2017-03-31": "1128.00000", "2016-12-31": "-198.00000", "2016-09-30": "1089.00000", "2016-06-30": "3357.00000", "2016-03-31": "165.00000", "2015-12-31": "4148.00000", "2015-09-30": "2063.00000", "2015-06-30": "1514.00000", "2015-03-31": "2205.00000", "2014-12-31": "1118.00000", "2014-09-30": "1342.00000", "2014-06-30": "1314.00000", "2014-03-31": "1491.00000", "2013-12-31": "1386.00000", "2013-09-30": "916.00000", "2013-06-30": "3238.00000", "2013-03-31": "1264.00000", "2012-12-31": "-850.00000", "2012-09-30": "825.00000", "2012-06-30": "984.00000", "2012-03-31": "706.00000", "2011-12-31": "354.00000", "2011-09-30": "1089.00000", "2011-06-30": "1317.00000", "2011-03-31": "841.00000", "2010-12-31": "646.00000", "2010-09-30": "711.00000", "2010-06-30": "790.00000", "2010-03-31": "655.00000", "2009-12-31": "150.00000", "2009-09-30": "1003.00000", "2009-06-30": "-683.00000", "2009-03-31": "-1.00000", "2008-12-31": "-1623.00000", "2008-09-30": "620.00000", "2008-06-30": "1016.00000", "2008-03-31": "1264.00000", "2007-12-31": "433.00000", "2007-09-30": "1085.00000", "2007-06-30": "1341.00000", "2007-03-31": "1333.00000", "2006-12-31": "1323.00000", "2006-09-30": "670.00000", "2006-06-30": "1356.00000", "2006-03-31": "1623.00000", "2005-12-31": "1767.00000", "2005-09-30": "1148.00000", "2005-06-30": "1603.00000", "2005-03-31": "1881.00000"}, "Income Taxes": {"2020-09-30": "92.00000", "2020-06-30": "-36.00000", "2020-03-31": "44.00000", "2019-12-31": "-2.00000", "2019-09-30": "78.00000", "2019-06-30": "155.00000", "2019-03-31": "-91.00000", "2018-12-31": "-330.00000", "2018-09-30": "37.00000", "2018-06-30": "99.00000", "2018-03-31": "389.00000", "2017-12-31": "-2997.00000", "2017-09-30": "571.00000", "2017-06-30": "455.00000", "2017-03-31": "213.00000", "2016-12-31": "-282.00000", "2016-09-30": "271.00000", "2016-06-30": "130.00000", "2016-03-31": "-110.00000", "2015-12-31": "517.00000", "2015-09-30": "627.00000", "2015-06-30": "317.00000", "2015-03-31": "686.00000", "2014-12-31": "279.00000", "2014-09-30": "378.00000", "2014-06-30": "344.00000", "2014-03-31": "425.00000", "2013-12-31": "358.00000", "2013-09-30": "231.00000", "2013-06-30": "795.00000", "2013-03-31": "604.00000", "2012-12-31": "-99.00000", "2012-09-30": "234.00000", "2012-06-30": "244.00000", "2012-03-31": "186.00000", "2011-12-31": "271.00000", "2011-09-30": "186.00000", "2011-06-30": "240.00000", "2011-03-31": "120.00000", "2010-12-31": "133.00000", "2010-09-30": "114.00000", "2010-06-30": "131.00000", "2010-03-31": "103.00000", "2009-12-31": "-28.00000", "2009-09-30": "204.00000", "2009-06-30": "-248.00000", "2009-03-31": "-25.00000", "2008-12-31": "-68.00000", "2008-09-30": "180.00000", "2008-06-30": "240.00000", "2008-03-31": "299.00000", "2007-12-31": "-41.00000", "2007-09-30": "659.00000", "2007-06-30": "277.00000", "2007-03-31": "335.00000", "2006-12-31": "324.00000", "2006-09-30": "137.00000", "2006-06-30": "310.00000", "2006-03-31": "384.00000", "2005-12-31": "629.00000", "2005-09-30": "328.00000", "2005-06-30": "317.00000", "2005-03-31": "508.00000"}, "Income After Taxes": {"2020-09-30": "-72.00000", "2020-06-30": "-2471.00000", "2020-03-31": "-610.00000", "2019-12-31": "191.00000", "2019-09-30": "372.00000", "2019-06-30": "-1103.00000", "2019-03-31": "-74.00000", "2018-12-31": "-910.00000", "2018-09-30": "131.00000", "2018-06-30": "31.00000", "2018-03-31": "1153.00000", "2017-12-31": "-2595.00000", "2017-09-30": "554.00000", "2017-06-30": "1359.00000", "2017-03-31": "915.00000", "2016-12-31": "84.00000", "2016-09-30": "818.00000", "2016-06-30": "3227.00000", "2016-03-31": "275.00000", "2015-12-31": "3631.00000", "2015-09-30": "1436.00000", "2015-06-30": "1197.00000", "2015-03-31": "1519.00000", "2014-12-31": "839.00000", "2014-09-30": "964.00000", "2014-06-30": "970.00000", "2014-03-31": "1066.00000", "2013-12-31": "1028.00000", "2013-09-30": "685.00000", "2013-06-30": "2443.00000", "2013-03-31": "660.00000", "2012-12-31": "-751.00000", "2012-09-30": "591.00000", "2012-06-30": "740.00000", "2012-03-31": "520.00000", "2011-12-31": "83.00000", "2011-09-30": "903.00000", "2011-06-30": "1077.00000", "2011-03-31": "721.00000", "2010-12-31": "513.00000", "2010-09-30": "597.00000", "2010-06-30": "659.00000", "2010-03-31": "552.00000", "2009-12-31": "178.00000", "2009-09-30": "799.00000", "2009-06-30": "-435.00000", "2009-03-31": "24.00000", "2008-12-31": "-1555.00000", "2008-09-30": "440.00000", "2008-06-30": "776.00000", "2008-03-31": "965.00000", "2007-12-31": "474.00000", "2007-09-30": "426.00000", "2007-06-30": "1064.00000", "2007-03-31": "998.00000", "2006-12-31": "999.00000", "2006-09-30": "533.00000", "2006-06-30": "1046.00000", "2006-03-31": "1239.00000", "2005-12-31": "1138.00000", "2005-09-30": "820.00000", "2005-06-30": "1286.00000", "2005-03-31": "1373.00000"}, "Other Income": {"2020-09-30": "", "2020-06-30": "", "2020-03-31": "", "2019-12-31": "", "2019-09-30": "", "2019-06-30": "", "2019-03-31": "", "2018-12-31": "", "2018-09-30": "", "2018-06-30": "", "2018-03-31": "", "2017-12-31": "", "2017-09-30": "", "2017-06-30": "", "2017-03-31": "", "2016-12-31": "", "2016-09-30": "", "2016-06-30": "", "2016-03-31": "", "2015-12-31": "", "2015-09-30": "", "2015-06-30": "", "2015-03-31": "", "2014-12-31": "", "2014-09-30": "", "2014-06-30": "", "2014-03-31": "", "2013-12-31": "", "2013-09-30": "", "2013-06-30": "", "2013-03-31": "", "2012-12-31": "", "2012-09-30": "", "2012-06-30": "", "2012-03-31": "", "2011-12-31": "", "2011-09-30": "", "2011-06-30": "", "2011-03-31": "", "2010-12-31": "", "2010-09-30": "", "2010-06-30": "", "2010-03-31": "", "2009-12-31": "", "2009-09-30": "", "2009-06-30": "", "2009-03-31": "", "2008-12-31": "", "2008-09-30": "", "2008-06-30": "", "2008-03-31": "", "2007-12-31": "", "2007-09-30": "", "2007-06-30": "", "2007-03-31": "", "2006-12-31": "", "2006-09-30": "", "2006-06-30": "", "2006-03-31": "", "2005-12-31": "", "2005-09-30": "", "2005-06-30": "", "2005-03-31": ""}, "Income From Continuous Operations": {"2020-09-30": "-72.00000", "2020-06-30": "-2471.00000", "2020-03-31": "-610.00000", "2019-12-31": "191.00000", "2019-09-30": "372.00000", "2019-06-30": "-1103.00000", "2019-03-31": "-74.00000", "2018-12-31": "-910.00000", "2018-09-30": "131.00000", "2018-06-30": "31.00000", "2018-03-31": "1153.00000", "2017-12-31": "-2595.00000", "2017-09-30": "554.00000", "2017-06-30": "1359.00000", "2017-03-31": "915.00000", "2016-12-31": "84.00000", "2016-09-30": "818.00000", "2016-06-30": "3227.00000", "2016-03-31": "275.00000", "2015-12-31": "3631.00000", "2015-09-30": "1436.00000", "2015-06-30": "1197.00000", "2015-03-31": "1519.00000", "2014-12-31": "839.00000", "2014-09-30": "964.00000", "2014-06-30": "970.00000", "2014-03-31": "1066.00000", "2013-12-31": "1028.00000", "2013-09-30": "685.00000", "2013-06-30": "2443.00000", "2013-03-31": "660.00000", "2012-12-31": "-751.00000", "2012-09-30": "591.00000", "2012-06-30": "740.00000", "2012-03-31": "520.00000", "2011-12-31": "83.00000", "2011-09-30": "903.00000", "2011-06-30": "1077.00000", "2011-03-31": "721.00000", "2010-12-31": "513.00000", "2010-09-30": "597.00000", "2010-06-30": "659.00000", "2010-03-31": "552.00000", "2009-12-31": "178.00000", "2009-09-30": "799.00000", "2009-06-30": "-435.00000", "2009-03-31": "24.00000", "2008-12-31": "-1555.00000", "2008-09-30": "440.00000", "2008-06-30": "776.00000", "2008-03-31": "965.00000", "2007-12-31": "547.00000", "2007-09-30": "403.00000", "2007-06-30": "1039.00000", "2007-03-31": "973.00000", "2006-12-31": "975.00000", "2006-09-30": "512.00000", "2006-06-30": "1023.00000", "2006-03-31": "1214.00000", "2005-12-31": "1116.00000", "2005-09-30": "801.00000", "2005-06-30": "1265.00000", "2005-03-31": "1353.00000"}, "Income From Discontinued Operations": {"2020-09-30": "", "2020-06-30": "", "2020-03-31": "", "2019-12-31": "-3.00000", "2019-09-30": "5.00000", "2019-06-30": "566.00000", "2019-03-31": "646.00000", "2018-12-31": "1419.00000", "2018-09-30": "408.00000", "2018-06-30": "1773.00000", "2018-03-31": "-5.00000", "2017-12-31": "1078.00000", "2017-09-30": "-20.00000", "2017-06-30": "", "2017-03-31": "", "2016-12-31": "", "2016-09-30": "", "2016-06-30": "", "2016-03-31": "", "2015-12-31": "", "2015-09-30": "", "2015-06-30": "", "2015-03-31": "", "2014-12-31": "", "2014-09-30": "", "2014-06-30": "", "2014-03-31": "", "2013-12-31": "", "2013-09-30": "", "2013-06-30": "", "2013-03-31": "", "2012-12-31": "", "2012-09-30": "", "2012-06-30": "", "2012-03-31": "", "2011-12-31": "", "2011-09-30": "", "2011-06-30": "", "2011-03-31": "", "2010-12-31": "", "2010-09-30": "", "2010-06-30": "", "2010-03-31": "", "2009-12-31": "", "2009-09-30": "-4.00000", "2009-06-30": "103.00000", "2009-03-31": "11.00000", "2008-12-31": "15.00000", "2008-09-30": "8.00000", "2008-06-30": "5.00000", "2008-03-31": "", "2007-12-31": "", "2007-09-30": "", "2007-06-30": "", "2007-03-31": "", "2006-12-31": "", "2006-09-30": "", "2006-06-30": "", "2006-03-31": "", "2005-12-31": "", "2005-09-30": "", "2005-06-30": "", "2005-03-31": ""}, "Net Income": {"2020-09-30": "-79.00000", "2020-06-30": "-2478.00000", "2020-03-31": "-616.00000", "2019-12-31": "176.00000", "2019-09-30": "372.00000", "2019-06-30": "-571.00000", "2019-03-31": "521.00000", "2018-12-31": "471.00000", "2018-09-30": "501.00000", "2018-06-30": "1769.00000", "2018-03-31": "1104.00000", "2017-12-31": "-1564.00000", "2017-09-30": "514.00000", "2017-06-30": "1321.00000", "2017-03-31": "888.00000", "2016-12-31": "-33.00000", "2016-09-30": "719.00000", "2016-06-30": "3123.00000", "2016-03-31": "169.00000", "2015-12-31": "3527.00000", "2015-09-30": "1290.00000", "2015-06-30": "1135.00000", "2015-03-31": "1393.00000", "2014-12-31": "734.00000", "2014-09-30": "852.00000", "2014-06-30": "882.00000", "2014-03-31": "964.00000", "2013-12-31": "963.00000", "2013-09-30": "594.00000", "2013-06-30": "2340.00000", "2013-03-31": "550.00000", "2012-12-31": "-716.00000", "2012-09-30": "497.00000", "2012-06-30": "649.00000", "2012-03-31": "412.00000", "2011-12-31": "-20.00000", "2011-09-30": "815.00000", "2011-06-30": "982.00000", "2011-03-31": "625.00000", "2010-12-31": "426.00000", "2010-09-30": "512.00000", "2010-06-30": "566.00000", "2010-03-31": "466.00000", "2009-12-31": "87.00000", "2009-09-30": "711.00000", "2009-06-30": "-486.00000", "2009-03-31": "24.00000", "2008-12-31": "-1552.00000", "2008-09-30": "428.00000", "2008-06-30": "762.00000", "2008-03-31": "941.00000", "2007-12-31": "472.00000", "2007-09-30": "403.00000", "2007-06-30": "1039.00000", "2007-03-31": "973.00000", "2006-12-31": "975.00000", "2006-09-30": "512.00000", "2006-06-30": "1023.00000", "2006-03-31": "1214.00000", "2005-12-31": "1096.00000", "2005-09-30": "801.00000", "2005-06-30": "1265.00000", "2005-03-31": "1353.00000"}, "EBITDA": {"2020-09-30": "1150.00000", "2020-06-30": "855.00000", "2020-03-31": "883.00000", "2019-12-31": "945.00000", "2019-09-30": "1083.00000", "2019-06-30": "1034.00000", "2019-03-31": "1671.00000", "2018-12-31": "-24.00000", "2018-09-30": "1702.00000", "2018-06-30": "2254.00000", "2018-03-31": "3822.00000", "2017-12-31": "-2199.00000", "2017-09-30": "2686.00000", "2017-06-30": "2725.00000", "2017-03-31": "1929.00000", "2016-12-31": "486.00000", "2016-09-30": "2146.00000", "2016-06-30": "4145.00000", "2016-03-31": "914.00000", "2015-12-31": "4935.00000", "2015-09-30": "2788.00000", "2015-06-30": "2105.00000", "2015-03-31": "2895.00000", "2014-12-31": "1975.00000", "2014-09-30": "2042.00000", "2014-06-30": "1997.00000", "2014-03-31": "2145.00000", "2013-12-31": "2071.00000", "2013-09-30": "1512.00000", "2013-06-30": "3938.00000", "2013-03-31": "1990.00000", "2012-12-31": "301.00000", "2012-09-30": "1623.00000", "2012-06-30": "1812.00000", "2012-03-31": "1539.00000", "2011-12-31": "1153.00000", "2011-09-30": "1724.00000", "2011-06-30": "2041.00000", "2011-03-31": "1644.00000", "2010-12-31": "1443.00000", "2010-09-30": "1531.00000", "2010-06-30": "1637.00000", "2010-03-31": "1477.00000", "2009-12-31": "1134.00000", "2009-09-30": "2013.00000", "2009-06-30": "474.00000", "2009-03-31": "584.00000", "2008-12-31": "-647.00000", "2008-09-30": "1029.00000", "2008-06-30": "1460.00000", "2008-03-31": "1685.00000", "2007-12-31": "860.00000", "2007-09-30": "1469.00000", "2007-06-30": "1712.00000", "2007-03-31": "1673.00000", "2006-12-31": "1708.00000", "2006-09-30": "998.00000", "2006-06-30": "1749.00000", "2006-03-31": "2063.00000", "2005-12-31": "2233.00000", "2005-09-30": "1531.00000", "2005-06-30": "2033.00000", "2005-03-31": "2281.00000"}, "EBIT": {"2020-09-30": "187.00000", "2020-06-30": "-2417.00000", "2020-03-31": "-422.00000", "2019-12-31": "412.00000", "2019-09-30": "584.00000", "2019-06-30": "-832.00000", "2019-03-31": "-54.00000", "2018-12-31": "-1626.00000", "2018-09-30": "123.00000", "2018-06-30": "76.00000", "2018-03-31": "1635.00000", "2017-12-31": "-6285.00000", "2017-09-30": "1256.00000", "2017-06-30": "1986.00000", "2017-03-31": "1151.00000", "2016-12-31": "-309.00000", "2016-09-30": "1366.00000", "2016-06-30": "3465.00000", "2016-03-31": "307.00000", "2015-12-31": "4335.00000", "2015-09-30": "2143.00000", "2015-06-30": "1463.00000", "2015-03-31": "2261.00000", "2014-12-31": "1233.00000", "2014-09-30": "1336.00000", "2014-06-30": "1320.00000", "2014-03-31": "1473.00000", "2013-12-31": "1382.00000", "2013-09-30": "847.00000", "2013-06-30": "3279.00000", "2013-03-31": "1322.00000", "2012-12-31": "-599.00000", "2012-09-30": "958.00000", "2012-06-30": "1138.00000", "2012-03-31": "860.00000", "2011-12-31": "412.00000", "2011-09-30": "1010.00000", "2011-06-30": "1344.00000", "2011-03-31": "913.00000", "2010-12-31": "688.00000", "2010-09-30": "815.00000", "2010-06-30": "903.00000", "2010-03-31": "720.00000", "2009-12-31": "323.00000", "2009-09-30": "1261.00000", "2009-06-30": "-289.00000", "2009-03-31": "76.00000", "2008-12-31": "-1441.00000", "2008-09-30": "491.00000", "2008-06-30": "891.00000", "2008-03-31": "1111.00000", "2007-12-31": "271.00000", "2007-09-30": "909.00000", "2007-06-30": "1179.00000", "2007-03-31": "1165.00000", "2006-12-31": "1178.00000", "2006-09-30": "460.00000", "2006-06-30": "1237.00000", "2006-03-31": "1569.00000", "2005-12-31": "1661.00000", "2005-09-30": "1034.00000", "2005-06-30": "1540.00000", "2005-03-31": "1764.00000"}, "Basic Shares Outstanding": {"2020-09-30": "734.40000", "2020-06-30": "734.30000", "2020-03-31": "738.60000", "2019-12-31": "746.30000", "2019-09-30": "745.50000", "2019-06-30": "749.00000", "2019-03-31": "750.00000", "2018-12-31": "767.00000", "2018-09-30": "765.40000", "2018-06-30": "769.60000", "2018-03-31": "772.25610", "2017-12-31": "526.60000", "2017-09-30": "525.88070", "2017-06-30": "403.89290", "2017-03-31": "400.79320", "2016-12-31": "369.32970", "2016-09-30": "370.76290", "2016-06-30": "370.32960", "2016-03-31": "367.59660", "2015-12-31": "376.66230", "2015-09-30": "380.39530", "2015-06-30": "379.32870", "2015-03-31": "378.52880", "2014-12-31": "390.26100", "2014-09-30": "389.02770", "2014-06-30": "392.92740", "2014-03-31": "396.82700", "2013-12-31": "395.36040", "2013-09-30": "395.76040", "2013-06-30": "395.32710", "2013-03-31": "393.66060", "2012-12-31": "389.86100", "2012-09-30": "390.86090", "2012-06-30": "389.86100", "2012-03-31": "386.92800", "2011-12-31": "382.96170", "2011-09-30": "384.06160", "2011-06-30": "383.16170", "2011-03-31": "379.79530", "2010-12-31": "375.26250", "2010-09-30": "375.96240", "2010-06-30": "375.09580", "2010-03-31": "372.46270", "2009-12-31": "347.69850", "2009-09-30": "369.42970", "2009-06-30": "341.99910", "2009-03-31": "308.43580", "2008-12-31": "310.10230", "2008-09-30": "308.36920", "2008-06-30": "309.90230", "2008-03-31": "314.00190", "2007-12-31": "317.66820", "2007-09-30": "316.26840", "2007-06-30": "318.23480", "2007-03-31": "321.03450", "2006-12-31": "320.73460", "2006-09-30": "319.66800", "2006-06-30": "321.13460", "2006-03-31": "322.60110", "2005-12-31": "321.03450", "2005-09-30": "321.70120", "2005-06-30": "321.33450", "2005-03-31": "319.66800"}, "Shares Outstanding": {"2020-09-30": "734.40000", "2020-06-30": "734.30000", "2020-03-31": "738.60000", "2019-12-31": "746.30000", "2019-09-30": "747.70000", "2019-06-30": "749.00000", "2019-03-31": "750.00000", "2018-12-31": "771.80000", "2018-09-30": "770.40000", "2018-06-30": "774.50000", "2018-03-31": "778.02220", "2017-12-31": "532.70000", "2017-09-30": "531.71350", "2017-06-30": "409.62570", "2017-03-31": "407.32590", "2016-12-31": "374.36250", "2016-09-30": "375.76240", "2016-06-30": "407.55920", "2016-03-31": "372.39610", "2015-12-31": "413.75860", "2015-09-30": "416.82500", "2015-06-30": "416.42500", "2015-03-31": "415.52510", "2014-12-31": "395.62710", "2014-09-30": "394.66050", "2014-06-30": "398.36010", "2014-03-31": "402.52640", "2013-12-31": "430.09030", "2013-09-30": "398.02680", "2013-06-30": "429.35700", "2013-03-31": "395.82710", "2012-12-31": "392.09410", "2012-09-30": "393.12730", "2012-06-30": "392.16080", "2012-03-31": "389.52770", "2011-12-31": "386.02800", "2011-09-30": "386.92800", "2011-06-30": "386.92800", "2011-03-31": "387.02790", "2010-12-31": "381.22850", "2010-09-30": "381.79510", "2010-06-30": "380.49530", "2010-03-31": "379.26210", "2009-12-31": "351.26490", "2009-09-30": "373.52930", "2009-06-30": "345.13210", "2009-03-31": "310.63560", "2008-12-31": "312.96870", "2008-09-30": "311.30220", "2008-06-30": "313.10200", "2008-03-31": "317.16830", "2007-12-31": "321.83450", "2007-09-30": "320.46800", "2007-06-30": "322.63440", "2007-03-31": "325.26750", "2006-12-31": "324.76750", "2006-09-30": "323.26770", "2006-06-30": "325.16750", "2006-03-31": "326.86730", "2005-12-31": "325.56740", "2005-09-30": "326.10070", "2005-06-30": "325.36750", "2005-03-31": "323.86760"}, "Basic EPS": {"2020-09-30": "-0.11000", "2020-06-30": "-3.37000", "2020-03-31": "-0.83000", "2019-12-31": "0.24000", "2019-09-30": "0.50000", "2019-06-30": "-0.76000", "2019-03-31": "0.69000", "2018-12-31": "0.63990", "2018-09-30": "0.65000", "2018-06-30": "2.29000", "2018-03-31": "1.41010", "2017-12-31": "-4.24060", "2017-09-30": "0.96010", "2017-06-30": "3.24030", "2017-03-31": "2.22020", "2016-12-31": "-0.03000", "2016-09-30": "1.92020", "2016-06-30": "8.37080", "2016-03-31": "0.45000", "2015-12-31": "9.36090", "2015-09-30": "3.36030", "2015-06-30": "2.97030", "2015-03-31": "3.66040", "2014-12-31": "1.95020", "2014-09-30": "2.16020", "2014-06-30": "2.22020", "2014-03-31": "2.40020", "2013-12-31": "2.40020", "2013-09-30": "1.50020", "2013-06-30": "5.88060", "2013-03-31": "1.38010", "2012-12-31": "-1.83020", "2012-09-30": "1.26010", "2012-06-30": "1.65020", "2012-03-31": "1.05010", "2011-12-31": "-0.09000", "2011-09-30": "2.10020", "2011-06-30": "2.52030", "2011-03-31": "1.65020", "2010-12-31": "1.14010", "2010-09-30": "1.35010", "2010-06-30": "1.50020", "2010-03-31": "1.26010", "2009-12-31": "0.36000", "2009-09-30": "1.92020", "2009-06-30": "-1.41010", "2009-03-31": "0.09000", "2008-12-31": "-4.98050", "2008-09-30": "1.38010", "2008-06-30": "2.46020", "2008-03-31": "3.00030", "2007-12-31": "1.53020", "2007-09-30": "1.26010", "2007-06-30": "3.27030", "2007-03-31": "3.03030", "2006-12-31": "3.09030", "2006-09-30": "1.59020", "2006-06-30": "3.18030", "2006-03-31": "3.75040", "2005-12-31": "3.42030", "2005-09-30": "2.49020", "2005-06-30": "3.93040", "2005-03-31": "4.23040"}, "EPS - Earnings Per Share": {"2020-09-30": "-0.11000", "2020-06-30": "-3.37000", "2020-03-31": "-0.83000", "2019-12-31": "0.24000", "2019-09-30": "0.50000", "2019-06-30": "-0.76000", "2019-03-31": "0.69000", "2018-12-31": "0.62990", "2018-09-30": "0.65000", "2018-06-30": "2.27000", "2018-03-31": "1.41010", "2017-12-31": "-4.18060", "2017-09-30": "0.96010", "2017-06-30": "3.21030", "2017-03-31": "2.16020", "2016-12-31": "0.39000", "2016-09-30": "1.89020", "2016-06-30": "7.83080", "2016-03-31": "0.45000", "2015-12-31": "8.73090", "2015-09-30": "3.27030", "2015-06-30": "2.91030", "2015-03-31": "3.54040", "2014-12-31": "1.92020", "2014-09-30": "2.13020", "2014-06-30": "2.19020", "2014-03-31": "2.37020", "2013-12-31": "2.58030", "2013-09-30": "1.47010", "2013-06-30": "5.61060", "2013-03-31": "1.38010", "2012-12-31": "-1.83020", "2012-09-30": "1.26010", "2012-06-30": "1.65020", "2012-03-31": "1.05010", "2011-12-31": "-0.06000", "2011-09-30": "2.07020", "2011-06-30": "2.52030", "2011-03-31": "1.62020", "2010-12-31": "1.08010", "2010-09-30": "1.35010", "2010-06-30": "1.50020", "2010-03-31": "1.23010", "2009-12-31": "0.39000", "2009-09-30": "1.89020", "2009-06-30": "-1.41010", "2009-03-31": "0.09000", "2008-12-31": "-4.92050", "2008-09-30": "1.38010", "2008-06-30": "2.43020", "2008-03-31": "2.97030", "2007-12-31": "1.50020", "2007-09-30": "1.26010", "2007-06-30": "3.21030", "2007-03-31": "3.00030", "2006-12-31": "3.00030", "2006-09-30": "1.59020", "2006-06-30": "3.15030", "2006-03-31": "3.72040", "2005-12-31": "3.33030", "2005-09-30": "2.46020", "2005-06-30": "3.90040", "2005-03-31": "4.17040"}}, "balance sheet": {"Cash On Hand": {"2019-12-31": "1540.00000", "2018-12-31": "8577.00000", "2017-12-31": "14394.00000", "2016-12-31": "6607.00000", "2015-12-31": "8577.00000", "2014-12-31": "5654.00000", "2013-12-31": "5940.00000", "2012-12-31": "4318.00000", "2011-12-31": "5446.00000", "2010-12-31": "7039.00000", "2009-12-31": "2846.00000", "2008-12-31": "2800.00000", "2007-12-31": "1737.00000", "2006-12-31": "2910.00000", "2005-12-31": "3838.00000"}, "Receivables": {"2019-12-31": "3802.00000", "2018-12-31": "3391.00000", "2017-12-31": "16893.00000", "2016-12-31": "8978.00000", "2015-12-31": "7846.00000", "2014-12-31": "9372.00000", "2013-12-31": "9647.00000", "2012-12-31": "9679.00000", "2011-12-31": "9626.00000", "2010-12-31": "9044.00000", "2009-12-31": "9195.00000", "2008-12-31": "6856.00000", "2007-12-31": "9684.00000", "2006-12-31": "8048.00000", "2005-12-31": "7926.00000"}, "Inventory": {"2019-12-31": "4319.00000", "2018-12-31": "4107.00000", "2017-12-31": "16992.00000", "2016-12-31": "7363.00000", "2015-12-31": "6871.00000", "2014-12-31": "8101.00000", "2013-12-31": "8303.00000", "2012-12-31": "8476.00000", "2011-12-31": "7577.00000", "2010-12-31": "7087.00000", "2009-12-31": "6847.00000", "2008-12-31": "6036.00000", "2007-12-31": "6885.00000", "2006-12-31": "6058.00000", "2005-12-31": "5319.00000"}, "Pre-Paid Expenses": {"2019-12-31": "", "2018-12-31": "", "2017-12-31": "", "2016-12-31": "", "2015-12-31": "", "2014-12-31": "", "2013-12-31": "", "2012-12-31": "", "2011-12-31": "", "2010-12-31": "", "2009-12-31": "", "2008-12-31": "", "2007-12-31": "", "2006-12-31": "", "2005-12-31": ""}, "Other Current Assets": {"2019-12-31": "338.00000", "2018-12-31": "305.00000", "2017-12-31": "1614.00000", "2016-12-31": "711.00000", "2015-12-31": "647.00000", "2014-12-31": "316.00000", "2013-12-31": "344.00000", "2012-12-31": "334.00000", "2011-12-31": "302.00000", "2010-12-31": "349.00000", "2009-12-31": "", "2008-12-31": "", "2007-12-31": "", "2006-12-31": "", "2005-12-31": ""}, "Total Current Assets": {"2019-12-31": "9999.00000", "2018-12-31": "126655.00000", "2017-12-31": "49893.00000", "2016-12-31": "23659.00000", "2015-12-31": "23941.00000", "2014-12-31": "24255.00000", "2013-12-31": "24977.00000", "2012-12-31": "23684.00000", "2011-12-31": "23422.00000", "2010-12-31": "24130.00000", "2009-12-31": "19542.00000", "2008-12-31": "16060.00000", "2007-12-31": "18654.00000", "2006-12-31": "17209.00000", "2005-12-31": "17404.00000"}, "Property, Plant, And Equipment": {"2019-12-31": "10143.00000", "2018-12-31": "9917.00000", "2017-12-31": "36247.00000", "2016-12-31": "23486.00000", "2015-12-31": "17854.00000", "2014-12-31": "18051.00000", "2013-12-31": "17454.00000", "2012-12-31": "17520.00000", "2011-12-31": "17299.00000", "2010-12-31": "17668.00000", "2009-12-31": "18141.00000", "2008-12-31": "14294.00000", "2007-12-31": "14388.00000", "2006-12-31": "13722.00000", "2005-12-31": "13537.00000"}, "Long-Term Investments": {"2019-12-31": "1260.00000", "2018-12-31": "1820.00000", "2017-12-31": "8580.00000", "2016-12-31": "7424.00000", "2015-12-31": "7697.00000", "2014-12-31": "7260.00000", "2013-12-31": "7407.00000", "2012-12-31": "6999.00000", "2011-12-31": "7057.00000", "2010-12-31": "6383.00000", "2009-12-31": "5995.00000", "2008-12-31": "5725.00000", "2007-12-31": "5963.00000", "2006-12-31": "5166.00000", "2005-12-31": "4715.00000"}, "Goodwill And Intangible Assets": {"2019-12-31": "46744.00000", "2018-12-31": "49151.00000", "2017-12-31": "92801.00000", "2016-12-31": "21298.00000", "2015-12-31": "15771.00000", "2014-12-31": "16400.00000", "2013-12-31": "17112.00000", "2012-12-31": "17450.00000", "2011-12-31": "17991.00000", "2010-12-31": "18497.00000", "2009-12-31": "19179.00000", "2008-12-31": "4223.00000", "2007-12-31": "4353.00000", "2006-12-31": "3699.00000", "2005-12-31": "3583.00000"}, "Other Long-Term Assets": {"2019-12-31": "", "2018-12-31": "", "2017-12-31": "", "2016-12-31": "", "2015-12-31": "", "2014-12-31": "62.00000", "2013-12-31": "86.00000", "2012-12-31": "155.00000", "2011-12-31": "172.00000", "2010-12-31": "220.00000", "2009-12-31": "330.00000", "2008-12-31": "658.00000", "2007-12-31": "696.00000", "2006-12-31": "725.00000", "2005-12-31": "818.00000"}, "Total Long-Term Assets": {"2019-12-31": "59397.00000", "2018-12-31": "61200.00000", "2017-12-31": "142271.00000", "2016-12-31": "55852.00000", "2015-12-31": "43997.00000", "2014-12-31": "44432.00000", "2013-12-31": "44524.00000", "2012-12-31": "45921.00000", "2011-12-31": "45802.00000", "2010-12-31": "45458.00000", "2009-12-31": "46476.00000", "2008-12-31": "29414.00000", "2007-12-31": "30147.00000", "2006-12-31": "28372.00000", "2005-12-31": "28530.00000"}, "Total Assets": {"2019-12-31": "69396.00000", "2018-12-31": "187855.00000", "2017-12-31": "192164.00000", "2016-12-31": "79511.00000", "2015-12-31": "67938.00000", "2014-12-31": "68687.00000", "2013-12-31": "69501.00000", "2012-12-31": "69605.00000", "2011-12-31": "69224.00000", "2010-12-31": "69588.00000", "2009-12-31": "66018.00000", "2008-12-31": "45474.00000", "2007-12-31": "48801.00000", "2006-12-31": "45581.00000", "2005-12-31": "45934.00000"}, "Total Current Liabilities": {"2019-12-31": "8346.00000", "2018-12-31": "73312.00000", "2017-12-31": "26128.00000", "2016-12-31": "12604.00000", "2015-12-31": "11115.00000", "2014-12-31": "11581.00000", "2013-12-31": "11971.00000", "2012-12-31": "11493.00000", "2011-12-31": "13634.00000", "2010-12-31": "13896.00000", "2009-12-31": "13105.00000", "2008-12-31": "13108.00000", "2007-12-31": "12445.00000", "2006-12-31": "10601.00000", "2005-12-31": "10663.00000"}, "Long Term Debt": {"2019-12-31": "13617.00000", "2018-12-31": "12624.00000", "2017-12-31": "30056.00000", "2016-12-31": "20456.00000", "2015-12-31": "16215.00000", "2014-12-31": "18741.00000", "2013-12-31": "16820.00000", "2012-12-31": "19919.00000", "2011-12-31": "18310.00000", "2010-12-31": "20605.00000", "2009-12-31": "19152.00000", "2008-12-31": "8042.00000", "2007-12-31": "7581.00000", "2006-12-31": "8036.00000", "2005-12-31": "9186.00000"}, "Other Non-Current Liabilities": {"2019-12-31": "1191.00000", "2018-12-31": "764.00000", "2017-12-31": "9206.00000", "2016-12-31": "6924.00000", "2015-12-31": "4719.00000", "2014-12-31": "3728.00000", "2013-12-31": "3736.00000", "2012-12-31": "3883.00000", "2011-12-31": "3717.00000", "2010-12-31": "3658.00000", "2009-12-31": "4028.00000", "2008-12-31": "4032.00000", "2007-12-31": "4104.00000", "2006-12-31": "4421.00000", "2005-12-31": "4722.00000"}, "Total Long Term Liabilities": {"2019-12-31": "19494.00000", "2018-12-31": "18643.00000", "2017-12-31": "64109.00000", "2016-12-31": "39678.00000", "2015-12-31": "30640.00000", "2014-12-31": "33752.00000", "2013-12-31": "29606.00000", "2012-12-31": "36245.00000", "2011-12-31": "32299.00000", "2010-12-31": "33050.00000", "2009-12-31": "31789.00000", "2008-12-31": "18786.00000", "2007-12-31": "16967.00000", "2006-12-31": "17915.00000", "2005-12-31": "19947.00000"}, "Total Liabilities": {"2019-12-31": "27840.00000", "2018-12-31": "91955.00000", "2017-12-31": "90237.00000", "2016-12-31": "52282.00000", "2015-12-31": "41755.00000", "2014-12-31": "45333.00000", "2013-12-31": "41577.00000", "2012-12-31": "47738.00000", "2011-12-31": "45933.00000", "2010-12-31": "46946.00000", "2009-12-31": "44894.00000", "2008-12-31": "31894.00000", "2007-12-31": "29412.00000", "2006-12-31": "28516.00000", "2005-12-31": "30610.00000"}, "Common Stock Net": {"2019-12-31": "7.00000", "2018-12-31": "8.00000", "2017-12-31": "23.00000", "2016-12-31": "3107.00000", "2015-12-31": "3107.00000", "2014-12-31": "3107.00000", "2013-12-31": "3054.00000", "2012-12-31": "3008.00000", "2011-12-31": "2961.00000", "2010-12-31": "2931.00000", "2009-12-31": "2906.00000", "2008-12-31": "2453.00000", "2007-12-31": "2453.00000", "2006-12-31": "2453.00000", "2005-12-31": "2453.00000"}, "Retained Earnings (Accumulated Deficit)": {"2019-12-31": "-8400.00000", "2018-12-31": "30257.00000", "2017-12-31": "29211.00000", "2016-12-31": "30338.00000", "2015-12-31": "28425.00000", "2014-12-31": "23045.00000", "2013-12-31": "21407.00000", "2012-12-31": "18495.00000", "2011-12-31": "19087.00000", "2010-12-31": "17736.00000", "2009-12-31": "16704.00000", "2008-12-31": "17013.00000", "2007-12-31": "18004.00000", "2006-12-31": "16987.00000", "2005-12-31": "14719.00000"}, "Comprehensive Income": {"2019-12-31": "-1416.00000", "2018-12-31": "-12394.00000", "2017-12-31": "-8972.00000", "2016-12-31": "-9822.00000", "2015-12-31": "-8667.00000", "2014-12-31": "-8017.00000", "2013-12-31": "-4827.00000", "2012-12-31": "-7516.00000", "2011-12-31": "-5996.00000", "2010-12-31": "-4399.00000", "2009-12-31": "-3892.00000", "2008-12-31": "-4389.00000", "2007-12-31": "-170.00000", "2006-12-31": "-2235.00000", "2005-12-31": "-1949.00000"}, "Other Share Holders Equity": {"2019-12-31": "0.00000", "2018-12-31": "-134.00000", "2017-12-31": "-189.00000", "2016-12-31": "-239.00000", "2015-12-31": "-272.00000", "2014-12-31": "-325.00000", "2013-12-31": "-357.00000", "2012-12-31": "-391.00000", "2011-12-31": "-434.00000", "2010-12-31": "-476.00000", "2009-12-31": "-519.00000", "2008-12-31": "", "2007-12-31": "", "2006-12-31": "", "2005-12-31": "-1.00000"}, "Share Holder Equity": {"2019-12-31": "41556.00000", "2018-12-31": "95900.00000", "2017-12-31": "101927.00000", "2016-12-31": "27229.00000", "2015-12-31": "26183.00000", "2014-12-31": "23354.00000", "2013-12-31": "27924.00000", "2012-12-31": "21867.00000", "2011-12-31": "23291.00000", "2010-12-31": "22642.00000", "2009-12-31": "21124.00000", "2008-12-31": "13580.00000", "2007-12-31": "19389.00000", "2006-12-31": "17065.00000", "2005-12-31": "15324.00000"}, "Total Liabilities And Share Holders Equity": {"2019-12-31": "69396.00000", "2018-12-31": "187855.00000", "2017-12-31": "192164.00000", "2016-12-31": "79511.00000", "2015-12-31": "67938.00000", "2014-12-31": "68687.00000", "2013-12-31": "69501.00000", "2012-12-31": "69605.00000", "2011-12-31": "69224.00000", "2010-12-31": "69588.00000", "2009-12-31": "66018.00000", "2008-12-31": "45474.00000", "2007-12-31": "48801.00000", "2006-12-31": "45581.00000", "2005-12-31": "45934.00000"}}, "balance sheet, quarterly": {"Cash On Hand": {"2020-09-30": "4008.00000", "2020-06-30": "3737.00000", "2020-03-31": "1748.00000", "2019-12-31": "1540.00000", "2019-09-30": "2113.00000", "2019-06-30": "1669.00000", "2019-03-31": "11662.00000", "2018-12-31": "8577.00000", "2018-09-30": "7309.00000", "2018-06-30": "9751.00000", "2018-03-31": "10538.00000", "2017-12-31": "14394.00000", "2017-09-30": "14974.00000", "2017-06-30": "6218.00000", "2017-03-31": "5848.00000", "2016-12-31": "6607.00000", "2016-09-30": "7032.00000", "2016-06-30": "7309.00000", "2016-03-31": "6610.00000", "2015-12-31": "8577.00000", "2015-09-30": "7623.00000", "2015-06-30": "6224.00000", "2015-03-31": "6288.00000", "2014-12-31": "5654.00000", "2014-09-30": "5768.00000", "2014-06-30": "3843.00000", "2014-03-31": "4385.00000", "2013-12-31": "5940.00000", "2013-09-30": "5272.00000", "2013-06-30": "4883.00000", "2013-03-31": "3514.00000", "2012-12-31": "4318.00000", "2012-09-30": "3885.00000", "2012-06-30": "4130.00000", "2012-03-31": "3610.00000", "2011-12-31": "5446.00000", "2011-09-30": "2206.00000", "2011-06-30": "2223.00000", "2011-03-31": "3562.00000", "2010-12-31": "7039.00000", "2010-09-30": "3227.00000", "2010-06-30": "3299.00000", "2010-03-31": "2923.00000", "2009-12-31": "2846.00000", "2009-09-30": "2581.00000", "2009-06-30": "2648.00000", "2009-03-31": "2956.00000", "2008-12-31": "2800.00000", "2008-09-30": "2272.00000", "2008-06-30": "2113.00000", "2008-03-31": "1674.00000", "2007-12-31": "1737.00000", "2007-09-30": "1946.00000", "2007-06-30": "2055.00000", "2007-03-31": "2565.00000", "2006-12-31": "2910.00000", "2006-09-30": "3169.00000", "2006-06-30": "3198.00000", "2006-03-31": "3424.00000", "2005-12-31": "3838.00000", "2005-09-30": "3210.00000", "2005-06-30": "3201.00000", "2005-03-31": "3401.00000"}, "Receivables": {"2020-09-30": "3623.00000", "2020-06-30": "3615.00000", "2020-03-31": "3869.00000", "2019-12-31": "3802.00000", "2019-09-30": "3962.00000", "2019-06-30": "4214.00000", "2019-03-31": "18746.00000", "2018-12-31": "3391.00000", "2018-09-30": "19548.00000", "2018-06-30": "20303.00000", "2018-03-31": "19788.00000", "2017-12-31": "16893.00000", "2017-09-30": "18256.00000", "2017-06-30": "10864.00000", "2017-03-31": "9710.00000", "2016-12-31": "8978.00000", "2016-09-30": "9108.00000", "2016-06-30": "9273.00000", "2016-03-31": "8761.00000", "2015-12-31": "7846.00000", "2015-09-30": "8167.00000", "2015-06-30": "9029.00000", "2015-03-31": "8739.00000", "2014-12-31": "9372.00000", "2014-09-30": "9796.00000", "2014-06-30": "10359.00000", "2014-03-31": "10451.00000", "2013-12-31": "9647.00000", "2013-09-30": "9776.00000", "2013-06-30": "10478.00000", "2013-03-31": "10405.00000", "2012-12-31": "9679.00000", "2012-09-30": "9966.00000", "2012-06-30": "9887.00000", "2012-03-31": "10506.00000", "2011-12-31": "9626.00000", "2011-09-30": "10116.00000", "2011-06-30": "10751.00000", "2011-03-31": "10353.00000", "2010-12-31": "9044.00000", "2010-09-30": "9574.00000", "2010-06-30": "9180.00000", "2010-03-31": "10455.00000", "2009-12-31": "9195.00000", "2009-09-30": "8787.00000", "2009-06-30": "8603.00000", "2009-03-31": "6533.00000", "2008-12-31": "6856.00000", "2008-09-30": "9601.00000", "2008-06-30": "11356.00000", "2008-03-31": "10540.00000", "2007-12-31": "9684.00000", "2007-09-30": "9427.00000", "2007-06-30": "9304.00000", "2007-03-31": "8775.00000", "2006-12-31": "8048.00000", "2006-09-30": "8324.00000", "2006-06-30": "8044.00000", "2006-03-31": "7554.00000", "2005-12-31": "7926.00000", "2005-09-30": "7797.00000", "2005-06-30": "7284.00000", "2005-03-31": "7788.00000"}, "Inventory": {"2020-09-30": "3902.00000", "2020-06-30": "4307.00000", "2020-03-31": "4410.00000", "2019-12-31": "4319.00000", "2019-09-30": "4306.00000", "2019-06-30": "4390.00000", "2019-03-31": "16604.00000", "2018-12-31": "4107.00000", "2018-09-30": "16441.00000", "2018-06-30": "15630.00000", "2018-03-31": "17457.00000", "2017-12-31": "16992.00000", "2017-09-30": "17255.00000", "2017-06-30": "8163.00000", "2017-03-31": "8210.00000", "2016-12-31": "7363.00000", "2016-09-30": "8013.00000", "2016-06-30": "8212.00000", "2016-03-31": "7298.00000", "2015-12-31": "6871.00000", "2015-09-30": "7822.00000", "2015-06-30": "8061.00000", "2015-03-31": "8087.00000", "2014-12-31": "8101.00000", "2014-09-30": "9019.00000", "2014-06-30": "8926.00000", "2014-03-31": "9102.00000", "2013-12-31": "8303.00000", "2013-09-30": "8892.00000", "2013-06-30": "8836.00000", "2013-03-31": "9335.00000", "2012-12-31": "8476.00000", "2012-09-30": "8630.00000", "2012-06-30": "8380.00000", "2012-03-31": "8882.00000", "2011-12-31": "7577.00000", "2011-09-30": "8416.00000", "2011-06-30": "8739.00000", "2011-03-31": "8132.00000", "2010-12-31": "7087.00000", "2010-09-30": "7283.00000", "2010-06-30": "6933.00000", "2010-03-31": "7020.00000", "2009-12-31": "6847.00000", "2009-09-30": "6970.00000", "2009-06-30": "6684.00000", "2009-03-31": "5916.00000", "2008-12-31": "6036.00000", "2008-09-30": "7542.00000", "2008-06-30": "7690.00000", "2008-03-31": "7688.00000", "2007-12-31": "6885.00000", "2007-09-30": "6772.00000", "2007-06-30": "6497.00000", "2007-03-31": "6106.00000", "2006-12-31": "6058.00000", "2006-09-30": "6118.00000", "2006-06-30": "5849.00000", "2006-03-31": "5982.00000", "2005-12-31": "5319.00000", "2005-09-30": "5450.00000", "2005-06-30": "5203.00000", "2005-03-31": "5210.00000"}, "Pre-Paid Expenses": {"2020-09-30": "", "2020-06-30": "", "2020-03-31": "", "2019-12-31": "", "2019-09-30": "", "2019-06-30": "", "2019-03-31": "", "2018-12-31": "", "2018-09-30": "", "2018-06-30": "", "2018-03-31": "", "2017-12-31": "", "2017-09-30": "", "2017-06-30": "", "2017-03-31": "", "2016-12-31": "", "2016-09-30": "", "2016-06-30": "", "2016-03-31": "", "2015-12-31": "", "2015-09-30": "", "2015-06-30": "", "2015-03-31": "", "2014-12-31": "", "2014-09-30": "", "2014-06-30": "", "2014-03-31": "", "2013-12-31": "", "2013-09-30": "", "2013-06-30": "", "2013-03-31": "", "2012-12-31": "", "2012-09-30": "", "2012-06-30": "", "2012-03-31": "", "2011-12-31": "", "2011-09-30": "", "2011-06-30": "", "2011-03-31": "", "2010-12-31": "", "2010-09-30": "", "2010-06-30": "", "2010-03-31": "", "2009-12-31": "", "2009-09-30": "", "2009-06-30": "", "2009-03-31": "", "2008-12-31": "", "2008-09-30": "", "2008-06-30": "", "2008-03-31": "", "2007-12-31": "", "2007-09-30": "", "2007-06-30": "", "2007-03-31": "", "2006-12-31": "", "2006-09-30": "", "2006-06-30": "", "2006-03-31": "", "2005-12-31": "", "2005-09-30": "", "2005-06-30": "", "2005-03-31": ""}, "Other Current Assets": {"2020-09-30": "1073.00000", "2020-06-30": "327.00000", "2020-03-31": "365.00000", "2019-12-31": "338.00000", "2019-09-30": "307.00000", "2019-06-30": "350.00000", "2019-03-31": "2236.00000", "2018-12-31": "305.00000", "2018-09-30": "2107.00000", "2018-06-30": "2213.00000", "2018-03-31": "1950.00000", "2017-12-31": "1614.00000", "2017-09-30": "4316.00000", "2017-06-30": "690.00000", "2017-03-31": "872.00000", "2016-12-31": "711.00000", "2016-09-30": "625.00000", "2016-06-30": "1516.00000", "2016-03-31": "665.00000", "2015-12-31": "647.00000", "2015-09-30": "433.00000", "2015-06-30": "468.00000", "2015-03-31": "372.00000", "2014-12-31": "316.00000", "2014-09-30": "323.00000", "2014-06-30": "385.00000", "2014-03-31": "362.00000", "2013-12-31": "344.00000", "2013-09-30": "318.00000", "2013-06-30": "395.00000", "2013-03-31": "349.00000", "2012-12-31": "334.00000", "2012-09-30": "318.00000", "2012-06-30": "339.00000", "2012-03-31": "317.00000", "2011-12-31": "302.00000", "2011-09-30": "333.00000", "2011-06-30": "413.00000", "2011-03-31": "379.00000", "2010-12-31": "349.00000", "2010-09-30": "", "2010-06-30": "", "2010-03-31": "431.00000", "2009-12-31": "", "2009-09-30": "", "2009-06-30": "", "2009-03-31": "", "2008-12-31": "", "2008-09-30": "", "2008-06-30": "", "2008-03-31": "", "2007-12-31": "", "2007-09-30": "", "2007-06-30": "", "2007-03-31": "", "2006-12-31": "", "2006-09-30": "", "2006-06-30": "", "2006-03-31": "", "2005-12-31": "", "2005-09-30": "", "2005-06-30": "", "2005-03-31": ""}, "Total Current Assets": {"2020-09-30": "12606.00000", "2020-06-30": "11986.00000", "2020-03-31": "10392.00000", "2019-12-31": "9999.00000", "2019-09-30": "10688.00000", "2019-06-30": "10623.00000", "2019-03-31": "49248.00000", "2018-12-31": "126655.00000", "2018-09-30": "45405.00000", "2018-06-30": "47897.00000", "2018-03-31": "49733.00000", "2017-12-31": "49893.00000", "2017-09-30": "54801.00000", "2017-06-30": "25935.00000", "2017-03-31": "24640.00000", "2016-12-31": "23659.00000", "2016-09-30": "24778.00000", "2016-06-30": "26310.00000", "2016-03-31": "23334.00000", "2015-12-31": "23941.00000", "2015-09-30": "24852.00000", "2015-06-30": "24764.00000", "2015-03-31": "24394.00000", "2014-12-31": "24255.00000", "2014-09-30": "25730.00000", "2014-06-30": "24283.00000", "2014-03-31": "25062.00000", "2013-12-31": "24977.00000", "2013-09-30": "25009.00000", "2013-06-30": "25327.00000", "2013-03-31": "24248.00000", "2012-12-31": "23684.00000", "2012-09-30": "23465.00000", "2012-06-30": "23198.00000", "2012-03-31": "23911.00000", "2011-12-31": "23422.00000", "2011-09-30": "21754.00000", "2011-06-30": "22699.00000", "2011-03-31": "22983.00000", "2010-12-31": "24130.00000", "2010-09-30": "20669.00000", "2010-06-30": "20080.00000", "2010-03-31": "21311.00000", "2009-12-31": "19542.00000", "2009-09-30": "19027.00000", "2009-06-30": "18383.00000", "2009-03-31": "15606.00000", "2008-12-31": "16060.00000", "2008-09-30": "19676.00000", "2008-06-30": "21331.00000", "2008-03-31": "20136.00000", "2007-12-31": "18654.00000", "2007-09-30": "18253.00000", "2007-06-30": "18029.00000", "2007-03-31": "17824.00000", "2006-12-31": "17209.00000", "2006-09-30": "17880.00000", "2006-06-30": "17398.00000", "2006-03-31": "17261.00000", "2005-12-31": "17404.00000", "2005-09-30": "16850.00000", "2005-06-30": "16073.00000", "2005-03-31": "16799.00000"}, "Property, Plant, And Equipment": {"2020-09-30": "9686.00000", "2020-06-30": "9909.00000", "2020-03-31": "9912.00000", "2019-12-31": "10143.00000", "2019-09-30": "9699.00000", "2019-06-30": "9806.00000", "2019-03-31": "35575.00000", "2018-12-31": "9917.00000", "2018-09-30": "35228.00000", "2018-06-30": "35224.00000", "2018-03-31": "36076.00000", "2017-12-31": "36247.00000", "2017-09-30": "36219.00000", "2017-06-30": "24116.00000", "2017-03-31": "23768.00000", "2016-12-31": "23486.00000", "2016-09-30": "23311.00000", "2016-06-30": "22783.00000", "2016-03-31": "18420.00000", "2015-12-31": "17854.00000", "2015-09-30": "18858.00000", "2015-06-30": "18580.00000", "2015-03-31": "18066.00000", "2014-12-31": "18051.00000", "2014-09-30": "17694.00000", "2014-06-30": "17901.00000", "2014-03-31": "17573.00000", "2013-12-31": "17454.00000", "2013-09-30": "17360.00000", "2013-06-30": "17202.00000", "2013-03-31": "17268.00000", "2012-12-31": "17520.00000", "2012-09-30": "17557.00000", "2012-06-30": "17353.00000", "2012-03-31": "17279.00000", "2011-12-31": "17299.00000", "2011-09-30": "17793.00000", "2011-06-30": "18049.00000", "2011-03-31": "17785.00000", "2010-12-31": "17668.00000", "2010-09-30": "17416.00000", "2010-06-30": "16973.00000", "2010-03-31": "17332.00000", "2009-12-31": "18141.00000", "2009-09-30": "17937.00000", "2009-06-30": "17377.00000", "2009-03-31": "13823.00000", "2008-12-31": "14294.00000", "2008-09-30": "14298.00000", "2008-06-30": "14624.00000", "2008-03-31": "14545.00000", "2007-12-31": "14388.00000", "2007-09-30": "14210.00000", "2007-06-30": "13895.00000", "2007-03-31": "13644.00000", "2006-12-31": "13722.00000", "2006-09-30": "13358.00000", "2006-06-30": "13656.00000", "2006-03-31": "13549.00000", "2005-12-31": "13537.00000", "2005-09-30": "13330.00000", "2005-06-30": "13408.00000", "2005-03-31": "13408.00000"}, "Long-Term Investments": {"2020-09-30": "1122.00000", "2020-06-30": "1267.00000", "2020-03-31": "1282.00000", "2019-12-31": "1260.00000", "2019-09-30": "1733.00000", "2019-06-30": "1718.00000", "2019-03-31": "7893.00000", "2018-12-31": "1820.00000", "2018-09-30": "8472.00000", "2018-06-30": "8330.00000", "2018-03-31": "8507.00000", "2017-12-31": "8580.00000", "2017-09-30": "8843.00000", "2017-06-30": "7405.00000", "2017-03-31": "7467.00000", "2016-12-31": "7424.00000", "2016-09-30": "7552.00000", "2016-06-30": "7314.00000", "2016-03-31": "7708.00000", "2015-12-31": "7697.00000", "2015-09-30": "7472.00000", "2015-06-30": "7197.00000", "2015-03-31": "6862.00000", "2014-12-31": "7260.00000", "2014-09-30": "7270.00000", "2014-06-30": "7243.00000", "2014-03-31": "7094.00000", "2013-12-31": "7407.00000", "2013-09-30": "7081.00000", "2013-06-30": "6714.00000", "2013-03-31": "6658.00000", "2012-12-31": "6999.00000", "2012-09-30": "7171.00000", "2012-06-30": "6973.00000", "2012-03-31": "6980.00000", "2011-12-31": "7057.00000", "2011-09-30": "6333.00000", "2011-06-30": "6290.00000", "2011-03-31": "6107.00000", "2010-12-31": "6383.00000", "2010-09-30": "6239.00000", "2010-06-30": "6073.00000", "2010-03-31": "5805.00000", "2009-12-31": "5995.00000", "2009-09-30": "5890.00000", "2009-06-30": "5848.00000", "2009-03-31": "5128.00000", "2008-12-31": "5725.00000", "2008-09-30": "5963.00000", "2008-06-30": "6008.00000", "2008-03-31": "5870.00000", "2007-12-31": "5963.00000", "2007-09-30": "6019.00000", "2007-06-30": "5403.00000", "2007-03-31": "5219.00000", "2006-12-31": "5166.00000", "2006-09-30": "4991.00000", "2006-06-30": "4813.00000", "2006-03-31": "4624.00000", "2005-12-31": "4715.00000", "2005-09-30": "4637.00000", "2005-06-30": "4536.00000", "2005-03-31": "4977.00000"}, "Goodwill And Intangible Assets": {"2020-09-30": "41218.00000", "2020-06-30": "42367.00000", "2020-03-31": "45151.00000", "2019-12-31": "46744.00000", "2019-09-30": "46704.00000", "2019-06-30": "47480.00000", "2019-03-31": "89415.00000", "2018-12-31": "49151.00000", "2018-09-30": "90870.00000", "2018-06-30": "91506.00000", "2018-03-31": "93459.00000", "2017-12-31": "92801.00000", "2017-09-30": "94118.00000", "2017-06-30": "21251.00000", "2017-03-31": "21262.00000", "2016-12-31": "21298.00000", "2016-09-30": "21817.00000", "2016-06-30": "21905.00000", "2016-03-31": "15805.00000", "2015-12-31": "15771.00000", "2015-09-30": "16004.00000", "2015-06-30": "16329.00000", "2015-03-31": "15801.00000", "2014-12-31": "16400.00000", "2014-09-30": "16664.00000", "2014-06-30": "16938.00000", "2014-03-31": "17021.00000", "2013-12-31": "17112.00000", "2013-09-30": "17150.00000", "2013-06-30": "17175.00000", "2013-03-31": "17272.00000", "2012-12-31": "17450.00000", "2012-09-30": "17782.00000", "2012-06-30": "17794.00000", "2012-03-31": "17956.00000", "2011-12-31": "17991.00000", "2011-09-30": "18206.00000", "2011-06-30": "18468.00000", "2011-03-31": "18501.00000", "2010-12-31": "18497.00000", "2010-09-30": "18625.00000", "2010-06-30": "18471.00000", "2010-03-31": "18913.00000", "2009-12-31": "19179.00000", "2009-09-30": "18581.00000", "2009-06-30": "18544.00000", "2009-03-31": "4205.00000", "2008-12-31": "4223.00000", "2008-09-30": "4445.00000", "2008-06-30": "4411.00000", "2008-03-31": "4393.00000", "2007-12-31": "4353.00000", "2007-09-30": "4271.00000", "2007-06-30": "4197.00000", "2007-03-31": "3707.00000", "2006-12-31": "3699.00000", "2006-09-30": "3671.00000", "2006-06-30": "3580.00000", "2006-03-31": "3589.00000", "2005-12-31": "3583.00000", "2005-09-30": "3615.00000", "2005-06-30": "3633.00000", "2005-03-31": "3657.00000"}, "Other Long-Term Assets": {"2020-09-30": "6206.00000", "2020-06-30": "", "2020-03-31": "", "2019-12-31": "", "2019-09-30": "", "2019-06-30": "", "2019-03-31": "", "2018-12-31": "", "2018-09-30": "", "2018-06-30": "", "2018-03-31": "", "2017-12-31": "", "2017-09-30": "", "2017-06-30": "", "2017-03-31": "", "2016-12-31": "", "2016-09-30": "36.00000", "2016-06-30": "39.00000", "2016-03-31": "48.00000", "2015-12-31": "", "2015-09-30": "51.00000", "2015-06-30": "54.00000", "2015-03-31": "54.00000", "2014-12-31": "62.00000", "2014-09-30": "74.00000", "2014-06-30": "78.00000", "2014-03-31": "78.00000", "2013-12-31": "86.00000", "2013-09-30": "160.00000", "2013-06-30": "163.00000", "2013-03-31": "153.00000", "2012-12-31": "155.00000", "2012-09-30": "156.00000", "2012-06-30": "167.00000", "2012-03-31": "168.00000", "2011-12-31": "172.00000", "2011-09-30": "206.00000", "2011-06-30": "217.00000", "2011-03-31": "217.00000", "2010-12-31": "220.00000", "2010-09-30": "250.00000", "2010-06-30": "274.00000", "2010-03-31": "976.00000", "2009-12-31": "330.00000", "2009-09-30": "2813.00000", "2009-06-30": "2730.00000", "2009-03-31": "657.00000", "2008-12-31": "658.00000", "2008-09-30": "662.00000", "2008-06-30": "681.00000", "2008-03-31": "695.00000", "2007-12-31": "696.00000", "2007-09-30": "687.00000", "2007-06-30": "693.00000", "2007-03-31": "725.00000", "2006-12-31": "725.00000", "2006-09-30": "750.00000", "2006-06-30": "763.00000", "2006-03-31": "797.00000", "2005-12-31": "818.00000", "2005-09-30": "854.00000", "2005-06-30": "901.00000", "2005-03-31": "972.00000"}, "Total Long-Term Assets": {"2020-09-30": "59535.00000", "2020-06-30": "54767.00000", "2020-03-31": "57595.00000", "2019-12-31": "59350.00000", "2019-09-30": "59431.00000", "2019-06-30": "60220.00000", "2019-03-31": "140537.00000", "2018-12-31": "61200.00000", "2018-09-30": "139048.00000", "2018-06-30": "139470.00000", "2018-03-31": "142708.00000", "2017-12-31": "142271.00000", "2017-09-30": "143726.00000", "2017-06-30": "56312.00000", "2017-03-31": "56188.00000", "2016-12-31": "55852.00000", "2016-09-30": "55846.00000", "2016-06-30": "55214.00000", "2016-03-31": "45106.00000", "2015-12-31": "43997.00000", "2015-09-30": "45032.00000", "2015-06-30": "44570.00000", "2015-03-31": "43395.00000", "2014-12-31": "44432.00000", "2014-09-30": "43843.00000", "2014-06-30": "44473.00000", "2014-03-31": "44171.00000", "2013-12-31": "44524.00000", "2013-09-30": "45197.00000", "2013-06-30": "44815.00000", "2013-03-31": "45056.00000", "2012-12-31": "45921.00000", "2012-09-30": "45903.00000", "2012-06-30": "45644.00000", "2012-03-31": "45687.00000", "2011-12-31": "45802.00000", "2011-09-30": "45197.00000", "2011-06-30": "45748.00000", "2011-03-31": "45459.00000", "2010-12-31": "45458.00000", "2010-09-30": "45332.00000", "2010-06-30": "44514.00000", "2010-03-31": "46235.00000", "2009-12-31": "46476.00000", "2009-09-30": "48003.00000", "2009-06-30": "47785.00000", "2009-03-31": "28553.00000", "2008-12-31": "29414.00000", "2008-09-30": "30489.00000", "2008-06-30": "30822.00000", "2008-03-31": "30521.00000", "2007-12-31": "30147.00000", "2007-09-30": "29416.00000", "2007-06-30": "28886.00000", "2007-03-31": "28206.00000", "2006-12-31": "28372.00000", "2006-09-30": "28697.00000", "2006-06-30": "28745.00000", "2006-03-31": "28303.00000", "2005-12-31": "28530.00000", "2005-09-30": "28887.00000", "2005-06-30": "28814.00000", "2005-03-31": "29173.00000"}, "Total Assets": {"2020-09-30": "72141.00000", "2020-06-30": "66753.00000", "2020-03-31": "67987.00000", "2019-12-31": "69349.00000", "2019-09-30": "70119.00000", "2019-06-30": "70843.00000", "2019-03-31": "189785.00000", "2018-12-31": "187855.00000", "2018-09-30": "184453.00000", "2018-06-30": "187367.00000", "2018-03-31": "192441.00000", "2017-12-31": "192164.00000", "2017-09-30": "198527.00000", "2017-06-30": "82247.00000", "2017-03-31": "80828.00000", "2016-12-31": "79511.00000", "2016-09-30": "80624.00000", "2016-06-30": "81524.00000", "2016-03-31": "68440.00000", "2015-12-31": "67938.00000", "2015-09-30": "69884.00000", "2015-06-30": "69334.00000", "2015-03-31": "67789.00000", "2014-12-31": "68687.00000", "2014-09-30": "69573.00000", "2014-06-30": "68756.00000", "2014-03-31": "69233.00000", "2013-12-31": "69501.00000", "2013-09-30": "70206.00000", "2013-06-30": "70142.00000", "2013-03-31": "69304.00000", "2012-12-31": "69605.00000", "2012-09-30": "69368.00000", "2012-06-30": "68842.00000", "2012-03-31": "69598.00000", "2011-12-31": "69224.00000", "2011-09-30": "66951.00000", "2011-06-30": "68447.00000", "2011-03-31": "68442.00000", "2010-12-31": "69588.00000", "2010-09-30": "66001.00000", "2010-06-30": "64594.00000", "2010-03-31": "67546.00000", "2009-12-31": "66018.00000", "2009-09-30": "67030.00000", "2009-06-30": "66168.00000", "2009-03-31": "44159.00000", "2008-12-31": "45474.00000", "2008-09-30": "50165.00000", "2008-06-30": "52153.00000", "2008-03-31": "50657.00000", "2007-12-31": "48801.00000", "2007-09-30": "47669.00000", "2007-06-30": "46915.00000", "2007-03-31": "46030.00000", "2006-12-31": "45581.00000", "2006-09-30": "46577.00000", "2006-06-30": "46143.00000", "2006-03-31": "45564.00000", "2005-12-31": "45934.00000", "2005-09-30": "45737.00000", "2005-06-30": "44887.00000", "2005-03-31": "45972.00000"}, "Total Current Liabilities": {"2020-09-30": "6984.00000", "2020-06-30": "8010.00000", "2020-03-31": "8545.00000", "2019-12-31": "8346.00000", "2019-09-30": "6616.00000", "2019-06-30": "6457.00000", "2019-03-31": "28580.00000", "2018-12-31": "73312.00000", "2018-09-30": "27680.00000", "2018-06-30": "28110.00000", "2018-03-31": "26617.00000", "2017-12-31": "26128.00000", "2017-09-30": "27278.00000", "2017-06-30": "13429.00000", "2017-03-31": "13193.00000", "2016-12-31": "12604.00000", "2016-09-30": "12655.00000", "2016-06-30": "12881.00000", "2016-03-31": "11682.00000", "2015-12-31": "11115.00000", "2015-09-30": "13205.00000", "2015-06-30": "12765.00000", "2015-03-31": "12387.00000", "2014-12-31": "11581.00000", "2014-09-30": "12087.00000", "2014-06-30": "11879.00000", "2014-03-31": "12226.00000", "2013-12-31": "11971.00000", "2013-09-30": "11993.00000", "2013-06-30": "12613.00000", "2013-03-31": "12440.00000", "2012-12-31": "11493.00000", "2012-09-30": "12795.00000", "2012-06-30": "12629.00000", "2012-03-31": "13465.00000", "2011-12-31": "13634.00000", "2011-09-30": "12887.00000", "2011-06-30": "12429.00000", "2011-03-31": "12984.00000", "2010-12-31": "13896.00000", "2010-09-30": "13159.00000", "2010-06-30": "13347.00000", "2010-03-31": "14905.00000", "2009-12-31": "13105.00000", "2009-09-30": "12334.00000", "2009-06-30": "11127.00000", "2009-03-31": "9752.00000", "2008-12-31": "13108.00000", "2008-09-30": "14149.00000", "2008-06-30": "14387.00000", "2008-03-31": "13404.00000", "2007-12-31": "12445.00000", "2007-09-30": "11534.00000", "2007-06-30": "11297.00000", "2007-03-31": "10905.00000", "2006-12-31": "10601.00000", "2006-09-30": "10088.00000", "2006-06-30": "9602.00000", "2006-03-31": "9915.00000", "2005-12-31": "10663.00000", "2005-09-30": "9728.00000", "2005-06-30": "9566.00000", "2005-03-31": "10395.00000"}, "Long Term Debt": {"2020-09-30": "21802.00000", "2020-06-30": "15608.00000", "2020-03-31": "13618.00000", "2019-12-31": "13617.00000", "2019-09-30": "15610.00000", "2019-06-30": "15608.00000", "2019-03-31": "34966.00000", "2018-12-31": "12624.00000", "2018-09-30": "27293.00000", "2018-06-30": "26850.00000", "2018-03-31": "29343.00000", "2017-12-31": "30056.00000", "2017-09-30": "29819.00000", "2017-06-30": "20072.00000", "2017-03-31": "20471.00000", "2016-12-31": "20456.00000", "2016-09-30": "20423.00000", "2016-06-30": "20852.00000", "2016-03-31": "16229.00000", "2015-12-31": "16215.00000", "2015-09-30": "17462.00000", "2015-06-30": "17833.00000", "2015-03-31": "17867.00000", "2014-12-31": "18741.00000", "2014-09-30": "19001.00000", "2014-06-30": "17036.00000", "2014-03-31": "16936.00000", "2013-12-31": "16820.00000", "2013-09-30": "17487.00000", "2013-06-30": "17475.00000", "2013-03-31": "18753.00000", "2012-12-31": "19919.00000", "2012-09-30": "18216.00000", "2012-06-30": "18304.00000", "2012-03-31": "18224.00000", "2011-12-31": "18310.00000", "2011-09-30": "17042.00000", "2011-06-30": "18511.00000", "2011-03-31": "19078.00000", "2010-12-31": "20605.00000", "2010-09-30": "18030.00000", "2010-06-30": "18108.00000", "2010-03-31": "18835.00000", "2009-12-31": "19152.00000", "2009-09-30": "20631.00000", "2009-06-30": "21983.00000", "2009-03-31": "10897.00000", "2008-12-31": "8042.00000", "2008-09-30": "8257.00000", "2008-06-30": "8116.00000", "2008-03-31": "7392.00000", "2007-12-31": "7581.00000", "2007-09-30": "8019.00000", "2007-06-30": "7966.00000", "2007-03-31": "7975.00000", "2006-12-31": "8036.00000", "2006-09-30": "9199.00000", "2006-06-30": "9248.00000", "2006-03-31": "9180.00000", "2005-12-31": "9186.00000", "2005-09-30": "9969.00000", "2005-06-30": "10023.00000", "2005-03-31": "10876.00000"}, "Other Non-Current Liabilities": {"2020-09-30": "1033.00000", "2020-06-30": "1218.00000", "2020-03-31": "1238.00000", "2019-12-31": "1191.00000", "2019-09-30": "1457.00000", "2019-06-30": "1438.00000", "2019-03-31": "11286.00000", "2018-12-31": "764.00000", "2018-09-30": "8540.00000", "2018-06-30": "8946.00000", "2018-03-31": "9219.00000", "2017-12-31": "9206.00000", "2017-09-30": "9358.00000", "2017-06-30": "7046.00000", "2017-03-31": "6770.00000", "2016-12-31": "6924.00000", "2016-09-30": "6331.00000", "2016-06-30": "6681.00000", "2016-03-31": "4768.00000", "2015-12-31": "4719.00000", "2015-09-30": "3882.00000", "2015-06-30": "3814.00000", "2015-03-31": "3684.00000", "2014-12-31": "3728.00000", "2014-09-30": "3526.00000", "2014-06-30": "3571.00000", "2014-03-31": "3554.00000", "2013-12-31": "3736.00000", "2013-09-30": "3749.00000", "2013-06-30": "3781.00000", "2013-03-31": "3876.00000", "2012-12-31": "3883.00000", "2012-09-30": "3638.00000", "2012-06-30": "3754.00000", "2012-03-31": "3745.00000", "2011-12-31": "3717.00000", "2011-09-30": "3541.00000", "2011-06-30": "3678.00000", "2011-03-31": "3733.00000", "2010-12-31": "3658.00000", "2010-09-30": "3608.00000", "2010-06-30": "3537.00000", "2010-03-31": "4106.00000", "2009-12-31": "4028.00000", "2009-09-30": "4843.00000", "2009-06-30": "4769.00000", "2009-03-31": "3798.00000", "2008-12-31": "4032.00000", "2008-09-30": "4143.00000", "2008-06-30": "4272.00000", "2008-03-31": "4243.00000", "2007-12-31": "4104.00000", "2007-09-30": "4439.00000", "2007-06-30": "4378.00000", "2007-03-31": "4347.00000", "2006-12-31": "4421.00000", "2006-09-30": "4660.00000", "2006-06-30": "4619.00000", "2006-03-31": "4661.00000", "2005-12-31": "4722.00000", "2005-09-30": "4679.00000", "2005-06-30": "4695.00000", "2005-03-31": "4710.00000"}, "Total Long Term Liabilities": {"2020-09-30": "27039.00000", "2020-06-30": "21166.00000", "2020-03-31": "19325.00000", "2019-12-31": "19447.00000", "2019-09-30": "21591.00000", "2019-06-30": "21810.00000", "2019-03-31": "67107.00000", "2018-12-31": "18643.00000", "2018-09-30": "57029.00000", "2018-06-30": "59375.00000", "2018-03-31": "62900.00000", "2017-12-31": "64109.00000", "2017-09-30": "66715.00000", "2017-06-30": "39229.00000", "2017-03-31": "39301.00000", "2016-12-31": "39678.00000", "2016-09-30": "37620.00000", "2016-06-30": "38409.00000", "2016-03-31": "30324.00000", "2015-12-31": "30640.00000", "2015-09-30": "31513.00000", "2015-06-30": "32118.00000", "2015-03-31": "32188.00000", "2014-12-31": "33752.00000", "2014-09-30": "30775.00000", "2014-06-30": "29142.00000", "2014-03-31": "29284.00000", "2013-12-31": "29606.00000", "2013-09-30": "33195.00000", "2013-06-30": "33329.00000", "2013-03-31": "34868.00000", "2012-12-31": "36245.00000", "2012-09-30": "31612.00000", "2012-06-30": "31989.00000", "2012-03-31": "32082.00000", "2011-12-31": "32299.00000", "2011-09-30": "28923.00000", "2011-06-30": "30979.00000", "2011-03-31": "31621.00000", "2010-12-31": "33050.00000", "2010-09-30": "30238.00000", "2010-06-30": "30080.00000", "2010-03-31": "31549.00000", "2009-12-31": "31789.00000", "2009-09-30": "33451.00000", "2009-06-30": "34818.00000", "2009-03-31": "21228.00000", "2008-12-31": "18786.00000", "2008-09-30": "16888.00000", "2008-06-30": "17633.00000", "2008-03-31": "17074.00000", "2007-12-31": "16967.00000", "2007-09-30": "18067.00000", "2007-06-30": "17788.00000", "2007-03-31": "17800.00000", "2006-12-31": "17915.00000", "2006-09-30": "19697.00000", "2006-06-30": "19729.00000", "2006-03-31": "19648.00000", "2005-12-31": "19947.00000", "2005-09-30": "21346.00000", "2005-06-30": "21278.00000", "2005-03-31": "22193.00000"}, "Total Liabilities": {"2020-09-30": "34023.00000", "2020-06-30": "29176.00000", "2020-03-31": "27870.00000", "2019-12-31": "27793.00000", "2019-09-30": "28207.00000", "2019-06-30": "28267.00000", "2019-03-31": "95687.00000", "2018-12-31": "91955.00000", "2018-09-30": "84709.00000", "2018-06-30": "87485.00000", "2018-03-31": "89517.00000", "2017-12-31": "90237.00000", "2017-09-30": "93993.00000", "2017-06-30": "52658.00000", "2017-03-31": "52494.00000", "2016-12-31": "52282.00000", "2016-09-30": "50275.00000", "2016-06-30": "51290.00000", "2016-03-31": "42006.00000", "2015-12-31": "41755.00000", "2015-09-30": "44718.00000", "2015-06-30": "44883.00000", "2015-03-31": "44575.00000", "2014-12-31": "45333.00000", "2014-09-30": "42862.00000", "2014-06-30": "41021.00000", "2014-03-31": "41510.00000", "2013-12-31": "41577.00000", "2013-09-30": "45188.00000", "2013-06-30": "45942.00000", "2013-03-31": "47308.00000", "2012-12-31": "47738.00000", "2012-09-30": "44407.00000", "2012-06-30": "44618.00000", "2012-03-31": "45547.00000", "2011-12-31": "45933.00000", "2011-09-30": "41810.00000", "2011-06-30": "43408.00000", "2011-03-31": "44605.00000", "2010-12-31": "46946.00000", "2010-09-30": "43397.00000", "2010-06-30": "43427.00000", "2010-03-31": "46454.00000", "2009-12-31": "44894.00000", "2009-09-30": "45785.00000", "2009-06-30": "45945.00000", "2009-03-31": "30980.00000", "2008-12-31": "31894.00000", "2008-09-30": "31037.00000", "2008-06-30": "32020.00000", "2008-03-31": "30478.00000", "2007-12-31": "29412.00000", "2007-09-30": "29601.00000", "2007-06-30": "29085.00000", "2007-03-31": "28705.00000", "2006-12-31": "28516.00000", "2006-09-30": "29785.00000", "2006-06-30": "29331.00000", "2006-03-31": "29563.00000", "2005-12-31": "30610.00000", "2005-09-30": "31074.00000", "2005-06-30": "30844.00000", "2005-03-31": "32588.00000"}, "Common Stock Net": {"2020-09-30": "7.00000", "2020-06-30": "7.00000", "2020-03-31": "7.00000", "2019-12-31": "7.00000", "2019-09-30": "7.00000", "2019-06-30": "7.00000", "2019-03-31": "24.00000", "2018-12-31": "8.00000", "2018-09-30": "24.00000", "2018-06-30": "24.00000", "2018-03-31": "23.00000", "2017-12-31": "23.00000", "2017-09-30": "23.00000", "2017-06-30": "3107.00000", "2017-03-31": "3107.00000", "2016-12-31": "3107.00000", "2016-09-30": "3107.00000", "2016-06-30": "3107.00000", "2016-03-31": "3107.00000", "2015-12-31": "3107.00000", "2015-09-30": "3107.00000", "2015-06-30": "3107.00000", "2015-03-31": "3107.00000", "2014-12-31": "3107.00000", "2014-09-30": "3107.00000", "2014-06-30": "3107.00000", "2014-03-31": "3092.00000", "2013-12-31": "3054.00000", "2013-09-30": "3042.00000", "2013-06-30": "3031.00000", "2013-03-31": "3024.00000", "2012-12-31": "3008.00000", "2012-09-30": "2998.00000", "2012-06-30": "2996.00000", "2012-03-31": "2988.00000", "2011-12-31": "2961.00000", "2011-09-30": "2954.00000", "2011-06-30": "2953.00000", "2011-03-31": "2939.00000", "2010-12-31": "2931.00000", "2010-09-30": "2919.00000", "2010-06-30": "2917.00000", "2010-03-31": "2908.00000", "2009-12-31": "2906.00000", "2009-09-30": "2906.00000", "2009-06-30": "2906.00000", "2009-03-31": "2453.00000", "2008-12-31": "2453.00000", "2008-09-30": "2453.00000", "2008-06-30": "2453.00000", "2008-03-31": "2453.00000", "2007-12-31": "2453.00000", "2007-09-30": "2453.00000", "2007-06-30": "2453.00000", "2007-03-31": "2453.00000", "2006-12-31": "2453.00000", "2006-09-30": "2453.00000", "2006-06-30": "2453.00000", "2006-03-31": "2453.00000", "2005-12-31": "2453.00000", "2005-09-30": "2453.00000", "2005-06-30": "2453.00000", "2005-03-31": "2453.00000"}, "Retained Earnings (Accumulated Deficit)": {"2020-09-30": "-11808.00000", "2020-06-30": "-11728.00000", "2020-03-31": "-9251.00000", "2019-12-31": "-8400.00000", "2019-09-30": "-8289.00000", "2019-06-30": "-8299.00000", "2019-03-31": "29764.00000", "2018-12-31": "30257.00000", "2018-09-30": "30933.00000", "2018-06-30": "30432.00000", "2018-03-31": "29366.00000", "2017-12-31": "29211.00000", "2017-09-30": "31366.00000", "2017-06-30": "31417.00000", "2017-03-31": "30659.00000", "2016-12-31": "30338.00000", "2016-09-30": "30884.00000", "2016-06-30": "30680.00000", "2016-03-31": "28074.00000", "2015-12-31": "28425.00000", "2015-09-30": "25411.00000", "2015-06-30": "24606.00000", "2015-03-31": "23956.00000", "2014-12-31": "23045.00000", "2014-09-30": "22792.00000", "2014-06-30": "22372.00000", "2014-03-31": "21929.00000", "2013-12-31": "21407.00000", "2013-09-30": "20830.00000", "2013-06-30": "20620.00000", "2013-03-31": "18662.00000", "2012-12-31": "18495.00000", "2012-09-30": "19591.00000", "2012-06-30": "19473.00000", "2012-03-31": "19203.00000", "2011-12-31": "19087.00000", "2011-09-30": "19400.00000", "2011-06-30": "18877.00000", "2011-03-31": "18187.00000", "2010-12-31": "17736.00000", "2010-09-30": "17478.00000", "2010-06-30": "17140.00000", "2010-03-31": "16746.00000", "2009-12-31": "16704.00000", "2009-09-30": "16785.00000", "2009-06-30": "16242.00000", "2009-03-31": "16896.00000", "2008-12-31": "17013.00000", "2008-09-30": "18954.00000", "2008-06-30": "18919.00000", "2008-03-31": "18542.00000", "2007-12-31": "18004.00000", "2007-09-30": "17941.00000", "2007-06-30": "17940.00000", "2007-03-31": "17306.00000", "2006-12-31": "16987.00000", "2006-09-30": "16371.00000", "2006-06-30": "16226.00000", "2006-03-31": "15567.00000", "2005-12-31": "14719.00000", "2005-09-30": "13952.00000", "2005-06-30": "13479.00000", "2005-03-31": "12517.00000"}, "Comprehensive Income": {"2020-09-30": "-859.00000", "2020-06-30": "-1465.00000", "2020-03-31": "-1810.00000", "2019-12-31": "-1416.00000", "2019-09-30": "-1529.00000", "2019-06-30": "-831.00000", "2019-03-31": "-12364.00000", "2018-12-31": "-12394.00000", "2018-09-30": "-10566.00000", "2018-06-30": "-10732.00000", "2018-03-31": "-7497.00000", "2017-12-31": "-8972.00000", "2017-09-30": "-9367.00000", "2017-06-30": "-9074.00000", "2017-03-31": "-9514.00000", "2016-12-31": "-9822.00000", "2016-09-30": "-7681.00000", "2016-06-30": "-7845.00000", "2016-03-31": "-8262.00000", "2015-12-31": "-8667.00000", "2015-09-30": "-8585.00000", "2015-06-30": "-8410.00000", "2015-03-31": "-8840.00000", "2014-12-31": "-8017.00000", "2014-09-30": "-5371.00000", "2014-06-30": "-4729.00000", "2014-03-31": "-4824.00000", "2013-12-31": "-4827.00000", "2013-09-30": "-7070.00000", "2013-06-30": "-7526.00000", "2013-03-31": "-7694.00000", "2012-12-31": "-7516.00000", "2012-09-30": "-5481.00000", "2012-06-30": "-5967.00000", "2012-03-31": "-5586.00000", "2011-12-31": "-5996.00000", "2011-09-30": "-4290.00000", "2011-06-30": "-3647.00000", "2011-03-31": "-3881.00000", "2010-12-31": "-4399.00000", "2010-09-30": "-3810.00000", "2010-06-30": "-4780.00000", "2010-03-31": "-4258.00000", "2009-12-31": "-3892.00000", "2009-09-30": "-3613.00000", "2009-06-30": "-4047.00000", "2009-03-31": "-4674.00000", "2008-12-31": "-4389.00000", "2008-09-30": "-687.00000", "2008-06-30": "374.00000", "2008-03-31": "415.00000", "2007-12-31": "-170.00000", "2007-09-30": "-1560.00000", "2007-06-30": "-1986.00000", "2007-03-31": "-2088.00000", "2006-12-31": "-2235.00000", "2006-09-30": "-1738.00000", "2006-06-30": "-1652.00000", "2006-03-31": "-1881.00000", "2005-12-31": "-1949.00000", "2005-09-30": "-1689.00000", "2005-06-30": "-1757.00000", "2005-03-31": "-1345.00000"}, "Other Share Holders Equity": {"2020-09-30": "", "2020-06-30": "", "2020-03-31": "", "2019-12-31": "", "2019-09-30": "0.00000", "2019-06-30": "", "2019-03-31": "-105.00000", "2018-12-31": "-134.00000", "2018-09-30": "-139.00000", "2018-06-30": "-145.00000", "2018-03-31": "-150.00000", "2017-12-31": "-189.00000", "2017-09-30": "-192.00000", "2017-06-30": "-198.00000", "2017-03-31": "-203.00000", "2016-12-31": "-239.00000", "2016-09-30": "-226.00000", "2016-06-30": "-232.00000", "2016-03-31": "-264.00000", "2015-12-31": "-272.00000", "2015-09-30": "-278.00000", "2015-06-30": "-284.00000", "2015-03-31": "-290.00000", "2014-12-31": "-325.00000", "2014-09-30": "-337.00000", "2014-06-30": "-342.00000", "2014-03-31": "-349.00000", "2013-12-31": "-357.00000", "2013-09-30": "-364.00000", "2013-06-30": "-371.00000", "2013-03-31": "-381.00000", "2012-12-31": "-391.00000", "2012-09-30": "-390.00000", "2012-06-30": "-399.00000", "2012-03-31": "-425.00000", "2011-12-31": "-434.00000", "2011-09-30": "-438.00000", "2011-06-30": "-448.00000", "2011-03-31": "-467.00000", "2010-12-31": "-476.00000", "2010-09-30": "-484.00000", "2010-06-30": "-493.00000", "2010-03-31": "-508.00000", "2009-12-31": "-519.00000", "2009-09-30": "-528.00000", "2009-06-30": "-541.00000", "2009-03-31": "", "2008-12-31": "", "2008-09-30": "", "2008-06-30": "", "2008-03-31": "", "2007-12-31": "", "2007-09-30": "", "2007-06-30": "", "2007-03-31": "", "2006-12-31": "", "2006-09-30": "", "2006-06-30": "", "2006-03-31": "", "2005-12-31": "-1.00000", "2005-09-30": "-4.00000", "2005-06-30": "-4.00000", "2005-03-31": "-4.00000"}, "Share Holder Equity": {"2020-09-30": "38118.00000", "2020-06-30": "37577.00000", "2020-03-31": "40117.00000", "2019-12-31": "41556.00000", "2019-09-30": "41912.00000", "2019-06-30": "42576.00000", "2019-03-31": "94098.00000", "2018-12-31": "95900.00000", "2018-09-30": "99744.00000", "2018-06-30": "99882.00000", "2018-03-31": "102924.00000", "2017-12-31": "101927.00000", "2017-09-30": "104534.00000", "2017-06-30": "29589.00000", "2017-03-31": "28334.00000", "2016-12-31": "27229.00000", "2016-09-30": "30349.00000", "2016-06-30": "30234.00000", "2016-03-31": "26434.00000", "2015-12-31": "26183.00000", "2015-09-30": "25166.00000", "2015-06-30": "24451.00000", "2015-03-31": "23214.00000", "2014-12-31": "23354.00000", "2014-09-30": "26711.00000", "2014-06-30": "27735.00000", "2014-03-31": "27723.00000", "2013-12-31": "27924.00000", "2013-09-30": "25018.00000", "2013-06-30": "24200.00000", "2013-03-31": "21996.00000", "2012-12-31": "21867.00000", "2012-09-30": "24961.00000", "2012-06-30": "24224.00000", "2012-03-31": "24051.00000", "2011-12-31": "23291.00000", "2011-09-30": "25141.00000", "2011-06-30": "25039.00000", "2011-03-31": "23837.00000", "2010-12-31": "22642.00000", "2010-09-30": "22604.00000", "2010-06-30": "21167.00000", "2010-03-31": "21092.00000", "2009-12-31": "21124.00000", "2009-09-30": "21245.00000", "2009-06-30": "20223.00000", "2009-03-31": "13179.00000", "2008-12-31": "13580.00000", "2008-09-30": "19128.00000", "2008-06-30": "20133.00000", "2008-03-31": "20179.00000", "2007-12-31": "19389.00000", "2007-09-30": "18068.00000", "2007-06-30": "17830.00000", "2007-03-31": "17325.00000", "2006-12-31": "17065.00000", "2006-09-30": "16792.00000", "2006-06-30": "16812.00000", "2006-03-31": "16001.00000", "2005-12-31": "15324.00000", "2005-09-30": "14663.00000", "2005-06-30": "14043.00000", "2005-03-31": "13384.00000"}, "Total Liabilities And Share Holders Equity": {"2020-09-30": "72141.00000", "2020-06-30": "66753.00000", "2020-03-31": "67987.00000", "2019-12-31": "69349.00000", "2019-09-30": "70119.00000", "2019-06-30": "70843.00000", "2019-03-31": "189785.00000", "2018-12-31": "187855.00000", "2018-09-30": "184453.00000", "2018-06-30": "187367.00000", "2018-03-31": "192441.00000", "2017-12-31": "192164.00000", "2017-09-30": "198527.00000", "2017-06-30": "82247.00000", "2017-03-31": "80828.00000", "2016-12-31": "79511.00000", "2016-09-30": "80624.00000", "2016-06-30": "81524.00000", "2016-03-31": "68440.00000", "2015-12-31": "67938.00000", "2015-09-30": "69884.00000", "2015-06-30": "69334.00000", "2015-03-31": "67789.00000", "2014-12-31": "68687.00000", "2014-09-30": "69573.00000", "2014-06-30": "68756.00000", "2014-03-31": "69233.00000", "2013-12-31": "69501.00000", "2013-09-30": "70206.00000", "2013-06-30": "70142.00000", "2013-03-31": "69304.00000", "2012-12-31": "69605.00000", "2012-09-30": "69368.00000", "2012-06-30": "68842.00000", "2012-03-31": "69598.00000", "2011-12-31": "69224.00000", "2011-09-30": "66951.00000", "2011-06-30": "68447.00000", "2011-03-31": "68442.00000", "2010-12-31": "69588.00000", "2010-09-30": "66001.00000", "2010-06-30": "64594.00000", "2010-03-31": "67546.00000", "2009-12-31": "66018.00000", "2009-09-30": "67030.00000", "2009-06-30": "66168.00000", "2009-03-31": "44159.00000", "2008-12-31": "45474.00000", "2008-09-30": "50165.00000", "2008-06-30": "52153.00000", "2008-03-31": "50657.00000", "2007-12-31": "48801.00000", "2007-09-30": "47669.00000", "2007-06-30": "46915.00000", "2007-03-31": "46030.00000", "2006-12-31": "45581.00000", "2006-09-30": "46577.00000", "2006-06-30": "46143.00000", "2006-03-31": "45564.00000", "2005-12-31": "45934.00000", "2005-09-30": "45737.00000", "2005-06-30": "44887.00000", "2005-03-31": "45972.00000"}}, "cash flow statement": {"Net Income/Loss": {"2019-12-31": "600.00000", "2018-12-31": "4000.00000", "2017-12-31": "1291.00000", "2016-12-31": "4404.00000", "2015-12-31": "7783.00000", "2014-12-31": "3839.00000", "2013-12-31": "4816.00000", "2012-12-31": "1100.00000", "2011-12-31": "2784.00000", "2010-12-31": "2321.00000", "2009-12-31": "676.00000", "2008-12-31": "654.00000", "2007-12-31": "2985.00000", "2006-12-31": "3724.00000", "2005-12-31": "4515.00000"}, "Total Depreciation And Amortization - Cash Flow": {"2019-12-31": "4623.00000", "2018-12-31": "7546.00000", "2017-12-31": "7033.00000", "2016-12-31": "2862.00000", "2015-12-31": "2521.00000", "2014-12-31": "2797.00000", "2013-12-31": "2681.00000", "2012-12-31": "2918.00000", "2011-12-31": "2883.00000", "2010-12-31": "2962.00000", "2009-12-31": "2834.00000", "2008-12-31": "2475.00000", "2007-12-31": "2190.00000", "2006-12-31": "2074.00000", "2005-12-31": "2079.00000"}, "Other Non-Cash Items": {"2019-12-31": "166.00000", "2018-12-31": "-1457.00000", "2017-12-31": "-1634.00000", "2016-12-31": "-1846.00000", "2015-12-31": "-3662.00000", "2014-12-31": "-222.00000", "2013-12-31": "-1123.00000", "2012-12-31": "264.00000", "2011-12-31": "-668.00000", "2010-12-31": "-958.00000", "2009-12-31": "-1292.00000", "2008-12-31": "312.00000", "2007-12-31": "240.00000", "2006-12-31": "-484.00000", "2005-12-31": "-1382.00000"}, "Total Non-Cash Items": {"2019-12-31": "4789.00000", "2018-12-31": "6089.00000", "2017-12-31": "5399.00000", "2016-12-31": "1016.00000", "2015-12-31": "-1141.00000", "2014-12-31": "2575.00000", "2013-12-31": "1558.00000", "2012-12-31": "3182.00000", "2011-12-31": "2215.00000", "2010-12-31": "2004.00000", "2009-12-31": "1542.00000", "2008-12-31": "2787.00000", "2007-12-31": "2430.00000", "2006-12-31": "1590.00000", "2005-12-31": "697.00000"}, "Change In Accounts Receivable": {"2019-12-31": "-2227.00000", "2018-12-31": "-1611.00000", "2017-12-31": "-9782.00000", "2016-12-31": "-8833.00000", "2015-12-31": "-84.00000", "2014-12-31": "-884.00000", "2013-12-31": "-915.00000", "2012-12-31": "-2534.00000", "2011-12-31": "-2184.00000", "2010-12-31": "-1209.00000", "2009-12-31": "-990.00000", "2008-12-31": "2853.00000", "2007-12-31": "-1002.00000", "2006-12-31": "242.00000", "2005-12-31": "-469.00000"}, "Change In Inventories": {"2019-12-31": "387.00000", "2018-12-31": "-1496.00000", "2017-12-31": "-1818.00000", "2016-12-31": "610.00000", "2015-12-31": "780.00000", "2014-12-31": "224.00000", "2013-12-31": "130.00000", "2012-12-31": "-871.00000", "2011-12-31": "-702.00000", "2010-12-31": "-750.00000", "2009-12-31": "63.00000", "2008-12-31": "812.00000", "2007-12-31": "-712.00000", "2006-12-31": "-758.00000", "2005-12-31": "-240.00000"}, "Change In Accounts Payable": {"2019-12-31": "-1049.00000", "2018-12-31": "201.00000", "2017-12-31": "2631.00000", "2016-12-31": "569.00000", "2015-12-31": "-717.00000", "2014-12-31": "-79.00000", "2013-12-31": "-408.00000", "2012-12-31": "261.00000", "2011-12-31": "376.00000", "2010-12-31": "495.00000", "2009-12-31": "304.00000", "2008-12-31": "-1062.00000", "2007-12-31": "799.00000", "2006-12-31": "-129.00000", "2005-12-31": "106.00000"}, "Change In Assets/Liabilities": {"2019-12-31": "-1091.00000", "2018-12-31": "-2452.00000", "2017-12-31": "1514.00000", "2016-12-31": "-723.00000", "2015-12-31": "986.00000", "2014-12-31": "827.00000", "2013-12-31": "2642.00000", "2012-12-31": "2937.00000", "2011-12-31": "1390.00000", "2010-12-31": "1241.00000", "2009-12-31": "480.00000", "2008-12-31": "-1333.00000", "2007-12-31": "-16.00000", "2006-12-31": "-515.00000", "2005-12-31": "-135.00000"}, "Total Change In Assets/Liabilities": {"2019-12-31": "-3980.00000", "2018-12-31": "-5358.00000", "2017-12-31": "-7455.00000", "2016-12-31": "-8377.00000", "2015-12-31": "965.00000", "2014-12-31": "88.00000", "2013-12-31": "1449.00000", "2012-12-31": "-207.00000", "2011-12-31": "-1120.00000", "2010-12-31": "-223.00000", "2009-12-31": "-143.00000", "2008-12-31": "1270.00000", "2007-12-31": "-931.00000", "2006-12-31": "-1160.00000", "2005-12-31": "-738.00000"}, "Cash Flow From Operating Activities": {"2019-12-31": "1409.00000", "2018-12-31": "4731.00000", "2017-12-31": "-765.00000", "2016-12-31": "-2957.00000", "2015-12-31": "7607.00000", "2014-12-31": "6502.00000", "2013-12-31": "7823.00000", "2012-12-31": "4075.00000", "2011-12-31": "3879.00000", "2010-12-31": "4102.00000", "2009-12-31": "2075.00000", "2008-12-31": "4711.00000", "2007-12-31": "4484.00000", "2006-12-31": "4154.00000", "2005-12-31": "4474.00000"}, "Net Change In Property, Plant, And Equipment": {"2019-12-31": "-2219.00000", "2018-12-31": "-3775.00000", "2017-12-31": "-919.00000", "2016-12-31": "-3633.00000", "2015-12-31": "-1366.00000", "2014-12-31": "-3453.00000", "2013-12-31": "-1642.00000", "2012-12-31": "-2537.00000", "2011-12-31": "-2017.00000", "2010-12-31": "-253.00000", "2009-12-31": "-1389.00000", "2008-12-31": "-2024.00000", "2007-12-31": "-1864.00000", "2006-12-31": "-1479.00000", "2005-12-31": "-1492.00000"}, "Net Change In Intangible Assets": {"2019-12-31": "", "2018-12-31": "", "2017-12-31": "", "2016-12-31": "", "2015-12-31": "", "2014-12-31": "", "2013-12-31": "", "2012-12-31": "", "2011-12-31": "", "2010-12-31": "", "2009-12-31": "", "2008-12-31": "", "2007-12-31": "", "2006-12-31": "", "2005-12-31": ""}, "Net Acquisitions/Divestitures": {"2019-12-31": "-180.00000", "2018-12-31": "-20.00000", "2017-12-31": "4055.00000", "2016-12-31": "883.00000", "2015-12-31": "1405.00000", "2014-12-31": "", "2013-12-31": "", "2012-12-31": "-2.00000", "2011-12-31": "85.00000", "2010-12-31": "-8.00000", "2009-12-31": "1378.00000", "2008-12-31": "", "2007-12-31": "-113.00000", "2006-12-31": "10.00000", "2005-12-31": "956.00000"}, "Net Change In Short-term Investments": {"2019-12-31": "", "2018-12-31": "", "2017-12-31": "", "2016-12-31": "", "2015-12-31": "", "2014-12-31": "", "2013-12-31": "", "2012-12-31": "", "2011-12-31": "", "2010-12-31": "", "2009-12-31": "", "2008-12-31": "", "2007-12-31": "", "2006-12-31": "", "2005-12-31": ""}, "Net Change In Long-Term Investments": {"2019-12-31": "65.00000", "2018-12-31": "648.00000", "2017-12-31": "1827.00000", "2016-12-31": "-842.00000", "2015-12-31": "-1392.00000", "2014-12-31": "-74.00000", "2013-12-31": "131.00000", "2012-12-31": "-148.00000", "2011-12-31": "-38.00000", "2010-12-31": "5.00000", "2009-12-31": "-13491.00000", "2008-12-31": "-650.00000", "2007-12-31": "-851.00000", "2006-12-31": "-230.00000", "2005-12-31": "-297.00000"}, "Net Change In Investments - Total": {"2019-12-31": "65.00000", "2018-12-31": "648.00000", "2017-12-31": "1827.00000", "2016-12-31": "-842.00000", "2015-12-31": "-1392.00000", "2014-12-31": "-74.00000", "2013-12-31": "131.00000", "2012-12-31": "-148.00000", "2011-12-31": "-38.00000", "2010-12-31": "5.00000", "2009-12-31": "-13491.00000", "2008-12-31": "-650.00000", "2007-12-31": "-851.00000", "2006-12-31": "-230.00000", "2005-12-31": "-297.00000"}, "Investing Activities - Other": {"2019-12-31": "21.00000", "2018-12-31": "685.00000", "2017-12-31": "9362.00000", "2016-12-31": "8684.00000", "2015-12-31": "3.00000", "2014-12-31": "422.00000", "2013-12-31": "42.00000", "2012-12-31": "", "2011-12-31": "-24.00000", "2010-12-31": "391.00000", "2009-12-31": "-1265.00000", "2008-12-31": "-63.00000", "2007-12-31": "-30.00000", "2006-12-31": "-208.00000", "2005-12-31": "-263.00000"}, "Cash Flow From Investing Activities": {"2019-12-31": "-2313.00000", "2018-12-31": "-2462.00000", "2017-12-31": "14325.00000", "2016-12-31": "5092.00000", "2015-12-31": "-1350.00000", "2014-12-31": "-3105.00000", "2013-12-31": "-1469.00000", "2012-12-31": "-2687.00000", "2011-12-31": "-1994.00000", "2010-12-31": "135.00000", "2009-12-31": "-14767.00000", "2008-12-31": "-2737.00000", "2007-12-31": "-2858.00000", "2006-12-31": "-1907.00000", "2005-12-31": "-1096.00000"}, "Net Long-Term Debt": {"2019-12-31": "-2895.00000", "2018-12-31": "6446.00000", "2017-12-31": "-164.00000", "2016-12-31": "-556.00000", "2015-12-31": "269.00000", "2014-12-31": "1701.00000", "2013-12-31": "-3313.00000", "2012-12-31": "-641.00000", "2011-12-31": "-1713.00000", "2010-12-31": "1160.00000", "2009-12-31": "6493.00000", "2008-12-31": "693.00000", "2007-12-31": "-1333.00000", "2006-12-31": "-1359.00000", "2005-12-31": "-1555.00000"}, "Net Current Debt": {"2019-12-31": "2735.00000", "2018-12-31": "223.00000", "2017-12-31": "-2248.00000", "2016-12-31": "-33.00000", "2015-12-31": "-82.00000", "2014-12-31": "74.00000", "2013-12-31": "-37.00000", "2012-12-31": "-116.00000", "2011-12-31": "-844.00000", "2010-12-31": "-700.00000", "2009-12-31": "-418.00000", "2008-12-31": "825.00000", "2007-12-31": "1220.00000", "2006-12-31": "23.00000", "2005-12-31": "74.00000"}, "Debt Issuance/Retirement Net - Total": {"2019-12-31": "-160.00000", "2018-12-31": "6669.00000", "2017-12-31": "-2412.00000", "2016-12-31": "-589.00000", "2015-12-31": "187.00000", "2014-12-31": "1775.00000", "2013-12-31": "-3350.00000", "2012-12-31": "-757.00000", "2011-12-31": "-2557.00000", "2010-12-31": "460.00000", "2009-12-31": "6075.00000", "2008-12-31": "1518.00000", "2007-12-31": "-113.00000", "2006-12-31": "-1336.00000", "2005-12-31": "-1481.00000"}, "Net Common Equity Issued/Repurchased": {"2019-12-31": "-2244.00000", "2018-12-31": "-4224.00000", "2017-12-31": "-481.00000", "2016-12-31": "-518.00000", "2015-12-31": "-658.00000", "2014-12-31": "-3245.00000", "2013-12-31": "79.00000", "2012-12-31": "295.00000", "2011-12-31": "315.00000", "2010-12-31": "276.00000", "2009-12-31": "1516.00000", "2008-12-31": "-826.00000", "2007-12-31": "-1083.00000", "2006-12-31": "-516.00000", "2005-12-31": "330.00000"}, "Net Total Equity Issued/Repurchased": {"2019-12-31": "-2244.00000", "2018-12-31": "-4224.00000", "2017-12-31": "-481.00000", "2016-12-31": "-518.00000", "2015-12-31": "-658.00000", "2014-12-31": "-3245.00000", "2013-12-31": "79.00000", "2012-12-31": "295.00000", "2011-12-31": "315.00000", "2010-12-31": "276.00000", "2009-12-31": "7996.00000", "2008-12-31": "-826.00000", "2007-12-31": "-1083.00000", "2006-12-31": "-516.00000", "2005-12-31": "330.00000"}, "Total Common And Preferred Stock Dividends Paid": {"2019-12-31": "-1611.00000", "2018-12-31": "-3491.00000", "2017-12-31": "-3394.00000", "2016-12-31": "-2462.00000", "2015-12-31": "-2253.00000", "2014-12-31": "-2020.00000", "2013-12-31": "-1479.00000", "2012-12-31": "-2050.00000", "2011-12-31": "-1258.00000", "2010-12-31": "-1014.00000", "2009-12-31": "-1030.00000", "2008-12-31": "-1563.00000", "2007-12-31": "-1512.00000", "2006-12-31": "-1404.00000", "2005-12-31": "-1287.00000"}, "Financial Activities - Other": {"2019-12-31": "-7535.00000", "2018-12-31": "-872.00000", "2017-12-31": "-267.00000", "2016-12-31": "-445.00000", "2015-12-31": "-408.00000", "2014-12-31": "-93.00000", "2013-12-31": "19.00000", "2012-12-31": "-18.00000", "2011-12-31": "138.00000", "2010-12-31": "100.00000", "2009-12-31": "-382.00000", "2008-12-31": "-107.00000", "2007-12-31": "-20.00000", "2006-12-31": "-46.00000", "2005-12-31": "-70.00000"}, "Cash Flow From Financial Activities": {"2019-12-31": "-11550.00000", "2018-12-31": "-1918.00000", "2017-12-31": "-6554.00000", "2016-12-31": "-4014.00000", "2015-12-31": "-3132.00000", "2014-12-31": "-3583.00000", "2013-12-31": "-4731.00000", "2012-12-31": "-2530.00000", "2011-12-31": "-3362.00000", "2010-12-31": "-178.00000", "2009-12-31": "12659.00000", "2008-12-31": "-978.00000", "2007-12-31": "-2728.00000", "2006-12-31": "-3302.00000", "2005-12-31": "-2508.00000"}, "Net Cash Flow": {"2019-12-31": "-12445.00000", "2018-12-31": "7.00000", "2017-12-31": "7391.00000", "2016-12-31": "-1973.00000", "2015-12-31": "2923.00000", "2014-12-31": "-286.00000", "2013-12-31": "1622.00000", "2012-12-31": "-1126.00000", "2011-12-31": "-1595.00000", "2010-12-31": "4193.00000", "2009-12-31": "46.00000", "2008-12-31": "1064.00000", "2007-12-31": "-1021.00000", "2006-12-31": "-1049.00000", "2005-12-31": "698.00000"}, "Stock-Based Compensation": {"2019-12-31": "", "2018-12-31": "", "2017-12-31": "", "2016-12-31": "", "2015-12-31": "", "2014-12-31": "", "2013-12-31": "", "2012-12-31": "", "2011-12-31": "", "2010-12-31": "", "2009-12-31": "", "2008-12-31": "", "2007-12-31": "", "2006-12-31": "", "2005-12-31": ""}, "Common Stock Dividends Paid": {"2019-12-31": "-1611.00000", "2018-12-31": "-3491.00000", "2017-12-31": "-3394.00000", "2016-12-31": "-2462.00000", "2015-12-31": "-2253.00000", "2014-12-31": "-2020.00000", "2013-12-31": "-1479.00000", "2012-12-31": "-2050.00000", "2011-12-31": "-1258.00000", "2010-12-31": "-1014.00000", "2009-12-31": "-1030.00000", "2008-12-31": "-1563.00000", "2007-12-31": "-1512.00000", "2006-12-31": "-1404.00000", "2005-12-31": "-1287.00000"}}, "cash flow statement, quarterly": {"Net Income/Loss": {"2020-09-30": -72, "2020-06-30": -2471, "2020-03-31": "-610.00000", "2019-12-31": 188, "2019-09-30": 377, "2019-06-30": -537, "2019-03-31": "572.00000", "2018-12-31": 520, "2018-09-30": 539, "2018-06-30": 1793, "2018-03-31": "1148.00000", "2017-12-31": -1517, "2017-09-30": 534, "2017-06-30": 1359, "2017-03-31": "915.00000", "2016-12-31": 84, "2016-09-30": 818, "2016-06-30": 3227, "2016-03-31": "275.00000", "2015-12-31": 3631, "2015-09-30": 1436, "2015-06-30": 1197, "2015-03-31": "1519.00000", "2014-12-31": 839, "2014-09-30": 964, "2014-06-30": 970, "2014-03-31": "1066.00000", "2013-12-31": 1028, "2013-09-30": 685, "2013-06-30": 2443, "2013-03-31": "660.00000", "2012-12-31": -751, "2012-09-30": 591, "2012-06-30": 740, "2012-03-31": "520.00000", "2011-12-31": 83, "2011-09-30": 903, "2011-06-30": 1077, "2011-03-31": "721.00000", "2010-12-31": 513, "2010-09-30": 597, "2010-06-30": 659, "2010-03-31": "552.00000", "2009-12-31": 178, "2009-09-30": 795, "2009-06-30": -332, "2009-03-31": "35.00000", "2008-12-31": -1540, "2008-09-30": 448, "2008-06-30": 781, "2008-03-31": "965.00000", "2007-12-31": 570, "2007-09-30": 403, "2007-06-30": 1039, "2007-03-31": "973.00000", "2006-12-31": 975, "2006-09-30": 512, "2006-06-30": 1023, "2006-03-31": "1214.00000", "2005-12-31": 1096, "2005-09-30": 801, "2005-06-30": 1265, "2005-03-31": "1353.00000"}, "Total Depreciation And Amortization - Cash Flow": {"2020-09-30": 963, "2020-06-30": 3272, "2020-03-31": "1305.00000", "2019-12-31": 533, "2019-09-30": 499, "2019-06-30": 1866, "2019-03-31": "1725.00000", "2018-12-31": 1602, "2018-09-30": 1579, "2018-06-30": 2178, "2018-03-31": "2187.00000", "2017-12-31": 4086, "2017-09-30": 1430, "2017-06-30": 739, "2017-03-31": "778.00000", "2016-12-31": 795, "2016-09-30": 780, "2016-06-30": 680, "2016-03-31": "607.00000", "2015-12-31": 600, "2015-09-30": 645, "2015-06-30": 642, "2015-03-31": "634.00000", "2014-12-31": 742, "2014-09-30": 706, "2014-06-30": 677, "2014-03-31": "672.00000", "2013-12-31": 689, "2013-09-30": 665, "2013-06-30": 659, "2013-03-31": "668.00000", "2012-12-31": 900, "2012-09-30": 665, "2012-06-30": 674, "2012-03-31": "679.00000", "2011-12-31": 741, "2011-09-30": 714, "2011-06-30": 697, "2011-03-31": "731.00000", "2010-12-31": 755, "2010-09-30": 716, "2010-06-30": 734, "2010-03-31": "757.00000", "2009-12-31": 811, "2009-09-30": 752, "2009-06-30": 763, "2009-03-31": "508.00000", "2008-12-31": 794, "2008-09-30": 538, "2008-06-30": 569, "2008-03-31": "574.00000", "2007-12-31": 589, "2007-09-30": 560, "2007-06-30": 533, "2007-03-31": "508.00000", "2006-12-31": 530, "2006-09-30": 538, "2006-06-30": 512, "2006-03-31": "494.00000", "2005-12-31": 572, "2005-09-30": 497, "2005-06-30": 493, "2005-03-31": "517.00000"}, "Other Non-Cash Items": {"2020-09-30": -202, "2020-06-30": -166, "2020-03-31": "42.00000", "2019-12-31": -104, "2019-09-30": -88, "2019-06-30": -217, "2019-03-31": "575.00000", "2018-12-31": -152, "2018-09-30": -1728, "2018-06-30": -67, "2018-03-31": "490.00000", "2017-12-31": -2167, "2017-09-30": 296, "2017-06-30": 187, "2017-03-31": "50.00000", "2016-12-31": 930, "2016-09-30": 388, "2016-06-30": -2637, "2016-03-31": "-527.00000", "2015-12-31": -1486, "2015-09-30": -788, "2015-06-30": -706, "2015-03-31": "-682.00000", "2014-12-31": 511, "2014-09-30": -312, "2014-06-30": -271, "2014-03-31": "-150.00000", "2013-12-31": -469, "2013-09-30": -593, "2013-06-30": -234, "2013-03-31": "173.00000", "2012-12-31": 899, "2012-09-30": -472, "2012-06-30": -229, "2012-03-31": "66.00000", "2011-12-31": 64, "2011-09-30": -767, "2011-06-30": -285, "2011-03-31": "320.00000", "2010-12-31": -610, "2010-09-30": -256, "2010-06-30": 187, "2010-03-31": "-279.00000", "2009-12-31": -465, "2009-09-30": -1143, "2009-06-30": -67, "2009-03-31": "383.00000", "2008-12-31": 520, "2008-09-30": -255, "2008-06-30": 41, "2008-03-31": "6.00000", "2007-12-31": 140, "2007-09-30": 244, "2007-06-30": 69, "2007-03-31": "-213.00000", "2006-12-31": -698, "2006-09-30": 322, "2006-06-30": -300, "2006-03-31": "192.00000", "2005-12-31": -890, "2005-09-30": -154, "2005-06-30": -567, "2005-03-31": "229.00000"}, "Total Non-Cash Items": {"2020-09-30": 761, "2020-06-30": 3106, "2020-03-31": "1347.00000", "2019-12-31": 429, "2019-09-30": 411, "2019-06-30": 1649, "2019-03-31": "2300.00000", "2018-12-31": 1450, "2018-09-30": -149, "2018-06-30": 2111, "2018-03-31": "2677.00000", "2017-12-31": 1919, "2017-09-30": 1726, "2017-06-30": 926, "2017-03-31": "828.00000", "2016-12-31": 1725, "2016-09-30": 1168, "2016-06-30": -1957, "2016-03-31": "80.00000", "2015-12-31": -886, "2015-09-30": -143, "2015-06-30": -64, "2015-03-31": "-48.00000", "2014-12-31": 1253, "2014-09-30": 394, "2014-06-30": 406, "2014-03-31": "522.00000", "2013-12-31": 220, "2013-09-30": 72, "2013-06-30": 425, "2013-03-31": "841.00000", "2012-12-31": 1799, "2012-09-30": 193, "2012-06-30": 445, "2012-03-31": "745.00000", "2011-12-31": 805, "2011-09-30": -53, "2011-06-30": 412, "2011-03-31": "1051.00000", "2010-12-31": 145, "2010-09-30": 460, "2010-06-30": 921, "2010-03-31": "478.00000", "2009-12-31": 346, "2009-09-30": -391, "2009-06-30": 696, "2009-03-31": "891.00000", "2008-12-31": 1314, "2008-09-30": 283, "2008-06-30": 610, "2008-03-31": "580.00000", "2007-12-31": 729, "2007-09-30": 804, "2007-06-30": 602, "2007-03-31": "295.00000", "2006-12-31": -168, "2006-09-30": 860, "2006-06-30": 212, "2006-03-31": "686.00000", "2005-12-31": -318, "2005-09-30": 343, "2005-06-30": -74, "2005-03-31": "746.00000"}, "Change In Accounts Receivable": {"2020-09-30": 22, "2020-06-30": 245, "2020-03-31": "-134.00000", "2019-12-31": 191, "2019-09-30": 117, "2019-06-30": -892, "2019-03-31": "-1643.00000", "2018-12-31": 2154, "2018-09-30": 689, "2018-06-30": -1311, "2018-03-31": "-3143.00000", "2017-12-31": -1578, "2017-09-30": -4971, "2017-06-30": -1906, "2017-03-31": "-1327.00000", "2016-12-31": -7398, "2016-09-30": -115, "2016-06-30": -277, "2016-03-31": "-1043.00000", "2015-12-31": 79, "2015-09-30": 536, "2015-06-30": -618, "2015-03-31": "-81.00000", "2014-12-31": 224, "2014-09-30": 243, "2014-06-30": -480, "2014-03-31": "-871.00000", "2013-12-31": -135, "2013-09-30": 532, "2013-06-30": -420, "2013-03-31": "-892.00000", "2012-12-31": -135, "2012-09-30": -256, "2012-06-30": 273, "2012-03-31": "-2416.00000", "2011-12-31": -219, "2011-09-30": 756, "2011-06-30": -781, "2011-03-31": "-1940.00000", "2010-12-31": 330, "2010-09-30": -203, "2010-06-30": 200, "2010-03-31": "-1536.00000", "2009-12-31": 287, "2009-09-30": -328, "2009-06-30": -926, "2009-03-31": "-23.00000", "2008-12-31": 2730, "2008-09-30": 1612, "2008-06-30": -800, "2008-03-31": "-689.00000", "2007-12-31": -145, "2007-09-30": 134, "2007-06-30": -329, "2007-03-31": "-662.00000", "2006-12-31": 546, "2006-09-30": -237, "2006-06-30": -354, "2006-03-31": "287.00000", "2005-12-31": -440, "2005-09-30": -166, "2005-06-30": 347, "2005-03-31": "-210.00000"}, "Change In Inventories": {"2020-09-30": 324, "2020-06-30": 122, "2020-03-31": "-134.00000", "2019-12-31": 48, "2019-09-30": 37, "2019-06-30": 496, "2019-03-31": "-194.00000", "2018-12-31": -360, "2018-09-30": -921, "2018-06-30": 955, "2018-03-31": "-1170.00000", "2017-12-31": -328, "2017-09-30": -651, "2017-06-30": 8, "2017-03-31": "-847.00000", "2016-12-31": 649, "2016-09-30": 199, "2016-06-30": 194, "2016-03-31": "-432.00000", "2015-12-31": 592, "2015-09-30": 217, "2015-06-30": 33, "2015-03-31": "-62.00000", "2014-12-31": 912, "2014-09-30": -94, "2014-06-30": 204, "2014-03-31": "-798.00000", "2013-12-31": 556, "2013-09-30": -56, "2013-06-30": 499, "2013-03-31": "-869.00000", "2012-12-31": 168, "2012-09-30": -249, "2012-06-30": 510, "2012-03-31": "-1300.00000", "2011-12-31": 827, "2011-09-30": 122, "2011-06-30": -606, "2011-03-31": "-1045.00000", "2010-12-31": 196, "2010-09-30": -348, "2010-06-30": 7, "2010-03-31": "-605.00000", "2009-12-31": 123, "2009-09-30": -417, "2009-06-30": 237, "2009-03-31": "120.00000", "2008-12-31": 1510, "2008-09-30": 149, "2008-06-30": -61, "2008-03-31": "-786.00000", "2007-12-31": -98, "2007-09-30": -266, "2007-06-30": -300, "2007-03-31": "-48.00000", "2006-12-31": 53, "2006-09-30": -280, "2006-06-30": 131, "2006-03-31": "-662.00000", "2005-12-31": 131, "2005-09-30": -2, "2005-06-30": -115, "2005-03-31": "-254.00000"}, "Change In Accounts Payable": {"2020-09-30": 9, "2020-06-30": -202, "2020-03-31": "236.00000", "2019-12-31": -244, "2019-09-30": -110, "2019-06-30": 37, "2019-03-31": "-732.00000", "2018-12-31": -149, "2018-09-30": 285, "2018-06-30": -340, "2018-03-31": "405.00000", "2017-12-31": 1004, "2017-09-30": 801, "2017-06-30": 343, "2017-03-31": "483.00000", "2016-12-31": -462, "2016-09-30": 598, "2016-06-30": 298, "2016-03-31": "135.00000", "2015-12-31": -10, "2015-09-30": -597, "2015-06-30": 216, "2015-03-31": "-326.00000", "2014-12-31": -297, "2014-09-30": -79, "2014-06-30": -94, "2014-03-31": "391.00000", "2013-12-31": -211, "2013-09-30": -69, "2013-06-30": 50, "2013-03-31": "-178.00000", "2012-12-31": 396, "2012-09-30": 113, "2012-06-30": -433, "2012-03-31": "185.00000", "2011-12-31": 359, "2011-09-30": -636, "2011-06-30": 302, "2011-03-31": "351.00000", "2010-12-31": 634, "2010-09-30": -534, "2010-06-30": 52, "2010-03-31": "343.00000", "2009-12-31": 482, "2009-09-30": 374, "2009-06-30": 62, "2009-03-31": "-614.00000", "2008-12-31": -885, "2008-09-30": -1346, "2008-06-30": 843, "2008-03-31": "326.00000", "2007-12-31": 330, "2007-09-30": 131, "2007-06-30": 611, "2007-03-31": "-273.00000", "2006-12-31": 306, "2006-09-30": 25, "2006-06-30": 229, "2006-03-31": "-689.00000", "2005-12-31": 710, "2005-09-30": 107, "2005-06-30": -372, "2005-03-31": "-339.00000"}, "Change In Assets/Liabilities": {"2020-09-30": 230, "2020-06-30": 2, "2020-03-31": "13.00000", "2019-12-31": -34, "2019-09-30": 50, "2019-06-30": -830, "2019-03-31": "-277.00000", "2018-12-31": 1486, "2018-09-30": -766, "2018-06-30": -1118, "2018-03-31": "-2054.00000", "2017-12-31": 2257, "2017-09-30": 140, "2017-06-30": -755, "2017-03-31": "-128.00000", "2016-12-31": -1274, "2016-09-30": -1316, "2016-06-30": 743, "2016-03-31": "1124.00000", "2015-12-31": -974, "2015-09-30": 1062, "2015-06-30": 642, "2015-03-31": "256.00000", "2014-12-31": -174, "2014-09-30": 347, "2014-06-30": 389, "2014-03-31": "265.00000", "2013-12-31": 775, "2013-09-30": 238, "2013-06-30": 744, "2013-03-31": "885.00000", "2012-12-31": 74, "2012-09-30": 711, "2012-06-30": -63, "2012-03-31": "2215.00000", "2011-12-31": 166, "2011-09-30": 146, "2011-06-30": 391, "2011-03-31": "687.00000", "2010-12-31": 17, "2010-09-30": 1012, "2010-06-30": -542, "2010-03-31": "754.00000", "2009-12-31": -12, "2009-09-30": 575, "2009-06-30": 403, "2009-03-31": "-486.00000", "2008-12-31": -880, "2008-09-30": -100, "2008-06-30": -404, "2008-03-31": "51.00000", "2007-12-31": -156, "2007-09-30": 86, "2007-06-30": -197, "2007-03-31": "251.00000", "2006-12-31": -462, "2006-09-30": 89, "2006-06-30": -5, "2006-03-31": "-137.00000", "2005-12-31": -239, "2005-09-30": 9, "2005-06-30": 317, "2005-03-31": "-222.00000"}, "Total Change In Assets/Liabilities": {"2020-09-30": 585, "2020-06-30": 167, "2020-03-31": "-19.00000", "2019-12-31": -39, "2019-09-30": 94, "2019-06-30": -1189, "2019-03-31": "-2846.00000", "2018-12-31": 3131, "2018-09-30": -713, "2018-06-30": -1814, "2018-03-31": "-5962.00000", "2017-12-31": 1355, "2017-09-30": -4681, "2017-06-30": -2310, "2017-03-31": "-1819.00000", "2016-12-31": -8485, "2016-09-30": -634, "2016-06-30": 958, "2016-03-31": "-216.00000", "2015-12-31": -313, "2015-09-30": 1218, "2015-06-30": 273, "2015-03-31": "-213.00000", "2014-12-31": 665, "2014-09-30": 417, "2014-06-30": 19, "2014-03-31": "-1013.00000", "2013-12-31": 985, "2013-09-30": 645, "2013-06-30": 873, "2013-03-31": "-1054.00000", "2012-12-31": 503, "2012-09-30": 319, "2012-06-30": 287, "2012-03-31": "-1316.00000", "2011-12-31": 1133, "2011-09-30": 388, "2011-06-30": -694, "2011-03-31": "-1947.00000", "2010-12-31": 1177, "2010-09-30": -73, "2010-06-30": -283, "2010-03-31": "-1044.00000", "2009-12-31": 880, "2009-09-30": 204, "2009-06-30": -224, "2009-03-31": "-1003.00000", "2008-12-31": 2475, "2008-09-30": 315, "2008-06-30": -422, "2008-03-31": "-1098.00000", "2007-12-31": -69, "2007-09-30": 85, "2007-06-30": -215, "2007-03-31": "-732.00000", "2006-12-31": 443, "2006-09-30": -403, "2006-06-30": 1, "2006-03-31": "-1201.00000", "2005-12-31": 162, "2005-09-30": -52, "2005-06-30": 177, "2005-03-31": "-1025.00000"}, "Cash Flow From Operating Activities": {"2020-09-30": 1274, "2020-06-30": 802, "2020-03-31": "718.00000", "2019-12-31": 578, "2019-09-30": 882, "2019-06-30": -77, "2019-03-31": "26.00000", "2018-12-31": 5101, "2018-09-30": -323, "2018-06-30": 2090, "2018-03-31": "-2137.00000", "2017-12-31": 1757, "2017-09-30": -2421, "2017-06-30": -25, "2017-03-31": "-76.00000", "2016-12-31": -6676, "2016-09-30": 1352, "2016-06-30": 2228, "2016-03-31": "139.00000", "2015-12-31": 2432, "2015-09-30": 2511, "2015-06-30": 1406, "2015-03-31": "1258.00000", "2014-12-31": 2757, "2014-09-30": 1775, "2014-06-30": 1395, "2014-03-31": "575.00000", "2013-12-31": 2233, "2013-09-30": 1402, "2013-06-30": 3741, "2013-03-31": "447.00000", "2012-12-31": 1551, "2012-09-30": 1103, "2012-06-30": 1472, "2012-03-31": "-51.00000", "2011-12-31": 2021, "2011-09-30": 1238, "2011-06-30": 795, "2011-03-31": "-175.00000", "2010-12-31": 1835, "2010-09-30": 984, "2010-06-30": 1297, "2010-03-31": "-14.00000", "2009-12-31": 1404, "2009-09-30": 608, "2009-06-30": 140, "2009-03-31": "-77.00000", "2008-12-31": 2249, "2008-09-30": 1046, "2008-06-30": 969, "2008-03-31": "447.00000", "2007-12-31": 1230, "2007-09-30": 1292, "2007-06-30": 1426, "2007-03-31": "536.00000", "2006-12-31": 1250, "2006-09-30": 969, "2006-06-30": 1236, "2006-03-31": "699.00000", "2005-12-31": 940, "2005-09-30": 1092, "2005-06-30": 1368, "2005-03-31": "1074.00000"}, "Net Change In Property, Plant, And Equipment": {"2020-09-30": 378, "2020-06-30": -238, "2020-03-31": "-54.00000", "2019-12-31": -362, "2019-09-30": -158, "2019-06-30": -660, "2019-03-31": "-1039.00000", "2018-12-31": -1239, "2018-09-30": -1000, "2018-06-30": -765, "2018-03-31": "-771.00000", "2017-12-31": 1480, "2017-09-30": -997, "2017-06-30": -706, "2017-03-31": "-696.00000", "2016-12-31": -880, "2016-09-30": -1113, "2016-06-30": -852, "2016-03-31": "-788.00000", "2015-12-31": -728, "2015-09-30": -208, "2015-06-30": -902, "2015-03-31": "472.00000", "2014-12-31": -1084, "2014-09-30": -879, "2014-06-30": -843, "2014-03-31": "-647.00000", "2013-12-31": -292, "2013-09-30": -559, "2013-06-30": -482, "2013-03-31": "-309.00000", "2012-12-31": -1006, "2012-09-30": -610, "2012-06-30": -580, "2012-03-31": "-341.00000", "2011-12-31": -546, "2011-09-30": -587, "2011-06-30": -560, "2011-03-31": "-324.00000", "2010-12-31": -781, "2010-09-30": -432, "2010-06-30": 1150, "2010-03-31": "-190.00000", "2009-12-31": -842, "2009-09-30": -253, "2009-06-30": -93, "2009-03-31": "-201.00000", "2008-12-31": -649, "2008-09-30": -568, "2008-06-30": -536, "2008-03-31": "-271.00000", "2007-12-31": -663, "2007-09-30": -478, "2007-06-30": -428, "2007-03-31": "-295.00000", "2006-12-31": -430, "2006-09-30": -406, "2006-06-30": -358, "2006-03-31": "-285.00000", "2005-12-31": -524, "2005-09-30": -373, "2005-06-30": -326, "2005-03-31": "-269.00000"}, "Net Change In Intangible Assets": {"2020-09-30": 0, "2020-06-30": 0, "2020-03-31": "", "2019-12-31": 0, "2019-09-30": 0, "2019-06-30": 0, "2019-03-31": "", "2018-12-31": 0, "2018-09-30": 0, "2018-06-30": 0, "2018-03-31": "", "2017-12-31": 0, "2017-09-30": 0, "2017-06-30": 0, "2017-03-31": "", "2016-12-31": 0, "2016-09-30": 0, "2016-06-30": 0, "2016-03-31": "", "2015-12-31": 0, "2015-09-30": 0, "2015-06-30": 0, "2015-03-31": "", "2014-12-31": 0, "2014-09-30": 0, "2014-06-30": 0, "2014-03-31": "", "2013-12-31": 0, "2013-09-30": 0, "2013-06-30": 0, "2013-03-31": "", "2012-12-31": 0, "2012-09-30": 0, "2012-06-30": 0, "2012-03-31": "", "2011-12-31": 0, "2011-09-30": 0, "2011-06-30": 0, "2011-03-31": "", "2010-12-31": 0, "2010-09-30": 0, "2010-06-30": 0, "2010-03-31": "", "2009-12-31": 0, "2009-09-30": 0, "2009-06-30": 0, "2009-03-31": "", "2008-12-31": 0, "2008-09-30": 0, "2008-06-30": 0, "2008-03-31": "", "2007-12-31": 0, "2007-09-30": 0, "2007-06-30": 0, "2007-03-31": "", "2006-12-31": 0, "2006-09-30": 0, "2006-06-30": 0, "2006-03-31": "", "2005-12-31": 0, "2005-09-30": 0, "2005-06-30": 0, "2005-03-31": ""}, "Net Acquisitions/Divestitures": {"2020-09-30": 0, "2020-06-30": 0, "2020-03-31": "-73.00000", "2019-12-31": -171, "2019-09-30": -9, "2019-06-30": -21, "2019-03-31": "21.00000", "2018-12-31": 0, "2018-09-30": -20, "2018-06-30": 0, "2018-03-31": "", "2017-12-31": -475, "2017-09-30": 5014, "2017-06-30": -484, "2017-03-31": "", "2016-12-31": 20, "2016-09-30": 37, "2016-06-30": 993, "2016-03-31": "-167.00000", "2015-12-31": 1467, "2015-09-30": -8, "2015-06-30": 25, "2015-03-31": "-79.00000", "2014-12-31": 0, "2014-09-30": 0, "2014-06-30": 0, "2014-03-31": "", "2013-12-31": -66, "2013-09-30": 66, "2013-06-30": 0, "2013-03-31": "", "2012-12-31": -2, "2012-09-30": 0, "2012-06-30": 0, "2012-03-31": "", "2011-12-31": 91, "2011-09-30": 0, "2011-06-30": 0, "2011-03-31": "-6.00000", "2010-12-31": -1, "2010-09-30": -2, "2010-06-30": 0, "2010-03-31": "-5.00000", "2009-12-31": 1378, "2009-09-30": 0, "2009-06-30": 5, "2009-03-31": "-5.00000", "2008-12-31": 0, "2008-09-30": 0, "2008-06-30": 0, "2008-03-31": "", "2007-12-31": 30, "2007-09-30": -173, "2007-06-30": 0, "2007-03-31": "30.00000", "2006-12-31": 10, "2006-09-30": 0, "2006-06-30": 0, "2006-03-31": "", "2005-12-31": 956, "2005-09-30": 0, "2005-06-30": 0, "2005-03-31": ""}, "Net Change In Short-term Investments": {"2020-09-30": 0, "2020-06-30": 0, "2020-03-31": "", "2019-12-31": 0, "2019-09-30": 0, "2019-06-30": 0, "2019-03-31": "", "2018-12-31": 0, "2018-09-30": 0, "2018-06-30": 0, "2018-03-31": "", "2017-12-31": 0, "2017-09-30": 0, "2017-06-30": 0, "2017-03-31": "", "2016-12-31": 0, "2016-09-30": 0, "2016-06-30": 0, "2016-03-31": "", "2015-12-31": 0, "2015-09-30": 0, "2015-06-30": 0, "2015-03-31": "", "2014-12-31": 0, "2014-09-30": 0, "2014-06-30": 0, "2014-03-31": "", "2013-12-31": 0, "2013-09-30": 0, "2013-06-30": 0, "2013-03-31": "", "2012-12-31": 0, "2012-09-30": 0, "2012-06-30": 0, "2012-03-31": "", "2011-12-31": 0, "2011-09-30": 0, "2011-06-30": 0, "2011-03-31": "", "2010-12-31": 0, "2010-09-30": 0, "2010-06-30": 0, "2010-03-31": "", "2009-12-31": 0, "2009-09-30": 0, "2009-06-30": 0, "2009-03-31": "", "2008-12-31": 0, "2008-09-30": 0, "2008-06-30": 0, "2008-03-31": "", "2007-12-31": 0, "2007-09-30": 0, "2007-06-30": 0, "2007-03-31": "", "2006-12-31": 0, "2006-09-30": 0, "2006-06-30": 0, "2006-03-31": "", "2005-12-31": 0, "2005-09-30": 0, "2005-06-30": 0, "2005-03-31": ""}, "Net Change In Long-Term Investments": {"2020-09-30": 0, "2020-06-30": 1, "2020-03-31": "-1.00000", "2019-12-31": 27, "2019-09-30": -19, "2019-06-30": 34, "2019-03-31": "23.00000", "2018-12-31": 228, "2018-09-30": -72, "2018-06-30": -126, "2018-03-31": "618.00000", "2017-12-31": 845, "2017-09-30": 818, "2017-06-30": 372, "2017-03-31": "-208.00000", "2016-12-31": -202, "2016-09-30": -206, "2016-06-30": -226, "2016-03-31": "-208.00000", "2015-12-31": -892, "2015-09-30": -222, "2015-06-30": -204, "2015-03-31": "-74.00000", "2014-12-31": -104, "2014-09-30": 14, "2014-06-30": 29, "2014-03-31": "-13.00000", "2013-12-31": 126, "2013-09-30": -74, "2013-06-30": 5, "2013-03-31": "74.00000", "2012-12-31": 65, "2012-09-30": -19, "2012-06-30": -73, "2012-03-31": "-121.00000", "2011-12-31": -76, "2011-09-30": 19, "2011-06-30": 25, "2011-03-31": "-6.00000", "2010-12-31": 136, "2010-09-30": 53, "2010-06-30": -96, "2010-03-31": "-88.00000", "2009-12-31": -88, "2009-09-30": 1380, "2009-06-30": -14813, "2009-03-31": "30.00000", "2008-12-31": -151, "2008-09-30": -145, "2008-06-30": -345, "2008-03-31": "-9.00000", "2007-12-31": -121, "2007-09-30": 10, "2007-06-30": -716, "2007-03-31": "-24.00000", "2006-12-31": -162, "2006-09-30": 41, "2006-06-30": -50, "2006-03-31": "-59.00000", "2005-12-31": -76, "2005-09-30": 39, "2005-06-30": 68, "2005-03-31": "-328.00000"}, "Net Change In Investments - Total": {"2020-09-30": 0, "2020-06-30": 1, "2020-03-31": "-1.00000", "2019-12-31": 27, "2019-09-30": -19, "2019-06-30": 34, "2019-03-31": "23.00000", "2018-12-31": 228, "2018-09-30": -72, "2018-06-30": -126, "2018-03-31": "618.00000", "2017-12-31": 845, "2017-09-30": 818, "2017-06-30": 372, "2017-03-31": "-208.00000", "2016-12-31": -202, "2016-09-30": -206, "2016-06-30": -226, "2016-03-31": "-208.00000", "2015-12-31": -892, "2015-09-30": -222, "2015-06-30": -204, "2015-03-31": "-74.00000", "2014-12-31": -104, "2014-09-30": 14, "2014-06-30": 29, "2014-03-31": "-13.00000", "2013-12-31": 126, "2013-09-30": -74, "2013-06-30": 5, "2013-03-31": "74.00000", "2012-12-31": 65, "2012-09-30": -19, "2012-06-30": -73, "2012-03-31": "-121.00000", "2011-12-31": -76, "2011-09-30": 19, "2011-06-30": 25, "2011-03-31": "-6.00000", "2010-12-31": 136, "2010-09-30": 53, "2010-06-30": -96, "2010-03-31": "-88.00000", "2009-12-31": -88, "2009-09-30": 1380, "2009-06-30": -14813, "2009-03-31": "30.00000", "2008-12-31": -151, "2008-09-30": -145, "2008-06-30": -345, "2008-03-31": "-9.00000", "2007-12-31": -121, "2007-09-30": 10, "2007-06-30": -716, "2007-03-31": "-24.00000", "2006-12-31": -162, "2006-09-30": 41, "2006-06-30": -50, "2006-03-31": "-59.00000", "2005-12-31": -76, "2005-09-30": 39, "2005-06-30": 68, "2005-03-31": "-328.00000"}, "Investing Activities - Other": {"2020-09-30": 5, "2020-06-30": 13, "2020-03-31": "4.00000", "2019-12-31": 0, "2019-09-30": 36, "2019-06-30": -10, "2019-03-31": "-5.00000", "2018-12-31": -12, "2018-09-30": 43, "2018-06-30": 211, "2018-03-31": "443.00000", "2017-12-31": 2321, "2017-09-30": 5127, "2017-06-30": 1363, "2017-03-31": "551.00000", "2016-12-31": 8652, "2016-09-30": 847, "2016-06-30": -815, "2016-03-31": "", "2015-12-31": 43, "2015-09-30": -40, "2015-06-30": -1, "2015-03-31": "1.00000", "2014-12-31": -18, "2014-09-30": 434, "2014-06-30": 0, "2014-03-31": "6.00000", "2013-12-31": 3, "2013-09-30": 39, "2013-06-30": 0, "2013-03-31": "", "2012-12-31": 0, "2012-09-30": 0, "2012-06-30": 0, "2012-03-31": "", "2011-12-31": 0, "2011-09-30": 9, "2011-06-30": -17, "2011-03-31": "-16.00000", "2010-12-31": 0, "2010-09-30": 225, "2010-06-30": -316, "2010-03-31": "482.00000", "2009-12-31": 0, "2009-09-30": -713, "2009-06-30": -552, "2009-03-31": "", "2008-12-31": 0, "2008-09-30": 0, "2008-06-30": -53, "2008-03-31": "-10.00000", "2007-12-31": -18, "2007-09-30": 0, "2007-06-30": -11, "2007-03-31": "-1.00000", "2006-12-31": -3, "2006-09-30": -105, "2006-06-30": 0, "2006-03-31": "-100.00000", "2005-12-31": -263, "2005-09-30": 0, "2005-06-30": 0, "2005-03-31": ""}, "Cash Flow From Investing Activities": {"2020-09-30": 383, "2020-06-30": -224, "2020-03-31": "-124.00000", "2019-12-31": -506, "2019-09-30": -150, "2019-06-30": -657, "2019-03-31": "-1000.00000", "2018-12-31": -1023, "2018-09-30": -1049, "2018-06-30": -680, "2018-03-31": "290.00000", "2017-12-31": 4171, "2017-09-30": 9962, "2017-06-30": 545, "2017-03-31": "-353.00000", "2016-12-31": 7590, "2016-09-30": -435, "2016-06-30": -900, "2016-03-31": "-1163.00000", "2015-12-31": -110, "2015-09-30": -478, "2015-06-30": -1082, "2015-03-31": "320.00000", "2014-12-31": -1206, "2014-09-30": -431, "2014-06-30": -814, "2014-03-31": "-654.00000", "2013-12-31": -229, "2013-09-30": -528, "2013-06-30": -477, "2013-03-31": "-235.00000", "2012-12-31": -943, "2012-09-30": -629, "2012-06-30": -653, "2012-03-31": "-462.00000", "2011-12-31": -531, "2011-09-30": -559, "2011-06-30": -552, "2011-03-31": "-352.00000", "2010-12-31": -646, "2010-09-30": -156, "2010-06-30": 738, "2010-03-31": "199.00000", "2009-12-31": 448, "2009-09-30": 414, "2009-06-30": -15453, "2009-03-31": "-176.00000", "2008-12-31": -800, "2008-09-30": -713, "2008-06-30": -934, "2008-03-31": "-290.00000", "2007-12-31": -772, "2007-09-30": -641, "2007-06-30": -1155, "2007-03-31": "-290.00000", "2006-12-31": -585, "2006-09-30": -470, "2006-06-30": -408, "2006-03-31": "-444.00000", "2005-12-31": 93, "2005-09-30": -334, "2005-06-30": -258, "2005-03-31": "-597.00000"}, "Net Long-Term Debt": {"2020-09-30": 6248, "2020-06-30": 1974, "2020-03-31": "24.00000", "2019-12-31": -1, "2019-09-30": -7, "2019-06-30": -3524, "2019-03-31": "637.00000", "2018-12-31": 5279, "2018-09-30": 1755, "2018-06-30": -756, "2018-03-31": "168.00000", "2017-12-31": 427, "2017-09-30": -486, "2017-06-30": -67, "2017-03-31": "-38.00000", "2016-12-31": -65, "2016-09-30": -62, "2016-06-30": -98, "2016-03-31": "-331.00000", "2015-12-31": 111, "2015-09-30": 55, "2015-06-30": 14, "2015-03-31": "89.00000", "2014-12-31": 16, "2014-09-30": 2042, "2014-06-30": -104, "2014-03-31": "-253.00000", "2013-12-31": -748, "2013-09-30": -175, "2013-06-30": -1348, "2013-03-31": "-1042.00000", "2012-12-31": 613, "2012-09-30": -269, "2012-06-30": 104, "2012-03-31": "-1089.00000", "2011-12-31": 2361, "2011-09-30": -282, "2011-06-30": -889, "2011-03-31": "-2903.00000", "2010-12-31": 2579, "2010-09-30": -68, "2010-06-30": -874, "2010-03-31": "-477.00000", "2009-12-31": -1836, "2009-09-30": -1250, "2009-06-30": 6872, "2009-03-31": "2707.00000", "2008-12-31": -488, "2008-09-30": 280, "2008-06-30": 953, "2008-03-31": "-52.00000", "2007-12-31": -1275, "2007-09-30": -69, "2007-06-30": 12, "2007-03-31": "-1.00000", "2006-12-31": -761, "2006-09-30": -8, "2006-06-30": -506, "2006-03-31": "-84.00000", "2005-12-31": -137, "2005-09-30": -509, "2005-06-30": -900, "2005-03-31": "-9.00000"}, "Net Current Debt": {"2020-09-30": -1165, "2020-06-30": -343, "2020-03-31": "69.00000", "2019-12-31": -141, "2019-09-30": 359, "2019-06-30": 1719, "2019-03-31": "798.00000", "2018-12-31": 223, "2018-09-30": -800, "2018-06-30": 604, "2018-03-31": "196.00000", "2017-12-31": -3201, "2017-09-30": 665, "2017-06-30": 152, "2017-03-31": "136.00000", "2016-12-31": 36, "2016-09-30": -3, "2016-06-30": -12, "2016-03-31": "-54.00000", "2015-12-31": -13, "2015-09-30": -7, "2015-06-30": -23, "2015-03-31": "-39.00000", "2014-12-31": -22, "2014-09-30": 23, "2014-06-30": 121, "2014-03-31": "-48.00000", "2013-12-31": -76, "2013-09-30": 29, "2013-06-30": -35, "2013-03-31": "45.00000", "2012-12-31": -18, "2012-09-30": -35, "2012-06-30": -5, "2012-03-31": "-58.00000", "2011-12-31": -359, "2011-09-30": 72, "2011-06-30": -612, "2011-03-31": "55.00000", "2010-12-31": 40, "2010-09-30": -442, "2010-06-30": -826, "2010-03-31": "528.00000", "2009-12-31": 474, "2009-09-30": 909, "2009-06-30": -237, "2009-03-31": "-1564.00000", "2008-12-31": -55, "2008-09-30": 142, "2008-06-30": 179, "2008-03-31": "559.00000", "2007-12-31": 1182, "2007-09-30": 13, "2007-06-30": -17, "2007-03-31": "42.00000", "2006-12-31": 14, "2006-09-30": 14, "2006-06-30": -33, "2006-03-31": "28.00000", "2005-12-31": -7, "2005-09-30": 61, "2005-06-30": 37, "2005-03-31": "-17.00000"}, "Debt Issuance/Retirement Net - Total": {"2020-09-30": 5083, "2020-06-30": 1631, "2020-03-31": "93.00000", "2019-12-31": -142, "2019-09-30": 352, "2019-06-30": -1805, "2019-03-31": "1435.00000", "2018-12-31": 5502, "2018-09-30": 955, "2018-06-30": -152, "2018-03-31": "364.00000", "2017-12-31": -2774, "2017-09-30": 179, "2017-06-30": 85, "2017-03-31": "98.00000", "2016-12-31": -29, "2016-09-30": -65, "2016-06-30": -110, "2016-03-31": "-385.00000", "2015-12-31": 98, "2015-09-30": 48, "2015-06-30": -9, "2015-03-31": "50.00000", "2014-12-31": -6, "2014-09-30": 2065, "2014-06-30": 17, "2014-03-31": "-301.00000", "2013-12-31": -824, "2013-09-30": -146, "2013-06-30": -1383, "2013-03-31": "-997.00000", "2012-12-31": 595, "2012-09-30": -304, "2012-06-30": 99, "2012-03-31": "-1147.00000", "2011-12-31": 2002, "2011-09-30": -210, "2011-06-30": -1501, "2011-03-31": "-2848.00000", "2010-12-31": 2619, "2010-09-30": -510, "2010-06-30": -1700, "2010-03-31": "51.00000", "2009-12-31": -1362, "2009-09-30": -341, "2009-06-30": 6635, "2009-03-31": "1143.00000", "2008-12-31": -543, "2008-09-30": 422, "2008-06-30": 1132, "2008-03-31": "507.00000", "2007-12-31": -93, "2007-09-30": -56, "2007-06-30": -5, "2007-03-31": "41.00000", "2006-12-31": -747, "2006-09-30": 6, "2006-06-30": -539, "2006-03-31": "-56.00000", "2005-12-31": -144, "2005-09-30": -448, "2005-06-30": -863, "2005-03-31": "-26.00000"}, "Net Common Equity Issued/Repurchased": {"2020-09-30": 0, "2020-06-30": 0, "2020-03-31": "-198.00000", "2019-12-31": -280, "2019-09-30": -350, "2019-06-30": -98, "2019-03-31": "-1516.00000", "2018-12-31": -1411, "2018-09-30": -955, "2018-06-30": -966, "2018-03-31": "-892.00000", "2017-12-31": -936, "2017-09-30": 98, "2017-06-30": 75, "2017-03-31": "282.00000", "2016-12-31": -422, "2016-09-30": -330, "2016-06-30": 142, "2016-03-31": "92.00000", "2015-12-31": -471, "2015-09-30": 19, "2015-06-30": 188, "2015-03-31": "-394.00000", "2014-12-31": -1038, "2014-09-30": -874, "2014-06-30": -610, "2014-03-31": "-723.00000", "2013-12-31": -34, "2013-09-30": 44, "2013-06-30": -11, "2013-03-31": "80.00000", "2012-12-31": 88, "2012-09-30": 17, "2012-06-30": 68, "2012-03-31": "122.00000", "2011-12-31": 52, "2011-09-30": 13, "2011-06-30": 117, "2011-03-31": "133.00000", "2010-12-31": 128, "2010-09-30": 13, "2010-06-30": 80, "2010-03-31": "55.00000", "2009-12-31": 1, "2009-09-30": 1, "2009-06-30": 1519, "2009-03-31": "-5.00000", "2008-12-31": 13, "2008-09-30": -88, "2008-06-30": -361, "2008-03-31": "-390.00000", "2007-12-31": -230, "2007-09-30": -243, "2007-06-30": -322, "2007-03-31": "-288.00000", "2006-12-31": 37, "2006-09-30": -125, "2006-06-30": -151, "2006-03-31": "-277.00000", "2005-12-31": 55, "2005-09-30": 13, "2005-06-30": 31, "2005-03-31": "231.00000"}, "Net Total Equity Issued/Repurchased": {"2020-09-30": 0, "2020-06-30": 0, "2020-03-31": "-198.00000", "2019-12-31": -280, "2019-09-30": -350, "2019-06-30": -98, "2019-03-31": "-1516.00000", "2018-12-31": -1411, "2018-09-30": -955, "2018-06-30": -966, "2018-03-31": "-892.00000", "2017-12-31": -936, "2017-09-30": 98, "2017-06-30": 75, "2017-03-31": "282.00000", "2016-12-31": -422, "2016-09-30": -330, "2016-06-30": 142, "2016-03-31": "92.00000", "2015-12-31": -471, "2015-09-30": 19, "2015-06-30": 188, "2015-03-31": "-394.00000", "2014-12-31": -1038, "2014-09-30": -874, "2014-06-30": -610, "2014-03-31": "-723.00000", "2013-12-31": -34, "2013-09-30": 44, "2013-06-30": -11, "2013-03-31": "80.00000", "2012-12-31": 88, "2012-09-30": 17, "2012-06-30": 68, "2012-03-31": "122.00000", "2011-12-31": 52, "2011-09-30": 13, "2011-06-30": 117, "2011-03-31": "133.00000", "2010-12-31": 128, "2010-09-30": 13, "2010-06-30": 80, "2010-03-31": "55.00000", "2009-12-31": 1, "2009-09-30": -519, "2009-06-30": 8519, "2009-03-31": "-5.00000", "2008-12-31": 13, "2008-09-30": -88, "2008-06-30": -361, "2008-03-31": "-390.00000", "2007-12-31": -230, "2007-09-30": -243, "2007-06-30": -322, "2007-03-31": "-288.00000", "2006-12-31": 37, "2006-09-30": -125, "2006-06-30": -151, "2006-03-31": "-277.00000", "2005-12-31": 55, "2005-09-30": 13, "2005-06-30": 31, "2005-03-31": "231.00000"}, "Total Common And Preferred Stock Dividends Paid": {"2020-09-30": -220, "2020-06-30": -220, "2020-03-31": "-222.00000", "2019-12-31": -222, "2019-09-30": -224, "2019-06-30": -314, "2019-03-31": "-851.00000", "2018-12-31": -866, "2018-09-30": -870, "2018-06-30": -875, "2018-03-31": "-880.00000", "2017-12-31": -1447, "2017-09-30": -884, "2017-06-30": -557, "2017-03-31": "-506.00000", "2016-12-31": -680, "2016-09-30": -597, "2016-06-30": -594, "2016-03-31": "-591.00000", "2015-12-31": -564, "2015-09-30": -564, "2015-06-30": -562, "2015-03-31": "-563.00000", "2014-12-31": -513, "2014-09-30": -519, "2014-06-30": -522, "2014-03-31": "-466.00000", "2013-12-31": -465, "2013-09-30": -465, "2013-06-30": -464, "2013-03-31": "-85.00000", "2012-12-31": -839, "2012-09-30": -460, "2012-06-30": -377, "2012-03-31": "-374.00000", "2011-12-31": -373, "2011-09-30": -373, "2011-06-30": -256, "2011-03-31": "-256.00000", "2010-12-31": -254, "2010-09-30": -254, "2010-06-30": -253, "2010-03-31": "-253.00000", "2009-12-31": -251, "2009-09-30": -252, "2009-06-30": -139, "2009-03-31": "-388.00000", "2008-12-31": -389, "2008-09-30": -388, "2008-06-30": -391, "2008-03-31": "-395.00000", "2007-12-31": -397, "2007-09-30": -398, "2007-06-30": -358, "2007-03-31": "-359.00000", "2006-12-31": -360, "2006-09-30": -360, "2006-06-30": -360, "2006-03-31": "-324.00000", "2005-12-31": -323, "2005-09-30": -323, "2005-06-30": -322, "2005-03-31": "-319.00000"}, "Financial Activities - Other": {"2020-09-30": -83, "2020-06-30": -17, "2020-03-31": "-17.00000", "2019-12-31": -9, "2019-09-30": -14, "2019-06-30": -7412, "2019-03-31": "-100.00000", "2018-12-31": -659, "2018-09-30": -12, "2018-06-30": -66, "2018-03-31": "-135.00000", "2017-12-31": -87, "2017-09-30": -13, "2017-06-30": -36, "2017-03-31": "-131.00000", "2016-12-31": -91, "2016-09-30": -221, "2016-06-30": -59, "2016-03-31": "-74.00000", "2015-12-31": -354, "2015-09-30": -64, "2015-06-30": 4, "2015-03-31": "6.00000", "2014-12-31": -69, "2014-09-30": -40, "2014-06-30": -22, "2014-03-31": "38.00000", "2013-12-31": 3, "2013-09-30": 17, "2013-06-30": -1, "2013-03-31": "", "2012-12-31": -17, "2012-09-30": -1, "2012-06-30": -11, "2012-03-31": "11.00000", "2011-12-31": 138, "2011-09-30": -12, "2011-06-30": 1, "2011-03-31": "11.00000", "2010-12-31": 104, "2010-09-30": -2, "2010-06-30": -3, "2010-03-31": "1.00000", "2009-12-31": 10, "2009-09-30": 0, "2009-06-30": -104, "2009-03-31": "-288.00000", "2008-12-31": -5, "2008-09-30": -80, "2008-06-30": 0, "2008-03-31": "-22.00000", "2007-12-31": 14, "2007-09-30": -22, "2007-06-30": 1, "2007-03-31": "-13.00000", "2006-12-31": 8, "2006-09-30": -25, "2006-06-30": -12, "2006-03-31": "-17.00000", "2005-12-31": -4, "2005-09-30": -30, "2005-06-30": -14, "2005-03-31": "-22.00000"}, "Cash Flow From Financial Activities": {"2020-09-30": 4780, "2020-06-30": 1394, "2020-03-31": "-344.00000", "2019-12-31": -653, "2019-09-30": -236, "2019-06-30": -9629, "2019-03-31": "-1032.00000", "2018-12-31": 2566, "2018-09-30": -882, "2018-06-30": -2059, "2018-03-31": "-1543.00000", "2017-12-31": -5244, "2017-09-30": -620, "2017-06-30": -433, "2017-03-31": "-257.00000", "2016-12-31": -1222, "2016-09-30": -1213, "2016-06-30": -621, "2016-03-31": "-958.00000", "2015-12-31": -1291, "2015-09-30": -561, "2015-06-30": -379, "2015-03-31": "-901.00000", "2014-12-31": -1626, "2014-09-30": 632, "2014-06-30": -1137, "2014-03-31": "-1452.00000", "2013-12-31": -1320, "2013-09-30": -550, "2013-06-30": -1859, "2013-03-31": "-1002.00000", "2012-12-31": -173, "2012-09-30": -748, "2012-06-30": -221, "2012-03-31": "-1388.00000", "2011-12-31": 1819, "2011-09-30": -582, "2011-06-30": -1639, "2011-03-31": "-2960.00000", "2010-12-31": 2597, "2010-09-30": -753, "2010-06-30": -1876, "2010-03-31": "-146.00000", "2009-12-31": -1602, "2009-09-30": -1112, "2009-06-30": 14911, "2009-03-31": "462.00000", "2008-12-31": -924, "2008-09-30": -134, "2008-06-30": 380, "2008-03-31": "-300.00000", "2007-12-31": -706, "2007-09-30": -719, "2007-06-30": -684, "2007-03-31": "-619.00000", "2006-12-31": -1062, "2006-09-30": -504, "2006-06-30": -1062, "2006-03-31": "-674.00000", "2005-12-31": -416, "2005-09-30": -788, "2005-06-30": -1168, "2005-03-31": "-136.00000"}, "Net Cash Flow": {"2020-09-30": 6471, "2020-06-30": 1987, "2020-03-31": "205.00000", "2019-12-31": -570, "2019-09-30": 446, "2019-06-30": -10365, "2019-03-31": "-1956.00000", "2018-12-31": 6546, "2018-09-30": -2329, "2018-06-30": -476, "2018-03-31": "-3734.00000", "2017-12-31": 867, "2017-09-30": 6915, "2017-06-30": 239, "2017-03-31": "-630.00000", "2016-12-31": -428, "2016-09-30": -277, "2016-06-30": 699, "2016-03-31": "-1967.00000", "2015-12-31": 954, "2015-09-30": 1399, "2015-06-30": -64, "2015-03-31": "634.00000", "2014-12-31": -114, "2014-09-30": 1925, "2014-06-30": -542, "2014-03-31": "-1555.00000", "2013-12-31": 668, "2013-09-30": 389, "2013-06-30": 1369, "2013-03-31": "-804.00000", "2012-12-31": 433, "2012-09-30": -243, "2012-06-30": 520, "2012-03-31": "-1836.00000", "2011-12-31": 3238, "2011-09-30": -17, "2011-06-30": -1339, "2011-03-31": "-3477.00000", "2010-12-31": 3816, "2010-09-30": 155, "2010-06-30": 145, "2010-03-31": "77.00000", "2009-12-31": 265, "2009-09-30": -67, "2009-06-30": -308, "2009-03-31": "156.00000", "2008-12-31": 539, "2008-09-30": 150, "2008-06-30": 438, "2008-03-31": "-63.00000", "2007-12-31": -209, "2007-09-30": -31, "2007-06-30": -401, "2007-03-31": "-380.00000", "2006-12-31": -377, "2006-09-30": -28, "2006-06-30": -227, "2006-03-31": "-417.00000", "2005-12-31": 627, "2005-09-30": 17, "2005-06-30": -195, "2005-03-31": "249.00000"}, "Stock-Based Compensation": {"2020-09-30": 0, "2020-06-30": 0, "2020-03-31": "", "2019-12-31": 0, "2019-09-30": 0, "2019-06-30": 0, "2019-03-31": "", "2018-12-31": 0, "2018-09-30": 0, "2018-06-30": 0, "2018-03-31": "", "2017-12-31": 0, "2017-09-30": 0, "2017-06-30": 0, "2017-03-31": "", "2016-12-31": 0, "2016-09-30": 0, "2016-06-30": 0, "2016-03-31": "", "2015-12-31": 0, "2015-09-30": 0, "2015-06-30": 0, "2015-03-31": "", "2014-12-31": 0, "2014-09-30": 0, "2014-06-30": 0, "2014-03-31": "", "2013-12-31": 0, "2013-09-30": 0, "2013-06-30": 0, "2013-03-31": "", "2012-12-31": 0, "2012-09-30": 0, "2012-06-30": 0, "2012-03-31": "", "2011-12-31": 0, "2011-09-30": 0, "2011-06-30": 0, "2011-03-31": "", "2010-12-31": 0, "2010-09-30": 0, "2010-06-30": 0, "2010-03-31": "", "2009-12-31": 0, "2009-09-30": 0, "2009-06-30": 0, "2009-03-31": "", "2008-12-31": 0, "2008-09-30": 0, "2008-06-30": 0, "2008-03-31": "", "2007-12-31": 0, "2007-09-30": 0, "2007-06-30": 0, "2007-03-31": "", "2006-12-31": 0, "2006-09-30": 0, "2006-06-30": 0, "2006-03-31": "", "2005-12-31": 0, "2005-09-30": 0, "2005-06-30": 0, "2005-03-31": ""}, "Common Stock Dividends Paid": {"2020-09-30": -220, "2020-06-30": -220, "2020-03-31": "-222.00000", "2019-12-31": -222, "2019-09-30": -224, "2019-06-30": -314, "2019-03-31": "-851.00000", "2018-12-31": -866, "2018-09-30": -870, "2018-06-30": -875, "2018-03-31": "-880.00000", "2017-12-31": -1447, "2017-09-30": -884, "2017-06-30": -557, "2017-03-31": "-506.00000", "2016-12-31": -680, "2016-09-30": -597, "2016-06-30": -594, "2016-03-31": "-591.00000", "2015-12-31": -564, "2015-09-30": -564, "2015-06-30": -562, "2015-03-31": "-563.00000", "2014-12-31": -513, "2014-09-30": -519, "2014-06-30": -522, "2014-03-31": "-466.00000", "2013-12-31": -465, "2013-09-30": -465, "2013-06-30": -464, "2013-03-31": "-85.00000", "2012-12-31": -839, "2012-09-30": -460, "2012-06-30": -377, "2012-03-31": "-374.00000", "2011-12-31": -373, "2011-09-30": -373, "2011-06-30": -256, "2011-03-31": "-256.00000", "2010-12-31": -254, "2010-09-30": -254, "2010-06-30": -253, "2010-03-31": "-253.00000", "2009-12-31": -251, "2009-09-30": -252, "2009-06-30": -139, "2009-03-31": "-388.00000", "2008-12-31": -389, "2008-09-30": -388, "2008-06-30": -391, "2008-03-31": "-395.00000", "2007-12-31": -397, "2007-09-30": -398, "2007-06-30": -358, "2007-03-31": "-359.00000", "2006-12-31": -360, "2006-09-30": -360, "2006-06-30": -360, "2006-03-31": "-324.00000", "2005-12-31": -323, "2005-09-30": -323, "2005-06-30": -322, "2005-03-31": "-319.00000"}}, "financial ratios": {"Current Ratio": {"2019-12-31": "1.19810", "2018-12-31": "1.72760", "2017-12-31": "1.90960", "2016-12-31": "1.87710", "2015-12-31": "2.15390", "2014-12-31": "2.09440", "2013-12-31": "2.08650", "2012-12-31": "2.06070", "2011-12-31": "1.71790", "2010-12-31": "1.73650", "2009-12-31": "1.49120", "2008-12-31": "1.22520", "2007-12-31": "1.49890", "2006-12-31": "1.62330", "2005-12-31": "1.63220"}, "Long-term Debt / Capital": {"2019-12-31": "0.24680", "2018-12-31": "0.11630", "2017-12-31": "0.22770", "2016-12-31": "0.42900", "2015-12-31": "0.38240", "2014-12-31": "0.44520", "2013-12-31": "0.37590", "2012-12-31": "0.47670", "2011-12-31": "0.44010", "2010-12-31": "0.47640", "2009-12-31": "0.47550", "2008-12-31": "0.37190", "2007-12-31": "0.28110", "2006-12-31": "0.32010", "2005-12-31": "0.37480"}, "Debt/Equity Ratio": {"2019-12-31": "0.41980", "2018-12-31": "0.13180", "2017-12-31": "0.33430", "2016-12-31": "0.78460", "2015-12-31": "0.65730", "2014-12-31": "0.84240", "2013-12-31": "0.64320", "2012-12-31": "0.95980", "2011-12-31": "0.92740", "2010-12-31": "1.05230", "2009-12-31": "1.05910", "2008-12-31": "0.87300", "2007-12-31": "0.50110", "2006-12-31": "0.55940", "2005-12-31": "0.69860"}, "Gross Margin": {"2019-12-31": "34.65970", "2018-12-31": "32.27410", "2017-12-31": "18.11170", "2016-12-31": "21.78250", "2015-12-31": "22.61880", "2014-12-31": "18.40050", "2013-12-31": "16.61880", "2012-12-31": "15.83840", "2011-12-31": "14.93040", "2010-12-31": "14.70730", "2009-12-31": "12.76210", "2008-12-31": "9.49770", "2007-12-31": "13.25150", "2006-12-31": "15.46700", "2005-12-31": "17.34300"}, "Operating Margin": {"2019-12-31": "0.51130", "2018-12-31": "0.92060", "2017-12-31": "-16.20970", "2016-12-31": "10.02740", "2015-12-31": "20.91520", "2014-12-31": "9.21830", "2013-12-31": "11.96570", "2012-12-31": "4.15070", "2011-12-31": "6.13320", "2010-12-31": "5.82400", "2009-12-31": "3.05520", "2008-12-31": "1.83400", "2007-12-31": "6.60230", "2006-12-31": "9.04650", "2005-12-31": "12.95480"}, "EBIT Margin": {"2019-12-31": "0.51130", "2018-12-31": "0.92060", "2017-12-31": "-16.20970", "2016-12-31": "10.02740", "2015-12-31": "20.91520", "2014-12-31": "9.21830", "2013-12-31": "11.96570", "2012-12-31": "4.15070", "2011-12-31": "6.13320", "2010-12-31": "5.82400", "2009-12-31": "3.05520", "2008-12-31": "1.83400", "2007-12-31": "6.60230", "2006-12-31": "9.04650", "2005-12-31": "12.95480"}, "EBITDA Margin": {"2019-12-31": "22.00170", "2018-12-31": "34.31890", "2017-12-31": "44.04560", "2016-12-31": "15.97040", "2015-12-31": "26.08350", "2014-12-31": "14.02690", "2013-12-31": "16.66260", "2012-12-31": "9.28930", "2011-12-31": "10.93940", "2010-12-31": "11.34260", "2009-12-31": "9.37050", "2008-12-31": "6.14880", "2007-12-31": "10.70540", "2006-12-31": "13.26850", "2005-12-31": "17.44450"}, "Pre-Tax Profit Margin": {"2019-12-31": "-2.20340", "2018-12-31": "2.65560", "2017-12-31": "-13.06550", "2016-12-31": "9.16360", "2015-12-31": "20.35750", "2014-12-31": "9.05150", "2013-12-31": "11.92010", "2012-12-31": "2.93210", "2011-12-31": "6.00320", "2010-12-31": "5.22040", "2009-12-31": "1.04510", "2008-12-31": "2.22630", "2007-12-31": "7.85390", "2006-12-31": "10.12130", "2005-12-31": "13.81870"}, "Net Profit Margin": {"2019-12-31": "2.31500", "2018-12-31": "17.01780", "2017-12-31": "9.92970", "2016-12-31": "8.26030", "2015-12-31": "15.05800", "2014-12-31": "5.90030", "2013-12-31": "7.79080", "2012-12-31": "1.48280", "2011-12-31": "4.00430", "2010-12-31": "3.67030", "2009-12-31": "0.74870", "2008-12-31": "1.00940", "2007-12-31": "5.40890", "2006-12-31": "7.58080", "2005-12-31": "9.75010"}, "Asset Turnover": {"2019-12-31": "0.31000", "2018-12-31": "0.12030", "2017-12-31": "0.06070", "2016-12-31": "0.60570", "2015-12-31": "0.71800", "2014-12-31": "0.84680", "2013-12-31": "0.82130", "2012-12-31": "0.81580", "2011-12-31": "0.86650", "2010-12-31": "0.77130", "2009-12-31": "0.67970", "2008-12-31": "1.26140", "2007-12-31": "1.09370", "2006-12-31": "1.07770", "2005-12-31": "1.00810"}, "Inventory Turnover Ratio": {"2019-12-31": "3.25450", "2018-12-31": "3.72580", "2017-12-31": "0.56250", "2016-12-31": "5.11580", "2015-12-31": "5.49340", "2014-12-31": "5.85900", "2013-12-31": "5.73210", "2012-12-31": "5.63850", "2011-12-31": "6.73470", "2010-12-31": "6.45970", "2009-12-31": "5.71750", "2008-12-31": "8.60060", "2007-12-31": "6.72510", "2006-12-31": "6.85470", "2005-12-31": "7.19610"}, "Receiveable Turnover": {"2019-12-31": "5.65810", "2018-12-31": "6.66290", "2017-12-31": "0.69090", "2016-12-31": "5.36400", "2015-12-31": "6.21690", "2014-12-31": "6.20650", "2013-12-31": "5.91690", "2012-12-31": "5.86690", "2011-12-31": "6.23160", "2010-12-31": "5.93480", "2009-12-31": "4.88040", "2008-12-31": "8.36650", "2007-12-31": "5.51170", "2006-12-31": "6.10390", "2005-12-31": "5.84240"}, "Days Sales In Receivables": {"2019-12-31": "64.50960", "2018-12-31": "54.78070", "2017-12-31": "528.26810", "2016-12-31": "68.04620", "2015-12-31": "58.71070", "2014-12-31": "58.80960", "2013-12-31": "61.68810", "2012-12-31": "62.21310", "2011-12-31": "58.57280", "2010-12-31": "61.50200", "2009-12-31": "74.78940", "2008-12-31": "43.62620", "2007-12-31": "66.22310", "2006-12-31": "59.79810", "2005-12-31": "62.47410"}, "ROE - Return On Equity": {"2019-12-31": "-1.47750", "2018-12-31": "0.42230", "2017-12-31": "0.22860", "2016-12-31": "16.17390", "2015-12-31": "35.08540", "2014-12-31": "19.83570", "2013-12-31": "20.13040", "2012-12-31": "6.15660", "2011-12-31": "14.43160", "2010-12-31": "12.45040", "2009-12-31": "3.30530", "2008-12-31": "4.60970", "2007-12-31": "15.27670", "2006-12-31": "21.82240", "2005-12-31": "29.59410"}, "Return On Tangible Equity": {"2019-12-31": "11.83500", "2018-12-31": "0.86630", "2017-12-31": "2.55310", "2016-12-31": "74.25390", "2015-12-31": "74.75030", "2014-12-31": "55.20560", "2013-12-31": "44.54310", "2012-12-31": "24.90380", "2011-12-31": "52.52830", "2010-12-31": "55.99520", "2009-12-31": "29.10030", "2008-12-31": "6.69020", "2007-12-31": "19.69940", "2006-12-31": "27.86170", "2005-12-31": "38.62530"}, "ROA - Return On Assets": {"2019-12-31": "-0.88480", "2018-12-31": "0.21560", "2017-12-31": "0.12130", "2016-12-31": "5.53890", "2015-12-31": "11.45600", "2014-12-31": "5.58910", "2013-12-31": "6.92940", "2012-12-31": "1.58030", "2011-12-31": "4.02170", "2010-12-31": "3.33530", "2009-12-31": "0.85730", "2008-12-31": "1.37660", "2007-12-31": "6.06950", "2006-12-31": "8.17010", "2005-12-31": "9.87290"}, "ROI - Return On Investment": {"2019-12-31": "-1.11290", "2018-12-31": "0.37320", "2017-12-31": "0.17650", "2016-12-31": "9.23560", "2015-12-31": "18.35700", "2014-12-31": "9.11980", "2013-12-31": "10.76350", "2012-12-31": "2.63250", "2011-12-31": "6.69210", "2010-12-31": "5.36680", "2009-12-31": "1.40530", "2008-12-31": "2.89520", "2007-12-31": "10.98260", "2006-12-31": "14.83610", "2005-12-31": "18.50270"}, "Book Value Per Share": {"2019-12-31": "56.26590", "2018-12-31": "126.79730", "2017-12-31": "131.40010", "2016-12-31": "67.45350", "2015-12-31": "70.33210", "2014-12-31": "60.52980", "2013-12-31": "69.04560", "2012-12-31": "54.52340", "2011-12-31": "58.99230", "2010-12-31": "58.20070", "2009-12-31": "55.10120", "2008-12-31": "36.86100", "2007-12-31": "61.86180", "2006-12-31": "53.44200", "2005-12-31": "47.53790"}, "Operating Cash Flow Per Share": {"2019-12-31": -4.2418, "2018-12-31": 7.5659, "2017-12-31": 6.4627, "2016-12-31": -26.2839, "2015-12-31": 1.9504, "2014-12-31": -1.7545, "2013-12-31": 7.7963, "2012-12-31": 0.3444, "2011-12-31": -0.7115, "2010-12-31": 4.8528, "2009-12-31": -9.1454, "2008-12-31": 1.12, "2007-12-31": 1.1419, "2006-12-31": -0.9515, "2005-12-31": 13.7422}, "Free Cash Flow Per Share": {"2019-12-31": -2.3241, "2018-12-31": 4.4, "2017-12-31": 14.442, "2016-12-31": -32.687, "2015-12-31": 7.3769, "2014-12-31": -6.6646, "2013-12-31": 10.4489, "2012-12-31": -0.901, "2011-12-31": -5.2728, "2010-12-31": 8.1434, "2009-12-31": -6.6326, "2008-12-31": 0.4447, "2007-12-31": -0.0959, "2006-12-31": -0.9227, "2005-12-31": 9.1594}}, "financial ratios, quarterly": {"Current Ratio": {"2020-09-30": "1.80500", "2020-06-30": "1.49640", "2020-03-31": "1.21620", "2019-12-31": "1.19810", "2019-09-30": "1.61550", "2019-06-30": "1.64520", "2019-03-31": "1.72320", "2018-12-31": "1.72760", "2018-09-30": "1.64040", "2018-06-30": "1.70390", "2018-03-31": "1.86850", "2017-12-31": "1.90960", "2017-09-30": "2.00900", "2017-06-30": "1.93130", "2017-03-31": "1.86770", "2016-12-31": "1.87710", "2016-09-30": "1.95800", "2016-06-30": "2.04250", "2016-03-31": "1.99740", "2015-12-31": "2.15390", "2015-09-30": "1.88200", "2015-06-30": "1.94000", "2015-03-31": "1.96930", "2014-12-31": "2.09440", "2014-09-30": "2.12870", "2014-06-30": "2.04420", "2014-03-31": "2.04990", "2013-12-31": "2.08650", "2013-09-30": "2.08530", "2013-06-30": "2.00800", "2013-03-31": "1.94920", "2012-12-31": "2.06070", "2012-09-30": "1.83390", "2012-06-30": "1.83690", "2012-03-31": "1.77580", "2011-12-31": "1.71790", "2011-09-30": "1.68810", "2011-06-30": "1.82630", "2011-03-31": "1.77010", "2010-12-31": "1.73650", "2010-09-30": "1.57070", "2010-06-30": "1.50450", "2010-03-31": "1.42980", "2009-12-31": "1.49120", "2009-09-30": "1.54260", "2009-06-30": "1.65210", "2009-03-31": "1.60030", "2008-12-31": "1.22520", "2008-09-30": "1.39060", "2008-06-30": "1.48270", "2008-03-31": "1.50220", "2007-12-31": "1.49890", "2007-09-30": "1.58250", "2007-06-30": "1.59590", "2007-03-31": "1.63450", "2006-12-31": "1.62330", "2006-09-30": "1.77240", "2006-06-30": "1.81190", "2006-03-31": "1.74090", "2005-12-31": "1.63220", "2005-09-30": "1.73210", "2005-06-30": "1.68020", "2005-03-31": "1.61610"}, "Long-term Debt / Capital": {"2020-09-30": "0.36390", "2020-06-30": "0.29350", "2020-03-31": "0.25340", "2019-12-31": "0.24680", "2019-09-30": "0.27140", "2019-06-30": "0.26830", "2019-03-31": "0.27090", "2018-12-31": "0.11630", "2018-09-30": "0.21480", "2018-06-30": "0.21190", "2018-03-31": "0.22180", "2017-12-31": "0.22770", "2017-09-30": "0.22190", "2017-06-30": "0.40420", "2017-03-31": "0.41940", "2016-12-31": "0.42900", "2016-09-30": "0.40220", "2016-06-30": "0.40820", "2016-03-31": "0.38040", "2015-12-31": "0.38240", "2015-09-30": "0.40960", "2015-06-30": "0.42170", "2015-03-31": "0.43490", "2014-12-31": "0.44520", "2014-09-30": "0.41570", "2014-06-30": "0.38050", "2014-03-31": "0.37920", "2013-12-31": "0.37590", "2013-09-30": "0.41140", "2013-06-30": "0.41930", "2013-03-31": "0.46020", "2012-12-31": "0.47670", "2012-09-30": "0.42190", "2012-06-30": "0.43040", "2012-03-31": "0.43110", "2011-12-31": "0.44010", "2011-09-30": "0.40400", "2011-06-30": "0.42510", "2011-03-31": "0.44460", "2010-12-31": "0.47640", "2010-09-30": "0.44370", "2010-06-30": "0.46110", "2010-03-31": "0.47170", "2009-12-31": "0.47550", "2009-09-30": "0.49270", "2009-06-30": "0.52090", "2009-03-31": "0.45260", "2008-12-31": "0.37190", "2008-09-30": "0.30150", "2008-06-30": "0.28730", "2008-03-31": "0.26810", "2007-12-31": "0.28110", "2007-09-30": "0.30740", "2007-06-30": "0.30880", "2007-03-31": "0.31520", "2006-12-31": "0.32010", "2006-09-30": "0.35390", "2006-06-30": "0.35490", "2006-03-31": "0.36460", "2005-12-31": "0.37480", "2005-09-30": "0.40470", "2005-06-30": "0.41650", "2005-03-31": "0.44830"}, "Debt/Equity Ratio": {"2020-09-30": "0.63480", "2020-06-30": "0.51010", "2020-03-31": "0.43730", "2019-12-31": "0.41980", "2019-09-30": "0.41960", "2019-06-30": "0.40470", "2019-03-31": "0.44600", "2018-12-31": "0.13180", "2018-09-30": "0.35260", "2018-06-30": "0.34290", "2018-03-31": "0.33480", "2017-12-31": "0.33430", "2017-09-30": "0.35300", "2017-06-30": "0.72690", "2017-03-31": "0.75770", "2016-12-31": "0.78460", "2016-09-30": "0.70160", "2016-06-30": "0.70600", "2016-03-31": "0.64220", "2015-12-31": "0.65730", "2015-09-30": "0.78430", "2015-06-30": "0.80770", "2015-03-31": "0.85250", "2014-12-31": "0.84240", "2014-09-30": "0.74060", "2014-06-30": "0.64290", "2014-03-31": "0.64250", "2013-12-31": "0.64320", "2013-09-30": "0.74420", "2013-06-30": "0.77790", "2013-03-31": "0.91320", "2012-12-31": "0.95980", "2012-09-30": "0.81740", "2012-06-30": "0.85270", "2012-03-31": "0.85560", "2011-12-31": "0.92740", "2011-09-30": "0.77970", "2011-06-30": "0.80230", "2011-03-31": "0.89750", "2010-12-31": "1.05230", "2010-09-30": "0.93480", "2010-06-30": "1.01300", "2010-03-31": "1.10000", "2009-12-31": "1.05910", "2009-09-30": "1.11490", "2009-06-30": "1.17530", "2009-03-31": "0.98370", "2008-12-31": "0.87300", "2008-09-30": "0.64860", "2008-06-30": "0.56580", "2008-03-31": "0.51210", "2007-12-31": "0.50110", "2007-09-30": "0.53670", "2007-06-30": "0.54090", "2007-03-31": "0.55690", "2006-12-31": "0.55940", "2006-09-30": "0.60790", "2006-06-30": "0.60770", "2006-03-31": "0.66510", "2005-12-31": "0.69860", "2005-09-30": "0.74280", "2005-06-30": "0.81120", "2005-03-31": "0.93040"}, "Gross Margin": {"2020-09-30": "33.43800", "2020-06-30": "31.83510", "2020-03-31": "36.44900", "2019-12-31": "34.51190", "2019-09-30": "34.92440", "2019-06-30": "36.06440", "2019-03-31": "33.11780", "2018-12-31": "15.18750", "2018-09-30": "33.66180", "2018-06-30": "30.25440", "2018-03-31": "24.15160", "2017-12-31": "23.29730", "2017-09-30": "20.63310", "2017-06-30": "22.21340", "2017-03-31": "22.94790", "2016-12-31": "18.57140", "2016-09-30": "21.17280", "2016-06-30": "22.39790", "2016-03-31": "25.71240", "2015-12-31": "23.96620", "2015-09-30": "22.32470", "2015-06-30": "21.40980", "2015-03-31": "22.91840", "2014-12-31": "19.27840", "2014-09-30": "18.25060", "2014-06-30": "17.24880", "2014-03-31": "18.86450", "2013-12-31": "16.11290", "2013-09-30": "14.69350", "2013-06-30": "16.97190", "2013-03-31": "18.60530", "2012-12-31": "14.21280", "2012-09-30": "16.63860", "2012-06-30": "15.93740", "2012-03-31": "16.53650", "2011-12-31": "11.80390", "2011-09-30": "14.43510", "2011-06-30": "15.54910", "2011-03-31": "17.75610", "2010-12-31": "14.18200", "2010-09-30": "15.75230", "2010-06-30": "14.96550", "2010-03-31": "13.98230", "2009-12-31": "12.88300", "2009-09-30": "13.78050", "2009-06-30": "13.76080", "2009-03-31": "9.98780", "2008-12-31": "3.53150", "2008-09-30": "9.25120", "2008-06-30": "10.56950", "2008-03-31": "12.92500", "2007-12-31": "11.73970", "2007-09-30": "12.69410", "2007-06-30": "14.07460", "2007-03-31": "14.69600", "2006-12-31": "14.19580", "2006-09-30": "14.23250", "2006-06-30": "15.06920", "2006-03-31": "18.44430", "2005-12-31": "15.84290", "2005-09-30": "14.66120", "2005-06-30": "18.77730", "2005-03-31": "20.05310"}, "Operating Margin": {"2020-09-30": "3.66950", "2020-06-30": "-50.06210", "2020-03-31": "-8.08270", "2019-12-31": "7.91700", "2019-09-30": "10.76300", "2019-06-30": "-15.21580", "2019-03-31": "-0.99740", "2018-12-31": "15.55090", "2018-09-30": "2.16440", "2018-06-30": "1.29760", "2018-03-31": "7.60110", "2017-12-31": "20.44170", "2017-09-30": "8.18030", "2017-06-30": "14.35590", "2017-03-31": "8.69990", "2016-12-31": "-2.37330", "2016-09-30": "10.94290", "2016-06-30": "28.99100", "2016-03-31": "2.86840", "2015-12-31": "37.82060", "2015-09-30": "17.80490", "2015-06-30": "11.33230", "2015-03-31": "18.27810", "2014-12-31": "8.57200", "2014-09-30": "9.27460", "2014-06-30": "8.84900", "2014-03-31": "10.18600", "2013-12-31": "9.60660", "2013-09-30": "6.16720", "2013-06-30": "22.49430", "2013-03-31": "9.19140", "2012-12-31": "-4.30410", "2012-09-30": "7.02500", "2012-06-30": "7.84120", "2012-03-31": "5.84280", "2011-12-31": "2.92260", "2011-09-30": "6.68480", "2011-06-30": "8.37590", "2011-03-31": "6.19700", "2010-12-31": "4.99600", "2010-09-30": "6.33350", "2010-06-30": "6.63090", "2010-03-31": "5.36630", "2009-12-31": "2.59100", "2009-09-30": "10.46820", "2009-06-30": "-2.55260", "2009-03-31": "0.84060", "2008-12-31": "-13.32160", "2008-09-30": "3.19430", "2008-06-30": "5.44990", "2008-03-31": "7.49460", "2007-12-31": "1.92350", "2007-09-30": "6.68920", "2007-06-30": "8.88810", "2007-03-31": "9.37100", "2006-12-31": "9.62730", "2006-09-30": "3.72200", "2006-06-30": "9.88890", "2006-03-31": "13.05320", "2005-12-31": "13.93810", "2005-09-30": "9.18210", "2005-06-30": "13.44980", "2005-03-31": "15.10400"}, "EBIT Margin": {"2020-09-30": "3.66950", "2020-06-30": "-50.06210", "2020-03-31": "-8.08270", "2019-12-31": "7.91700", "2019-09-30": "10.76300", "2019-06-30": "-15.21580", "2019-03-31": "-0.99740", "2018-12-31": "15.55090", "2018-09-30": "2.16440", "2018-06-30": "1.29760", "2018-03-31": "7.60110", "2017-12-31": "20.44170", "2017-09-30": "8.18030", "2017-06-30": "14.35590", "2017-03-31": "8.69990", "2016-12-31": "-2.37330", "2016-09-30": "10.94290", "2016-06-30": "28.99100", "2016-03-31": "2.86840", "2015-12-31": "37.82060", "2015-09-30": "17.80490", "2015-06-30": "11.33230", "2015-03-31": "18.27810", "2014-12-31": "8.57200", "2014-09-30": "9.27460", "2014-06-30": "8.84900", "2014-03-31": "10.18600", "2013-12-31": "9.60660", "2013-09-30": "6.16720", "2013-06-30": "22.49430", "2013-03-31": "9.19140", "2012-12-31": "-4.30410", "2012-09-30": "7.02500", "2012-06-30": "7.84120", "2012-03-31": "5.84280", "2011-12-31": "2.92260", "2011-09-30": "6.68480", "2011-06-30": "8.37590", "2011-03-31": "6.19700", "2010-12-31": "4.99600", "2010-09-30": "6.33350", "2010-06-30": "6.63090", "2010-03-31": "5.36630", "2009-12-31": "2.59100", "2009-09-30": "10.46820", "2009-06-30": "-2.55260", "2009-03-31": "0.84060", "2008-12-31": "-13.32160", "2008-09-30": "3.19430", "2008-06-30": "5.44990", "2008-03-31": "7.49460", "2007-12-31": "1.92350", "2007-09-30": "6.68920", "2007-06-30": "8.88810", "2007-03-31": "9.37100", "2006-12-31": "9.62730", "2006-09-30": "3.72200", "2006-06-30": "9.88890", "2006-03-31": "13.05320", "2005-12-31": "13.93810", "2005-09-30": "9.18210", "2005-06-30": "13.44980", "2005-03-31": "15.10400"}, "EBITDA Margin": {"2020-09-30": "", "2020-06-30": "", "2020-03-31": "", "2019-12-31": "", "2019-09-30": "", "2019-06-30": "", "2019-03-31": "", "2018-12-31": "", "2018-09-30": "", "2018-06-30": "", "2018-03-31": "", "2017-12-31": "", "2017-09-30": "", "2017-06-30": "", "2017-03-31": "", "2016-12-31": "", "2016-09-30": "", "2016-06-30": "", "2016-03-31": "", "2015-12-31": "", "2015-09-30": "", "2015-06-30": "", "2015-03-31": "", "2014-12-31": "", "2014-09-30": "", "2014-06-30": "", "2014-03-31": "", "2013-12-31": "", "2013-09-30": "", "2013-06-30": "", "2013-03-31": "", "2012-12-31": "", "2012-09-30": "", "2012-06-30": "", "2012-03-31": "", "2011-12-31": "", "2011-09-30": "", "2011-06-30": "", "2011-03-31": "", "2010-12-31": "", "2010-09-30": "", "2010-06-30": "", "2010-03-31": "", "2009-12-31": "", "2009-09-30": "", "2009-06-30": "", "2009-03-31": "", "2008-12-31": "", "2008-09-30": "", "2008-06-30": "", "2008-03-31": "", "2007-12-31": "", "2007-09-30": "", "2007-06-30": "", "2007-03-31": "", "2006-12-31": "", "2006-09-30": "", "2006-06-30": "", "2006-03-31": "", "2005-12-31": "", "2005-09-30": "", "2005-06-30": "", "2005-03-31": ""}, "Pre-Tax Profit Margin": {"2020-09-30": "0.39250", "2020-06-30": "-51.92630", "2020-03-31": "-10.84080", "2019-12-31": "3.63180", "2019-09-30": "8.29340", "2019-06-30": "-17.33720", "2019-03-31": "-3.04770", "2018-12-31": "11.85920", "2018-09-30": "2.95620", "2018-06-30": "2.21960", "2018-03-31": "7.16880", "2017-12-31": "18.18770", "2017-09-30": "7.32710", "2017-06-30": "13.11260", "2017-03-31": "8.52610", "2016-12-31": "-1.52070", "2016-09-30": "8.72390", "2016-06-30": "28.08740", "2016-03-31": "1.54160", "2015-12-31": "36.18920", "2015-09-30": "17.14030", "2015-06-30": "11.72730", "2015-03-31": "17.82540", "2014-12-31": "7.77250", "2014-09-30": "9.31620", "2014-06-30": "8.80870", "2014-03-31": "10.31050", "2013-12-31": "9.63440", "2013-09-30": "6.66960", "2013-06-30": "22.21310", "2013-03-31": "8.78820", "2012-12-31": "-6.10760", "2012-09-30": "6.04970", "2012-06-30": "6.78010", "2012-03-31": "4.79650", "2011-12-31": "2.51120", "2011-09-30": "7.20760", "2011-06-30": "8.20770", "2011-03-31": "5.70830", "2010-12-31": "4.69100", "2010-09-30": "5.52530", "2010-06-30": "5.80110", "2010-03-31": "4.88190", "2009-12-31": "1.20330", "2009-09-30": "8.32640", "2009-06-30": "-6.03250", "2009-03-31": "-0.01110", "2008-12-31": "-15.00420", "2008-09-30": "4.03360", "2008-06-30": "6.21440", "2008-03-31": "8.52670", "2007-12-31": "3.07330", "2007-09-30": "7.98440", "2007-06-30": "10.10930", "2007-03-31": "10.72230", "2006-12-31": "10.81240", "2006-09-30": "5.42120", "2006-06-30": "10.84020", "2006-03-31": "13.50250", "2005-12-31": "14.82760", "2005-09-30": "10.19450", "2005-06-30": "14.00000", "2005-03-31": "16.10580"}, "Net Profit Margin": {"2020-09-30": "-1.55020", "2020-06-30": "-51.32560", "2020-03-31": "-11.79850", "2019-12-31": "3.38200", "2019-09-30": "6.85590", "2019-06-30": "-10.44260", "2019-03-31": "9.62320", "2018-12-31": "-4.50460", "2018-09-30": "8.81580", "2018-06-30": "30.20320", "2018-03-31": "5.13250", "2017-12-31": "5.08680", "2017-09-30": "3.34770", "2017-06-30": "9.54890", "2017-03-31": "6.71200", "2016-12-31": "-0.25350", "2016-09-30": "5.75980", "2016-06-30": "26.12950", "2016-03-31": "1.57900", "2015-12-31": "30.77120", "2015-09-30": "10.71790", "2015-06-30": "8.79160", "2015-03-31": "11.26110", "2014-12-31": "5.10290", "2014-09-30": "5.91460", "2014-06-30": "5.91270", "2014-03-31": "6.66620", "2013-12-31": "6.69400", "2013-09-30": "4.32500", "2013-06-30": "16.05270", "2013-03-31": "3.82400", "2012-12-31": "-5.14480", "2012-09-30": "3.64450", "2012-06-30": "4.47190", "2012-03-31": "2.79910", "2011-12-31": "-0.14190", "2011-09-30": "5.39410", "2011-06-30": "6.11990", "2011-03-31": "4.24220", "2010-12-31": "3.09350", "2010-09-30": "3.97890", "2010-06-30": "4.15630", "2010-03-31": "3.47320", "2009-12-31": "0.69790", "2009-09-30": "5.90240", "2009-06-30": "-4.29250", "2009-03-31": "0.26550", "2008-12-31": "-14.34780", "2008-09-30": "2.78450", "2008-06-30": "4.66080", "2008-03-31": "6.34780", "2007-12-31": "3.35010", "2007-09-30": "2.96560", "2007-06-30": "7.83260", "2007-03-31": "7.82660", "2006-12-31": "7.96830", "2006-09-30": "4.14270", "2006-06-30": "8.17810", "2006-03-31": "10.09980", "2005-12-31": "9.19690", "2005-09-30": "7.11300", "2005-06-30": "11.04800", "2005-03-31": "11.58490"}, "Asset Turnover": {"2020-09-30": "0.07060", "2020-06-30": "0.07230", "2020-03-31": "0.07680", "2019-12-31": "0.07500", "2019-09-30": "0.07740", "2019-06-30": "0.07720", "2019-03-31": "0.02850", "2018-12-31": "-0.05570", "2018-09-30": "0.03080", "2018-06-30": "0.03130", "2018-03-31": "0.11180", "2017-12-31": "-0.16000", "2017-09-30": "0.07730", "2017-06-30": "0.16820", "2017-03-31": "0.16370", "2016-12-31": "0.16380", "2016-09-30": "0.15480", "2016-06-30": "0.14660", "2016-03-31": "0.15640", "2015-12-31": "0.16870", "2015-09-30": "0.17220", "2015-06-30": "0.18620", "2015-03-31": "0.18250", "2014-12-31": "0.20940", "2014-09-30": "0.20700", "2014-06-30": "0.21700", "2014-03-31": "0.20890", "2013-12-31": "0.20700", "2013-09-30": "0.19560", "2013-06-30": "0.20780", "2013-03-31": "0.20750", "2012-12-31": "0.19990", "2012-09-30": "0.19660", "2012-06-30": "0.21080", "2012-03-31": "0.21150", "2011-12-31": "0.20360", "2011-09-30": "0.22570", "2011-06-30": "0.23440", "2011-03-31": "0.21530", "2010-12-31": "0.19790", "2010-09-30": "0.19500", "2010-06-30": "0.21080", "2010-03-31": "0.19860", "2009-12-31": "0.18880", "2009-09-30": "0.17970", "2009-06-30": "0.17110", "2009-03-31": "0.20470", "2008-12-31": "0.23790", "2008-09-30": "0.30640", "2008-06-30": "0.31350", "2008-03-31": "0.29260", "2007-12-31": "0.28870", "2007-09-30": "0.28510", "2007-06-30": "0.28270", "2007-03-31": "0.27010", "2006-12-31": "0.26840", "2006-09-30": "0.26530", "2006-06-30": "0.27110", "2006-03-31": "0.26380", "2005-12-31": "0.25940", "2005-09-30": "0.24620", "2005-06-30": "0.25510", "2005-03-31": "0.25400"}, "Inventory Turnover Ratio": {"2020-09-30": "0.86930", "2020-06-30": "0.76410", "2020-03-31": "0.75240", "2019-12-31": "0.78910", "2019-09-30": "0.82000", "2019-06-30": "0.79640", "2019-03-31": "0.21810", "2018-12-31": "-2.15920", "2018-09-30": "0.22930", "2018-06-30": "0.26140", "2018-03-31": "0.93460", "2017-12-31": "-1.38790", "2017-09-30": "0.70620", "2017-06-30": "1.31830", "2017-03-31": "1.24170", "2016-12-31": "1.43990", "2016-09-30": "1.22800", "2016-06-30": "1.12940", "2016-03-31": "1.08950", "2015-12-31": "1.26840", "2015-09-30": "1.19520", "2015-06-30": "1.25870", "2015-03-31": "1.17910", "2014-12-31": "1.43330", "2014-09-30": "1.30570", "2014-06-30": "1.38290", "2014-03-31": "1.28910", "2013-12-31": "1.45350", "2013-09-30": "1.31760", "2013-06-30": "1.36970", "2013-03-31": "1.25410", "2012-12-31": "1.40860", "2012-09-30": "1.31730", "2012-06-30": "1.45580", "2012-03-31": "1.38310", "2011-12-31": "1.64090", "2011-09-30": "1.53610", "2011-06-30": "1.55060", "2011-03-31": "1.49000", "2010-12-31": "1.66760", "2010-09-30": "1.48850", "2010-06-30": "1.67030", "2010-03-31": "1.64400", "2009-12-31": "1.58610", "2009-09-30": "1.49010", "2009-06-30": "1.46080", "2009-03-31": "1.37560", "2008-12-31": "1.72880", "2008-09-30": "1.84950", "2008-06-30": "1.90130", "2008-03-31": "1.67900", "2007-12-31": "1.80610", "2007-09-30": "1.75190", "2007-06-30": "1.75430", "2007-03-31": "1.73680", "2006-12-31": "1.73310", "2006-09-30": "1.73260", "2006-06-30": "1.81640", "2006-03-31": "1.63880", "2005-12-31": "1.88550", "2005-09-30": "1.76330", "2005-06-30": "1.78740", "2005-03-31": "1.79210"}, "Receiveable Turnover": {"2020-09-30": "1.40660", "2020-06-30": "1.33550", "2020-03-31": "1.34940", "2019-12-31": "1.36880", "2019-09-30": "1.36950", "2019-06-30": "1.29760", "2019-03-31": "0.28880", "2018-12-31": "-3.08350", "2018-09-30": "0.29070", "2018-06-30": "0.28850", "2018-03-31": "1.08700", "2017-12-31": "-1.82000", "2017-09-30": "0.84100", "2017-06-30": "1.27340", "2017-03-31": "1.36250", "2016-12-31": "1.45020", "2016-09-30": "1.37060", "2016-06-30": "1.28890", "2016-03-31": "1.22170", "2015-12-31": "1.46090", "2015-09-30": "1.47370", "2015-06-30": "1.42980", "2015-03-31": "1.41550", "2014-12-31": "1.53480", "2014-09-30": "1.47050", "2014-06-30": "1.44000", "2014-03-31": "1.38370", "2013-12-31": "1.49120", "2013-09-30": "1.40490", "2013-06-30": "1.39120", "2013-03-31": "1.38230", "2012-12-31": "1.43790", "2012-09-30": "1.36840", "2012-06-30": "1.46790", "2012-03-31": "1.40100", "2011-12-31": "1.46450", "2011-09-30": "1.49360", "2011-06-30": "1.49250", "2011-03-31": "1.42310", "2010-12-31": "1.52270", "2010-09-30": "1.34410", "2010-06-30": "1.48340", "2010-03-31": "1.28330", "2009-12-31": "1.35570", "2009-09-30": "1.37090", "2009-06-30": "1.31610", "2009-03-31": "1.38390", "2008-12-31": "1.57770", "2008-09-30": "1.60100", "2008-06-30": "1.43970", "2008-03-31": "1.40650", "2007-12-31": "1.45490", "2007-09-30": "1.44150", "2007-06-30": "1.42570", "2007-03-31": "1.41680", "2006-12-31": "1.52040", "2006-09-30": "1.48470", "2006-06-30": "1.55510", "2006-03-31": "1.59120", "2005-12-31": "1.50350", "2005-09-30": "1.44430", "2005-06-30": "1.57190", "2005-03-31": "1.49960"}, "Days Sales In Receivables": {"2020-09-30": "63.98550", "2020-06-30": "67.38820", "2020-03-31": "66.69410", "2019-12-31": "65.75330", "2019-09-30": "65.71690", "2019-06-30": "69.35990", "2019-03-31": "311.62540", "2018-12-31": "-29.18800", "2018-09-30": "309.57590", "2018-06-30": "311.98050", "2018-03-31": "82.79500", "2017-12-31": "-49.44940", "2017-09-30": "107.01060", "2017-06-30": "70.67800", "2017-03-31": "66.05440", "2016-12-31": "62.05990", "2016-09-30": "65.66690", "2016-06-30": "69.82680", "2016-03-31": "73.67000", "2015-12-31": "61.60710", "2015-09-30": "61.06930", "2015-06-30": "62.94420", "2015-03-31": "63.58210", "2014-12-31": "58.64020", "2014-09-30": "61.20380", "2014-06-30": "62.49980", "2014-03-31": "65.04320", "2013-12-31": "60.35240", "2013-09-30": "64.06290", "2013-06-30": "64.69230", "2013-03-31": "65.10810", "2012-12-31": "62.59320", "2012-09-30": "65.77250", "2012-06-30": "61.31260", "2012-03-31": "64.23940", "2011-12-31": "61.45560", "2011-09-30": "60.25810", "2011-06-30": "60.30100", "2011-03-31": "63.24370", "2010-12-31": "59.10680", "2010-09-30": "66.96150", "2010-06-30": "60.66970", "2010-03-31": "70.13120", "2009-12-31": "66.38460", "2009-09-30": "65.65080", "2009-06-30": "68.38630", "2009-03-31": "65.03370", "2008-12-31": "57.04350", "2008-09-30": "56.21560", "2008-06-30": "62.51390", "2008-03-31": "63.99080", "2007-12-31": "61.86100", "2007-09-30": "62.43510", "2007-06-30": "63.12550", "2007-03-31": "63.52560", "2006-12-31": "59.19580", "2006-09-30": "60.61660", "2006-06-30": "57.87510", "2006-03-31": "56.56070", "2005-12-31": "59.85900", "2005-09-30": "62.31510", "2005-06-30": "57.25420", "2005-03-31": "60.01540"}, "ROE - Return On Equity": {"2020-09-30": "-0.18890", "2020-06-30": "-6.57580", "2020-03-31": "-1.52060", "2019-12-31": "0.45960", "2019-09-30": "0.88760", "2019-06-30": "-2.59070", "2019-03-31": "-0.07860", "2018-12-31": "-0.94890", "2018-09-30": "0.13130", "2018-06-30": "0.03100", "2018-03-31": "1.12020", "2017-12-31": "-2.54590", "2017-09-30": "0.53000", "2017-06-30": "4.59290", "2017-03-31": "3.22930", "2016-12-31": "0.30850", "2016-09-30": "3.10450", "2016-06-30": "12.30080", "2016-03-31": "1.22580", "2015-12-31": "16.36840", "2015-09-30": "6.78450", "2015-06-30": "5.85300", "2015-03-31": "7.90570", "2014-12-31": "4.33500", "2014-09-30": "4.24460", "2014-06-30": "4.08680", "2014-03-31": "4.49350", "2013-12-31": "4.29690", "2013-09-30": "3.25910", "2013-06-30": "12.09410", "2013-03-31": "3.66750", "2012-12-31": "-4.20330", "2012-09-30": "2.81950", "2012-06-30": "3.65900", "2012-03-31": "2.59340", "2011-12-31": "0.43030", "2011-09-30": "4.27130", "2011-06-30": "5.11910", "2011-03-31": "3.63460", "2010-12-31": "2.75190", "2010-09-30": "3.20900", "2010-06-30": "3.83880", "2010-03-31": "3.22960", "2009-12-31": "1.03950", "2009-09-30": "4.63320", "2009-06-30": "-2.68140", "2009-03-31": "0.18210", "2008-12-31": "-11.45070", "2008-09-30": "2.30030", "2008-06-30": "3.85440", "2008-03-31": "4.78220", "2007-12-31": "2.82120", "2007-09-30": "2.23050", "2007-06-30": "5.82730", "2007-03-31": "5.61620", "2006-12-31": "5.71340", "2006-09-30": "3.04910", "2006-06-30": "6.08490", "2006-03-31": "7.58700", "2005-12-31": "7.28270", "2005-09-30": "5.46270", "2005-06-30": "9.00800", "2005-03-31": "10.10910"}, "Return On Tangible Equity": {"2020-09-30": "2.32260", "2020-06-30": "51.58660", "2020-03-31": "12.11760", "2019-12-31": "-3.68160", "2019-09-30": "-7.76290", "2019-06-30": "22.49180", "2019-03-31": "-1.58020", "2018-12-31": "-1.94660", "2018-09-30": "1.47620", "2018-06-30": "0.37010", "2018-03-31": "12.18170", "2017-12-31": "-28.43520", "2017-09-30": "5.31870", "2017-06-30": "16.29890", "2017-03-31": "12.93840", "2016-12-31": "1.41630", "2016-09-30": "9.58740", "2016-06-30": "38.74410", "2016-03-31": "2.58730", "2015-12-31": "34.87320", "2015-09-30": "15.67340", "2015-06-30": "14.73780", "2015-03-31": "20.49100", "2014-12-31": "12.06500", "2014-09-30": "9.59490", "2014-06-30": "8.98400", "2014-03-31": "9.96080", "2013-12-31": "9.50800", "2013-09-30": "8.70620", "2013-06-30": "34.77580", "2013-03-31": "13.97120", "2012-12-31": "-17.00250", "2012-09-30": "8.23230", "2012-06-30": "11.50860", "2012-03-31": "8.53160", "2011-12-31": "1.56600", "2011-09-30": "13.02090", "2011-06-30": "16.39020", "2011-03-31": "13.51200", "2010-12-31": "12.37640", "2010-09-30": "15.00380", "2010-06-30": "24.44360", "2010-03-31": "25.33270", "2009-12-31": "9.15170", "2009-09-30": "29.99250", "2009-06-30": "-25.90830", "2009-03-31": "0.26740", "2008-12-31": "-16.61860", "2008-09-30": "2.99670", "2008-06-30": "4.93580", "2008-03-31": "6.11300", "2007-12-31": "3.63790", "2007-09-30": "2.92090", "2007-06-30": "7.62120", "2007-03-31": "7.14500", "2006-12-31": "7.29460", "2006-09-30": "3.90210", "2006-06-30": "7.73130", "2006-03-31": "9.78090", "2005-12-31": "9.50520", "2005-09-30": "7.25020", "2005-06-30": "12.15180", "2005-03-31": "13.90970"}, "ROA - Return On Assets": {"2020-09-30": "-0.09980", "2020-06-30": "-3.70170", "2020-03-31": "-0.89720", "2019-12-31": "0.27540", "2019-09-30": "0.53050", "2019-06-30": "-1.55700", "2019-03-31": "-0.03900", "2018-12-31": "-0.48440", "2018-09-30": "0.07100", "2018-06-30": "0.01650", "2018-03-31": "0.59910", "2017-12-31": "-1.35040", "2017-09-30": "0.27910", "2017-06-30": "1.65230", "2017-03-31": "1.13200", "2016-12-31": "0.10560", "2016-09-30": "1.01460", "2016-06-30": "3.95830", "2016-03-31": "0.40180", "2015-12-31": "5.34460", "2015-09-30": "2.05480", "2015-06-30": "1.72640", "2015-03-31": "2.24080", "2014-12-31": "1.22150", "2014-09-30": "1.38560", "2014-06-30": "1.41080", "2014-03-31": "1.53970", "2013-12-31": "1.47910", "2013-09-30": "0.97570", "2013-06-30": "3.48290", "2013-03-31": "0.95230", "2012-12-31": "-1.07890", "2012-09-30": "0.85200", "2012-06-30": "1.07490", "2012-03-31": "0.74710", "2011-12-31": "0.11990", "2011-09-30": "1.34870", "2011-06-30": "1.57350", "2011-03-31": "1.05340", "2010-12-31": "0.73720", "2010-09-30": "0.90450", "2010-06-30": "1.02020", "2010-03-31": "0.81720", "2009-12-31": "0.26960", "2009-09-30": "1.19200", "2009-06-30": "-0.65740", "2009-03-31": "0.05430", "2008-12-31": "-3.41950", "2008-09-30": "0.87710", "2008-06-30": "1.48790", "2008-03-31": "1.90500", "2007-12-31": "1.12090", "2007-09-30": "0.84540", "2007-06-30": "2.21460", "2007-03-31": "2.11380", "2006-12-31": "2.13900", "2006-09-30": "1.09930", "2006-06-30": "2.21700", "2006-03-31": "2.66440", "2005-12-31": "2.42960", "2005-09-30": "1.75130", "2005-06-30": "2.81820", "2005-03-31": "2.94310"}, "ROI - Return On Investment": {"2020-09-30": "-0.12020", "2020-06-30": "-4.64600", "2020-03-31": "-1.13520", "2019-12-31": "0.34620", "2019-09-30": "0.64670", "2019-06-30": "-1.89570", "2019-03-31": "-0.05730", "2018-12-31": "-0.83850", "2018-09-30": "0.10310", "2018-06-30": "0.02450", "2018-03-31": "0.87170", "2017-12-31": "-1.96620", "2017-09-30": "0.41230", "2017-06-30": "2.73660", "2017-03-31": "1.87480", "2016-12-31": "0.17620", "2016-09-30": "1.61110", "2016-06-30": "6.31680", "2016-03-31": "0.64460", "2015-12-31": "8.56410", "2015-09-30": "3.36870", "2015-06-30": "2.83090", "2015-03-31": "3.69760", "2014-12-31": "1.99310", "2014-09-30": "2.10890", "2014-06-30": "2.16660", "2014-03-31": "2.38700", "2013-12-31": "2.29750", "2013-09-30": "1.61160", "2013-06-30": "5.86200", "2013-03-31": "1.61970", "2012-12-31": "-1.79730", "2012-09-30": "1.36880", "2012-06-30": "1.74000", "2012-03-31": "1.23000", "2011-12-31": "0.19950", "2011-09-30": "2.14070", "2011-06-30": "2.47300", "2011-03-31": "1.68010", "2010-12-31": "1.18620", "2010-09-30": "1.46920", "2010-06-30": "1.67790", "2010-03-31": "1.38250", "2009-12-31": "0.44200", "2009-09-30": "1.90800", "2009-06-30": "-1.03070", "2009-03-31": "0.09970", "2008-12-31": "-7.19170", "2008-09-30": "1.60670", "2008-06-30": "2.74700", "2008-03-31": "3.50010", "2007-12-31": "2.02820", "2007-09-30": "1.54480", "2007-06-30": "4.02780", "2007-03-31": "3.84590", "2006-12-31": "3.88430", "2006-09-30": "1.96990", "2006-06-30": "3.92560", "2006-03-31": "4.82110", "2005-12-31": "4.55320", "2005-09-30": "3.25190", "2005-06-30": "5.25640", "2005-03-31": "5.57710"}, "Book Value Per Share": {"2020-09-30": "51.94290", "2020-06-30": "51.20740", "2020-03-31": "54.67070", "2019-12-31": "56.26590", "2019-09-30": "56.43350", "2019-06-30": "56.96220", "2019-03-31": "125.68240", "2018-12-31": "126.79730", "2018-09-30": "130.45190", "2018-06-30": "129.89330", "2018-03-31": "133.07340", "2017-12-31": "131.40010", "2017-09-30": "134.06570", "2017-06-30": "72.56220", "2017-03-31": "69.58370", "2016-12-31": "67.45350", "2016-09-30": "81.20000", "2016-06-30": "80.50110", "2016-03-31": "70.63420", "2015-12-31": "70.33210", "2015-09-30": "65.16890", "2015-06-30": "63.34530", "2015-03-31": "60.41300", "2014-12-31": "60.52980", "2014-09-30": "67.99910", "2014-06-30": "69.68750", "2014-03-31": "69.08080", "2013-12-31": "69.04560", "2013-09-30": "61.88780", "2013-06-30": "59.99540", "2013-03-31": "54.55960", "2012-12-31": "54.52340", "2012-09-30": "62.44880", "2012-06-30": "60.66180", "2012-03-31": "60.36590", "2011-12-31": "58.99230", "2011-09-30": "63.82620", "2011-06-30": "63.59910", "2011-03-31": "60.83650", "2010-12-31": "58.20070", "2010-09-30": "58.42840", "2010-06-30": "54.75450", "2010-03-31": "54.79460", "2009-12-31": "55.10120", "2009-09-30": "55.73130", "2009-06-30": "53.05530", "2009-03-31": "42.70850", "2008-12-31": "36.86100", "2008-09-30": "62.12490", "2008-06-30": "65.30500", "2008-03-31": "65.07050", "2007-12-31": "61.86180", "2007-09-30": "57.40100", "2007-06-30": "56.30740", "2007-03-31": "54.53000", "2006-12-31": "53.44200", "2006-09-30": "52.74440", "2006-06-30": "52.57890", "2006-03-31": "49.91920", "2005-12-31": "47.53790", "2005-09-30": "45.58330", "2005-06-30": "43.68010", "2005-03-31": "41.77460"}, "Operating Cash Flow Per Share": {"2020-09-30": 1.7345, "2020-06-30": 1.0979, "2020-03-31": "0.97210", "2019-12-31": 0.7766, "2019-09-30": 1.1795, "2019-06-30": -0.1028, "2019-03-31": "0.03470", "2018-12-31": 6.6101, "2018-09-30": -0.4196, "2018-06-30": 2.686, "2018-03-31": "-2.74670", "2017-12-31": 3.3071, "2017-09-30": -4.4966, "2017-06-30": -0.06, "2017-03-31": "-0.18660", "2016-12-31": -17.796, "2016-09-30": 4.0895, "2016-06-30": 5.4344, "2016-03-31": "0.37330", "2015-12-31": 5.9698, "2015-09-30": 6.018, "2015-06-30": 3.3698, "2015-03-31": "3.02750", "2014-12-31": 6.9455, "2014-09-30": 4.5439, "2014-06-30": 3.5168, "2014-03-31": "1.42850", "2013-12-31": 4.1449, "2013-09-30": 4.2902, "2013-06-30": 8.6248, "2013-03-31": "1.12930", "2012-12-31": 3.9726, "2012-09-30": 2.7968, "2012-06-30": 3.7544, "2012-03-31": "-0.13090", "2011-12-31": 5.2466, "2011-09-30": 3.1995, "2011-06-30": 2.0546, "2011-03-31": "-0.45220", "2010-12-31": 4.8223, "2010-09-30": 2.5658, "2010-06-30": 3.4088, "2010-03-31": "-0.03690", "2009-12-31": 4.1108, "2009-09-30": 1.6139, "2009-06-30": 0.4304, "2009-03-31": "-0.24790", "2008-12-31": 7.1439, "2008-09-30": 3.3862, "2008-06-30": 3.1132, "2008-03-31": "1.40930", "2007-12-31": 3.7787, "2007-09-30": 4.0727, "2007-06-30": 4.4333, "2007-03-31": "1.64790", "2006-12-31": 3.8074, "2006-09-30": 3.0325, "2006-06-30": 3.8123, "2006-03-31": "2.13850", "2005-12-31": 2.9051, "2005-09-30": 3.3317, "2005-06-30": 4.1892, "2005-03-31": "3.31620"}, "Free Cash Flow Per Share": {"2020-09-30": 2.2493, "2020-06-30": 0.7733, "2020-03-31": "0.89900", "2019-12-31": 0.2868, "2019-09-30": 0.9642, "2019-06-30": -0.9857, "2019-03-31": "-1.35070", "2018-12-31": 5.0108, "2018-09-30": -1.7282, "2018-06-30": 1.6938, "2018-03-31": "-3.73770", "2017-12-31": 6.0937, "2017-09-30": -5.5858, "2017-06-30": -1.7739, "2017-03-31": "-1.89530", "2016-12-31": -20.1741, "2016-09-30": 0.787, "2016-06-30": 3.5266, "2016-03-31": "-1.74280", "2015-12-31": 4.199, "2015-09-30": 5.52, "2015-06-30": 1.2013, "2015-03-31": "4.16340", "2014-12-31": 4.2203, "2014-09-30": 2.2816, "2014-06-30": 1.3838, "2014-03-31": "-0.17890", "2013-12-31": 3.7188, "2013-09-30": 2.7408, "2013-06-30": 7.5632, "2013-03-31": "0.34860", "2012-12-31": 1.3966, "2012-09-30": 1.2509, "2012-06-30": 2.2813, "2012-03-31": "-1.00630", "2011-12-31": 3.8233, "2011-09-30": 1.6825, "2011-06-30": 0.607, "2011-03-31": "-1.28930", "2010-12-31": 2.7756, "2010-09-30": 1.4258, "2010-06-30": 6.4328, "2010-03-31": "-0.53790", "2009-12-31": 1.6209, "2009-09-30": 1.0013, "2009-06-30": 0.2256, "2009-03-31": "-0.89490", "2008-12-31": 5.0937, "2008-09-30": 1.5467, "2008-06-30": 1.3902, "2008-03-31": "0.55490", "2007-12-31": 1.7345, "2007-09-30": 2.566, "2007-06-30": 3.0994, "2007-03-31": "0.74090", "2006-12-31": 2.4984, "2006-09-30": 1.765, "2006-06-30": 2.7067, "2006-03-31": "1.26660", "2005-12-31": 1.2907, "2005-09-30": 2.192, "2005-06-30": 3.1911, "2005-03-31": "2.48560"}}, "revenue": {"DuPont De Nemours Annual Revenue (Millions of US $)": {"2019": "$21,512", "2018": "$22,594", "2017": "$11,672", "2016": "$48,158", "2015": "$48,778", "2014": "$58,167", "2013": "$57,080", "2012": "$56,786", "2011": "$59,985", "2010": "$53,674", "2009": "$44,875", "2008": "$57,361", "2007": "$53,375", "2006": "$49,124", "2005": "$46,307"}, "DuPont De Nemours Quarterly Revenue (Millions of US $)": {"2020-09-30": "$5,096", "2020-06-30": "$4,828", "2020-03-31": "$5,221", "2019-12-31": "$5,204", "2019-09-30": "$5,426", "2019-06-30": "$5,468", "2019-03-31": "$5,414", "2018-12-31": "$-10,456", "2018-09-30": "$5,683", "2018-06-30": "$5,857", "2018-03-31": "$21,510", "2017-12-31": "$-30,746", "2017-09-30": "$15,354", "2017-06-30": "$13,834", "2017-03-31": "$13,230", "2016-12-31": "$13,020", "2016-09-30": "$12,483", "2016-06-30": "$11,952", "2016-03-31": "$10,703", "2015-12-31": "$11,462", "2015-09-30": "$12,036", "2015-06-30": "$12,910", "2015-03-31": "$12,370", "2014-12-31": "$14,384", "2014-09-30": "$14,405", "2014-06-30": "$14,917", "2014-03-31": "$14,461", "2013-12-31": "$14,386", "2013-09-30": "$13,734", "2013-06-30": "$14,577", "2013-03-31": "$14,383", "2012-12-31": "$13,917", "2012-09-30": "$13,637", "2012-06-30": "$14,513", "2012-03-31": "$14,719", "2011-12-31": "$14,097", "2011-09-30": "$15,109", "2011-06-30": "$16,046", "2011-03-31": "$14,733", "2010-12-31": "$13,771", "2010-09-30": "$12,868", "2010-06-30": "$13,618", "2010-03-31": "$13,417", "2009-12-31": "$12,466", "2009-09-30": "$12,046", "2009-06-30": "$11,322", "2009-03-31": "$9,041", "2008-12-31": "$10,817", "2008-09-30": "$15,371", "2008-06-30": "$16,349", "2008-03-31": "$14,824", "2007-12-31": "$14,089", "2007-09-30": "$13,589", "2007-06-30": "$13,265", "2007-03-31": "$12,432", "2006-12-31": "$12,236", "2006-09-30": "$12,359", "2006-06-30": "$12,509", "2006-03-31": "$12,020", "2005-12-31": "$11,917", "2005-09-30": "$11,261", "2005-06-30": "$11,450", "2005-03-31": "$11,679"}}, "gross-profit": {"DuPont De Nemours Annual Gross Profit (Millions of US $)": {"2019": "$7,456", "2018": "$7,292", "2017": "$2,114", "2016": "$10,490", "2015": "$11,033", "2014": "$10,703", "2013": "$9,486", "2012": "$8,994", "2011": "$8,956", "2010": "$7,894", "2009": "$5,727", "2008": "$5,448", "2007": "$7,073", "2006": "$7,598", "2005": "$8,031"}, "DuPont De Nemours Quarterly Gross Profit (Millions of US $)": {"2020-09-30": "$1,704", "2020-06-30": "$1,537", "2020-03-31": "$1,903", "2019-12-31": "$1,796", "2019-09-30": "$1,895", "2019-06-30": "$1,972", "2019-03-31": "$1,793", "2018-12-31": "$-1,588", "2018-09-30": "$1,913", "2018-06-30": "$1,772", "2018-03-31": "$5,195", "2017-12-31": "$-7,163", "2017-09-30": "$3,168", "2017-06-30": "$3,073", "2017-03-31": "$3,036", "2016-12-31": "$2,418", "2016-09-30": "$2,643", "2016-06-30": "$2,677", "2016-03-31": "$2,752", "2015-12-31": "$2,747", "2015-09-30": "$2,687", "2015-06-30": "$2,764", "2015-03-31": "$2,835", "2014-12-31": "$2,773", "2014-09-30": "$2,629", "2014-06-30": "$2,573", "2014-03-31": "$2,728", "2013-12-31": "$2,318", "2013-09-30": "$2,018", "2013-06-30": "$2,474", "2013-03-31": "$2,676", "2012-12-31": "$1,978", "2012-09-30": "$2,269", "2012-06-30": "$2,313", "2012-03-31": "$2,434", "2011-12-31": "$1,664", "2011-09-30": "$2,181", "2011-06-30": "$2,495", "2011-03-31": "$2,616", "2010-12-31": "$1,953", "2010-09-30": "$2,027", "2010-06-30": "$2,038", "2010-03-31": "$1,876", "2009-12-31": "$1,606", "2009-09-30": "$1,660", "2009-06-30": "$1,558", "2009-03-31": "$903", "2008-12-31": "$382", "2008-09-30": "$1,422", "2008-06-30": "$1,728", "2008-03-31": "$1,916", "2007-12-31": "$1,654", "2007-09-30": "$1,725", "2007-06-30": "$1,867", "2007-03-31": "$1,827", "2006-12-31": "$1,737", "2006-09-30": "$1,759", "2006-06-30": "$1,885", "2006-03-31": "$2,217", "2005-12-31": "$1,888", "2005-09-30": "$1,651", "2005-06-30": "$2,150", "2005-03-31": "$2,342"}}, "operating-income": {"DuPont De Nemours Annual Operating Income (Millions of US $)": {"2019": "$110", "2018": "$208", "2017": "$-1,892", "2016": "$4,829", "2015": "$10,202", "2014": "$5,362", "2013": "$6,830", "2012": "$2,357", "2011": "$3,679", "2010": "$3,126", "2009": "$1,371", "2008": "$1,052", "2007": "$3,524", "2006": "$4,444", "2005": "$5,999"}, "DuPont De Nemours Quarterly Operating Income (Millions of US $)": {"2020-09-30": "$187", "2020-06-30": "$-2,417", "2020-03-31": "$-422", "2019-12-31": "$412", "2019-09-30": "$584", "2019-06-30": "$-832", "2019-03-31": "$-54", "2018-12-31": "$-1,626", "2018-09-30": "$123", "2018-06-30": "$76", "2018-03-31": "$1,635", "2017-12-31": "$-6,285", "2017-09-30": "$1,256", "2017-06-30": "$1,986", "2017-03-31": "$1,151", "2016-12-31": "$-309", "2016-09-30": "$1,366", "2016-06-30": "$3,465", "2016-03-31": "$307", "2015-12-31": "$4,335", "2015-09-30": "$2,143", "2015-06-30": "$1,463", "2015-03-31": "$2,261", "2014-12-31": "$1,233", "2014-09-30": "$1,336", "2014-06-30": "$1,320", "2014-03-31": "$1,473", "2013-12-31": "$1,382", "2013-09-30": "$847", "2013-06-30": "$3,279", "2013-03-31": "$1,322", "2012-12-31": "$-599", "2012-09-30": "$958", "2012-06-30": "$1,138", "2012-03-31": "$860", "2011-12-31": "$412", "2011-09-30": "$1,010", "2011-06-30": "$1,344", "2011-03-31": "$913", "2010-12-31": "$688", "2010-09-30": "$815", "2010-06-30": "$903", "2010-03-31": "$720", "2009-12-31": "$323", "2009-09-30": "$1,261", "2009-06-30": "$-289", "2009-03-31": "$76", "2008-12-31": "$-1,441", "2008-09-30": "$491", "2008-06-30": "$891", "2008-03-31": "$1,111", "2007-12-31": "$271", "2007-09-30": "$909", "2007-06-30": "$1,179", "2007-03-31": "$1,165", "2006-12-31": "$1,178", "2006-09-30": "$460", "2006-06-30": "$1,237", "2006-03-31": "$1,569", "2005-12-31": "$1,661", "2005-09-30": "$1,034", "2005-06-30": "$1,540", "2005-03-31": "$1,764"}}, "ebitda": {"DuPont De Nemours Annual EBITDA (Millions of US $)": {"2019": "$4,733", "2018": "$7,754", "2017": "$5,141", "2016": "$7,691", "2015": "$12,723", "2014": "$8,159", "2013": "$9,511", "2012": "$5,275", "2011": "$6,562", "2010": "$6,088", "2009": "$4,205", "2008": "$3,527", "2007": "$5,714", "2006": "$6,518", "2005": "$8,078"}, "DuPont De Nemours Quarterly EBITDA (Millions of US $)": {"2020-09-30": "$1,150", "2020-06-30": "$855", "2020-03-31": "$883", "2019-12-31": "$945", "2019-09-30": "$1,083", "2019-06-30": "$1,034", "2019-03-31": "$1,671", "2018-12-31": "$-24", "2018-09-30": "$1,702", "2018-06-30": "$2,254", "2018-03-31": "$3,822", "2017-12-31": "$-2,199", "2017-09-30": "$2,686", "2017-06-30": "$2,725", "2017-03-31": "$1,929", "2016-12-31": "$486", "2016-09-30": "$2,146", "2016-06-30": "$4,145", "2016-03-31": "$914", "2015-12-31": "$4,935", "2015-09-30": "$2,788", "2015-06-30": "$2,105", "2015-03-31": "$2,895", "2014-12-31": "$1,975", "2014-09-30": "$2,042", "2014-06-30": "$1,997", "2014-03-31": "$2,145", "2013-12-31": "$2,071", "2013-09-30": "$1,512", "2013-06-30": "$3,938", "2013-03-31": "$1,990", "2012-12-31": "$301", "2012-09-30": "$1,623", "2012-06-30": "$1,812", "2012-03-31": "$1,539", "2011-12-31": "$1,153", "2011-09-30": "$1,724", "2011-06-30": "$2,041", "2011-03-31": "$1,644", "2010-12-31": "$1,443", "2010-09-30": "$1,531", "2010-06-30": "$1,637", "2010-03-31": "$1,477", "2009-12-31": "$1,134", "2009-09-30": "$2,013", "2009-06-30": "$474", "2009-03-31": "$584", "2008-12-31": "$-647", "2008-09-30": "$1,029", "2008-06-30": "$1,460", "2008-03-31": "$1,685", "2007-12-31": "$860", "2007-09-30": "$1,469", "2007-06-30": "$1,712", "2007-03-31": "$1,673", "2006-12-31": "$1,708", "2006-09-30": "$998", "2006-06-30": "$1,749", "2006-03-31": "$2,063", "2005-12-31": "$2,233", "2005-09-30": "$1,531", "2005-06-30": "$2,033", "2005-03-31": "$2,281"}}, "net-income": {"DuPont De Nemours Annual Net Income (Millions of US $)": {"2019": "$498", "2018": "$3,845", "2017": "$1,159", "2016": "$3,978", "2015": "$7,345", "2014": "$3,432", "2013": "$4,447", "2012": "$842", "2011": "$2,402", "2010": "$1,970", "2009": "$336", "2008": "$579", "2007": "$2,887", "2006": "$3,724", "2005": "$4,515"}, "DuPont De Nemours Quarterly Net Income (Millions of US $)": {"2020-09-30": "$-79", "2020-06-30": "$-2,478", "2020-03-31": "$-616", "2019-12-31": "$176", "2019-09-30": "$372", "2019-06-30": "$-571", "2019-03-31": "$521", "2018-12-31": "$471", "2018-09-30": "$501", "2018-06-30": "$1,769", "2018-03-31": "$1,104", "2017-12-31": "$-1,564", "2017-09-30": "$514", "2017-06-30": "$1,321", "2017-03-31": "$888", "2016-12-31": "$-33", "2016-09-30": "$719", "2016-06-30": "$3,123", "2016-03-31": "$169", "2015-12-31": "$3,527", "2015-09-30": "$1,290", "2015-06-30": "$1,135", "2015-03-31": "$1,393", "2014-12-31": "$734", "2014-09-30": "$852", "2014-06-30": "$882", "2014-03-31": "$964", "2013-12-31": "$963", "2013-09-30": "$594", "2013-06-30": "$2,340", "2013-03-31": "$550", "2012-12-31": "$-716", "2012-09-30": "$497", "2012-06-30": "$649", "2012-03-31": "$412", "2011-12-31": "$-20", "2011-09-30": "$815", "2011-06-30": "$982", "2011-03-31": "$625", "2010-12-31": "$426", "2010-09-30": "$512", "2010-06-30": "$566", "2010-03-31": "$466", "2009-12-31": "$87", "2009-09-30": "$711", "2009-06-30": "$-486", "2009-03-31": "$24", "2008-12-31": "$-1,552", "2008-09-30": "$428", "2008-06-30": "$762", "2008-03-31": "$941", "2007-12-31": "$472", "2007-09-30": "$403", "2007-06-30": "$1,039", "2007-03-31": "$973", "2006-12-31": "$975", "2006-09-30": "$512", "2006-06-30": "$1,023", "2006-03-31": "$1,214", "2005-12-31": "$1,096", "2005-09-30": "$801", "2005-06-30": "$1,265", "2005-03-31": "$1,353"}}, "eps-earnings-per-share-diluted": {"DuPont De Nemours Annual EPS": {"2019": "$0.67", "2018": "$4.96", "2017": "$2.15", "2016": "$10.56", "2015": "$18.45", "2014": "$8.61", "2013": "$11.04", "2012": "$2.13", "2011": "$6.15", "2010": "$5.16", "2009": "$0.96", "2008": "$1.86", "2007": "$8.97", "2006": "$11.46", "2005": "$13.86"}, "DuPont De Nemours Quarterly EPS": {"2020-09-30": "$-0.11", "2020-06-30": "$-3.37", "2020-03-31": "$-0.83", "2019-12-31": "$0.24", "2019-09-30": "$0.50", "2019-06-30": "$-0.76", "2019-03-31": "$0.69", "2018-12-31": "$0.63", "2018-09-30": "$0.65", "2018-06-30": "$2.27", "2018-03-31": "$1.41", "2017-12-31": "$-4.18", "2017-09-30": "$0.96", "2017-06-30": "$3.21", "2017-03-31": "$2.16", "2016-12-31": "$0.39", "2016-09-30": "$1.89", "2016-06-30": "$7.83", "2016-03-31": "$0.45", "2015-12-31": "$8.73", "2015-09-30": "$3.27", "2015-06-30": "$2.91", "2015-03-31": "$3.54", "2014-12-31": "$1.92", "2014-09-30": "$2.13", "2014-06-30": "$2.19", "2014-03-31": "$2.37", "2013-12-31": "$2.58", "2013-09-30": "$1.47", "2013-06-30": "$5.61", "2013-03-31": "$1.38", "2012-12-31": "$-1.83", "2012-09-30": "$1.26", "2012-06-30": "$1.65", "2012-03-31": "$1.05", "2011-12-31": "$-0.06", "2011-09-30": "$2.07", "2011-06-30": "$2.52", "2011-03-31": "$1.62", "2010-12-31": "$1.08", "2010-09-30": "$1.35", "2010-06-30": "$1.50", "2010-03-31": "$1.23", "2009-12-31": "$0.39", "2009-09-30": "$1.89", "2009-06-30": "$-1.41", "2009-03-31": "$0.09", "2008-12-31": "$-4.92", "2008-09-30": "$1.38", "2008-06-30": "$2.43", "2008-03-31": "$2.97", "2007-12-31": "$1.50", "2007-09-30": "$1.26", "2007-06-30": "$3.21", "2007-03-31": "$3.00", "2006-12-31": "$3.00", "2006-09-30": "$1.59", "2006-06-30": "$3.15", "2006-03-31": "$3.72", "2005-12-31": "$3.33", "2005-09-30": "$2.46", "2005-06-30": "$3.90", "2005-03-31": "$4.17"}}, "shares-outstanding": {"DuPont De Nemours Annual Shares Outstanding (Millions of Shares)": {"2019": "746", "2018": "772", "2017": "533", "2016": "374", "2015": "414", "2014": "396", "2013": "430", "2012": "392", "2011": "386", "2010": "381", "2009": "351", "2008": "313", "2007": "322", "2006": "325", "2005": "326"}, "DuPont De Nemours Quarterly Shares Outstanding (Millions of Shares)": {"2020-09-30": "734", "2020-06-30": "734", "2020-03-31": "739", "2019-12-31": "746", "2019-09-30": "748", "2019-06-30": "749", "2019-03-31": "750", "2018-12-31": "772", "2018-09-30": "770", "2018-06-30": "775", "2018-03-31": "778", "2017-12-31": "533", "2017-09-30": "532", "2017-06-30": "410", "2017-03-31": "407", "2016-12-31": "374", "2016-09-30": "376", "2016-06-30": "408", "2016-03-31": "372", "2015-12-31": "414", "2015-09-30": "417", "2015-06-30": "416", "2015-03-31": "416", "2014-12-31": "396", "2014-09-30": "395", "2014-06-30": "398", "2014-03-31": "403", "2013-12-31": "430", "2013-09-30": "398", "2013-06-30": "429", "2013-03-31": "396", "2012-12-31": "392", "2012-09-30": "393", "2012-06-30": "392", "2012-03-31": "390", "2011-12-31": "386", "2011-09-30": "387", "2011-06-30": "387", "2011-03-31": "387", "2010-12-31": "381", "2010-09-30": "382", "2010-06-30": "380", "2010-03-31": "379", "2009-12-31": "351", "2009-09-30": "374", "2009-06-30": "345", "2009-03-31": "311", "2008-12-31": "313", "2008-09-30": "311", "2008-06-30": "313", "2008-03-31": "317", "2007-12-31": "322", "2007-09-30": "320", "2007-06-30": "323", "2007-03-31": "325", "2006-12-31": "325", "2006-09-30": "323", "2006-06-30": "325", "2006-03-31": "327", "2005-12-31": "326", "2005-09-30": "326", "2005-06-30": "325", "2005-03-31": "324"}}, "total-assets": {"DuPont De Nemours Annual Total Assets (Millions of US $)": {"2019": "$69,396", "2018": "$187,855", "2017": "$192,164", "2016": "$79,511", "2015": "$67,938", "2014": "$68,687", "2013": "$69,501", "2012": "$69,605", "2011": "$69,224", "2010": "$69,588", "2009": "$66,018", "2008": "$45,474", "2007": "$48,801", "2006": "$45,581", "2005": "$45,934"}, "DuPont De Nemours Quarterly Total Assets (Millions of US $)": {"2020-09-30": "$72,141", "2020-06-30": "$66,753", "2020-03-31": "$67,987", "2019-12-31": "$69,349", "2019-09-30": "$70,119", "2019-06-30": "$70,843", "2019-03-31": "$189,785", "2018-12-31": "$187,855", "2018-09-30": "$184,453", "2018-06-30": "$187,367", "2018-03-31": "$192,441", "2017-12-31": "$192,164", "2017-09-30": "$198,527", "2017-06-30": "$82,247", "2017-03-31": "$80,828", "2016-12-31": "$79,511", "2016-09-30": "$80,624", "2016-06-30": "$81,524", "2016-03-31": "$68,440", "2015-12-31": "$67,938", "2015-09-30": "$69,884", "2015-06-30": "$69,334", "2015-03-31": "$67,789", "2014-12-31": "$68,687", "2014-09-30": "$69,573", "2014-06-30": "$68,756", "2014-03-31": "$69,233", "2013-12-31": "$69,501", "2013-09-30": "$70,206", "2013-06-30": "$70,142", "2013-03-31": "$69,304", "2012-12-31": "$69,605", "2012-09-30": "$69,368", "2012-06-30": "$68,842", "2012-03-31": "$69,598", "2011-12-31": "$69,224", "2011-09-30": "$66,951", "2011-06-30": "$68,447", "2011-03-31": "$68,442", "2010-12-31": "$69,588", "2010-09-30": "$66,001", "2010-06-30": "$64,594", "2010-03-31": "$67,546", "2009-12-31": "$66,018", "2009-09-30": "$67,030", "2009-06-30": "$66,168", "2009-03-31": "$44,159", "2008-12-31": "$45,474", "2008-09-30": "$50,165", "2008-06-30": "$52,153", "2008-03-31": "$50,657", "2007-12-31": "$48,801", "2007-09-30": "$47,669", "2007-06-30": "$46,915", "2007-03-31": "$46,030", "2006-12-31": "$45,581", "2006-09-30": "$46,577", "2006-06-30": "$46,143", "2006-03-31": "$45,564", "2005-12-31": "$45,934", "2005-09-30": "$45,737", "2005-06-30": "$44,887", "2005-03-31": "$45,972"}}, "cash-on-hand": {"DuPont De Nemours Annual Cash on Hand (Millions of US $)": {"2019": "$1,540", "2018": "$8,577", "2017": "$14,394", "2016": "$6,607", "2015": "$8,577", "2014": "$5,654", "2013": "$5,940", "2012": "$4,318", "2011": "$5,446", "2010": "$7,039", "2009": "$2,846", "2008": "$2,800", "2007": "$1,737", "2006": "$2,910", "2005": "$3,838"}, "DuPont De Nemours Quarterly Cash on Hand (Millions of US $)": {"2020-09-30": "$4,008", "2020-06-30": "$3,737", "2020-03-31": "$1,748", "2019-12-31": "$1,540", "2019-09-30": "$2,113", "2019-06-30": "$1,669", "2019-03-31": "$11,662", "2018-12-31": "$8,577", "2018-09-30": "$7,309", "2018-06-30": "$9,751", "2018-03-31": "$10,538", "2017-12-31": "$14,394", "2017-09-30": "$14,974", "2017-06-30": "$6,218", "2017-03-31": "$5,848", "2016-12-31": "$6,607", "2016-09-30": "$7,032", "2016-06-30": "$7,309", "2016-03-31": "$6,610", "2015-12-31": "$8,577", "2015-09-30": "$7,623", "2015-06-30": "$6,224", "2015-03-31": "$6,288", "2014-12-31": "$5,654", "2014-09-30": "$5,768", "2014-06-30": "$3,843", "2014-03-31": "$4,385", "2013-12-31": "$5,940", "2013-09-30": "$5,272", "2013-06-30": "$4,883", "2013-03-31": "$3,514", "2012-12-31": "$4,318", "2012-09-30": "$3,885", "2012-06-30": "$4,130", "2012-03-31": "$3,610", "2011-12-31": "$5,446", "2011-09-30": "$2,206", "2011-06-30": "$2,223", "2011-03-31": "$3,562", "2010-12-31": "$7,039", "2010-09-30": "$3,227", "2010-06-30": "$3,299", "2010-03-31": "$2,923", "2009-12-31": "$2,846", "2009-09-30": "$2,581", "2009-06-30": "$2,648", "2009-03-31": "$2,956", "2008-12-31": "$2,800", "2008-09-30": "$2,272", "2008-06-30": "$2,113", "2008-03-31": "$1,674", "2007-12-31": "$1,737", "2007-09-30": "$1,946", "2007-06-30": "$2,055", "2007-03-31": "$2,565", "2006-12-31": "$2,910", "2006-09-30": "$3,169", "2006-06-30": "$3,198", "2006-03-31": "$3,424", "2005-12-31": "$3,838", "2005-09-30": "$3,210", "2005-06-30": "$3,201", "2005-03-31": "$3,401"}}, "long-term-debt": {"DuPont De Nemours Annual Long Term Debt (Millions of US $)": {"2019": "$13,617", "2018": "$12,624", "2017": "$30,056", "2016": "$20,456", "2015": "$16,215", "2014": "$18,741", "2013": "$16,820", "2012": "$19,919", "2011": "$18,310", "2010": "$20,605", "2009": "$19,152", "2008": "$8,042", "2007": "$7,581", "2006": "$8,036", "2005": "$9,186"}, "DuPont De Nemours Quarterly Long Term Debt (Millions of US $)": {"2020-09-30": "$21,802", "2020-06-30": "$15,608", "2020-03-31": "$13,618", "2019-12-31": "$13,617", "2019-09-30": "$15,610", "2019-06-30": "$15,608", "2019-03-31": "$34,966", "2018-12-31": "$12,624", "2018-09-30": "$27,293", "2018-06-30": "$26,850", "2018-03-31": "$29,343", "2017-12-31": "$30,056", "2017-09-30": "$29,819", "2017-06-30": "$20,072", "2017-03-31": "$20,471", "2016-12-31": "$20,456", "2016-09-30": "$20,423", "2016-06-30": "$20,852", "2016-03-31": "$16,229", "2015-12-31": "$16,215", "2015-09-30": "$17,462", "2015-06-30": "$17,833", "2015-03-31": "$17,867", "2014-12-31": "$18,741", "2014-09-30": "$19,001", "2014-06-30": "$17,036", "2014-03-31": "$16,936", "2013-12-31": "$16,820", "2013-09-30": "$17,487", "2013-06-30": "$17,475", "2013-03-31": "$18,753", "2012-12-31": "$19,919", "2012-09-30": "$18,216", "2012-06-30": "$18,304", "2012-03-31": "$18,224", "2011-12-31": "$18,310", "2011-09-30": "$17,042", "2011-06-30": "$18,511", "2011-03-31": "$19,078", "2010-12-31": "$20,605", "2010-09-30": "$18,030", "2010-06-30": "$18,108", "2010-03-31": "$18,835", "2009-12-31": "$19,152", "2009-09-30": "$20,631", "2009-06-30": "$21,983", "2009-03-31": "$10,897", "2008-12-31": "$8,042", "2008-09-30": "$8,257", "2008-06-30": "$8,116", "2008-03-31": "$7,392", "2007-12-31": "$7,581", "2007-09-30": "$8,019", "2007-06-30": "$7,966", "2007-03-31": "$7,975", "2006-12-31": "$8,036", "2006-09-30": "$9,199", "2006-06-30": "$9,248", "2006-03-31": "$9,180", "2005-12-31": "$9,186", "2005-09-30": "$9,969", "2005-06-30": "$10,023", "2005-03-31": "$10,876"}}, "total-liabilities": {"DuPont De Nemours Annual Total Liabilities (Millions of US $)": {"2019": "$27,840", "2018": "$91,955", "2017": "$90,237", "2016": "$52,282", "2015": "$41,755", "2014": "$45,333", "2013": "$41,577", "2012": "$47,738", "2011": "$45,933", "2010": "$46,946", "2009": "$44,894", "2008": "$31,894", "2007": "$29,412", "2006": "$28,516", "2005": "$30,610"}, "DuPont De Nemours Quarterly Total Liabilities (Millions of US $)": {"2020-09-30": "$34,023", "2020-06-30": "$29,176", "2020-03-31": "$27,870", "2019-12-31": "$27,793", "2019-09-30": "$28,207", "2019-06-30": "$28,267", "2019-03-31": "$95,687", "2018-12-31": "$91,955", "2018-09-30": "$84,709", "2018-06-30": "$87,485", "2018-03-31": "$89,517", "2017-12-31": "$90,237", "2017-09-30": "$93,993", "2017-06-30": "$52,658", "2017-03-31": "$52,494", "2016-12-31": "$52,282", "2016-09-30": "$50,275", "2016-06-30": "$51,290", "2016-03-31": "$42,006", "2015-12-31": "$41,755", "2015-09-30": "$44,718", "2015-06-30": "$44,883", "2015-03-31": "$44,575", "2014-12-31": "$45,333", "2014-09-30": "$42,862", "2014-06-30": "$41,021", "2014-03-31": "$41,510", "2013-12-31": "$41,577", "2013-09-30": "$45,188", "2013-06-30": "$45,942", "2013-03-31": "$47,308", "2012-12-31": "$47,738", "2012-09-30": "$44,407", "2012-06-30": "$44,618", "2012-03-31": "$45,547", "2011-12-31": "$45,933", "2011-09-30": "$41,810", "2011-06-30": "$43,408", "2011-03-31": "$44,605", "2010-12-31": "$46,946", "2010-09-30": "$43,397", "2010-06-30": "$43,427", "2010-03-31": "$46,454", "2009-12-31": "$44,894", "2009-09-30": "$45,785", "2009-06-30": "$45,945", "2009-03-31": "$30,980", "2008-12-31": "$31,894", "2008-09-30": "$31,037", "2008-06-30": "$32,020", "2008-03-31": "$30,478", "2007-12-31": "$29,412", "2007-09-30": "$29,601", "2007-06-30": "$29,085", "2007-03-31": "$28,705", "2006-12-31": "$28,516", "2006-09-30": "$29,785", "2006-06-30": "$29,331", "2006-03-31": "$29,563", "2005-12-31": "$30,610", "2005-09-30": "$31,074", "2005-06-30": "$30,844", "2005-03-31": "$32,588"}}, "total-share-holder-equity": {"DuPont De Nemours Annual Share Holder Equity (Millions of US $)": {"2019": "$41,556", "2018": "$95,900", "2017": "$101,927", "2016": "$27,229", "2015": "$26,183", "2014": "$23,354", "2013": "$27,924", "2012": "$21,867", "2011": "$23,291", "2010": "$22,642", "2009": "$21,124", "2008": "$13,580", "2007": "$19,389", "2006": "$17,065", "2005": "$15,324"}, "DuPont De Nemours Quarterly Share Holder Equity (Millions of US $)": {"2020-09-30": "$38,118", "2020-06-30": "$37,577", "2020-03-31": "$40,117", "2019-12-31": "$41,556", "2019-09-30": "$41,912", "2019-06-30": "$42,576", "2019-03-31": "$94,098", "2018-12-31": "$95,900", "2018-09-30": "$99,744", "2018-06-30": "$99,882", "2018-03-31": "$102,924", "2017-12-31": "$101,927", "2017-09-30": "$104,534", "2017-06-30": "$29,589", "2017-03-31": "$28,334", "2016-12-31": "$27,229", "2016-09-30": "$30,349", "2016-06-30": "$30,234", "2016-03-31": "$26,434", "2015-12-31": "$26,183", "2015-09-30": "$25,166", "2015-06-30": "$24,451", "2015-03-31": "$23,214", "2014-12-31": "$23,354", "2014-09-30": "$26,711", "2014-06-30": "$27,735", "2014-03-31": "$27,723", "2013-12-31": "$27,924", "2013-09-30": "$25,018", "2013-06-30": "$24,200", "2013-03-31": "$21,996", "2012-12-31": "$21,867", "2012-09-30": "$24,961", "2012-06-30": "$24,224", "2012-03-31": "$24,051", "2011-12-31": "$23,291", "2011-09-30": "$25,141", "2011-06-30": "$25,039", "2011-03-31": "$23,837", "2010-12-31": "$22,642", "2010-09-30": "$22,604", "2010-06-30": "$21,167", "2010-03-31": "$21,092", "2009-12-31": "$21,124", "2009-09-30": "$21,245", "2009-06-30": "$20,223", "2009-03-31": "$13,179", "2008-12-31": "$13,580", "2008-09-30": "$19,128", "2008-06-30": "$20,133", "2008-03-31": "$20,179", "2007-12-31": "$19,389", "2007-09-30": "$18,068", "2007-06-30": "$17,830", "2007-03-31": "$17,325", "2006-12-31": "$17,065", "2006-09-30": "$16,792", "2006-06-30": "$16,812", "2006-03-31": "$16,001", "2005-12-31": "$15,324", "2005-09-30": "$14,663", "2005-06-30": "$14,043", "2005-03-31": "$13,384"}}, "profit-margins": {"current": "-14.73%"}, "gross margin": {"2020-09-30": "34.10%", "2020-06-30": "34.48%", "2020-03-31": "35.49%", "2019-12-31": "34.66%", "2019-09-30": "69.58%", "2019-06-30": "66.95%", "2019-03-31": "59.86%", "2018-12-31": "32.27%", "2018-09-30": "74.52%", "2018-06-30": "24.82%", "2018-03-31": "21.42%", "2017-12-31": "18.11%", "2017-09-30": "21.10%", "2017-06-30": "21.25%", "2017-03-31": "21.26%", "2016-12-31": "21.78%", "2016-09-30": "23.22%", "2016-06-30": "23.54%", "2016-03-31": "23.24%", "2015-12-31": "22.62%", "2015-09-30": "21.39%", "2015-06-30": "20.35%", "2015-03-31": "19.28%", "2014-12-31": "18.40%", "2014-09-30": "17.62%", "2014-06-30": "16.76%", "2014-03-31": "16.69%", "2013-12-31": "16.62%", "2013-09-30": "16.16%", "2013-06-30": "16.63%", "2013-03-31": "16.36%", "2012-12-31": "15.84%", "2012-09-30": "15.24%", "2012-06-30": "14.70%", "2012-03-31": "14.63%", "2011-12-31": "14.93%", "2011-09-30": "15.50%", "2011-06-30": "15.83%", "2011-03-31": "15.70%", "2010-12-31": "14.71%", "2010-09-30": "14.41%", "2010-06-30": "13.93%", "2010-03-31": "13.60%", "2009-12-31": "12.76%", "2009-09-30": "10.42%", "2009-06-30": "9.16%", "2009-03-31": "8.60%", "2008-12-31": "9.50%", "2008-09-30": "11.08%", "2008-06-30": "11.93%", "2008-03-31": "12.84%", "2007-12-31": "13.25%", "2007-09-30": "13.89%", "2007-06-30": "14.30%", "2007-03-31": "14.55%", "2006-12-31": "15.47%", "2006-09-30": "15.88%", "2006-06-30": "16.02%", "2006-03-31": "16.95%", "2005-12-31": "17.34%"}, "operating margin": {"2020-09-30": "-11.01%", "2020-06-30": "-8.91%", "2020-03-31": "-1.21%", "2019-12-31": "0.51%", "2019-09-30": "-32.95%", "2019-06-30": "-39.11%", "2019-03-31": "-22.79%", "2018-12-31": "0.92%", "2018-09-30": "-193.19%", "2018-06-30": "-27.71%", "2018-03-31": "-7.06%", "2017-12-31": "-16.21%", "2017-09-30": "7.37%", "2017-06-30": "7.98%", "2017-03-31": "11.19%", "2016-12-31": "10.03%", "2016-09-30": "20.33%", "2016-06-30": "22.21%", "2016-03-31": "17.51%", "2015-12-31": "20.92%", "2015-09-30": "13.73%", "2015-06-30": "11.64%", "2015-03-31": "10.97%", "2014-12-31": "9.22%", "2014-09-30": "9.47%", "2014-06-30": "8.73%", "2014-03-31": "12.21%", "2013-12-31": "11.97%", "2013-09-30": "8.57%", "2013-06-30": "8.78%", "2013-03-31": "4.99%", "2012-12-31": "4.15%", "2012-09-30": "5.91%", "2012-06-30": "5.85%", "2012-03-31": "6.05%", "2011-12-31": "6.13%", "2011-09-30": "6.63%", "2011-06-30": "6.55%", "2011-03-31": "6.04%", "2010-12-31": "5.82%", "2010-09-30": "5.27%", "2010-06-30": "6.22%", "2010-03-31": "4.09%", "2009-12-31": "3.06%", "2009-09-30": "-0.91%", "2009-06-30": "-2.50%", "2009-03-31": "0.03%", "2008-12-31": "1.83%", "2008-09-30": "4.56%", "2008-06-30": "5.41%", "2008-03-31": "6.22%", "2007-12-31": "6.60%", "2007-09-30": "8.60%", "2007-06-30": "7.92%", "2007-03-31": "8.16%", "2006-12-31": "9.05%", "2006-09-30": "10.10%", "2006-06-30": "11.53%", "2006-03-31": "12.44%", "2005-12-31": "12.95%"}, "ebitda margin": {"2020-09-30": "18.84%", "2020-06-30": "18.21%", "2020-03-31": "18.50%", "2019-12-31": "22.00%", "2019-09-30": "64.32%", "2019-06-30": "71.75%", "2019-03-31": "86.23%", "2018-12-31": "34.32%", "2018-09-30": "242.14%", "2018-06-30": "54.81%", "2018-03-31": "35.25%", "2017-12-31": "44.05%", "2017-09-30": "14.12%", "2017-06-30": "13.86%", "2017-03-31": "17.18%", "2016-12-31": "15.97%", "2016-09-30": "26.05%", "2016-06-30": "27.69%", "2016-03-31": "22.80%", "2015-12-31": "26.08%", "2015-09-30": "18.88%", "2015-06-30": "16.68%", "2015-03-31": "15.89%", "2014-12-31": "14.03%", "2014-09-30": "14.19%", "2014-06-30": "13.44%", "2014-03-31": "16.91%", "2013-12-31": "16.66%", "2013-09-30": "13.67%", "2013-06-30": "13.89%", "2013-03-31": "10.14%", "2012-12-31": "9.29%", "2012-09-30": "10.76%", "2012-06-30": "10.66%", "2012-03-31": "10.77%", "2011-12-31": "10.94%", "2011-09-30": "11.49%", "2011-06-30": "11.60%", "2011-03-31": "11.37%", "2010-12-31": "11.34%", "2010-09-30": "11.04%", "2010-06-30": "12.15%", "2010-03-31": "10.35%", "2009-12-31": "9.37%", "2009-09-30": "5.61%", "2009-06-30": "3.09%", "2009-03-31": "4.70%", "2008-12-31": "6.15%", "2008-09-30": "8.30%", "2008-06-30": "9.30%", "2008-03-31": "10.27%", "2007-12-31": "10.71%", "2007-09-30": "12.74%", "2007-06-30": "12.11%", "2007-03-31": "12.37%", "2006-12-31": "13.27%", "2006-09-30": "14.43%", "2006-06-30": "15.88%", "2006-03-31": "16.85%", "2005-12-31": "17.44%"}, "pre tax profit margin": {"2020-09-30": "-14.07%", "2020-06-30": "-11.77%", "2020-03-31": "-4.10%", "2019-12-31": "-2.20%", "2019-09-30": "-32.52%", "2019-06-30": "-35.77%", "2019-03-31": "-17.04%", "2018-12-31": "2.66%", "2018-09-30": "-162.85%", "2018-06-30": "-23.34%", "2018-03-31": "-5.57%", "2017-12-31": "-13.07%", "2017-09-30": "6.98%", "2017-06-30": "7.29%", "2017-03-31": "10.61%", "2016-12-31": "9.16%", "2016-09-30": "18.80%", "2016-06-30": "21.09%", "2016-03-31": "16.75%", "2015-12-31": "20.36%", "2015-09-30": "13.35%", "2015-06-30": "11.43%", "2015-03-31": "10.66%", "2014-12-31": "9.05%", "2014-09-30": "9.51%", "2014-06-30": "8.88%", "2014-03-31": "12.30%", "2013-12-31": "11.92%", "2013-09-30": "8.07%", "2013-06-30": "7.92%", "2013-03-31": "3.94%", "2012-12-31": "2.93%", "2012-09-30": "5.04%", "2012-06-30": "5.36%", "2012-03-31": "5.78%", "2011-12-31": "6.00%", "2011-09-30": "6.53%", "2011-06-30": "6.12%", "2011-03-31": "5.43%", "2010-12-31": "5.22%", "2010-09-30": "4.40%", "2010-06-30": "5.04%", "2010-03-31": "2.28%", "2009-12-31": "1.05%", "2009-09-30": "-3.02%", "2009-06-30": "-3.62%", "2009-03-31": "0.02%", "2008-12-31": "2.23%", "2008-09-30": "5.50%", "2008-06-30": "6.45%", "2008-03-31": "7.39%", "2007-12-31": "7.85%", "2007-09-30": "9.86%", "2007-06-30": "9.28%", "2007-03-31": "9.45%", "2006-12-31": "10.12%", "2006-09-30": "11.10%", "2006-06-30": "12.35%", "2006-03-31": "13.16%", "2005-12-31": "13.82%"}, "net profit margin": {"2020-09-30": "-14.73%", "2020-06-30": "-12.31%", "2020-03-31": "-3.00%", "2019-12-31": "2.31%", "2019-09-30": "13.55%", "2019-06-30": "15.09%", "2019-03-31": "50.20%", "2018-12-31": "17.02%", "2018-09-30": "78.56%", "2018-06-30": "15.22%", "2018-03-31": "6.89%", "2017-12-31": "9.93%", "2017-09-30": "4.85%", "2017-06-30": "5.51%", "2017-03-31": "9.27%", "2016-12-31": "8.26%", "2016-09-30": "16.18%", "2016-06-30": "17.57%", "2016-03-31": "12.99%", "2015-12-31": "15.06%", "2015-09-30": "8.80%", "2015-06-30": "7.61%", "2015-03-31": "6.89%", "2014-12-31": "5.90%", "2014-09-30": "6.29%", "2014-06-30": "5.92%", "2014-03-31": "8.50%", "2013-12-31": "7.79%", "2013-09-30": "4.89%", "2013-06-30": "4.73%", "2013-03-31": "1.74%", "2012-12-31": "1.48%", "2012-09-30": "2.70%", "2012-06-30": "3.18%", "2012-03-31": "3.65%", "2011-12-31": "4.00%", "2011-09-30": "4.77%", "2011-06-30": "4.43%", "2011-03-31": "3.87%", "2010-12-31": "3.67%", "2010-09-30": "3.11%", "2010-06-30": "3.55%", "2010-03-31": "1.58%", "2009-12-31": "0.75%", "2009-09-30": "-3.01%", "2009-06-30": "-3.41%", "2009-03-31": "-0.66%", "2008-12-31": "1.01%", "2008-09-30": "4.29%", "2008-06-30": "4.38%", "2008-03-31": "5.12%", "2007-12-31": "5.41%", "2007-09-30": "6.58%", "2007-06-30": "6.96%", "2007-03-31": "7.03%", "2006-12-31": "7.58%", "2006-09-30": "7.88%", "2006-06-30": "8.67%", "2006-03-31": "9.38%", "2005-12-31": "9.75%"}, "pe ratio": {"current": "22.50", "2021-02-05": "0.00", "2020-09-30": "0.00", "2020-06-30": "0.00", "2020-03-31": "0.00", "2019-12-31": "93.65", "2019-09-30": "65.45", "2019-06-30": "61.12", "2019-03-31": "17.36", "2018-12-31": "14.78", "2018-09-30": "32.59", "2018-06-30": "29.60"}, "price sales": {"2021-02-05": "2.75", "2020-09-30": "2.00", "2020-06-30": "1.89", "2020-03-31": "1.17", "2019-12-31": "2.18", "2019-09-30": "8.43", "2019-06-30": "8.71", "2019-03-31": "8.53", "2018-12-31": "2.52", "2018-09-30": "0.00", "2018-06-30": "14.09"}, "price book": {"current": "1.46", "2021-02-05": "1.46", "2020-09-30": "1.06", "2020-06-30": "1.03", "2020-03-31": "0.61", "2019-12-31": "1.12", "2019-09-30": "1.23", "2019-06-30": "1.28", "2019-03-31": "0.58", "2018-12-31": "0.58", "2018-09-30": "0.67", "2018-06-30": "0.69", "2018-03-31": "0.65", "2017-12-31": "0.73", "2017-09-30": "0.69"}, "price fcf": {"2021-02-05": "", "2020-09-30": "$4.21", "2020-06-30": "$2.92", "2020-03-31": "$1.16", "2019-12-31": "$-1.09", "2019-09-30": "$3.64", "2019-06-30": "$0.95", "2019-03-31": "$3.63", "2018-12-31": "$1.24", "2018-09-30": "$2.32", "2018-06-30": "$-5.21"}, "net worth": {"value": "$55.66B"}, "current ratio": {"current": "1.81", "2020-09-30": "1.81", "2020-06-30": "1.50", "2020-03-31": "1.22", "2019-12-31": "1.20", "2019-09-30": "1.62", "2019-06-30": "1.65", "2019-03-31": "1.72", "2018-12-31": "1.73", "2018-09-30": "1.64", "2018-06-30": "1.70", "2018-03-31": "1.87", "2017-12-31": "1.91", "2017-09-30": "2.01", "2017-06-30": "1.93", "2017-03-31": "1.87", "2016-12-31": "1.88", "2016-09-30": "1.96", "2016-06-30": "2.04", "2016-03-31": "2.00", "2015-12-31": "2.15", "2015-09-30": "1.88", "2015-06-30": "1.94", "2015-03-31": "1.97", "2014-12-31": "2.09", "2014-09-30": "2.13", "2014-06-30": "2.04", "2014-03-31": "2.05", "2013-12-31": "2.09", "2013-09-30": "2.09", "2013-06-30": "2.01", "2013-03-31": "1.95", "2012-12-31": "2.06", "2012-09-30": "1.83", "2012-06-30": "1.84", "2012-03-31": "1.78", "2011-12-31": "1.72", "2011-09-30": "1.69", "2011-06-30": "1.83", "2011-03-31": "1.77", "2010-12-31": "1.74", "2010-09-30": "1.57", "2010-06-30": "1.50", "2010-03-31": "1.43", "2009-12-31": "1.49", "2009-09-30": "1.54", "2009-06-30": "1.65", "2009-03-31": "1.60", "2008-12-31": "1.23", "2008-09-30": "1.39", "2008-06-30": "1.48", "2008-03-31": "1.50", "2007-12-31": "1.50", "2007-09-30": "1.58", "2007-06-30": "1.60", "2007-03-31": "1.63", "2006-12-31": "1.62", "2006-09-30": "1.77", "2006-06-30": "1.81", "2006-03-31": "1.74", "2005-12-31": "1.63", "2005-09-30": "1.73", "2005-06-30": "1.68", "2005-03-31": "1.62"}, "quick ratio": {"2020-09-30": "1.25", "2020-06-30": "0.96", "2020-03-31": "0.70", "2019-12-31": "0.68", "2019-09-30": "0.97", "2019-06-30": "0.97", "2019-03-31": "1.14", "2018-12-31": "1.67", "2018-09-30": "1.05", "2018-06-30": "1.15", "2018-03-31": "1.21", "2017-12-31": "1.26", "2017-09-30": "1.38", "2017-06-30": "1.32", "2017-03-31": "1.25", "2016-12-31": "1.29", "2016-09-30": "1.33", "2016-06-30": "1.41", "2016-03-31": "1.37", "2015-12-31": "1.54", "2015-09-30": "1.29", "2015-06-30": "1.31", "2015-03-31": "1.32", "2014-12-31": "1.40", "2014-09-30": "1.38", "2014-06-30": "1.29", "2014-03-31": "1.31", "2013-12-31": "1.39", "2013-09-30": "1.34", "2013-06-30": "1.31", "2013-03-31": "1.20", "2012-12-31": "1.32", "2012-09-30": "1.16", "2012-06-30": "1.17", "2012-03-31": "1.12", "2011-12-31": "1.16", "2011-09-30": "1.04", "2011-06-30": "1.12", "2011-03-31": "1.14", "2010-12-31": "1.23", "2010-09-30": "1.02", "2010-06-30": "0.99", "2010-03-31": "0.96", "2009-12-31": "0.97", "2009-09-30": "0.98", "2009-06-30": "1.05", "2009-03-31": "0.99", "2008-12-31": "0.77", "2008-09-30": "0.86", "2008-06-30": "0.95", "2008-03-31": "0.93", "2007-12-31": "0.95", "2007-09-30": "1.00", "2007-06-30": "1.02", "2007-03-31": "1.08", "2006-12-31": "1.05", "2006-09-30": "1.17", "2006-06-30": "1.20", "2006-03-31": "1.14", "2005-12-31": "1.13", "2005-09-30": "1.17", "2005-06-30": "1.14", "2005-03-31": "1.12"}, "debt equity ratio": {"current": "0.57", "2020-09-30": "0.89", "2020-06-30": "0.78", "2020-03-31": "0.70", "2019-12-31": "0.67", "2019-09-30": "0.67", "2019-06-30": "0.66", "2019-03-31": "1.02", "2018-12-31": "0.96", "2018-09-30": "0.85", "2018-06-30": "0.88", "2018-03-31": "0.87", "2017-12-31": "0.89", "2017-09-30": "0.90", "2017-06-30": "1.78", "2017-03-31": "1.85", "2016-12-31": "1.92", "2016-09-30": "1.66", "2016-06-30": "1.70", "2016-03-31": "1.59", "2015-12-31": "1.60", "2015-09-30": "1.78", "2015-06-30": "1.84", "2015-03-31": "1.92", "2014-12-31": "1.94", "2014-09-30": "1.61", "2014-06-30": "1.48", "2014-03-31": "1.50", "2013-12-31": "1.49", "2013-09-30": "1.81", "2013-06-30": "1.90", "2013-03-31": "2.15", "2012-12-31": "2.18", "2012-09-30": "1.78", "2012-06-30": "1.84", "2012-03-31": "1.89", "2011-12-31": "1.97", "2011-09-30": "1.66", "2011-06-30": "1.73", "2011-03-31": "1.87", "2010-12-31": "2.07", "2010-09-30": "1.92", "2010-06-30": "2.05", "2010-03-31": "2.20", "2009-12-31": "2.13", "2009-09-30": "2.16", "2009-06-30": "2.27", "2009-03-31": "2.35", "2008-12-31": "2.35", "2008-09-30": "1.62", "2008-06-30": "1.59", "2008-03-31": "1.51", "2007-12-31": "1.52", "2007-09-30": "1.64", "2007-06-30": "1.63", "2007-03-31": "1.66", "2006-12-31": "1.67", "2006-09-30": "1.77", "2006-06-30": "1.75", "2006-03-31": "1.85", "2005-12-31": "2.00", "2005-09-30": "2.12", "2005-06-30": "2.20", "2005-03-31": "2.44"}, "return on equity": {"2020-09-30": "-7.62%", "2020-06-30": "-6.32%", "2020-03-31": "-1.54%", "2019-12-31": "0.90%", "2019-09-30": "1.16%", "2019-06-30": "1.11%", "2019-03-31": "3.35%", "2018-12-31": "3.86%", "2018-09-30": "1.79%", "2018-06-30": "1.78%", "2018-03-31": "1.62%", "2017-12-31": "1.75%", "2017-09-30": "5.67%", "2017-06-30": "10.03%", "2017-03-31": "16.18%", "2016-12-31": "13.93%", "2016-09-30": "26.64%", "2016-06-30": "30.03%", "2016-03-31": "23.95%", "2015-12-31": "29.67%", "2015-09-30": "18.93%", "2015-06-30": "16.84%", "2015-03-31": "15.29%", "2014-12-31": "13.01%", "2014-09-30": "13.30%", "2014-06-30": "12.56%", "2014-03-31": "18.54%", "2013-12-31": "17.94%", "2013-09-30": "11.90%", "2013-06-30": "11.49%", "2013-03-31": "4.21%", "2012-12-31": "3.54%", "2012-09-30": "6.37%", "2012-06-30": "7.68%", "2012-03-31": "8.98%", "2011-12-31": "9.87%", "2011-09-30": "11.79%", "2011-06-30": "10.82%", "2011-03-31": "9.44%", "2010-12-31": "9.01%", "2010-09-30": "7.59%", "2010-06-30": "8.65%", "2010-03-31": "3.72%", "2009-12-31": "1.77%", "2009-09-30": "-7.64%", "2009-06-30": "-9.60%", "2009-03-31": "-2.05%", "2008-12-31": "3.17%", "2008-09-30": "13.21%", "2008-06-30": "13.26%", "2008-03-31": "15.13%", "2007-12-31": "15.90%", "2007-09-30": "19.29%", "2007-06-30": "20.28%", "2007-03-31": "20.49%", "2006-12-31": "22.34%", "2006-09-30": "23.69%", "2006-06-30": "26.33%", "2006-03-31": "29.16%", "2005-12-31": "31.46%"}, "return on assets": {"2020-09-30": "-4.34%", "2020-06-30": "-3.71%", "2020-03-31": "-0.92%", "2019-12-31": "0.50%", "2019-09-30": "0.61%", "2019-06-30": "0.58%", "2019-03-31": "1.74%", "2018-12-31": "2.04%", "2018-09-30": "0.96%", "2018-06-30": "0.95%", "2018-03-31": "0.83%", "2017-12-31": "0.84%", "2017-09-30": "2.44%", "2017-06-30": "3.58%", "2017-03-31": "5.83%", "2016-12-31": "5.13%", "2016-09-30": "10.10%", "2016-06-30": "11.27%", "2016-03-31": "8.88%", "2015-12-31": "10.69%", "2015-09-30": "6.60%", "2015-06-30": "5.98%", "2015-03-31": "5.62%", "2014-12-31": "4.97%", "2014-09-30": "5.29%", "2014-06-30": "4.90%", "2014-03-31": "6.97%", "2013-12-31": "6.37%", "2013-09-30": "3.96%", "2013-06-30": "3.84%", "2013-03-31": "1.41%", "2012-12-31": "1.21%", "2012-09-30": "2.22%", "2012-06-30": "2.70%", "2012-03-31": "3.19%", "2011-12-31": "3.52%", "2011-09-30": "4.17%", "2011-06-30": "3.74%", "2011-03-31": "3.17%", "2010-12-31": "2.94%", "2010-09-30": "2.47%", "2010-06-30": "2.76%", "2010-03-31": "1.17%", "2009-12-31": "0.55%", "2009-09-30": "-2.34%", "2009-06-30": "-3.08%", "2009-03-31": "-0.70%", "2008-12-31": "1.17%", "2008-09-30": "5.16%", "2008-06-30": "5.17%", "2008-03-31": "5.89%", "2007-12-31": "6.10%", "2007-09-30": "7.28%", "2007-06-30": "7.56%", "2007-03-31": "7.56%", "2006-12-31": "8.10%", "2006-09-30": "8.35%", "2006-06-30": "9.02%", "2006-03-31": "9.61%", "2005-12-31": "9.89%"}, "return on investments": {"2020-09-30": "-4.04%", "2020-06-30": "-3.36%", "2020-03-31": "-0.46%", "2019-12-31": "0.15%", "2019-09-30": "-2.18%", "2019-06-30": "-2.26%", "2019-03-31": "-1.21%", "2018-12-31": "0.17%", "2018-09-30": "-3.44%", "2018-06-30": "-2.53%", "2018-03-31": "-1.26%", "2017-12-31": "-2.07%", "2017-09-30": "5.82%", "2017-06-30": "8.52%", "2017-03-31": "11.44%", "2016-12-31": "10.05%", "2016-09-30": "20.27%", "2016-06-30": "22.93%", "2016-03-31": "19.41%", "2015-12-31": "24.23%", "2015-09-30": "16.90%", "2015-06-30": "14.71%", "2015-03-31": "14.17%", "2014-12-31": "12.10%", "2014-09-30": "12.25%", "2014-06-30": "11.37%", "2014-03-31": "16.09%", "2013-12-31": "16.10%", "2013-09-30": "11.63%", "2013-06-30": "11.85%", "2013-03-31": "6.70%", "2012-12-31": "5.55%", "2012-09-30": "7.94%", "2012-06-30": "8.11%", "2012-03-31": "8.55%", "2011-12-31": "8.64%", "2011-09-30": "9.20%", "2011-06-30": "8.83%", "2011-03-31": "7.99%", "2010-12-31": "7.67%", "2010-09-30": "6.90%", "2010-06-30": "7.95%", "2010-03-31": "4.91%", "2009-12-31": "3.69%", "2009-09-30": "-1.21%", "2009-06-30": "-4.04%", "2009-03-31": "0.07%", "2008-12-31": "4.01%", "2008-09-30": "10.03%", "2008-06-30": "11.69%", "2008-03-31": "13.04%", "2007-12-31": "13.53%", "2007-09-30": "17.33%", "2007-06-30": "15.59%", "2007-03-31": "15.77%", "2006-12-31": "17.37%", "2006-09-30": "19.37%", "2006-06-30": "21.92%", "2006-03-31": "23.60%", "2005-12-31": "24.62%"}, "return on tangible equity": {"2020-09-30": "66.19%", "2020-06-30": "51.42%", "2020-03-31": "12.83%", "2019-12-31": "-19.53%", "2019-09-30": "7.60%", "2019-06-30": "6.66%", "2019-03-31": "19.00%", "2018-12-31": "20.94%", "2018-09-30": "20.20%", "2018-06-30": "19.51%", "2018-03-31": "14.73%", "2017-12-31": "13.26%", "2017-09-30": "33.88%", "2017-06-30": "38.76%", "2017-03-31": "62.91%", "2016-12-31": "47.61%", "2016-09-30": "79.55%", "2016-06-30": "84.18%", "2016-03-31": "63.89%", "2015-12-31": "83.68%", "2015-09-30": "57.53%", "2015-06-30": "50.58%", "2015-03-31": "43.86%", "2014-12-31": "35.66%", "2014-09-30": "34.57%", "2014-06-30": "33.88%", "2014-03-31": "53.41%", "2013-12-31": "58.46%", "2013-09-30": "46.07%", "2013-06-30": "45.77%", "2013-03-31": "17.23%", "2012-12-31": "13.96%", "2012-09-30": "24.60%", "2012-06-30": "29.98%", "2012-03-31": "35.16%", "2011-12-31": "39.80%", "2011-09-30": "49.56%", "2011-06-30": "50.82%", "2011-03-31": "52.71%", "2010-12-31": "60.62%", "2010-09-30": "60.41%", "2010-06-30": "77.18%", "2010-03-31": "36.75%", "2009-12-31": "8.81%", "2009-09-30": "-22.99%", "2009-06-30": "-18.29%", "2009-03-31": "-2.77%", "2008-12-31": "4.17%", "2008-09-30": "17.01%", "2008-06-30": "17.09%", "2008-03-31": "19.60%", "2007-12-31": "20.59%", "2007-09-30": "24.92%", "2007-06-30": "26.04%", "2007-03-31": "26.12%", "2006-12-31": "28.57%", "2006-09-30": "30.45%", "2006-06-30": "34.14%", "2006-03-31": "38.38%", "2005-12-31": "42.07%"}, "dividend yield history": {"last payout": "$1.20", "last yield": "1.58%"}}