{"ticker": "DXC", "price": {"title": "DXC Technology Historical Annual Stock Price Data", "value": 25.63, "historical": {"2020": {"Average Stock Price": "20.4558", "Year Open": "36.7600", "Year High": "36.7600", "Year Low": "9.3100", "Year Close": "25.7500", "Annual % Change": "-31.50%"}, "2019": {"Average Stock Price": "49.0500", "Year Open": "54.4900", "Year High": "69.2100", "Year Low": "26.3300", "Year Close": "37.5900", "Annual % Change": "-29.30%"}, "2018": {"Average Stock Price": "88.3985", "Year Open": "95.0500", "Year High": "107.3100", "Year Low": "50.0300", "Year Close": "53.1700", "Annual % Change": "-43.97%"}, "2017": {"Average Stock Price": "84.0269", "Year Open": "67.9500", "Year High": "99.0200", "Year Low": "67.9500", "Year Close": "94.9000", "Annual % Change": "0.00%"}}}, "market cap": {"value": "$6.73B"}, "income statement": {"Revenue": {"2020-03-31": "19577.00000", "2019-03-31": "20753.00000", "2018-03-31": "21733.00000", "2017-03-31": "7607.00000", "2016-03-31": "7106.00000", "2015-03-31": "8117.00000", "2014-03-31": "8899.00000", "2013-03-31": "14195.00000", "2012-03-31": "14673.00000", "2011-03-31": "15582.00000", "2010-03-31": "15921.00000", "2009-03-31": "16432.00000", "2008-03-31": "16500.00000", "2007-03-31": "14854.90000", "2006-03-31": "14644.80000", "2005-03-31": "14080.00000"}, "Cost Of Goods Sold": {"2020-03-31": "14901.00000", "2019-03-31": "14946.00000", "2018-03-31": "16317.00000", "2017-03-31": "5549.00000", "2016-03-31": "5185.00000", "2015-03-31": "6159.00000", "2014-03-31": "6032.00000", "2013-03-31": "11293.00000", "2012-03-31": "12870.00000", "2011-03-31": "12578.00000", "2010-03-31": "12618.00000", "2009-03-31": "13000.00000", "2008-03-31": "13150.00000", "2007-03-31": "11813.50000", "2006-03-31": "11724.50000", "2005-03-31": "11320.10000"}, "Gross Profit": {"2020-03-31": "4676.00000", "2019-03-31": "5807.00000", "2018-03-31": "5416.00000", "2017-03-31": "2058.00000", "2016-03-31": "1921.00000", "2015-03-31": "1958.00000", "2014-03-31": "2867.00000", "2013-03-31": "2902.00000", "2012-03-31": "1803.00000", "2011-03-31": "3004.00000", "2010-03-31": "3303.00000", "2009-03-31": "3432.00000", "2008-03-31": "3350.00000", "2007-03-31": "3041.40000", "2006-03-31": "2920.30000", "2005-03-31": "2759.90000"}, "Research And Development Expenses": {"2020-03-31": "", "2019-03-31": "", "2018-03-31": "", "2017-03-31": "", "2016-03-31": "", "2015-03-31": "", "2014-03-31": "", "2013-03-31": "", "2012-03-31": "", "2011-03-31": "", "2010-03-31": "", "2009-03-31": "", "2008-03-31": "", "2007-03-31": "", "2006-03-31": "", "2005-03-31": ""}, "SG&A Expenses": {"2020-03-31": "2050.00000", "2019-03-31": "1959.00000", "2018-03-31": "1890.00000", "2017-03-31": "1282.00000", "2016-03-31": "1059.00000", "2015-03-31": "1417.00000", "2014-03-31": "1099.00000", "2013-03-31": "1197.00000", "2012-03-31": "1145.00000", "2011-03-31": "949.00000", "2010-03-31": "981.00000", "2009-03-31": "1071.00000", "2008-03-31": "975.00000", "2007-03-31": "918.30000", "2006-03-31": "863.80000", "2005-03-31": "856.70000"}, "Other Operating Income Or Expenses": {"2020-03-31": "", "2019-03-31": "", "2018-03-31": "", "2017-03-31": "", "2016-03-31": "-95.00000", "2015-03-31": "0.00000", "2014-03-31": "0.00000", "2013-03-31": "", "2012-03-31": "", "2011-03-31": "", "2010-03-31": "", "2009-03-31": "", "2008-03-31": "", "2007-03-31": "", "2006-03-31": "", "2005-03-31": ""}, "Operating Expenses": {"2020-03-31": "18893.00000", "2019-03-31": "18873.00000", "2018-03-31": "20002.00000", "2017-03-31": "7478.00000", "2016-03-31": "6997.00000", "2015-03-31": "8416.00000", "2014-03-31": "8001.00000", "2013-03-31": "13560.00000", "2012-03-31": "15154.00000", "2011-03-31": "14595.00000", "2010-03-31": "14694.00000", "2009-03-31": "15250.00000", "2008-03-31": "15324.00000", "2007-03-31": "13805.40000", "2006-03-31": "13680.10000", "2005-03-31": "13227.80000"}, "Operating Income": {"2020-03-31": "684.00000", "2019-03-31": "1880.00000", "2018-03-31": "1731.00000", "2017-03-31": "129.00000", "2016-03-31": "109.00000", "2015-03-31": "-299.00000", "2014-03-31": "898.00000", "2013-03-31": "635.00000", "2012-03-31": "-481.00000", "2011-03-31": "987.00000", "2010-03-31": "1227.00000", "2009-03-31": "1182.00000", "2008-03-31": "1176.00000", "2007-03-31": "1049.50100", "2006-03-31": "964.70020", "2005-03-31": "852.20020"}, "Total Non-Operating Income/Expense": {"2020-03-31": "-5912.00000", "2019-03-31": "-365.00000", "2018-03-31": "-427.00000", "2017-03-31": "-303.00000", "2016-03-31": "-99.00000", "2015-03-31": "-372.00000", "2014-03-31": "-204.00000", "2013-03-31": "-400.00000", "2012-03-31": "-511.00000", "2011-03-31": "-109.00000", "2010-03-31": "-205.00000", "2009-03-31": "-232.00000", "2008-03-31": "-244.00000", "2007-03-31": "-443.20000", "2006-03-31": "-202.90000", "2005-03-31": "-171.90000"}, "Pre-Tax Income": {"2020-03-31": "-5228.00000", "2019-03-31": "1515.00000", "2018-03-31": "1304.00000", "2017-03-31": "-174.00000", "2016-03-31": "10.00000", "2015-03-31": "-671.00000", "2014-03-31": "694.00000", "2013-03-31": "235.00000", "2012-03-31": "-992.00000", "2011-03-31": "878.00000", "2010-03-31": "1022.00000", "2009-03-31": "950.00000", "2008-03-31": "932.00000", "2007-03-31": "606.30000", "2006-03-31": "761.80000", "2005-03-31": "680.30000"}, "Income Taxes": {"2020-03-31": "130.00000", "2019-03-31": "288.00000", "2018-03-31": "-242.00000", "2017-03-31": "-74.00000", "2016-03-31": "-62.00000", "2015-03-31": "-464.00000", "2014-03-31": "174.00000", "2013-03-31": "-62.00000", "2012-03-31": "-228.00000", "2011-03-31": "202.00000", "2010-03-31": "192.00000", "2009-03-31": "-173.00000", "2008-03-31": "373.00000", "2007-03-31": "209.00000", "2006-03-31": "319.50000", "2005-03-31": "236.00000"}, "Income After Taxes": {"2020-03-31": "-5358.00000", "2019-03-31": "1227.00000", "2018-03-31": "1546.00000", "2017-03-31": "-100.00000", "2016-03-31": "72.00000", "2015-03-31": "-207.00000", "2014-03-31": "520.00000", "2013-03-31": "297.00000", "2012-03-31": "-764.00000", "2011-03-31": "676.00000", "2010-03-31": "830.00000", "2009-03-31": "1123.00000", "2008-03-31": "559.00000", "2007-03-31": "397.30000", "2006-03-31": "442.30000", "2005-03-31": "444.30000"}, "Other Income": {"2020-03-31": "", "2019-03-31": "", "2018-03-31": "", "2017-03-31": "", "2016-03-31": "", "2015-03-31": "", "2014-03-31": "", "2013-03-31": "", "2012-03-31": "", "2011-03-31": "", "2010-03-31": "", "2009-03-31": "", "2008-03-31": "", "2007-03-31": "", "2006-03-31": "", "2005-03-31": ""}, "Income From Continuous Operations": {"2020-03-31": "-5358.00000", "2019-03-31": "1227.00000", "2018-03-31": "1546.00000", "2017-03-31": "-100.00000", "2016-03-31": "72.00000", "2015-03-31": "-207.00000", "2014-03-31": "520.00000", "2013-03-31": "297.00000", "2012-03-31": "-764.00000", "2011-03-31": "676.00000", "2010-03-31": "830.00000", "2009-03-31": "1123.00000", "2008-03-31": "559.00000", "2007-03-31": "397.30000", "2006-03-31": "442.30000", "2005-03-31": "444.30000"}, "Income From Discontinued Operations": {"2020-03-31": "0.00000", "2019-03-31": "35.00000", "2018-03-31": "236.00000", "2017-03-31": "0.00000", "2016-03-31": "191.00000", "2015-03-31": "224.00000", "2014-03-31": "448.00000", "2013-03-31": "482.00000", "2012-03-31": "162.00000", "2011-03-31": "83.00000", "2010-03-31": "4.00000", "2009-03-31": "0.00000", "2008-03-31": "", "2007-03-31": "", "2006-03-31": "57.60000", "2005-03-31": "313.80000"}, "Net Income": {"2020-03-31": "-5369.00000", "2019-03-31": "1257.00000", "2018-03-31": "1751.00000", "2017-03-31": "-123.00000", "2016-03-31": "251.00000", "2015-03-31": "2.00000", "2014-03-31": "947.00000", "2013-03-31": "760.00000", "2012-03-31": "-616.00000", "2011-03-31": "740.00000", "2010-03-31": "817.00000", "2009-03-31": "1115.00000", "2008-03-31": "545.00000", "2007-03-31": "397.30000", "2006-03-31": "495.60000", "2005-03-31": "758.10000"}, "EBITDA": {"2020-03-31": "9434.00000", "2019-03-31": "3893.00000", "2018-03-31": "3741.00000", "2017-03-31": "804.00000", "2016-03-31": "876.00000", "2015-03-31": "678.00000", "2014-03-31": "1916.00000", "2013-03-31": "1705.00000", "2012-03-31": "890.00000", "2011-03-31": "2127.00000", "2010-03-31": "2383.00000", "2009-03-31": "2452.00000", "2008-03-31": "2462.00000", "2007-03-31": "2211.50100", "2006-03-31": "2152.20000", "2005-03-31": "1997.70000"}, "EBIT": {"2020-03-31": "684.00000", "2019-03-31": "1880.00000", "2018-03-31": "1731.00000", "2017-03-31": "129.00000", "2016-03-31": "109.00000", "2015-03-31": "-299.00000", "2014-03-31": "898.00000", "2013-03-31": "635.00000", "2012-03-31": "-481.00000", "2011-03-31": "987.00000", "2010-03-31": "1227.00000", "2009-03-31": "1182.00000", "2008-03-31": "1176.00000", "2007-03-31": "1049.50100", "2006-03-31": "964.70020", "2005-03-31": "852.20020"}, "Basic Shares Outstanding": {"2020-03-31": "258.57000", "2019-03-31": "277.54000", "2018-03-31": "284.93000", "2017-03-31": "140.39000", "2016-03-31": "138.28000", "2015-03-31": "142.56000", "2014-03-31": "147.65000", "2013-03-31": "154.59000", "2012-03-31": "155.01200", "2011-03-31": "154.48800", "2010-03-31": "152.46200", "2009-03-31": "151.38800", "2008-03-31": "167.23300", "2007-03-31": "176.26300", "2006-03-31": "185.69300", "2005-03-31": "189.57500"}, "Shares Outstanding": {"2020-03-31": "258.57000", "2019-03-31": "281.43000", "2018-03-31": "289.77000", "2017-03-31": "140.39000", "2016-03-31": "141.33000", "2015-03-31": "142.56000", "2014-03-31": "150.76000", "2013-03-31": "155.55700", "2012-03-31": "155.01200", "2011-03-31": "156.60500", "2010-03-31": "154.75400", "2009-03-31": "152.61400", "2008-03-31": "170.16800", "2007-03-31": "179.73300", "2006-03-31": "187.98400", "2005-03-31": "191.93600"}, "Basic EPS": {"2020-03-31": "-20.76000", "2019-03-31": "4.53000", "2018-03-31": "6.15000", "2017-03-31": "-0.88000", "2016-03-31": "1.82000", "2015-03-31": "0.01000", "2014-03-31": "6.41000", "2013-03-31": "4.92000", "2012-03-31": "-3.97000", "2011-03-31": "4.79000", "2010-03-31": "5.36000", "2009-03-31": "7.37000", "2008-03-31": "3.26000", "2007-03-31": "2.25000", "2006-03-31": "2.67000", "2005-03-31": "4.00000"}, "EPS - Earnings Per Share": {"2020-03-31": "-20.76000", "2019-03-31": "4.47000", "2018-03-31": "6.04000", "2017-03-31": "-0.88000", "2016-03-31": "1.78000", "2015-03-31": "0.01000", "2014-03-31": "6.28000", "2013-03-31": "4.92000", "2012-03-31": "-3.97000", "2011-03-31": "4.73000", "2010-03-31": "5.28000", "2009-03-31": "7.31000", "2008-03-31": "3.20000", "2007-03-31": "2.21000", "2006-03-31": "2.64000", "2005-03-31": "3.95000"}}, "income statement, quarterly": {"Revenue": {"2020-12-31": "4288.00000", "2020-09-30": "4554.00000", "2020-06-30": "4502.00000", "2020-03-31": "4815.00000", "2019-12-31": "5021.00000", "2019-09-30": "4851.00000", "2019-06-30": "4890.00000", "2019-03-31": "5280.00000", "2018-12-31": "5178.00000", "2018-09-30": "5013.00000", "2018-06-30": "5282.00000", "2018-03-31": "5584.00000", "2017-12-31": "5460.00000", "2017-09-30": "5453.00000", "2017-06-30": "5236.00000", "2017-03-31": "1889.00000", "2016-12-31": "1917.00000", "2016-09-30": "1871.00000", "2016-06-30": "1930.00000", "2016-03-31": "1807.00000", "2015-12-31": "1750.00000", "2015-09-30": "1745.00000", "2015-06-30": "1804.00000", "2015-03-31": "1910.00000", "2014-12-31": "1949.00000", "2014-09-30": "3080.00000", "2014-06-30": "3237.00000", "2014-03-31": "3329.00000", "2013-12-31": "3228.00000", "2013-09-30": "3187.00000", "2013-06-30": "3254.00000", "2013-03-31": "3498.00000", "2012-12-31": "3536.00000", "2012-09-30": "3528.00000", "2012-06-30": "3633.00000", "2012-03-31": "2987.00000", "2011-12-31": "3687.00000", "2011-09-30": "3966.00000", "2011-06-30": "4033.00000", "2011-03-31": "3742.00000", "2010-12-31": "3995.00000", "2010-09-30": "3935.00000", "2010-06-30": "3910.00000", "2010-03-31": "4029.00000", "2009-12-31": "3953.00000", "2009-09-30": "4041.00000", "2009-06-30": "3898.00000", "2009-03-31": "3804.00000", "2008-12-31": "3952.00000", "2008-09-30": "4239.00000", "2008-06-30": "4437.00000", "2008-03-31": "4484.90000", "2007-12-31": "4160.00000", "2007-09-30": "4017.20000", "2007-06-30": "3837.90000", "2007-03-31": "4044.10100", "2006-12-31": "3640.60000", "2006-09-30": "3609.10000", "2006-06-30": "3561.10000", "2006-03-31": "3912.70000", "2005-12-31": "3577.00000", "2005-09-30": "3572.60000", "2005-06-30": "3582.50000", "2005-03-31": "3899.90000"}, "Cost Of Goods Sold": {"2020-12-31": "3333.00000", "2020-09-30": "3563.00000", "2020-06-30": "3629.00000", "2020-03-31": "3773.00000", "2019-12-31": "3827.00000", "2019-09-30": "3679.00000", "2019-06-30": "3622.00000", "2019-03-31": "3836.00000", "2018-12-31": "3725.00000", "2018-09-30": "3518.00000", "2018-06-30": "3867.00000", "2018-03-31": "4087.00000", "2017-12-31": "4051.00000", "2017-09-30": "3870.00000", "2017-06-30": "4309.00000", "2017-03-31": "1418.00000", "2016-12-31": "1347.00000", "2016-09-30": "1363.00000", "2016-06-30": "1421.00000", "2016-03-31": "1460.00000", "2015-12-31": "1216.00000", "2015-09-30": "1237.00000", "2015-06-30": "1272.00000", "2015-03-31": "1618.00000", "2014-12-31": "1572.00000", "2014-09-30": "2207.00000", "2014-06-30": "2364.00000", "2014-03-31": "2257.00000", "2013-12-31": "2261.00000", "2013-09-30": "2317.00000", "2013-06-30": "2437.00000", "2013-03-31": "2836.00000", "2012-12-31": "2767.00000", "2012-09-30": "2713.00000", "2012-06-30": "2977.00000", "2012-03-31": "1528.00000", "2011-12-31": "4467.00000", "2011-09-30": "3510.00000", "2011-06-30": "3365.00000", "2011-03-31": "3039.00000", "2010-12-31": "3221.00000", "2010-09-30": "3148.00000", "2010-06-30": "3170.00000", "2010-03-31": "3142.00000", "2009-12-31": "3105.00000", "2009-09-30": "3215.00000", "2009-06-30": "3156.00000", "2009-03-31": "2903.00000", "2008-12-31": "3085.00000", "2008-09-30": "3410.00000", "2008-06-30": "3602.00000", "2008-03-31": "3496.50000", "2007-12-31": "3301.60000", "2007-09-30": "3253.80000", "2007-06-30": "3098.10000", "2007-03-31": "3139.50000", "2006-12-31": "2901.00000", "2006-09-30": "2893.70000", "2006-06-30": "2879.30000", "2006-03-31": "3068.40000", "2005-12-31": "2851.40000", "2005-09-30": "2878.00000", "2005-06-30": "2926.70000", "2005-03-31": "3099.79900"}, "Gross Profit": {"2020-12-31": "955.00000", "2020-09-30": "991.00000", "2020-06-30": "873.00000", "2020-03-31": "1042.00000", "2019-12-31": "1194.00000", "2019-09-30": "1172.00000", "2019-06-30": "1268.00000", "2019-03-31": "1444.00000", "2018-12-31": "1453.00000", "2018-09-30": "1495.00000", "2018-06-30": "1415.00000", "2018-03-31": "1497.00000", "2017-12-31": "1409.00000", "2017-09-30": "1583.00000", "2017-06-30": "927.00000", "2017-03-31": "471.00000", "2016-12-31": "570.00000", "2016-09-30": "508.00000", "2016-06-30": "509.00000", "2016-03-31": "347.00000", "2015-12-31": "534.00000", "2015-09-30": "508.00000", "2015-06-30": "532.00000", "2015-03-31": "292.00000", "2014-12-31": "377.00000", "2014-09-30": "873.00000", "2014-06-30": "873.00000", "2014-03-31": "1072.00000", "2013-12-31": "967.00000", "2013-09-30": "870.00000", "2013-06-30": "817.00000", "2013-03-31": "662.00000", "2012-12-31": "769.00000", "2012-09-30": "815.00000", "2012-06-30": "656.00000", "2012-03-31": "1459.00000", "2011-12-31": "-780.00000", "2011-09-30": "456.00000", "2011-06-30": "668.00000", "2011-03-31": "703.00000", "2010-12-31": "774.00000", "2010-09-30": "787.00000", "2010-06-30": "740.00000", "2010-03-31": "887.00000", "2009-12-31": "848.00000", "2009-09-30": "826.00000", "2009-06-30": "742.00000", "2009-03-31": "901.00000", "2008-12-31": "867.00000", "2008-09-30": "829.00000", "2008-06-30": "835.00000", "2008-03-31": "988.39940", "2007-12-31": "858.39990", "2007-09-30": "763.39990", "2007-06-30": "739.79980", "2007-03-31": "904.60080", "2006-12-31": "739.60010", "2006-09-30": "715.40010", "2006-06-30": "681.80000", "2006-03-31": "844.30000", "2005-12-31": "725.60010", "2005-09-30": "694.60010", "2005-06-30": "655.80000", "2005-03-31": "800.10130"}, "Research And Development Expenses": {"2020-12-31": "", "2020-09-30": "", "2020-06-30": "", "2020-03-31": "", "2019-12-31": "", "2019-09-30": "", "2019-06-30": "", "2019-03-31": "", "2018-12-31": "", "2018-09-30": "", "2018-06-30": "", "2018-03-31": "", "2017-12-31": "", "2017-09-30": "", "2017-06-30": "", "2017-03-31": "", "2016-12-31": "", "2016-09-30": "", "2016-06-30": "", "2016-03-31": "", "2015-12-31": "", "2015-09-30": "", "2015-06-30": "", "2015-03-31": "", "2014-12-31": "", "2014-09-30": "", "2014-06-30": "", "2014-03-31": "", "2013-12-31": "", "2013-09-30": "", "2013-06-30": "", "2013-03-31": "", "2012-12-31": "", "2012-09-30": "", "2012-06-30": "", "2012-03-31": "", "2011-12-31": "", "2011-09-30": "", "2011-06-30": "", "2011-03-31": "", "2010-12-31": "", "2010-09-30": "", "2010-06-30": "", "2010-03-31": "", "2009-12-31": "", "2009-09-30": "", "2009-06-30": "", "2009-03-31": "", "2008-12-31": "", "2008-09-30": "", "2008-06-30": "", "2008-03-31": "", "2007-12-31": "", "2007-09-30": "", "2007-06-30": "", "2007-03-31": "", "2006-12-31": "", "2006-09-30": "", "2006-06-30": "", "2006-03-31": "", "2005-12-31": "", "2005-09-30": "", "2005-06-30": "", "2005-03-31": ""}, "SG&A Expenses": {"2020-12-31": "517.00000", "2020-09-30": "539.00000", "2020-06-30": "539.00000", "2020-03-31": "536.00000", "2019-12-31": "518.00000", "2019-09-30": "489.00000", "2019-06-30": "507.00000", "2019-03-31": "459.00000", "2018-12-31": "491.00000", "2018-09-30": "569.00000", "2018-06-30": "440.00000", "2018-03-31": "406.00000", "2017-12-31": "447.00000", "2017-09-30": "644.00000", "2017-06-30": "393.00000", "2017-03-31": "351.00000", "2016-12-31": "333.00000", "2016-09-30": "293.00000", "2016-06-30": "305.00000", "2016-03-31": "251.00000", "2015-12-31": "259.00000", "2015-09-30": "269.00000", "2015-06-30": "271.00000", "2015-03-31": "268.00000", "2014-12-31": "517.00000", "2014-09-30": "346.00000", "2014-06-30": "344.00000", "2014-03-31": "300.00000", "2013-12-31": "318.00000", "2013-09-30": "314.00000", "2013-06-30": "288.00000", "2013-03-31": "351.00000", "2012-12-31": "271.00000", "2012-09-30": "294.00000", "2012-06-30": "281.00000", "2012-03-31": "302.00000", "2011-12-31": "272.00000", "2011-09-30": "307.00000", "2011-06-30": "264.00000", "2011-03-31": "218.00000", "2010-12-31": "242.00000", "2010-09-30": "246.00000", "2010-06-30": "243.00000", "2010-03-31": "249.00000", "2009-12-31": "239.00000", "2009-09-30": "246.00000", "2009-06-30": "247.00000", "2009-03-31": "247.00000", "2008-12-31": "261.00000", "2008-09-30": "285.00000", "2008-06-30": "278.00000", "2008-03-31": "253.10000", "2007-12-31": "240.20000", "2007-09-30": "241.10000", "2007-06-30": "240.60000", "2007-03-31": "236.30000", "2006-12-31": "227.90000", "2006-09-30": "226.50000", "2006-06-30": "227.60000", "2006-03-31": "233.70000", "2005-12-31": "213.40000", "2005-09-30": "211.60000", "2005-06-30": "205.10000", "2005-03-31": "258.70000"}, "Other Operating Income Or Expenses": {"2020-12-31": "", "2020-09-30": "", "2020-06-30": "", "2020-03-31": "", "2019-12-31": "", "2019-09-30": "", "2019-06-30": "", "2019-03-31": "", "2018-12-31": "", "2018-09-30": "", "2018-06-30": "", "2018-03-31": "", "2017-12-31": "", "2017-09-30": "", "2017-06-30": "", "2017-03-31": "", "2016-12-31": "", "2016-09-30": "", "2016-06-30": "", "2016-03-31": "-95.00000", "2015-12-31": "", "2015-09-30": "", "2015-06-30": "", "2015-03-31": "", "2014-12-31": "", "2014-09-30": "", "2014-06-30": "", "2014-03-31": "", "2013-12-31": "", "2013-09-30": "", "2013-06-30": "", "2013-03-31": "", "2012-12-31": "", "2012-09-30": "", "2012-06-30": "", "2012-03-31": "", "2011-12-31": "", "2011-09-30": "", "2011-06-30": "", "2011-03-31": "", "2010-12-31": "", "2010-09-30": "", "2010-06-30": "", "2010-03-31": "", "2009-12-31": "", "2009-09-30": "", "2009-06-30": "", "2009-03-31": "", "2008-12-31": "", "2008-09-30": "", "2008-06-30": "", "2008-03-31": "", "2007-12-31": "", "2007-09-30": "", "2007-06-30": "", "2007-03-31": "", "2006-12-31": "", "2006-09-30": "", "2006-06-30": "", "2006-03-31": "", "2005-12-31": "", "2005-09-30": "", "2005-06-30": "", "2005-03-31": ""}, "Operating Expenses": {"2020-12-31": "4325.00000", "2020-09-30": "4627.00000", "2020-06-30": "4660.00000", "2020-03-31": "4835.00000", "2019-12-31": "4824.00000", "2019-09-30": "4635.00000", "2019-06-30": "4599.00000", "2019-03-31": "4800.00000", "2018-12-31": "4724.00000", "2018-09-30": "4571.00000", "2018-06-30": "4778.00000", "2018-03-31": "5024.00000", "2017-12-31": "4938.00000", "2017-09-30": "4996.00000", "2017-06-30": "5044.00000", "2017-03-31": "1922.00000", "2016-12-31": "1841.00000", "2016-09-30": "1823.00000", "2016-06-30": "1892.00000", "2016-03-31": "1961.00000", "2015-12-31": "1636.00000", "2015-09-30": "1674.00000", "2015-06-30": "1717.00000", "2015-03-31": "2068.00000", "2014-12-31": "2294.00000", "2014-09-30": "2805.00000", "2014-06-30": "2980.00000", "2014-03-31": "2822.00000", "2013-12-31": "2830.00000", "2013-09-30": "2879.00000", "2013-06-30": "2979.00000", "2013-03-31": "3456.00000", "2012-12-31": "3306.00000", "2012-09-30": "3278.00000", "2012-06-30": "3520.00000", "2012-03-31": "2100.00000", "2011-12-31": "5040.00000", "2011-09-30": "4107.00000", "2011-06-30": "3907.00000", "2011-03-31": "3528.00000", "2010-12-31": "3732.00000", "2010-09-30": "3666.00000", "2010-06-30": "3669.00000", "2010-03-31": "3661.00000", "2009-12-31": "3624.00000", "2009-09-30": "3736.00000", "2009-06-30": "3673.00000", "2009-03-31": "3418.00000", "2008-12-31": "3628.00000", "2008-09-30": "4007.00000", "2008-06-30": "4197.00000", "2008-03-31": "4070.29900", "2007-12-31": "3848.90000", "2007-09-30": "3787.10000", "2007-06-30": "3617.70000", "2007-03-31": "3660.20000", "2006-12-31": "3390.90000", "2006-09-30": "3386.50000", "2006-06-30": "3367.80000", "2006-03-31": "3581.60100", "2005-12-31": "3332.70000", "2005-09-30": "3364.30000", "2005-06-30": "3401.50000", "2005-03-31": "3630.39900"}, "Operating Income": {"2020-12-31": "-37.00000", "2020-09-30": "-73.00000", "2020-06-30": "-158.00000", "2020-03-31": "-20.00000", "2019-12-31": "197.00000", "2019-09-30": "216.00000", "2019-06-30": "291.00000", "2019-03-31": "480.00000", "2018-12-31": "454.00000", "2018-09-30": "442.00000", "2018-06-30": "504.00000", "2018-03-31": "560.00000", "2017-12-31": "522.00000", "2017-09-30": "457.00000", "2017-06-30": "192.00000", "2017-03-31": "-33.00000", "2016-12-31": "76.00000", "2016-09-30": "48.00000", "2016-06-30": "38.00000", "2016-03-31": "-154.00000", "2015-12-31": "114.00000", "2015-09-30": "71.00000", "2015-06-30": "87.00000", "2015-03-31": "-158.00000", "2014-12-31": "-345.00000", "2014-09-30": "275.00000", "2014-06-30": "257.00000", "2014-03-31": "507.00000", "2013-12-31": "398.00000", "2013-09-30": "308.00000", "2013-06-30": "275.00000", "2013-03-31": "42.00000", "2012-12-31": "230.00000", "2012-09-30": "250.00000", "2012-06-30": "113.00000", "2012-03-31": "887.00000", "2011-12-31": "-1353.00000", "2011-09-30": "-141.00000", "2011-06-30": "126.00000", "2011-03-31": "214.00000", "2010-12-31": "263.00000", "2010-09-30": "269.00000", "2010-06-30": "241.00000", "2010-03-31": "368.00000", "2009-12-31": "329.00000", "2009-09-30": "305.00000", "2009-06-30": "225.00000", "2009-03-31": "386.00000", "2008-12-31": "324.00000", "2008-09-30": "232.00000", "2008-06-30": "240.00000", "2008-03-31": "414.60060", "2007-12-31": "311.09990", "2007-09-30": "230.09990", "2007-06-30": "220.19970", "2007-03-31": "383.90060", "2006-12-31": "249.70020", "2006-09-30": "222.60010", "2006-06-30": "193.30000", "2006-03-31": "331.09910", "2005-12-31": "244.30030", "2005-09-30": "208.30000", "2005-06-30": "181.00000", "2005-03-31": "269.50120"}, "Total Non-Operating Income/Expense": {"2020-12-31": "2015.00000", "2020-09-30": "-233.00000", "2020-06-30": "-67.00000", "2020-03-31": "-3542.00000", "2019-12-31": "-70.00000", "2019-09-30": "-2215.00000", "2019-06-30": "-85.00000", "2019-03-31": "-126.00000", "2018-12-31": "15.00000", "2018-09-30": "-110.00000", "2018-06-30": "-144.00000", "2018-03-31": "28.00000", "2017-12-31": "-181.00000", "2017-09-30": "-173.00000", "2017-06-30": "-101.00000", "2017-03-31": "-154.00000", "2016-12-31": "-26.00000", "2016-09-30": "-49.00000", "2016-06-30": "-74.00000", "2016-03-31": "-33.00000", "2015-12-31": "-36.00000", "2015-09-30": "-24.00000", "2015-06-30": "-15.00000", "2015-03-31": "-270.00000", "2014-12-31": "-41.00000", "2014-09-30": "-30.00000", "2014-06-30": "-43.00000", "2014-03-31": "-75.00000", "2013-12-31": "-40.00000", "2013-09-30": "-69.00000", "2013-06-30": "-41.00000", "2013-03-31": "-148.00000", "2012-12-31": "-86.00000", "2012-09-30": "-88.00000", "2012-06-30": "-78.00000", "2012-03-31": "2333.00000", "2011-12-31": "-106.00000", "2011-09-30": "-2713.00000", "2011-06-30": "-25.00000", "2011-03-31": "-22.00000", "2010-12-31": "-33.00000", "2010-09-30": "-24.00000", "2010-06-30": "-30.00000", "2010-03-31": "-82.00000", "2009-12-31": "-38.00000", "2009-09-30": "-45.00000", "2009-06-30": "-40.00000", "2009-03-31": "-64.00000", "2008-12-31": "-61.00000", "2008-09-30": "-46.00000", "2008-06-30": "-61.00000", "2008-03-31": "-90.20000", "2007-12-31": "-44.80000", "2007-09-30": "-58.50000", "2007-06-30": "-50.50000", "2007-03-31": "-72.10000", "2006-12-31": "-75.50000", "2006-09-30": "-81.20000", "2006-06-30": "-214.40000", "2006-03-31": "-104.40000", "2005-12-31": "-10.80000", "2005-09-30": "-68.90000", "2005-06-30": "-18.80000", "2005-03-31": "-60.60000"}, "Pre-Tax Income": {"2020-12-31": "1978.00000", "2020-09-30": "-306.00000", "2020-06-30": "-225.00000", "2020-03-31": "-3562.00000", "2019-12-31": "127.00000", "2019-09-30": "-1999.00000", "2019-06-30": "206.00000", "2019-03-31": "354.00000", "2018-12-31": "469.00000", "2018-09-30": "332.00000", "2018-06-30": "360.00000", "2018-03-31": "588.00000", "2017-12-31": "341.00000", "2017-09-30": "284.00000", "2017-06-30": "91.00000", "2017-03-31": "-187.00000", "2016-12-31": "50.00000", "2016-09-30": "-1.00000", "2016-06-30": "-36.00000", "2016-03-31": "-187.00000", "2015-12-31": "78.00000", "2015-09-30": "47.00000", "2015-06-30": "72.00000", "2015-03-31": "-428.00000", "2014-12-31": "-386.00000", "2014-09-30": "245.00000", "2014-06-30": "214.00000", "2014-03-31": "432.00000", "2013-12-31": "358.00000", "2013-09-30": "239.00000", "2013-06-30": "234.00000", "2013-03-31": "-106.00000", "2012-12-31": "144.00000", "2012-09-30": "162.00000", "2012-06-30": "35.00000", "2012-03-31": "3220.00000", "2011-12-31": "-1459.00000", "2011-09-30": "-2854.00000", "2011-06-30": "101.00000", "2011-03-31": "192.00000", "2010-12-31": "230.00000", "2010-09-30": "245.00000", "2010-06-30": "211.00000", "2010-03-31": "286.00000", "2009-12-31": "291.00000", "2009-09-30": "260.00000", "2009-06-30": "185.00000", "2009-03-31": "322.00000", "2008-12-31": "263.00000", "2008-09-30": "186.00000", "2008-06-30": "179.00000", "2008-03-31": "324.40000", "2007-12-31": "266.30000", "2007-09-30": "171.60000", "2007-06-30": "169.70000", "2007-03-31": "311.80000", "2006-12-31": "174.20000", "2006-09-30": "141.40000", "2006-06-30": "-21.10000", "2006-03-31": "226.70000", "2005-12-31": "233.50000", "2005-09-30": "139.40000", "2005-06-30": "162.20000", "2005-03-31": "208.90000"}, "Income Taxes": {"2020-12-31": "875.00000", "2020-09-30": "-60.00000", "2020-06-30": "-26.00000", "2020-03-31": "-61.00000", "2019-12-31": "37.00000", "2019-09-30": "116.00000", "2019-06-30": "38.00000", "2019-03-31": "83.00000", "2018-12-31": "3.00000", "2018-09-30": "73.00000", "2018-06-30": "129.00000", "2018-03-31": "61.00000", "2017-12-31": "-365.00000", "2017-09-30": "79.00000", "2017-06-30": "-17.00000", "2017-03-31": "-49.00000", "2016-12-31": "13.00000", "2016-09-30": "-22.00000", "2016-06-30": "-16.00000", "2016-03-31": "-86.00000", "2015-12-31": "56.00000", "2015-09-30": "-46.00000", "2015-06-30": "7.00000", "2015-03-31": "-297.00000", "2014-12-31": "-192.00000", "2014-09-30": "68.00000", "2014-06-30": "55.00000", "2014-03-31": "156.00000", "2013-12-31": "77.00000", "2013-09-30": "77.00000", "2013-06-30": "73.00000", "2013-03-31": "-156.00000", "2012-12-31": "30.00000", "2012-09-30": "46.00000", "2012-06-30": "18.00000", "2012-03-31": "-117.00000", "2011-12-31": "-38.00000", "2011-09-30": "12.00000", "2011-06-30": "-85.00000", "2011-03-31": "79.00000", "2010-12-31": "-14.00000", "2010-09-30": "71.00000", "2010-06-30": "66.00000", "2010-03-31": "26.00000", "2009-12-31": "75.00000", "2009-09-30": "39.00000", "2009-06-30": "52.00000", "2009-03-31": "-59.00000", "2008-12-31": "100.00000", "2008-09-30": "-267.00000", "2008-06-30": "53.00000", "2008-03-31": "128.30000", "2007-12-31": "87.30000", "2007-09-30": "95.80000", "2007-06-30": "61.60000", "2007-03-31": "57.60000", "2006-12-31": "60.70000", "2006-09-30": "51.90000", "2006-06-30": "38.80000", "2006-03-31": "148.60000", "2005-12-31": "74.10000", "2005-09-30": "43.30000", "2005-06-30": "53.50000", "2005-03-31": "94.40000"}, "Income After Taxes": {"2020-12-31": "1103.00000", "2020-09-30": "-246.00000", "2020-06-30": "-199.00000", "2020-03-31": "-3501.00000", "2019-12-31": "90.00000", "2019-09-30": "-2115.00000", "2019-06-30": "168.00000", "2019-03-31": "271.00000", "2018-12-31": "466.00000", "2018-09-30": "259.00000", "2018-06-30": "231.00000", "2018-03-31": "527.00000", "2017-12-31": "706.00000", "2017-09-30": "205.00000", "2017-06-30": "108.00000", "2017-03-31": "-138.00000", "2016-12-31": "37.00000", "2016-09-30": "21.00000", "2016-06-30": "-20.00000", "2016-03-31": "-101.00000", "2015-12-31": "22.00000", "2015-09-30": "93.00000", "2015-06-30": "65.00000", "2015-03-31": "-131.00000", "2014-12-31": "-194.00000", "2014-09-30": "177.00000", "2014-06-30": "159.00000", "2014-03-31": "276.00000", "2013-12-31": "281.00000", "2013-09-30": "162.00000", "2013-06-30": "161.00000", "2013-03-31": "50.00000", "2012-12-31": "114.00000", "2012-09-30": "116.00000", "2012-06-30": "17.00000", "2012-03-31": "3337.00000", "2011-12-31": "-1421.00000", "2011-09-30": "-2866.00000", "2011-06-30": "186.00000", "2011-03-31": "113.00000", "2010-12-31": "244.00000", "2010-09-30": "174.00000", "2010-06-30": "145.00000", "2010-03-31": "260.00000", "2009-12-31": "216.00000", "2009-09-30": "221.00000", "2009-06-30": "133.00000", "2009-03-31": "381.00000", "2008-12-31": "163.00000", "2008-09-30": "453.00000", "2008-06-30": "126.00000", "2008-03-31": "196.10000", "2007-12-31": "179.00000", "2007-09-30": "75.80000", "2007-06-30": "108.10000", "2007-03-31": "254.20000", "2006-12-31": "113.50000", "2006-09-30": "89.50000", "2006-06-30": "-59.90000", "2006-03-31": "78.10000", "2005-12-31": "159.40000", "2005-09-30": "96.10000", "2005-06-30": "108.70000", "2005-03-31": "114.50000"}, "Other Income": {"2020-12-31": "", "2020-09-30": "", "2020-06-30": "", "2020-03-31": "", "2019-12-31": "", "2019-09-30": "", "2019-06-30": "", "2019-03-31": "", "2018-12-31": "", "2018-09-30": "", "2018-06-30": "", "2018-03-31": "", "2017-12-31": "", "2017-09-30": "", "2017-06-30": "", "2017-03-31": "", "2016-12-31": "", "2016-09-30": "", "2016-06-30": "", "2016-03-31": "", "2015-12-31": "", "2015-09-30": "", "2015-06-30": "", "2015-03-31": "", "2014-12-31": "", "2014-09-30": "", "2014-06-30": "", "2014-03-31": "", "2013-12-31": "", "2013-09-30": "", "2013-06-30": "", "2013-03-31": "", "2012-12-31": "", "2012-09-30": "", "2012-06-30": "", "2012-03-31": "", "2011-12-31": "", "2011-09-30": "", "2011-06-30": "", "2011-03-31": "", "2010-12-31": "", "2010-09-30": "", "2010-06-30": "", "2010-03-31": "", "2009-12-31": "", "2009-09-30": "", "2009-06-30": "", "2009-03-31": "", "2008-12-31": "", "2008-09-30": "", "2008-06-30": "", "2008-03-31": "", "2007-12-31": "", "2007-09-30": "", "2007-06-30": "", "2007-03-31": "", "2006-12-31": "", "2006-09-30": "", "2006-06-30": "", "2006-03-31": "", "2005-12-31": "", "2005-09-30": "", "2005-06-30": "", "2005-03-31": ""}, "Income From Continuous Operations": {"2020-12-31": "1103.00000", "2020-09-30": "-246.00000", "2020-06-30": "-199.00000", "2020-03-31": "-3501.00000", "2019-12-31": "90.00000", "2019-09-30": "-2115.00000", "2019-06-30": "168.00000", "2019-03-31": "271.00000", "2018-12-31": "466.00000", "2018-09-30": "259.00000", "2018-06-30": "231.00000", "2018-03-31": "527.00000", "2017-12-31": "706.00000", "2017-09-30": "205.00000", "2017-06-30": "108.00000", "2017-03-31": "-138.00000", "2016-12-31": "37.00000", "2016-09-30": "21.00000", "2016-06-30": "-20.00000", "2016-03-31": "-101.00000", "2015-12-31": "22.00000", "2015-09-30": "93.00000", "2015-06-30": "65.00000", "2015-03-31": "-131.00000", "2014-12-31": "-194.00000", "2014-09-30": "177.00000", "2014-06-30": "159.00000", "2014-03-31": "276.00000", "2013-12-31": "281.00000", "2013-09-30": "162.00000", "2013-06-30": "161.00000", "2013-03-31": "50.00000", "2012-12-31": "114.00000", "2012-09-30": "116.00000", "2012-06-30": "17.00000", "2012-03-31": "3337.00000", "2011-12-31": "-1421.00000", "2011-09-30": "-2866.00000", "2011-06-30": "186.00000", "2011-03-31": "113.00000", "2010-12-31": "244.00000", "2010-09-30": "174.00000", "2010-06-30": "145.00000", "2010-03-31": "260.00000", "2009-12-31": "216.00000", "2009-09-30": "221.00000", "2009-06-30": "133.00000", "2009-03-31": "381.00000", "2008-12-31": "163.00000", "2008-09-30": "453.00000", "2008-06-30": "126.00000", "2008-03-31": "196.10000", "2007-12-31": "179.00000", "2007-09-30": "75.80000", "2007-06-30": "108.10000", "2007-03-31": "254.20000", "2006-12-31": "113.50000", "2006-09-30": "89.50000", "2006-06-30": "-59.90000", "2006-03-31": "78.10000", "2005-12-31": "159.40000", "2005-09-30": "96.10000", "2005-06-30": "108.70000", "2005-03-31": "114.50000"}, "Income From Discontinued Operations": {"2020-12-31": "", "2020-09-30": "", "2020-06-30": "", "2020-03-31": "", "2019-12-31": "", "2019-09-30": "", "2019-06-30": "", "2019-03-31": "", "2018-12-31": "0.00000", "2018-09-30": "0.00000", "2018-06-30": "35.00000", "2018-03-31": "38.00000", "2017-12-31": "73.00000", "2017-09-30": "60.00000", "2017-06-30": "65.00000", "2017-03-31": "", "2016-12-31": "", "2016-09-30": "", "2016-06-30": "", "2016-03-31": "-25.00000", "2015-12-31": "30.00000", "2015-09-30": "84.00000", "2015-06-30": "102.00000", "2015-03-31": "143.00000", "2014-12-31": "-119.00000", "2014-09-30": "-21.00000", "2014-06-30": "-8.00000", "2014-03-31": "-3.00000", "2013-12-31": "-5.00000", "2013-09-30": "80.00000", "2013-06-30": "16.00000", "2013-03-31": "36.00000", "2012-12-31": "399.00000", "2012-09-30": "22.00000", "2012-06-30": "25.00000", "2012-03-31": "133.00000", "2011-12-31": "30.00000", "2011-09-30": "0.00000", "2011-06-30": "-1.00000", "2011-03-31": "62.00000", "2010-12-31": "-1.00000", "2010-09-30": "19.00000", "2010-06-30": "3.00000", "2010-03-31": "", "2009-12-31": "", "2009-09-30": "", "2009-06-30": "", "2009-03-31": "", "2008-12-31": "", "2008-09-30": "", "2008-06-30": "", "2008-03-31": "", "2007-12-31": "", "2007-09-30": "", "2007-06-30": "", "2007-03-31": "", "2006-12-31": "", "2006-09-30": "", "2006-06-30": "", "2006-03-31": "-3.70000", "2005-12-31": "38.40000", "2005-09-30": "", "2005-06-30": "22.90000", "2005-03-31": "245.20000"}, "Net Income": {"2020-12-31": "1098.00000", "2020-09-30": "-244.00000", "2020-06-30": "-205.00000", "2020-03-31": "-3495.00000", "2019-12-31": "82.00000", "2019-09-30": "-2119.00000", "2019-06-30": "163.00000", "2019-03-31": "274.00000", "2018-12-31": "462.00000", "2018-09-30": "262.00000", "2018-06-30": "259.00000", "2018-03-31": "560.00000", "2017-12-31": "776.00000", "2017-09-30": "256.00000", "2017-06-30": "159.00000", "2017-03-31": "-148.00000", "2016-12-31": "31.00000", "2016-09-30": "15.00000", "2016-06-30": "-21.00000", "2016-03-31": "-126.00000", "2015-12-31": "50.00000", "2015-09-30": "171.00000", "2015-06-30": "163.00000", "2015-03-31": "9.00000", "2014-12-31": "-314.00000", "2014-09-30": "151.00000", "2014-06-30": "146.00000", "2014-03-31": "270.00000", "2013-12-31": "271.00000", "2013-09-30": "232.00000", "2013-06-30": "174.00000", "2013-03-31": "80.00000", "2012-12-31": "510.00000", "2012-09-30": "130.00000", "2012-06-30": "40.00000", "2012-03-31": "3468.00000", "2011-12-31": "-1390.00000", "2011-09-30": "-2877.00000", "2011-06-30": "183.00000", "2011-03-31": "171.00000", "2010-12-31": "242.00000", "2010-09-30": "184.00000", "2010-06-30": "143.00000", "2010-03-31": "259.00000", "2009-12-31": "211.00000", "2009-09-30": "216.00000", "2009-06-30": "131.00000", "2009-03-31": "381.00000", "2008-12-31": "161.00000", "2008-09-30": "452.00000", "2008-06-30": "121.00000", "2008-03-31": "182.10000", "2007-12-31": "179.00000", "2007-09-30": "75.80000", "2007-06-30": "108.10000", "2007-03-31": "254.20000", "2006-12-31": "113.50000", "2006-09-30": "89.50000", "2006-06-30": "-59.90000", "2006-03-31": "70.10000", "2005-12-31": "197.80000", "2005-09-30": "96.10000", "2005-06-30": "131.60000", "2005-03-31": "359.70000"}, "EBITDA": {"2020-12-31": "444.00000", "2020-09-30": "456.00000", "2020-06-30": "338.00000", "2020-03-31": "4361.00000", "2019-12-31": "733.00000", "2019-09-30": "3575.00000", "2019-06-30": "765.00000", "2019-03-31": "979.00000", "2018-12-31": "966.00000", "2018-09-30": "935.00000", "2018-06-30": "1013.00000", "2018-03-31": "1183.00000", "2017-12-31": "1005.00000", "2017-09-30": "998.00000", "2017-06-30": "555.00000", "2017-03-31": "139.00000", "2016-12-31": "240.00000", "2016-09-30": "218.00000", "2016-06-30": "207.00000", "2016-03-31": "5.00000", "2015-12-31": "312.00000", "2015-09-30": "274.00000", "2015-06-30": "294.00000", "2015-03-31": "57.00000", "2014-12-31": "-107.00000", "2014-09-30": "527.00000", "2014-06-30": "529.00000", "2014-03-31": "772.00000", "2013-12-31": "649.00000", "2013-09-30": "555.00000", "2013-06-30": "530.00000", "2013-03-31": "311.00000", "2012-12-31": "498.00000", "2012-09-30": "521.00000", "2012-06-30": "375.00000", "2012-03-31": "-1420.00000", "2011-12-31": "-971.00000", "2011-09-30": "2863.00000", "2011-06-30": "418.00000", "2011-03-31": "497.00000", "2010-12-31": "549.00000", "2010-09-30": "563.00000", "2010-06-30": "518.00000", "2010-03-31": "646.00000", "2009-12-31": "630.00000", "2009-09-30": "599.00000", "2009-06-30": "508.00000", "2009-03-31": "669.00000", "2008-12-31": "630.00000", "2008-09-30": "572.00000", "2008-06-30": "581.00000", "2008-03-31": "736.20060", "2007-12-31": "671.09990", "2007-09-30": "538.79990", "2007-06-30": "515.89970", "2007-03-31": "637.80070", "2006-12-31": "560.00020", "2006-09-30": "529.60010", "2006-06-30": "484.10000", "2006-03-31": "614.99910", "2005-12-31": "509.20030", "2005-09-30": "550.70010", "2005-06-30": "477.30000", "2005-03-31": "565.80120"}, "EBIT": {"2020-12-31": "-37.00000", "2020-09-30": "-73.00000", "2020-06-30": "-158.00000", "2020-03-31": "-20.00000", "2019-12-31": "197.00000", "2019-09-30": "216.00000", "2019-06-30": "291.00000", "2019-03-31": "480.00000", "2018-12-31": "454.00000", "2018-09-30": "442.00000", "2018-06-30": "504.00000", "2018-03-31": "560.00000", "2017-12-31": "522.00000", "2017-09-30": "457.00000", "2017-06-30": "192.00000", "2017-03-31": "-33.00000", "2016-12-31": "76.00000", "2016-09-30": "48.00000", "2016-06-30": "38.00000", "2016-03-31": "-154.00000", "2015-12-31": "114.00000", "2015-09-30": "71.00000", "2015-06-30": "87.00000", "2015-03-31": "-158.00000", "2014-12-31": "-345.00000", "2014-09-30": "275.00000", "2014-06-30": "257.00000", "2014-03-31": "507.00000", "2013-12-31": "398.00000", "2013-09-30": "308.00000", "2013-06-30": "275.00000", "2013-03-31": "42.00000", "2012-12-31": "230.00000", "2012-09-30": "250.00000", "2012-06-30": "113.00000", "2012-03-31": "887.00000", "2011-12-31": "-1353.00000", "2011-09-30": "-141.00000", "2011-06-30": "126.00000", "2011-03-31": "214.00000", "2010-12-31": "263.00000", "2010-09-30": "269.00000", "2010-06-30": "241.00000", "2010-03-31": "368.00000", "2009-12-31": "329.00000", "2009-09-30": "305.00000", "2009-06-30": "225.00000", "2009-03-31": "386.00000", "2008-12-31": "324.00000", "2008-09-30": "232.00000", "2008-06-30": "240.00000", "2008-03-31": "414.60060", "2007-12-31": "311.09990", "2007-09-30": "230.09990", "2007-06-30": "220.19970", "2007-03-31": "383.90060", "2006-12-31": "249.70020", "2006-09-30": "222.60010", "2006-06-30": "193.30000", "2006-03-31": "331.09990", "2005-12-31": "244.30030", "2005-09-30": "208.30000", "2005-06-30": "181.00000", "2005-03-31": "269.50020"}, "Basic Shares Outstanding": {"2020-12-31": "254.32000", "2020-09-30": "254.13000", "2020-06-30": "253.63000", "2020-03-31": "258.57000", "2019-12-31": "255.09000", "2019-09-30": "258.71000", "2019-06-30": "267.00000", "2019-03-31": "277.54000", "2018-12-31": "275.66000", "2018-09-30": "281.37000", "2018-06-30": "284.44000", "2018-03-31": "284.93000", "2017-12-31": "285.38000", "2017-09-30": "284.87000", "2017-06-30": "283.83000", "2017-03-31": "140.39000", "2016-12-31": "140.88000", "2016-09-30": "140.53000", "2016-06-30": "138.98000", "2016-03-31": "138.05000", "2015-12-31": "138.86000", "2015-09-30": "138.30000", "2015-06-30": "137.92000", "2015-03-31": "140.76000", "2014-12-31": "140.63700", "2014-09-30": "143.27900", "2014-06-30": "145.33800", "2014-03-31": "145.95300", "2013-12-31": "146.73500", "2013-09-30": "148.04700", "2013-06-30": "149.85400", "2013-03-31": "154.59000", "2012-12-31": "155.03900", "2012-09-30": "155.36000", "2012-06-30": "155.22700", "2012-03-31": "155.01200", "2011-12-31": "155.06100", "2011-09-30": "155.04500", "2011-06-30": "154.84400", "2011-03-31": "154.48800", "2010-12-31": "154.52600", "2010-09-30": "154.39300", "2010-06-30": "154.21500", "2010-03-31": "152.46200", "2009-12-31": "152.78400", "2009-09-30": "151.83500", "2009-06-30": "151.53900", "2009-03-31": "151.38800", "2008-12-31": "151.48500", "2008-09-30": "151.39600", "2008-06-30": "151.18700", "2008-03-31": "167.23300", "2007-12-31": "166.82600", "2007-09-30": "172.01800", "2007-06-30": "173.87600", "2007-03-31": "176.26300", "2006-12-31": "172.36200", "2006-09-30": "172.09200", "2006-06-30": "187.53600", "2006-03-31": "185.69300", "2005-12-31": "185.67900", "2005-09-30": "184.87100", "2005-06-30": "185.51000", "2005-03-31": "189.57500"}, "Shares Outstanding": {"2020-12-31": "255.75000", "2020-09-30": "254.13000", "2020-06-30": "253.63000", "2020-03-31": "258.57000", "2019-12-31": "256.05000", "2019-09-30": "258.71000", "2019-06-30": "268.97000", "2019-03-31": "281.43000", "2018-12-31": "278.99000", "2018-09-30": "285.78000", "2018-06-30": "289.30000", "2018-03-31": "289.77000", "2017-12-31": "289.77000", "2017-09-30": "289.29000", "2017-06-30": "289.47000", "2017-03-31": "140.39000", "2016-12-31": "144.81000", "2016-09-30": "143.78000", "2016-06-30": "138.98000", "2016-03-31": "138.05000", "2015-12-31": "141.57000", "2015-09-30": "140.85000", "2015-06-30": "141.39000", "2015-03-31": "140.76000", "2014-12-31": "140.63700", "2014-09-30": "145.59600", "2014-06-30": "148.25100", "2014-03-31": "149.25100", "2013-12-31": "149.36200", "2013-09-30": "150.97300", "2013-06-30": "152.23800", "2013-03-31": "155.55700", "2012-12-31": "156.08400", "2012-09-30": "155.75400", "2012-06-30": "155.64700", "2012-03-31": "155.01200", "2011-12-31": "155.06100", "2011-09-30": "155.04500", "2011-06-30": "155.99100", "2011-03-31": "156.60500", "2010-12-31": "156.71600", "2010-09-30": "155.76600", "2010-06-30": "156.53000", "2010-03-31": "154.75400", "2009-12-31": "155.43000", "2009-09-30": "154.12600", "2009-06-30": "152.80400", "2009-03-31": "152.61400", "2008-12-31": "151.85700", "2008-09-30": "153.10700", "2008-06-30": "153.22300", "2008-03-31": "170.16800", "2007-12-31": "169.79300", "2007-09-30": "175.26400", "2007-06-30": "177.44500", "2007-03-31": "179.73300", "2006-12-31": "175.74600", "2006-09-30": "175.27000", "2006-06-30": "187.53600", "2006-03-31": "187.98400", "2005-12-31": "188.21100", "2005-09-30": "186.75700", "2005-06-30": "187.15200", "2005-03-31": "191.93600"}, "Basic EPS": {"2020-12-31": "4.32000", "2020-09-30": "-0.96000", "2020-06-30": "-0.81000", "2020-03-31": "-13.50000", "2019-12-31": "0.32000", "2019-09-30": "-8.19000", "2019-06-30": "0.61000", "2019-03-31": "1.01000", "2018-12-31": "1.68000", "2018-09-30": "0.93000", "2018-06-30": "0.91000", "2018-03-31": "1.97000", "2017-12-31": "2.72000", "2017-09-30": "0.90000", "2017-06-30": "0.56000", "2017-03-31": "-1.06000", "2016-12-31": "0.22000", "2016-09-30": "0.11000", "2016-06-30": "-0.15000", "2016-03-31": "-0.91000", "2015-12-31": "0.36000", "2015-09-30": "1.24000", "2015-06-30": "1.18000", "2015-03-31": "0.06000", "2014-12-31": "-2.23000", "2014-09-30": "1.05000", "2014-06-30": "1.00000", "2014-03-31": "1.85000", "2013-12-31": "1.85000", "2013-09-30": "1.57000", "2013-06-30": "1.16000", "2013-03-31": "0.53000", "2012-12-31": "3.29000", "2012-09-30": "0.84000", "2012-06-30": "0.26000", "2012-03-31": "22.37000", "2011-12-31": "-8.96000", "2011-09-30": "-18.56000", "2011-06-30": "1.18000", "2011-03-31": "1.10000", "2010-12-31": "1.57000", "2010-09-30": "1.19000", "2010-06-30": "0.93000", "2010-03-31": "1.70000", "2009-12-31": "1.38000", "2009-09-30": "1.42000", "2009-06-30": "0.86000", "2009-03-31": "2.53000", "2008-12-31": "1.06000", "2008-09-30": "2.98000", "2008-06-30": "0.80000", "2008-03-31": "1.13000", "2007-12-31": "1.07000", "2007-09-30": "0.44000", "2007-06-30": "0.62000", "2007-03-31": "1.39000", "2006-12-31": "0.66000", "2006-09-30": "0.52000", "2006-06-30": "-0.32000", "2006-03-31": "0.37000", "2005-12-31": "1.07000", "2005-09-30": "0.52000", "2005-06-30": "0.71000", "2005-03-31": "1.89000"}, "EPS - Earnings Per Share": {"2020-12-31": "4.29000", "2020-09-30": "-0.96000", "2020-06-30": "-0.81000", "2020-03-31": "-13.50000", "2019-12-31": "0.32000", "2019-09-30": "-8.19000", "2019-06-30": "0.61000", "2019-03-31": "0.99000", "2018-12-31": "1.66000", "2018-09-30": "0.92000", "2018-06-30": "0.90000", "2018-03-31": "1.93000", "2017-12-31": "2.68000", "2017-09-30": "0.88000", "2017-06-30": "0.55000", "2017-03-31": "-1.04000", "2016-12-31": "0.21000", "2016-09-30": "0.10000", "2016-06-30": "-0.15000", "2016-03-31": "-0.91000", "2015-12-31": "0.35000", "2015-09-30": "1.21000", "2015-06-30": "1.15000", "2015-03-31": "0.06000", "2014-12-31": "-2.23000", "2014-09-30": "1.04000", "2014-06-30": "0.98000", "2014-03-31": "1.81000", "2013-12-31": "1.81000", "2013-09-30": "1.54000", "2013-06-30": "1.14000", "2013-03-31": "0.56000", "2012-12-31": "3.27000", "2012-09-30": "0.83000", "2012-06-30": "0.26000", "2012-03-31": "22.38000", "2011-12-31": "-8.96000", "2011-09-30": "-18.56000", "2011-06-30": "1.17000", "2011-03-31": "1.10000", "2010-12-31": "1.54000", "2010-09-30": "1.18000", "2010-06-30": "0.91000", "2010-03-31": "1.67000", "2009-12-31": "1.36000", "2009-09-30": "1.40000", "2009-06-30": "0.85000", "2009-03-31": "2.51000", "2008-12-31": "1.06000", "2008-09-30": "2.95000", "2008-06-30": "0.79000", "2008-03-31": "1.11000", "2007-12-31": "1.05000", "2007-09-30": "0.43000", "2007-06-30": "0.61000", "2007-03-31": "1.37000", "2006-12-31": "0.65000", "2006-09-30": "0.51000", "2006-06-30": "-0.32000", "2006-03-31": "0.38000", "2005-12-31": "1.05000", "2005-09-30": "0.51000", "2005-06-30": "0.70000", "2005-03-31": "1.87000"}}, "balance sheet": {"Cash On Hand": {"2020-03-31": "3679.00000", "2019-03-31": "2899.00000", "2018-03-31": "2593.00000", "2017-03-31": "1263.00000", "2016-03-31": "1178.00000", "2015-03-31": "2076.00000", "2014-03-31": "2443.00000", "2013-03-31": "2054.00000", "2012-03-31": "1093.00000", "2011-03-31": "1837.00000", "2010-03-31": "2784.00000", "2009-03-31": "2297.00000", "2008-03-31": "698.90000", "2007-03-31": "1050.10000", "2006-03-31": "1290.70000", "2005-03-31": "1010.30000"}, "Receivables": {"2020-03-31": "4392.00000", "2019-03-31": "5181.00000", "2018-03-31": "5481.00000", "2017-03-31": "1643.00000", "2016-03-31": "1831.00000", "2015-03-31": "1682.00000", "2014-03-31": "2759.00000", "2013-03-31": "3199.00000", "2012-03-31": "3257.00000", "2011-03-31": "3719.00000", "2010-03-31": "3849.00000", "2009-03-31": "3786.00000", "2008-03-31": "4564.70000", "2007-03-31": "4187.40000", "2006-03-31": "3732.60000", "2005-03-31": "3537.70000"}, "Inventory": {"2020-03-31": "", "2019-03-31": "", "2018-03-31": "", "2017-03-31": "", "2016-03-31": "", "2015-03-31": "", "2014-03-31": "", "2013-03-31": "", "2012-03-31": "", "2011-03-31": "", "2010-03-31": "", "2009-03-31": "", "2008-03-31": "", "2007-03-31": "", "2006-03-31": "", "2005-03-31": ""}, "Pre-Paid Expenses": {"2020-03-31": "646.00000", "2019-03-31": "627.00000", "2018-03-31": "496.00000", "2017-03-31": "223.00000", "2016-03-31": "403.00000", "2015-03-31": "292.00000", "2014-03-31": "426.00000", "2013-03-31": "420.00000", "2012-03-31": "533.00000", "2011-03-31": "2001.00000", "2010-03-31": "1789.00000", "2009-03-31": "1624.00000", "2008-03-31": "1764.50000", "2007-03-31": "1464.00000", "2006-03-31": "1268.90000", "2005-03-31": "1058.00000"}, "Other Current Assets": {"2020-03-31": "270.00000", "2019-03-31": "359.00000", "2018-03-31": "469.00000", "2017-03-31": "118.00000", "2016-03-31": "", "2015-03-31": "", "2014-03-31": "", "2013-03-31": "", "2012-03-31": "", "2011-03-31": "", "2010-03-31": "", "2009-03-31": "", "2008-03-31": "", "2007-03-31": "", "2006-03-31": "", "2005-03-31": "83.80000"}, "Total Current Assets": {"2020-03-31": "8987.00000", "2019-03-31": "9066.00000", "2018-03-31": "9620.00000", "2017-03-31": "3247.00000", "2016-03-31": "3412.00000", "2015-03-31": "4856.00000", "2014-03-31": "5628.00000", "2013-03-31": "5673.00000", "2012-03-31": "4883.00000", "2011-03-31": "7557.00000", "2010-03-31": "8422.00000", "2009-03-31": "7707.00000", "2008-03-31": "7028.10000", "2007-03-31": "6701.50000", "2006-03-31": "6292.20000", "2005-03-31": "5689.80000"}, "Property, Plant, And Equipment": {"2020-03-31": "3547.00000", "2019-03-31": "3179.00000", "2018-03-31": "3363.00000", "2017-03-31": "903.00000", "2016-03-31": "1025.00000", "2015-03-31": "1110.00000", "2014-03-31": "2031.00000", "2013-03-31": "2184.00000", "2012-03-31": "2441.00000", "2011-03-31": "2496.00000", "2010-03-31": "2241.00000", "2009-03-31": "2353.00000", "2008-03-31": "2764.60000", "2007-03-31": "2539.10000", "2006-03-31": "2320.10000", "2005-03-31": "2365.40000"}, "Long-Term Investments": {"2020-03-31": "", "2019-03-31": "", "2018-03-31": "", "2017-03-31": "", "2016-03-31": "", "2015-03-31": "", "2014-03-31": "", "2013-03-31": "", "2012-03-31": "", "2011-03-31": "", "2010-03-31": "", "2009-03-31": "", "2008-03-31": "", "2007-03-31": "", "2006-03-31": "", "2005-03-31": ""}, "Goodwill And Intangible Assets": {"2020-03-31": "7748.00000", "2019-03-31": "13545.00000", "2018-03-31": "13995.00000", "2017-03-31": "3649.00000", "2016-03-31": "2605.00000", "2015-03-31": "1882.00000", "2014-03-31": "2744.00000", "2013-03-31": "2632.00000", "2012-03-31": "2963.00000", "2011-03-31": "5247.00000", "2010-03-31": "5019.00000", "2009-03-31": "4944.00000", "2008-03-31": "5428.00000", "2007-03-31": "4042.90000", "2006-03-31": "3934.90000", "2005-03-31": "4084.30000"}, "Other Long-Term Assets": {"2020-03-31": "4031.00000", "2019-03-31": "3429.00000", "2018-03-31": "3207.00000", "2017-03-31": "483.00000", "2016-03-31": "349.00000", "2015-03-31": "498.00000", "2014-03-31": "986.00000", "2013-03-31": "762.00000", "2012-03-31": "902.00000", "2011-03-31": "820.00000", "2010-03-31": "773.00000", "2009-03-31": "615.00000", "2008-03-31": "659.00000", "2007-03-31": "456.70000", "2006-03-31": "474.50000", "2005-03-31": "494.40000"}, "Total Long-Term Assets": {"2020-03-31": "17019.00000", "2019-03-31": "20508.00000", "2018-03-31": "24301.00000", "2017-03-31": "5416.00000", "2016-03-31": "4324.00000", "2015-03-31": "5365.00000", "2014-03-31": "5761.00000", "2013-03-31": "5578.00000", "2012-03-31": "6306.00000", "2011-03-31": "8563.00000", "2010-03-31": "8033.00000", "2009-03-31": "7912.00000", "2008-03-31": "8851.60000", "2007-03-31": "7038.70000", "2006-03-31": "6729.50000", "2005-03-31": "6944.10000"}, "Total Assets": {"2020-03-31": "26006.00000", "2019-03-31": "29574.00000", "2018-03-31": "33921.00000", "2017-03-31": "8663.00000", "2016-03-31": "7736.00000", "2015-03-31": "10221.00000", "2014-03-31": "11389.00000", "2013-03-31": "11251.00000", "2012-03-31": "11189.00000", "2011-03-31": "16120.00000", "2010-03-31": "16455.00000", "2009-03-31": "15619.00000", "2008-03-31": "15879.70000", "2007-03-31": "13740.20000", "2006-03-31": "13021.70000", "2005-03-31": "12633.90000"}, "Total Current Liabilities": {"2020-03-31": "7895.00000", "2019-03-31": "9453.00000", "2018-03-31": "9852.00000", "2017-03-31": "2950.00000", "2016-03-31": "2608.00000", "2015-03-31": "3564.00000", "2014-03-31": "3462.00000", "2013-03-31": "3349.00000", "2012-03-31": "4536.00000", "2011-03-31": "4178.00000", "2010-03-31": "4122.00000", "2009-03-31": "4016.00000", "2008-03-31": "5695.20000", "2007-03-31": "5656.10000", "2006-03-31": "4368.60000", "2005-03-31": "3877.90000"}, "Long Term Debt": {"2020-03-31": "8672.00000", "2019-03-31": "5470.00000", "2018-03-31": "6092.00000", "2017-03-31": "2225.00000", "2016-03-31": "1934.00000", "2015-03-31": "1635.00000", "2014-03-31": "2207.00000", "2013-03-31": "2498.00000", "2012-03-31": "1486.00000", "2011-03-31": "2409.00000", "2010-03-31": "3669.00000", "2009-03-31": "4173.00000", "2008-03-31": "2635.30000", "2007-03-31": "1412.20000", "2006-03-31": "1376.80000", "2005-03-31": "1303.00000"}, "Other Non-Current Liabilities": {"2020-03-31": "1751.00000", "2019-03-31": "1880.00000", "2018-03-31": "2010.00000", "2017-03-31": "694.00000", "2016-03-31": "516.00000", "2015-03-31": "209.00000", "2014-03-31": "1776.00000", "2013-03-31": "2244.00000", "2012-03-31": "2333.00000", "2011-03-31": "1973.00000", "2010-03-31": "2156.00000", "2009-03-31": "1812.00000", "2008-03-31": "2087.40000", "2007-03-31": "1131.90000", "2006-03-31": "770.90000", "2005-03-31": "958.30000"}, "Total Long Term Liabilities": {"2020-03-31": "12982.00000", "2019-03-31": "8396.00000", "2018-03-31": "10232.00000", "2017-03-31": "3547.00000", "2016-03-31": "3096.00000", "2015-03-31": "3692.00000", "2014-03-31": "3983.00000", "2013-03-31": "4742.00000", "2012-03-31": "3819.00000", "2011-03-31": "4382.00000", "2010-03-31": "5825.00000", "2009-03-31": "5985.00000", "2008-03-31": "4722.70000", "2007-03-31": "2544.10000", "2006-03-31": "2147.70000", "2005-03-31": "2261.30000"}, "Total Liabilities": {"2020-03-31": "20877.00000", "2019-03-31": "17849.00000", "2018-03-31": "20084.00000", "2017-03-31": "6497.00000", "2016-03-31": "5704.00000", "2015-03-31": "7256.00000", "2014-03-31": "7445.00000", "2013-03-31": "8091.00000", "2012-03-31": "8355.00000", "2011-03-31": "8560.00000", "2010-03-31": "9947.00000", "2009-03-31": "10001.00000", "2008-03-31": "10417.90000", "2007-03-31": "8200.20000", "2006-03-31": "6516.30000", "2005-03-31": "6139.20000"}, "Common Stock Net": {"2020-03-31": "3.00000", "2019-03-31": "3.00000", "2018-03-31": "3.00000", "2017-03-31": "1.00000", "2016-03-31": "149.00000", "2015-03-31": "148.00000", "2014-03-31": "155.00000", "2013-03-31": "159.00000", "2012-03-31": "164.00000", "2011-03-31": "163.00000", "2010-03-31": "162.00000", "2009-03-31": "160.00000", "2008-03-31": "159.20000", "2007-03-31": "181.10000", "2006-03-31": "194.90000", "2005-03-31": "191.70000"}, "Retained Earnings (Accumulated Deficit)": {"2020-03-31": "-5177.00000", "2019-03-31": "478.00000", "2018-03-31": "1301.00000", "2017-03-31": "-170.00000", "2016-03-31": "33.00000", "2015-03-31": "928.00000", "2014-03-31": "1592.00000", "2013-03-31": "1101.00000", "2012-03-31": "1930.00000", "2011-03-31": "6296.00000", "2010-03-31": "5709.00000", "2009-03-31": "4893.00000", "2008-03-31": "3801.90000", "2007-03-31": "4140.90000", "2006-03-31": "4692.80000", "2005-03-31": "4408.10000"}, "Comprehensive Income": {"2020-03-31": "-603.00000", "2019-03-31": "-244.00000", "2018-03-31": "58.00000", "2017-03-31": "-162.00000", "2016-03-31": "-111.00000", "2015-03-31": "21.00000", "2014-03-31": "279.00000", "2013-03-31": "108.00000", "2012-03-31": "-1093.00000", "2011-03-31": "-690.00000", "2010-03-31": "-1052.00000", "2009-03-31": "-1004.00000", "2008-03-31": "100.60000", "2007-03-31": "-304.30000", "2006-03-31": "106.80000", "2005-03-31": "254.90000"}, "Other Share Holders Equity": {"2020-03-31": "", "2019-03-31": "", "2018-03-31": "", "2017-03-31": "", "2016-03-31": "", "2015-03-31": "", "2014-03-31": "", "2013-03-31": "", "2012-03-31": "", "2011-03-31": "", "2010-03-31": "", "2009-03-31": "", "2008-03-31": "", "2007-03-31": "", "2006-03-31": "-24.00000", "2005-03-31": "-10.70000"}, "Share Holder Equity": {"2020-03-31": "5129.00000", "2019-03-31": "11725.00000", "2018-03-31": "13837.00000", "2017-03-31": "2166.00000", "2016-03-31": "2032.00000", "2015-03-31": "2965.00000", "2014-03-31": "3944.00000", "2013-03-31": "3160.00000", "2012-03-31": "2834.00000", "2011-03-31": "7560.00000", "2010-03-31": "6508.00000", "2009-03-31": "5618.00000", "2008-03-31": "5461.80000", "2007-03-31": "5540.00000", "2006-03-31": "6505.40000", "2005-03-31": "6494.70000"}, "Total Liabilities And Share Holders Equity": {"2020-03-31": "26006.00000", "2019-03-31": "29574.00000", "2018-03-31": "33921.00000", "2017-03-31": "8663.00000", "2016-03-31": "7736.00000", "2015-03-31": "10221.00000", "2014-03-31": "11389.00000", "2013-03-31": "11251.00000", "2012-03-31": "11189.00000", "2011-03-31": "16120.00000", "2010-03-31": "16455.00000", "2009-03-31": "15619.00000", "2008-03-31": "15879.70000", "2007-03-31": "13740.20000", "2006-03-31": "13021.70000", "2005-03-31": "12633.90000"}}, "balance sheet, quarterly": {"Cash On Hand": {"2020-12-31": "3919.00000", "2020-09-30": "3079.00000", "2020-06-30": "5509.00000", "2020-03-31": "3679.00000", "2019-12-31": "2560.00000", "2019-09-30": "2880.00000", "2019-06-30": "1868.00000", "2019-03-31": "2899.00000", "2018-12-31": "2475.00000", "2018-09-30": "2780.00000", "2018-06-30": "2579.00000", "2018-03-31": "2593.00000", "2017-12-31": "2926.00000", "2017-09-30": "2671.00000", "2017-06-30": "2517.00000", "2017-03-31": "1263.00000", "2016-12-31": "1111.00000", "2016-09-30": "1054.00000", "2016-06-30": "1000.00000", "2016-03-31": "1178.00000", "2015-12-31": "1830.00000", "2015-09-30": "1818.00000", "2015-06-30": "2199.00000", "2015-03-31": "2076.00000", "2014-12-31": "2393.00000", "2014-09-30": "1923.00000", "2014-06-30": "2440.00000", "2014-03-31": "2443.00000", "2013-12-31": "2284.00000", "2013-09-30": "2095.00000", "2013-06-30": "1929.00000", "2013-03-31": "2054.00000", "2012-12-31": "2198.00000", "2012-09-30": "1850.00000", "2012-06-30": "1000.00000", "2012-03-31": "1093.00000", "2011-12-31": "898.00000", "2011-09-30": "978.00000", "2011-06-30": "1666.00000", "2011-03-31": "1837.00000", "2010-12-31": "1629.00000", "2010-09-30": "2657.00000", "2010-06-30": "2435.00000", "2010-03-31": "2784.00000", "2009-12-31": "2427.00000", "2009-09-30": "2407.00000", "2009-06-30": "1920.00000", "2009-03-31": "2297.00000", "2008-12-31": "1673.10000", "2008-09-30": "741.60000", "2008-06-30": "615.60000", "2008-03-31": "698.90000", "2007-12-31": "589.10000", "2007-09-30": "490.80000", "2007-06-30": "1829.40000", "2007-03-31": "1050.10000", "2006-12-31": "726.00000", "2006-09-30": "703.20000", "2006-06-30": "1008.00000", "2006-03-31": "1290.70000", "2005-12-31": "773.20000", "2005-09-30": "404.60000", "2005-06-30": "427.30000", "2005-03-31": "1010.30000"}, "Receivables": {"2020-12-31": "4130.00000", "2020-09-30": "4194.00000", "2020-06-30": "4271.00000", "2020-03-31": "4392.00000", "2019-12-31": "4619.00000", "2019-09-30": "4611.00000", "2019-06-30": "5234.00000", "2019-03-31": "5181.00000", "2018-12-31": "5096.00000", "2018-09-30": "4928.00000", "2018-06-30": "5271.00000", "2018-03-31": "5481.00000", "2017-12-31": "5611.00000", "2017-09-30": "5676.00000", "2017-06-30": "5776.00000", "2017-03-31": "1643.00000", "2016-12-31": "1627.00000", "2016-09-30": "1893.00000", "2016-06-30": "1983.00000", "2016-03-31": "1831.00000", "2015-12-31": "1670.00000", "2015-09-30": "2127.00000", "2015-06-30": "2123.00000", "2015-03-31": "1682.00000", "2014-12-31": "2435.00000", "2014-09-30": "2664.00000", "2014-06-30": "2751.00000", "2014-03-31": "2759.00000", "2013-12-31": "2735.00000", "2013-09-30": "2823.00000", "2013-06-30": "2880.00000", "2013-03-31": "3199.00000", "2012-12-31": "2939.00000", "2012-09-30": "3102.00000", "2012-06-30": "3252.00000", "2012-03-31": "3257.00000", "2011-12-31": "3296.00000", "2011-09-30": "3965.00000", "2011-06-30": "4052.00000", "2011-03-31": "3719.00000", "2010-12-31": "3804.00000", "2010-09-30": "3956.00000", "2010-06-30": "3831.00000", "2010-03-31": "3849.00000", "2009-12-31": "3935.00000", "2009-09-30": "3850.00000", "2009-06-30": "3976.00000", "2009-03-31": "3786.00000", "2008-12-31": "4061.30000", "2008-09-30": "4243.60000", "2008-06-30": "4441.20000", "2008-03-31": "4564.70000", "2007-12-31": "4608.40000", "2007-09-30": "4501.60000", "2007-06-30": "4393.90000", "2007-03-31": "4187.40000", "2006-12-31": "3960.70000", "2006-09-30": "3922.90000", "2006-06-30": "4012.90000", "2006-03-31": "3732.60000", "2005-12-31": "3714.90000", "2005-09-30": "3724.10000", "2005-06-30": "3722.90000", "2005-03-31": "3537.70000"}, "Inventory": {"2020-12-31": "", "2020-09-30": "", "2020-06-30": "", "2020-03-31": "", "2019-12-31": "", "2019-09-30": "", "2019-06-30": "", "2019-03-31": "", "2018-12-31": "", "2018-09-30": "", "2018-06-30": "", "2018-03-31": "", "2017-12-31": "", "2017-09-30": "", "2017-06-30": "", "2017-03-31": "", "2016-12-31": "", "2016-09-30": "", "2016-06-30": "", "2016-03-31": "", "2015-12-31": "", "2015-09-30": "", "2015-06-30": "", "2015-03-31": "", "2014-12-31": "", "2014-09-30": "", "2014-06-30": "", "2014-03-31": "", "2013-12-31": "", "2013-09-30": "", "2013-06-30": "", "2013-03-31": "", "2012-12-31": "", "2012-09-30": "", "2012-06-30": "", "2012-03-31": "", "2011-12-31": "", "2011-09-30": "", "2011-06-30": "", "2011-03-31": "", "2010-12-31": "", "2010-09-30": "", "2010-06-30": "", "2010-03-31": "", "2009-12-31": "", "2009-09-30": "", "2009-06-30": "", "2009-03-31": "", "2008-12-31": "", "2008-09-30": "", "2008-06-30": "", "2008-03-31": "", "2007-12-31": "", "2007-09-30": "", "2007-06-30": "", "2007-03-31": "", "2006-12-31": "", "2006-09-30": "", "2006-06-30": "", "2006-03-31": "", "2005-12-31": "", "2005-09-30": "", "2005-06-30": "", "2005-03-31": ""}, "Pre-Paid Expenses": {"2020-12-31": "586.00000", "2020-09-30": "604.00000", "2020-06-30": "667.00000", "2020-03-31": "646.00000", "2019-12-31": "660.00000", "2019-09-30": "671.00000", "2019-06-30": "728.00000", "2019-03-31": "627.00000", "2018-12-31": "626.00000", "2018-09-30": "630.00000", "2018-06-30": "577.00000", "2018-03-31": "496.00000", "2017-12-31": "540.00000", "2017-09-30": "610.00000", "2017-06-30": "641.00000", "2017-03-31": "223.00000", "2016-12-31": "310.00000", "2016-09-30": "379.00000", "2016-06-30": "421.00000", "2016-03-31": "403.00000", "2015-12-31": "361.00000", "2015-09-30": "500.00000", "2015-06-30": "474.00000", "2015-03-31": "292.00000", "2014-12-31": "358.00000", "2014-09-30": "489.00000", "2014-06-30": "458.00000", "2014-03-31": "426.00000", "2013-12-31": "389.00000", "2013-09-30": "409.00000", "2013-06-30": "551.00000", "2013-03-31": "420.00000", "2012-12-31": "481.00000", "2012-09-30": "516.00000", "2012-06-30": "547.00000", "2012-03-31": "533.00000", "2011-12-31": "477.00000", "2011-09-30": "1733.00000", "2011-06-30": "2062.00000", "2011-03-31": "2001.00000", "2010-12-31": "2032.00000", "2010-09-30": "1994.00000", "2010-06-30": "1883.00000", "2010-03-31": "1789.00000", "2009-12-31": "1935.00000", "2009-09-30": "1898.00000", "2009-06-30": "1888.00000", "2009-03-31": "1624.00000", "2008-12-31": "1677.00000", "2008-09-30": "1818.00000", "2008-06-30": "1953.40000", "2008-03-31": "1764.50000", "2007-12-31": "1793.60000", "2007-09-30": "1704.50000", "2007-06-30": "1536.80000", "2007-03-31": "1464.00000", "2006-12-31": "1487.20000", "2006-09-30": "1388.70000", "2006-06-30": "1250.20000", "2006-03-31": "1268.90000", "2005-12-31": "1423.00000", "2005-09-30": "1305.10000", "2005-06-30": "1157.80000", "2005-03-31": "1058.00000"}, "Other Current Assets": {"2020-12-31": "470.00000", "2020-09-30": "460.00000", "2020-06-30": "261.00000", "2020-03-31": "270.00000", "2019-12-31": "344.00000", "2019-09-30": "328.00000", "2019-06-30": "360.00000", "2019-03-31": "359.00000", "2018-12-31": "325.00000", "2018-09-30": "477.00000", "2018-06-30": "389.00000", "2018-03-31": "469.00000", "2017-12-31": "444.00000", "2017-09-30": "483.00000", "2017-06-30": "641.00000", "2017-03-31": "118.00000", "2016-12-31": "", "2016-09-30": "", "2016-06-30": "", "2016-03-31": "", "2015-12-31": "", "2015-09-30": "", "2015-06-30": "", "2015-03-31": "", "2014-12-31": "", "2014-09-30": "", "2014-06-30": "", "2014-03-31": "", "2013-12-31": "", "2013-09-30": "", "2013-06-30": "", "2013-03-31": "", "2012-12-31": "", "2012-09-30": "", "2012-06-30": "", "2012-03-31": "", "2011-12-31": "", "2011-09-30": "", "2011-06-30": "", "2011-03-31": "", "2010-12-31": "", "2010-09-30": "", "2010-06-30": "", "2010-03-31": "", "2009-12-31": "", "2009-09-30": "", "2009-06-30": "", "2009-03-31": "", "2008-12-31": "10.50000", "2008-09-30": "10.50000", "2008-06-30": "", "2008-03-31": "", "2007-12-31": "", "2007-09-30": "", "2007-06-30": "", "2007-03-31": "", "2006-12-31": "", "2006-09-30": "", "2006-06-30": "", "2006-03-31": "", "2005-12-31": "", "2005-09-30": "", "2005-06-30": "", "2005-03-31": "83.80000"}, "Total Current Assets": {"2020-12-31": "9105.00000", "2020-09-30": "8337.00000", "2020-06-30": "10708.00000", "2020-03-31": "8987.00000", "2019-12-31": "8183.00000", "2019-09-30": "8490.00000", "2019-06-30": "8190.00000", "2019-03-31": "9066.00000", "2018-12-31": "8522.00000", "2018-09-30": "8815.00000", "2018-06-30": "8816.00000", "2018-03-31": "9620.00000", "2017-12-31": "9521.00000", "2017-09-30": "9440.00000", "2017-06-30": "9575.00000", "2017-03-31": "3247.00000", "2016-12-31": "3048.00000", "2016-09-30": "3326.00000", "2016-06-30": "3404.00000", "2016-03-31": "3412.00000", "2015-12-31": "3861.00000", "2015-09-30": "4445.00000", "2015-06-30": "4796.00000", "2015-03-31": "4856.00000", "2014-12-31": "5186.00000", "2014-09-30": "5076.00000", "2014-06-30": "5649.00000", "2014-03-31": "5628.00000", "2013-12-31": "5408.00000", "2013-09-30": "5327.00000", "2013-06-30": "5360.00000", "2013-03-31": "5673.00000", "2012-12-31": "5618.00000", "2012-09-30": "5468.00000", "2012-06-30": "4799.00000", "2012-03-31": "4883.00000", "2011-12-31": "4671.00000", "2011-09-30": "6676.00000", "2011-06-30": "7780.00000", "2011-03-31": "7557.00000", "2010-12-31": "7465.00000", "2010-09-30": "8607.00000", "2010-06-30": "8149.00000", "2010-03-31": "8422.00000", "2009-12-31": "8297.00000", "2009-09-30": "8155.00000", "2009-06-30": "7784.00000", "2009-03-31": "7707.00000", "2008-12-31": "7421.90000", "2008-09-30": "6813.70000", "2008-06-30": "7010.20000", "2008-03-31": "7028.10000", "2007-12-31": "6991.10000", "2007-09-30": "6696.90000", "2007-06-30": "7760.10000", "2007-03-31": "6701.50000", "2006-12-31": "6173.90000", "2006-09-30": "6014.80000", "2006-06-30": "6271.10000", "2006-03-31": "6292.20000", "2005-12-31": "5911.10000", "2005-09-30": "5433.80000", "2005-06-30": "5308.00000", "2005-03-31": "5689.80000"}, "Property, Plant, And Equipment": {"2020-12-31": "3321.00000", "2020-09-30": "3417.00000", "2020-06-30": "3503.00000", "2020-03-31": "3547.00000", "2019-12-31": "3631.00000", "2019-09-30": "3555.00000", "2019-06-30": "3628.00000", "2019-03-31": "3179.00000", "2018-12-31": "3186.00000", "2018-09-30": "3281.00000", "2018-06-30": "3349.00000", "2018-03-31": "3363.00000", "2017-12-31": "3812.00000", "2017-09-30": "3745.00000", "2017-06-30": "3334.00000", "2017-03-31": "903.00000", "2016-12-31": "917.00000", "2016-09-30": "984.00000", "2016-06-30": "1012.00000", "2016-03-31": "1025.00000", "2015-12-31": "1028.00000", "2015-09-30": "1519.00000", "2015-06-30": "1558.00000", "2015-03-31": "1110.00000", "2014-12-31": "1692.00000", "2014-09-30": "1793.00000", "2014-06-30": "1936.00000", "2014-03-31": "2031.00000", "2013-12-31": "2029.00000", "2013-09-30": "2086.00000", "2013-06-30": "2114.00000", "2013-03-31": "2184.00000", "2012-12-31": "2264.00000", "2012-09-30": "2335.00000", "2012-06-30": "2359.00000", "2012-03-31": "2441.00000", "2011-12-31": "2470.00000", "2011-09-30": "2523.00000", "2011-06-30": "2513.00000", "2011-03-31": "2496.00000", "2010-12-31": "2364.00000", "2010-09-30": "2358.00000", "2010-06-30": "2243.00000", "2010-03-31": "2241.00000", "2009-12-31": "2330.00000", "2009-09-30": "2345.00000", "2009-06-30": "2403.00000", "2009-03-31": "2353.00000", "2008-12-31": "2419.20000", "2008-09-30": "2576.80000", "2008-06-30": "2759.50000", "2008-03-31": "2764.60000", "2007-12-31": "2656.70000", "2007-09-30": "2655.00000", "2007-06-30": "2547.50000", "2007-03-31": "2539.10000", "2006-12-31": "2439.40000", "2006-09-30": "2404.50000", "2006-06-30": "2392.90000", "2006-03-31": "2320.10000", "2005-12-31": "2355.10000", "2005-09-30": "2359.60000", "2005-06-30": "2368.70000", "2005-03-31": "2365.40000"}, "Long-Term Investments": {"2020-12-31": "", "2020-09-30": "", "2020-06-30": "", "2020-03-31": "", "2019-12-31": "", "2019-09-30": "", "2019-06-30": "", "2019-03-31": "", "2018-12-31": "", "2018-09-30": "", "2018-06-30": "", "2018-03-31": "", "2017-12-31": "", "2017-09-30": "", "2017-06-30": "", "2017-03-31": "", "2016-12-31": "", "2016-09-30": "", "2016-06-30": "", "2016-03-31": "", "2015-12-31": "", "2015-09-30": "", "2015-06-30": "", "2015-03-31": "", "2014-12-31": "", "2014-09-30": "", "2014-06-30": "", "2014-03-31": "", "2013-12-31": "", "2013-09-30": "", "2013-06-30": "", "2013-03-31": "", "2012-12-31": "", "2012-09-30": "", "2012-06-30": "", "2012-03-31": "", "2011-12-31": "", "2011-09-30": "", "2011-06-30": "", "2011-03-31": "", "2010-12-31": "", "2010-09-30": "", "2010-06-30": "", "2010-03-31": "", "2009-12-31": "", "2009-09-30": "", "2009-06-30": "", "2009-03-31": "", "2008-12-31": "", "2008-09-30": "", "2008-06-30": "", "2008-03-31": "", "2007-12-31": "", "2007-09-30": "", "2007-06-30": "", "2007-03-31": "", "2006-12-31": "", "2006-09-30": "", "2006-06-30": "", "2006-03-31": "", "2005-12-31": "", "2005-09-30": "", "2005-06-30": "", "2005-03-31": ""}, "Goodwill And Intangible Assets": {"2020-12-31": "4755.00000", "2020-09-30": "4871.00000", "2020-06-30": "7597.00000", "2020-03-31": "7748.00000", "2019-12-31": "12143.00000", "2019-09-30": "12077.00000", "2019-06-30": "15274.00000", "2019-03-31": "13545.00000", "2018-12-31": "14363.00000", "2018-09-30": "14019.00000", "2018-06-30": "14350.00000", "2018-03-31": "13995.00000", "2017-12-31": "17247.00000", "2017-09-30": "17162.00000", "2017-06-30": "15624.00000", "2017-03-31": "3649.00000", "2016-12-31": "3564.00000", "2016-09-30": "3725.00000", "2016-06-30": "3002.00000", "2016-03-31": "2605.00000", "2015-12-31": "2090.00000", "2015-09-30": "2954.00000", "2015-06-30": "2750.00000", "2015-03-31": "1882.00000", "2014-12-31": "2775.00000", "2014-09-30": "2838.00000", "2014-06-30": "2882.00000", "2014-03-31": "2744.00000", "2013-12-31": "2752.00000", "2013-09-30": "2549.00000", "2013-06-30": "2542.00000", "2013-03-31": "2632.00000", "2012-12-31": "2683.00000", "2012-09-30": "2941.00000", "2012-06-30": "2907.00000", "2012-03-31": "2963.00000", "2011-12-31": "2986.00000", "2011-09-30": "3094.00000", "2011-06-30": "5316.00000", "2011-03-31": "5247.00000", "2010-12-31": "5097.00000", "2010-09-30": "5107.00000", "2010-06-30": "4904.00000", "2010-03-31": "5019.00000", "2009-12-31": "5041.00000", "2009-09-30": "5075.00000", "2009-06-30": "5044.00000", "2009-03-31": "4944.00000", "2008-12-31": "5060.70000", "2008-09-30": "5176.40000", "2008-06-30": "5418.80000", "2008-03-31": "5428.00000", "2007-12-31": "5165.90000", "2007-09-30": "5194.70000", "2007-06-30": "4035.40000", "2007-03-31": "4042.90000", "2006-12-31": "4004.50000", "2006-09-30": "3892.60000", "2006-06-30": "3911.90000", "2006-03-31": "3934.90000", "2005-12-31": "3913.10000", "2005-09-30": "3953.10000", "2005-06-30": "4045.10000", "2005-03-31": "4084.30000"}, "Other Long-Term Assets": {"2020-12-31": "4679.00000", "2020-09-30": "4360.00000", "2020-06-30": "4199.00000", "2020-03-31": "4031.00000", "2019-12-31": "3786.00000", "2019-09-30": "3582.00000", "2019-06-30": "3538.00000", "2019-03-31": "3429.00000", "2018-12-31": "2393.00000", "2018-09-30": "2441.00000", "2018-06-30": "2279.00000", "2018-03-31": "3207.00000", "2017-12-31": "2544.00000", "2017-09-30": "2443.00000", "2017-06-30": "2238.00000", "2017-03-31": "483.00000", "2016-12-31": "480.00000", "2016-09-30": "457.00000", "2016-06-30": "1101.00000", "2016-03-31": "349.00000", "2015-12-31": "623.00000", "2015-09-30": "1095.00000", "2015-06-30": "1012.00000", "2015-03-31": "498.00000", "2014-12-31": "1000.00000", "2014-09-30": "866.00000", "2014-06-30": "953.00000", "2014-03-31": "986.00000", "2013-12-31": "1037.00000", "2013-09-30": "811.00000", "2013-06-30": "850.00000", "2013-03-31": "762.00000", "2012-12-31": "695.00000", "2012-09-30": "905.00000", "2012-06-30": "861.00000", "2012-03-31": "902.00000", "2011-12-31": "971.00000", "2011-09-30": "1028.00000", "2011-06-30": "820.00000", "2011-03-31": "820.00000", "2010-12-31": "830.00000", "2010-09-30": "815.00000", "2010-06-30": "751.00000", "2010-03-31": "773.00000", "2009-12-31": "528.00000", "2009-09-30": "562.00000", "2009-06-30": "580.00000", "2009-03-31": "615.00000", "2008-12-31": "551.40000", "2008-09-30": "611.00000", "2008-06-30": "613.10000", "2008-03-31": "659.00000", "2007-12-31": "547.80000", "2007-09-30": "572.10000", "2007-06-30": "426.40000", "2007-03-31": "456.70000", "2006-12-31": "502.90000", "2006-09-30": "484.90000", "2006-06-30": "465.10000", "2006-03-31": "474.50000", "2005-12-31": "444.50000", "2005-09-30": "455.30000", "2005-06-30": "475.20000", "2005-03-31": "494.40000"}, "Total Long-Term Assets": {"2020-12-31": "14529.00000", "2020-09-30": "17333.00000", "2020-06-30": "17186.00000", "2020-03-31": "17019.00000", "2019-12-31": "21416.00000", "2019-09-30": "21026.00000", "2019-06-30": "24387.00000", "2019-03-31": "20508.00000", "2018-12-31": "20349.00000", "2018-09-30": "20067.00000", "2018-06-30": "20310.00000", "2018-03-31": "24301.00000", "2017-12-31": "24061.00000", "2017-09-30": "23736.00000", "2017-06-30": "21641.00000", "2017-03-31": "5416.00000", "2016-12-31": "5254.00000", "2016-09-30": "5493.00000", "2016-06-30": "5453.00000", "2016-03-31": "4324.00000", "2015-12-31": "4128.00000", "2015-09-30": "5568.00000", "2015-06-30": "5320.00000", "2015-03-31": "5365.00000", "2014-12-31": "5467.00000", "2014-09-30": "5497.00000", "2014-06-30": "5771.00000", "2014-03-31": "5761.00000", "2013-12-31": "5818.00000", "2013-09-30": "5446.00000", "2013-06-30": "5506.00000", "2013-03-31": "5578.00000", "2012-12-31": "5642.00000", "2012-09-30": "6181.00000", "2012-06-30": "6127.00000", "2012-03-31": "6306.00000", "2011-12-31": "6427.00000", "2011-09-30": "6645.00000", "2011-06-30": "8649.00000", "2011-03-31": "8563.00000", "2010-12-31": "8291.00000", "2010-09-30": "8280.00000", "2010-06-30": "7898.00000", "2010-03-31": "8033.00000", "2009-12-31": "7899.00000", "2009-09-30": "7982.00000", "2009-06-30": "8027.00000", "2009-03-31": "7912.00000", "2008-12-31": "8031.30000", "2008-09-30": "8364.20000", "2008-06-30": "8791.39900", "2008-03-31": "8851.60000", "2007-12-31": "8370.39900", "2007-09-30": "8421.80000", "2007-06-30": "7009.30000", "2007-03-31": "7038.70000", "2006-12-31": "6946.80000", "2006-09-30": "6782.00000", "2006-06-30": "6769.90000", "2006-03-31": "6729.50000", "2005-12-31": "6712.70000", "2005-09-30": "6768.00000", "2005-06-30": "6889.00000", "2005-03-31": "6944.10000"}, "Total Assets": {"2020-12-31": "23634.00000", "2020-09-30": "25670.00000", "2020-06-30": "27894.00000", "2020-03-31": "26006.00000", "2019-12-31": "29599.00000", "2019-09-30": "29516.00000", "2019-06-30": "32577.00000", "2019-03-31": "29574.00000", "2018-12-31": "28871.00000", "2018-09-30": "28882.00000", "2018-06-30": "29126.00000", "2018-03-31": "33921.00000", "2017-12-31": "33582.00000", "2017-09-30": "33176.00000", "2017-06-30": "31216.00000", "2017-03-31": "8663.00000", "2016-12-31": "8302.00000", "2016-09-30": "8819.00000", "2016-06-30": "8857.00000", "2016-03-31": "7736.00000", "2015-12-31": "7989.00000", "2015-09-30": "10013.00000", "2015-06-30": "10116.00000", "2015-03-31": "10221.00000", "2014-12-31": "10653.00000", "2014-09-30": "10573.00000", "2014-06-30": "11420.00000", "2014-03-31": "11389.00000", "2013-12-31": "11226.00000", "2013-09-30": "10773.00000", "2013-06-30": "10866.00000", "2013-03-31": "11251.00000", "2012-12-31": "11260.00000", "2012-09-30": "11649.00000", "2012-06-30": "10926.00000", "2012-03-31": "11189.00000", "2011-12-31": "11098.00000", "2011-09-30": "13321.00000", "2011-06-30": "16429.00000", "2011-03-31": "16120.00000", "2010-12-31": "15756.00000", "2010-09-30": "16887.00000", "2010-06-30": "16047.00000", "2010-03-31": "16455.00000", "2009-12-31": "16196.00000", "2009-09-30": "16137.00000", "2009-06-30": "15811.00000", "2009-03-31": "15619.00000", "2008-12-31": "15453.20000", "2008-09-30": "15177.90000", "2008-06-30": "15801.60000", "2008-03-31": "15879.70000", "2007-12-31": "15361.50000", "2007-09-30": "15118.70000", "2007-06-30": "14769.40000", "2007-03-31": "13740.20000", "2006-12-31": "13120.70000", "2006-09-30": "12796.80000", "2006-06-30": "13041.00000", "2006-03-31": "13021.70000", "2005-12-31": "12623.80000", "2005-09-30": "12201.80000", "2005-06-30": "12197.00000", "2005-03-31": "12633.90000"}, "Total Current Liabilities": {"2020-12-31": "8270.00000", "2020-09-30": "8656.00000", "2020-06-30": "8325.00000", "2020-03-31": "7895.00000", "2019-12-31": "8784.00000", "2019-09-30": "8974.00000", "2019-06-30": "9338.00000", "2019-03-31": "9453.00000", "2018-12-31": "8522.00000", "2018-09-30": "8514.00000", "2018-06-30": "9314.00000", "2018-03-31": "9852.00000", "2017-12-31": "9638.00000", "2017-09-30": "9437.00000", "2017-06-30": "8091.00000", "2017-03-31": "2950.00000", "2016-12-31": "2656.00000", "2016-09-30": "2701.00000", "2016-06-30": "2763.00000", "2016-03-31": "2608.00000", "2015-12-31": "2586.00000", "2015-09-30": "3377.00000", "2015-06-30": "3533.00000", "2015-03-31": "3564.00000", "2014-12-31": "3190.00000", "2014-09-30": "3020.00000", "2014-06-30": "3411.00000", "2014-03-31": "3462.00000", "2013-12-31": "3382.00000", "2013-09-30": "2837.00000", "2013-06-30": "3079.00000", "2013-03-31": "3349.00000", "2012-12-31": "3287.00000", "2012-09-30": "4015.00000", "2012-06-30": "4409.00000", "2012-03-31": "4536.00000", "2011-12-31": "3392.00000", "2011-09-30": "4074.00000", "2011-06-30": "4233.00000", "2011-03-31": "4178.00000", "2010-12-31": "4192.00000", "2010-09-30": "3979.00000", "2010-06-30": "3771.00000", "2010-03-31": "4122.00000", "2009-12-31": "3562.00000", "2009-09-30": "3791.00000", "2009-06-30": "3828.00000", "2009-03-31": "4016.00000", "2008-12-31": "4002.40000", "2008-09-30": "5079.00000", "2008-06-30": "5637.80000", "2008-03-31": "5695.20000", "2007-12-31": "5046.40000", "2007-09-30": "4685.20000", "2007-06-30": "4496.20000", "2007-03-31": "5656.10000", "2006-12-31": "4616.70000", "2006-09-30": "4519.00000", "2006-06-30": "4559.00000", "2006-03-31": "4368.60000", "2005-12-31": "3942.00000", "2005-09-30": "3639.10000", "2005-06-30": "3776.00000", "2005-03-31": "3877.90000"}, "Long Term Debt": {"2020-12-31": "5444.00000", "2020-09-30": "8046.00000", "2020-06-30": "10334.00000", "2020-03-31": "8672.00000", "2019-12-31": "7315.00000", "2019-09-30": "7698.00000", "2019-06-30": "7893.00000", "2019-03-31": "5470.00000", "2018-12-31": "5980.00000", "2018-09-30": "5409.00000", "2018-06-30": "4747.00000", "2018-03-31": "6092.00000", "2017-12-31": "6367.00000", "2017-09-30": "6325.00000", "2017-06-30": "6249.00000", "2017-03-31": "2225.00000", "2016-12-31": "2217.00000", "2016-09-30": "2506.00000", "2016-06-30": "2543.00000", "2016-03-31": "1934.00000", "2015-12-31": "1909.00000", "2015-09-30": "1716.00000", "2015-06-30": "1707.00000", "2015-03-31": "1635.00000", "2014-12-31": "2170.00000", "2014-09-30": "2214.00000", "2014-06-30": "2194.00000", "2014-03-31": "2207.00000", "2013-12-31": "2184.00000", "2013-09-30": "2448.00000", "2013-06-30": "2461.00000", "2013-03-31": "2498.00000", "2012-12-31": "2398.00000", "2012-09-30": "2399.00000", "2012-06-30": "1461.00000", "2012-03-31": "1486.00000", "2011-12-31": "2470.00000", "2011-09-30": "2478.00000", "2011-06-30": "2418.00000", "2011-03-31": "2409.00000", "2010-12-31": "2343.00000", "2010-09-30": "3835.00000", "2010-06-30": "3735.00000", "2010-03-31": "3669.00000", "2009-12-31": "4176.00000", "2009-09-30": "4175.00000", "2009-06-30": "4176.00000", "2009-03-31": "4173.00000", "2008-12-31": "4158.00000", "2008-09-30": "2665.10000", "2008-06-30": "2665.60000", "2008-03-31": "2635.30000", "2007-12-31": "2515.10000", "2007-09-30": "2511.80000", "2007-06-30": "2496.70000", "2007-03-31": "1412.20000", "2006-12-31": "1421.80000", "2006-09-30": "1425.50000", "2006-06-30": "1397.30000", "2006-03-31": "1376.80000", "2005-12-31": "1321.60000", "2005-09-30": "1301.30000", "2005-06-30": "1301.60000", "2005-03-31": "1303.00000"}, "Other Non-Current Liabilities": {"2020-12-31": "2146.00000", "2020-09-30": "2242.00000", "2020-06-30": "2352.00000", "2020-03-31": "2512.00000", "2019-12-31": "2555.00000", "2019-09-30": "2601.00000", "2019-06-30": "2691.00000", "2019-03-31": "1880.00000", "2018-12-31": "2740.00000", "2018-09-30": "2821.00000", "2018-06-30": "2900.00000", "2018-03-31": "2010.00000", "2017-12-31": "3519.00000", "2017-09-30": "4101.00000", "2017-06-30": "3890.00000", "2017-03-31": "694.00000", "2016-12-31": "744.00000", "2016-09-30": "753.00000", "2016-06-30": "534.00000", "2016-03-31": "516.00000", "2015-12-31": "1271.00000", "2015-09-30": "1874.00000", "2015-06-30": "1862.00000", "2015-03-31": "209.00000", "2014-12-31": "1938.00000", "2014-09-30": "1620.00000", "2014-06-30": "1777.00000", "2014-03-31": "1776.00000", "2013-12-31": "1935.00000", "2013-09-30": "2180.00000", "2013-06-30": "2214.00000", "2013-03-31": "2244.00000", "2012-12-31": "2258.00000", "2012-09-30": "2350.00000", "2012-06-30": "2328.00000", "2012-03-31": "2333.00000", "2011-12-31": "1990.00000", "2011-09-30": "2033.00000", "2011-06-30": "2007.00000", "2011-03-31": "1973.00000", "2010-12-31": "1999.00000", "2010-09-30": "2039.00000", "2010-06-30": "1989.00000", "2010-03-31": "2156.00000", "2009-12-31": "1778.00000", "2009-09-30": "1791.00000", "2009-06-30": "1724.00000", "2009-03-31": "1812.00000", "2008-12-31": "1617.60000", "2008-09-30": "1694.90000", "2008-06-30": "1894.60000", "2008-03-31": "2087.40000", "2007-12-31": "2248.80000", "2007-09-30": "2259.70000", "2007-06-30": "2174.00000", "2007-03-31": "1131.90000", "2006-12-31": "804.80000", "2006-09-30": "796.90000", "2006-06-30": "737.10000", "2006-03-31": "770.90000", "2005-12-31": "851.90000", "2005-09-30": "979.10000", "2005-06-30": "924.40000", "2005-03-31": "958.30000"}, "Total Long Term Liabilities": {"2020-12-31": "9369.00000", "2020-09-30": "12263.00000", "2020-06-30": "14627.00000", "2020-03-31": "12982.00000", "2019-12-31": "11714.00000", "2019-09-30": "11672.00000", "2019-06-30": "12022.00000", "2019-03-31": "8396.00000", "2018-12-31": "8993.00000", "2018-09-30": "8531.00000", "2018-06-30": "7998.00000", "2018-03-31": "10232.00000", "2017-12-31": "10742.00000", "2017-09-30": "11232.00000", "2017-06-30": "10780.00000", "2017-03-31": "3547.00000", "2016-12-31": "3452.00000", "2016-09-30": "3793.00000", "2016-06-30": "3865.00000", "2016-03-31": "3096.00000", "2015-12-31": "3180.00000", "2015-09-30": "3590.00000", "2015-06-30": "3569.00000", "2015-03-31": "3692.00000", "2014-12-31": "4108.00000", "2014-09-30": "3834.00000", "2014-06-30": "3971.00000", "2014-03-31": "3983.00000", "2013-12-31": "4119.00000", "2013-09-30": "4628.00000", "2013-06-30": "4675.00000", "2013-03-31": "4742.00000", "2012-12-31": "4656.00000", "2012-09-30": "4749.00000", "2012-06-30": "3789.00000", "2012-03-31": "3819.00000", "2011-12-31": "4460.00000", "2011-09-30": "4511.00000", "2011-06-30": "4425.00000", "2011-03-31": "4382.00000", "2010-12-31": "4342.00000", "2010-09-30": "5874.00000", "2010-06-30": "5724.00000", "2010-03-31": "5825.00000", "2009-12-31": "5954.00000", "2009-09-30": "5966.00000", "2009-06-30": "5900.00000", "2009-03-31": "5985.00000", "2008-12-31": "5775.60000", "2008-09-30": "4360.00000", "2008-06-30": "4560.20000", "2008-03-31": "4722.70000", "2007-12-31": "4763.90000", "2007-09-30": "4771.50000", "2007-06-30": "4670.70000", "2007-03-31": "2544.10000", "2006-12-31": "2226.60000", "2006-09-30": "2222.40000", "2006-06-30": "2134.40000", "2006-03-31": "2147.70000", "2005-12-31": "2173.50000", "2005-09-30": "2280.40000", "2005-06-30": "2226.00000", "2005-03-31": "2261.30000"}, "Total Liabilities": {"2020-12-31": "17639.00000", "2020-09-30": "20919.00000", "2020-06-30": "22952.00000", "2020-03-31": "20877.00000", "2019-12-31": "20498.00000", "2019-09-30": "20646.00000", "2019-06-30": "21360.00000", "2019-03-31": "17849.00000", "2018-12-31": "17515.00000", "2018-09-30": "17045.00000", "2018-06-30": "17312.00000", "2018-03-31": "20084.00000", "2017-12-31": "20380.00000", "2017-09-30": "20669.00000", "2017-06-30": "18871.00000", "2017-03-31": "6497.00000", "2016-12-31": "6108.00000", "2016-09-30": "6494.00000", "2016-06-30": "6628.00000", "2016-03-31": "5704.00000", "2015-12-31": "5766.00000", "2015-09-30": "6967.00000", "2015-06-30": "7102.00000", "2015-03-31": "7256.00000", "2014-12-31": "7298.00000", "2014-09-30": "6854.00000", "2014-06-30": "7382.00000", "2014-03-31": "7445.00000", "2013-12-31": "7501.00000", "2013-09-30": "7465.00000", "2013-06-30": "7754.00000", "2013-03-31": "8091.00000", "2012-12-31": "7943.00000", "2012-09-30": "8764.00000", "2012-06-30": "8198.00000", "2012-03-31": "8355.00000", "2011-12-31": "7852.00000", "2011-09-30": "8585.00000", "2011-06-30": "8658.00000", "2011-03-31": "8560.00000", "2010-12-31": "8534.00000", "2010-09-30": "9853.00000", "2010-06-30": "9495.00000", "2010-03-31": "9947.00000", "2009-12-31": "9516.00000", "2009-09-30": "9757.00000", "2009-06-30": "9728.00000", "2009-03-31": "10001.00000", "2008-12-31": "9778.00000", "2008-09-30": "9439.00000", "2008-06-30": "10198.00000", "2008-03-31": "10417.90000", "2007-12-31": "9810.30000", "2007-09-30": "9456.70000", "2007-06-30": "9166.90000", "2007-03-31": "8200.20000", "2006-12-31": "6843.30000", "2006-09-30": "6741.40000", "2006-06-30": "6693.40000", "2006-03-31": "6516.30000", "2005-12-31": "6115.50000", "2005-09-30": "5919.50000", "2005-06-30": "6002.00000", "2005-03-31": "6139.20000"}, "Common Stock Net": {"2020-12-31": "3.00000", "2020-09-30": "3.00000", "2020-06-30": "3.00000", "2020-03-31": "3.00000", "2019-12-31": "3.00000", "2019-09-30": "3.00000", "2019-06-30": "3.00000", "2019-03-31": "3.00000", "2018-12-31": "3.00000", "2018-09-30": "3.00000", "2018-06-30": "3.00000", "2018-03-31": "3.00000", "2017-12-31": "3.00000", "2017-09-30": "3.00000", "2017-06-30": "3.00000", "2017-03-31": "1.00000", "2016-12-31": "152.00000", "2016-09-30": "151.00000", "2016-06-30": "151.00000", "2016-03-31": "149.00000", "2015-12-31": "149.00000", "2015-09-30": "148.00000", "2015-06-30": "148.00000", "2015-03-31": "148.00000", "2014-12-31": "151.00000", "2014-09-30": "150.00000", "2014-06-30": "155.00000", "2014-03-31": "155.00000", "2013-12-31": "155.00000", "2013-09-30": "157.00000", "2013-06-30": "157.00000", "2013-03-31": "159.00000", "2012-12-31": "162.00000", "2012-09-30": "164.00000", "2012-06-30": "164.00000", "2012-03-31": "164.00000", "2011-12-31": "164.00000", "2011-09-30": "164.00000", "2011-06-30": "164.00000", "2011-03-31": "163.00000", "2010-12-31": "163.00000", "2010-09-30": "163.00000", "2010-06-30": "163.00000", "2010-03-31": "162.00000", "2009-12-31": "162.00000", "2009-09-30": "161.00000", "2009-06-30": "160.00000", "2009-03-31": "160.00000", "2008-12-31": "159.70000", "2008-09-30": "159.60000", "2008-06-30": "159.50000", "2008-03-31": "159.20000", "2007-12-31": "171.70000", "2007-09-30": "177.40000", "2007-06-30": "182.30000", "2007-03-31": "181.10000", "2006-12-31": "180.50000", "2006-09-30": "179.70000", "2006-06-30": "186.50000", "2006-03-31": "194.90000", "2005-12-31": "193.90000", "2005-09-30": "192.60000", "2005-06-30": "192.40000", "2005-03-31": "191.70000"}, "Retained Earnings (Accumulated Deficit)": {"2020-12-31": "-4533.00000", "2020-09-30": "-5631.00000", "2020-06-30": "-5386.00000", "2020-03-31": "-5177.00000", "2019-12-31": "-1628.00000", "2019-09-30": "-1668.00000", "2019-06-30": "494.00000", "2019-03-31": "478.00000", "2018-12-31": "274.00000", "2018-09-30": "136.00000", "2018-06-30": "", "2018-03-31": "1301.00000", "2017-12-31": "834.00000", "2017-09-30": "110.00000", "2017-06-30": "-74.00000", "2017-03-31": "-170.00000", "2016-12-31": "-3.00000", "2016-09-30": "-14.00000", "2016-06-30": "-10.00000", "2016-03-31": "33.00000", "2015-12-31": "187.00000", "2015-09-30": "1091.00000", "2015-06-30": "954.00000", "2015-03-31": "928.00000", "2014-12-31": "1101.00000", "2014-09-30": "1453.00000", "2014-06-30": "1596.00000", "2014-03-31": "1592.00000", "2013-12-31": "2736.00000", "2013-09-30": "2710.00000", "2013-06-30": "2609.00000", "2013-03-31": "1101.00000", "2012-12-31": "2471.00000", "2012-09-30": "2038.00000", "2012-06-30": "1939.00000", "2012-03-31": "1930.00000", "2011-12-31": "2118.00000", "2011-09-30": "3539.00000", "2011-06-30": "6448.00000", "2011-03-31": "6296.00000", "2010-12-31": "6200.00000", "2010-09-30": "5990.00000", "2010-06-30": "5829.00000", "2010-03-31": "5709.00000", "2009-12-31": "5450.00000", "2009-09-30": "5239.00000", "2009-06-30": "5023.00000", "2009-03-31": "4893.00000", "2008-12-31": "4510.10000", "2008-09-30": "4349.60000", "2008-06-30": "3897.70000", "2008-03-31": "3801.90000", "2007-12-31": "4008.60000", "2007-09-30": "4077.90000", "2007-06-30": "4075.80000", "2007-03-31": "4140.90000", "2006-12-31": "4304.10000", "2006-09-30": "4189.20000", "2006-06-30": "4581.60000", "2006-03-31": "4692.80000", "2005-12-31": "4842.70000", "2005-09-30": "4639.20000", "2005-06-30": "4539.70000", "2005-03-31": "4408.10000"}, "Comprehensive Income": {"2020-12-31": "-407.00000", "2020-09-30": "-562.00000", "2020-06-30": "-599.00000", "2020-03-31": "-603.00000", "2019-12-31": "-176.00000", "2019-09-30": "-428.00000", "2019-06-30": "-351.00000", "2019-03-31": "-244.00000", "2018-12-31": "-464.00000", "2018-09-30": "-382.00000", "2018-06-30": "-312.00000", "2018-03-31": "58.00000", "2017-12-31": "-118.00000", "2017-09-30": "-70.00000", "2017-06-30": "7.00000", "2017-03-31": "-162.00000", "2016-12-31": "-286.00000", "2016-09-30": "-115.00000", "2016-06-30": "-169.00000", "2016-03-31": "-111.00000", "2015-12-31": "-106.00000", "2015-09-30": "-61.00000", "2015-06-30": "75.00000", "2015-03-31": "21.00000", "2014-12-31": "141.00000", "2014-09-30": "181.00000", "2014-06-30": "311.00000", "2014-03-31": "279.00000", "2013-12-31": "-1001.00000", "2013-09-30": "-1397.00000", "2013-06-30": "-1424.00000", "2013-03-31": "108.00000", "2012-12-31": "-1112.00000", "2012-09-30": "-1128.00000", "2012-06-30": "-1207.00000", "2012-03-31": "-1093.00000", "2011-12-31": "-871.00000", "2011-09-30": "-791.00000", "2011-06-30": "-648.00000", "2011-03-31": "-690.00000", "2010-12-31": "-891.00000", "2010-09-30": "-853.00000", "2010-06-30": "-1152.00000", "2010-03-31": "-1052.00000", "2009-12-31": "-582.00000", "2009-09-30": "-602.00000", "2009-06-30": "-673.00000", "2009-03-31": "-1004.00000", "2008-12-31": "-449.90000", "2008-09-30": "-213.50000", "2008-06-30": "126.60000", "2008-03-31": "100.60000", "2007-12-31": "-150.30000", "2007-09-30": "-158.00000", "2007-06-30": "-244.90000", "2007-03-31": "-304.30000", "2006-12-31": "301.50000", "2006-09-30": "236.60000", "2006-06-30": "175.30000", "2006-03-31": "106.80000", "2005-12-31": "88.80000", "2005-09-30": "117.60000", "2005-06-30": "140.60000", "2005-03-31": "254.90000"}, "Other Share Holders Equity": {"2020-12-31": "", "2020-09-30": "", "2020-06-30": "", "2020-03-31": "", "2019-12-31": "", "2019-09-30": "", "2019-06-30": "", "2019-03-31": "", "2018-12-31": "", "2018-09-30": "", "2018-06-30": "", "2018-03-31": "", "2017-12-31": "", "2017-09-30": "", "2017-06-30": "", "2017-03-31": "", "2016-12-31": "", "2016-09-30": "", "2016-06-30": "", "2016-03-31": "", "2015-12-31": "", "2015-09-30": "", "2015-06-30": "", "2015-03-31": "", "2014-12-31": "", "2014-09-30": "", "2014-06-30": "", "2014-03-31": "", "2013-12-31": "", "2013-09-30": "", "2013-06-30": "", "2013-03-31": "", "2012-12-31": "", "2012-09-30": "", "2012-06-30": "", "2012-03-31": "", "2011-12-31": "", "2011-09-30": "", "2011-06-30": "", "2011-03-31": "", "2010-12-31": "", "2010-09-30": "", "2010-06-30": "", "2010-03-31": "", "2009-12-31": "", "2009-09-30": "", "2009-06-30": "", "2009-03-31": "", "2008-12-31": "", "2008-09-30": "", "2008-06-30": "", "2008-03-31": "", "2007-12-31": "", "2007-09-30": "", "2007-06-30": "", "2007-03-31": "", "2006-12-31": "", "2006-09-30": "", "2006-06-30": "", "2006-03-31": "-24.00000", "2005-12-31": "-26.00000", "2005-09-30": "-28.40000", "2005-06-30": "-30.40000", "2005-03-31": "-10.70000"}, "Share Holder Equity": {"2020-12-31": "5995.00000", "2020-09-30": "4751.00000", "2020-06-30": "4942.00000", "2020-03-31": "5129.00000", "2019-12-31": "9101.00000", "2019-09-30": "8870.00000", "2019-06-30": "11217.00000", "2019-03-31": "11725.00000", "2018-12-31": "11356.00000", "2018-09-30": "11837.00000", "2018-06-30": "11814.00000", "2018-03-31": "13837.00000", "2017-12-31": "13202.00000", "2017-09-30": "12507.00000", "2017-06-30": "12345.00000", "2017-03-31": "2166.00000", "2016-12-31": "2194.00000", "2016-09-30": "2325.00000", "2016-06-30": "2229.00000", "2016-03-31": "2032.00000", "2015-12-31": "2223.00000", "2015-09-30": "3046.00000", "2015-06-30": "3014.00000", "2015-03-31": "2965.00000", "2014-12-31": "3355.00000", "2014-09-30": "3719.00000", "2014-06-30": "4038.00000", "2014-03-31": "3944.00000", "2013-12-31": "3725.00000", "2013-09-30": "3308.00000", "2013-06-30": "3112.00000", "2013-03-31": "3160.00000", "2012-12-31": "3317.00000", "2012-09-30": "2885.00000", "2012-06-30": "2728.00000", "2012-03-31": "2834.00000", "2011-12-31": "3246.00000", "2011-09-30": "4736.00000", "2011-06-30": "7771.00000", "2011-03-31": "7560.00000", "2010-12-31": "7222.00000", "2010-09-30": "7034.00000", "2010-06-30": "6552.00000", "2010-03-31": "6508.00000", "2009-12-31": "6680.00000", "2009-09-30": "6380.00000", "2009-06-30": "6083.00000", "2009-03-31": "5618.00000", "2008-12-31": "5675.20000", "2008-09-30": "5738.90000", "2008-06-30": "5603.60000", "2008-03-31": "5461.80000", "2007-12-31": "5551.20000", "2007-09-30": "5662.00000", "2007-06-30": "5602.50000", "2007-03-31": "5540.00000", "2006-12-31": "6277.40000", "2006-09-30": "6055.40000", "2006-06-30": "6347.60000", "2006-03-31": "6505.40000", "2005-12-31": "6508.30000", "2005-09-30": "6282.30000", "2005-06-30": "6195.00000", "2005-03-31": "6494.70000"}, "Total Liabilities And Share Holders Equity": {"2020-12-31": "23634.00000", "2020-09-30": "25670.00000", "2020-06-30": "27894.00000", "2020-03-31": "26006.00000", "2019-12-31": "29599.00000", "2019-09-30": "29516.00000", "2019-06-30": "32577.00000", "2019-03-31": "29574.00000", "2018-12-31": "28871.00000", "2018-09-30": "28882.00000", "2018-06-30": "29126.00000", "2018-03-31": "33921.00000", "2017-12-31": "33582.00000", "2017-09-30": "33176.00000", "2017-06-30": "31216.00000", "2017-03-31": "8663.00000", "2016-12-31": "8302.00000", "2016-09-30": "8819.00000", "2016-06-30": "8857.00000", "2016-03-31": "7736.00000", "2015-12-31": "7989.00000", "2015-09-30": "10013.00000", "2015-06-30": "10116.00000", "2015-03-31": "10221.00000", "2014-12-31": "10653.00000", "2014-09-30": "10573.00000", "2014-06-30": "11420.00000", "2014-03-31": "11389.00000", "2013-12-31": "11226.00000", "2013-09-30": "10773.00000", "2013-06-30": "10866.00000", "2013-03-31": "11251.00000", "2012-12-31": "11260.00000", "2012-09-30": "11649.00000", "2012-06-30": "10926.00000", "2012-03-31": "11189.00000", "2011-12-31": "11098.00000", "2011-09-30": "13321.00000", "2011-06-30": "16429.00000", "2011-03-31": "16120.00000", "2010-12-31": "15756.00000", "2010-09-30": "16887.00000", "2010-06-30": "16047.00000", "2010-03-31": "16455.00000", "2009-12-31": "16196.00000", "2009-09-30": "16137.00000", "2009-06-30": "15811.00000", "2009-03-31": "15619.00000", "2008-12-31": "15453.20000", "2008-09-30": "15177.90000", "2008-06-30": "15801.60000", "2008-03-31": "15879.70000", "2007-12-31": "15361.50000", "2007-09-30": "15118.70000", "2007-06-30": "14769.40000", "2007-03-31": "13740.20000", "2006-12-31": "13120.70000", "2006-09-30": "12796.80000", "2006-06-30": "13041.00000", "2006-03-31": "13021.70000", "2005-12-31": "12623.80000", "2005-09-30": "12201.80000", "2005-06-30": "12197.00000", "2005-03-31": "12633.90000"}}, "cash flow statement": {"Net Income/Loss": {"2020-03-31": "-5358.00000", "2019-03-31": "1262.00000", "2018-03-31": "1782.00000", "2017-03-31": "-100.00000", "2016-03-31": "263.00000", "2015-03-31": "17.00000", "2014-03-31": "968.00000", "2013-03-31": "779.00000", "2012-03-31": "-602.00000", "2011-03-31": "759.00000", "2010-03-31": "834.00000", "2009-03-31": "1123.00000", "2008-03-31": "559.00000", "2007-03-31": "397.30000", "2006-03-31": "495.60000", "2005-03-31": "758.10000"}, "Total Depreciation And Amortization - Cash Flow": {"2020-03-31": "8750.00000", "2019-03-31": "2013.00000", "2018-03-31": "2010.00000", "2017-03-31": "675.00000", "2016-03-31": "767.00000", "2015-03-31": "977.00000", "2014-03-31": "1018.00000", "2013-03-31": "1070.00000", "2012-03-31": "1371.00000", "2011-03-31": "1140.00000", "2010-03-31": "1156.00000", "2009-03-31": "1270.00000", "2008-03-31": "1286.00000", "2007-03-31": "1162.00000", "2006-03-31": "1187.50000", "2005-03-31": "1145.50000"}, "Other Non-Cash Items": {"2020-03-31": "512.00000", "2019-03-31": "171.00000", "2018-03-31": "-864.00000", "2017-03-31": "105.00000", "2016-03-31": "195.00000", "2015-03-31": "407.00000", "2014-03-31": "-77.00000", "2013-03-31": "-311.00000", "2012-03-31": "771.00000", "2011-03-31": "92.00000", "2010-03-31": "71.00000", "2009-03-31": "478.00000", "2008-03-31": "-2.00000", "2007-03-31": "-222.10000", "2006-03-31": "52.30000", "2005-03-31": "-29.10000"}, "Total Non-Cash Items": {"2020-03-31": "9262.00000", "2019-03-31": "2184.00000", "2018-03-31": "1146.00000", "2017-03-31": "780.00000", "2016-03-31": "962.00000", "2015-03-31": "1384.00000", "2014-03-31": "941.00000", "2013-03-31": "759.00000", "2012-03-31": "2142.00000", "2011-03-31": "1232.00000", "2010-03-31": "1227.00000", "2009-03-31": "1748.00000", "2008-03-31": "1284.00000", "2007-03-31": "939.90000", "2006-03-31": "1239.80000", "2005-03-31": "1116.40000"}, "Change In Accounts Receivable": {"2020-03-31": "269.00000", "2019-03-31": "-947.00000", "2018-03-31": "-464.00000", "2017-03-31": "-25.00000", "2016-03-31": "129.00000", "2015-03-31": "237.00000", "2014-03-31": "168.00000", "2013-03-31": "55.00000", "2012-03-31": "240.00000", "2011-03-31": "170.00000", "2010-03-31": "70.00000", "2009-03-31": "224.00000", "2008-03-31": "-217.00000", "2007-03-31": "-238.90000", "2006-03-31": "-261.60000", "2005-03-31": "-314.70000"}, "Change In Inventories": {"2020-03-31": "", "2019-03-31": "", "2018-03-31": "", "2017-03-31": "", "2016-03-31": "", "2015-03-31": "", "2014-03-31": "", "2013-03-31": "", "2012-03-31": "", "2011-03-31": "", "2010-03-31": "", "2009-03-31": "", "2008-03-31": "", "2007-03-31": "", "2006-03-31": "", "2005-03-31": ""}, "Change In Accounts Payable": {"2020-03-31": "", "2019-03-31": "", "2018-03-31": "", "2017-03-31": "", "2016-03-31": "", "2015-03-31": "", "2014-03-31": "", "2013-03-31": "", "2012-03-31": "", "2011-03-31": "", "2010-03-31": "", "2009-03-31": "", "2008-03-31": "", "2007-03-31": "", "2006-03-31": "", "2005-03-31": ""}, "Change In Assets/Liabilities": {"2020-03-31": "-1073.00000", "2019-03-31": "-706.00000", "2018-03-31": "-66.00000", "2017-03-31": "-96.00000", "2016-03-31": "-242.00000", "2015-03-31": "165.00000", "2014-03-31": "-38.00000", "2013-03-31": "292.00000", "2012-03-31": "-318.00000", "2011-03-31": "-320.00000", "2010-03-31": "54.00000", "2009-03-31": "72.00000", "2008-03-31": "-281.00000", "2007-03-31": "16.00000", "2006-03-31": "-120.40000", "2005-03-31": "-177.40000"}, "Total Change In Assets/Liabilities": {"2020-03-31": "-1566.00000", "2019-03-31": "-1812.00000", "2018-03-31": "-323.00000", "2017-03-31": "-99.00000", "2016-03-31": "-412.00000", "2015-03-31": "56.00000", "2014-03-31": "-291.00000", "2013-03-31": "-379.00000", "2012-03-31": "-369.00000", "2011-03-31": "-429.00000", "2010-03-31": "-420.00000", "2009-03-31": "-847.00000", "2008-03-31": "-478.00000", "2007-03-31": "243.10000", "2006-03-31": "-166.80000", "2005-03-31": "100.30000"}, "Cash Flow From Operating Activities": {"2020-03-31": "2350.00000", "2019-03-31": "1783.00000", "2018-03-31": "2567.00000", "2017-03-31": "619.00000", "2016-03-31": "802.00000", "2015-03-31": "1473.00000", "2014-03-31": "1577.00000", "2013-03-31": "1119.00000", "2012-03-31": "1176.00000", "2011-03-31": "1564.00000", "2010-03-31": "1643.00000", "2009-03-31": "1986.00000", "2008-03-31": "1343.00000", "2007-03-31": "1578.60000", "2006-03-31": "1551.30000", "2005-03-31": "1941.50000"}, "Net Change In Property, Plant, And Equipment": {"2020-03-31": "-512.00000", "2019-03-31": "-201.00000", "2018-03-31": "-377.00000", "2017-03-31": "-329.00000", "2016-03-31": "-479.00000", "2015-03-31": "-425.00000", "2014-03-31": "-579.00000", "2013-03-31": "-525.00000", "2012-03-31": "-785.00000", "2011-03-31": "-722.00000", "2010-03-31": "-669.00000", "2009-03-31": "-785.00000", "2008-03-31": "-1049.00000", "2007-03-31": "-840.10000", "2006-03-31": "-978.00000", "2005-03-31": "-1060.30000"}, "Net Change In Intangible Assets": {"2020-03-31": "", "2019-03-31": "", "2018-03-31": "", "2017-03-31": "", "2016-03-31": "", "2015-03-31": "", "2014-03-31": "", "2013-03-31": "", "2012-03-31": "", "2011-03-31": "", "2010-03-31": "", "2009-03-31": "", "2008-03-31": "", "2007-03-31": "", "2006-03-31": "", "2005-03-31": ""}, "Net Acquisitions/Divestitures": {"2020-03-31": "-1997.00000", "2019-03-31": "-430.00000", "2018-03-31": "735.00000", "2017-03-31": "-431.00000", "2016-03-31": "-517.00000", "2015-03-31": "-62.00000", "2014-03-31": "58.00000", "2013-03-31": "1074.00000", "2012-03-31": "-372.00000", "2011-03-31": "-39.00000", "2010-03-31": "9.00000", "2009-03-31": "-100.00000", "2008-03-31": "-1591.00000", "2007-03-31": "-131.50000", "2006-03-31": "-43.60000", "2005-03-31": "798.60000"}, "Net Change In Short-term Investments": {"2020-03-31": "-37.00000", "2019-03-31": "", "2018-03-31": "", "2017-03-31": "", "2016-03-31": "-70.00000", "2015-03-31": "0.00000", "2014-03-31": "0.00000", "2013-03-31": "", "2012-03-31": "", "2011-03-31": "", "2010-03-31": "", "2009-03-31": "", "2008-03-31": "", "2007-03-31": "", "2006-03-31": "", "2005-03-31": ""}, "Net Change In Long-Term Investments": {"2020-03-31": "", "2019-03-31": "", "2018-03-31": "", "2017-03-31": "", "2016-03-31": "", "2015-03-31": "", "2014-03-31": "", "2013-03-31": "", "2012-03-31": "", "2011-03-31": "", "2010-03-31": "", "2009-03-31": "", "2008-03-31": "", "2007-03-31": "", "2006-03-31": "", "2005-03-31": ""}, "Net Change In Investments - Total": {"2020-03-31": "-37.00000", "2019-03-31": "", "2018-03-31": "", "2017-03-31": "", "2016-03-31": "-70.00000", "2015-03-31": "", "2014-03-31": "", "2013-03-31": "", "2012-03-31": "", "2011-03-31": "", "2010-03-31": "", "2009-03-31": "", "2008-03-31": "", "2007-03-31": "", "2006-03-31": "", "2005-03-31": ""}, "Investing Activities - Other": {"2020-03-31": "409.00000", "2019-03-31": "700.00000", "2018-03-31": "361.00000", "2017-03-31": "195.00000", "2016-03-31": "-114.00000", "2015-03-31": "-49.00000", "2014-03-31": "-45.00000", "2013-03-31": "-93.00000", "2012-03-31": "-151.00000", "2011-03-31": "-131.00000", "2010-03-31": "-130.00000", "2009-03-31": "-153.00000", "2008-03-31": "-79.00000", "2007-03-31": "98.90000", "2006-03-31": "-102.40000", "2005-03-31": "-333.70000"}, "Cash Flow From Investing Activities": {"2020-03-31": "-2137.00000", "2019-03-31": "69.00000", "2018-03-31": "719.00000", "2017-03-31": "-565.00000", "2016-03-31": "-1180.00000", "2015-03-31": "-536.00000", "2014-03-31": "-566.00000", "2013-03-31": "456.00000", "2012-03-31": "-1308.00000", "2011-03-31": "-892.00000", "2010-03-31": "-790.00000", "2009-03-31": "-1038.00000", "2008-03-31": "-2719.00000", "2007-03-31": "-872.70000", "2006-03-31": "-1124.00000", "2005-03-31": "-595.40000"}, "Net Long-Term Debt": {"2020-03-31": "294.00000", "2019-03-31": "-1170.00000", "2018-03-31": "-997.00000", "2017-03-31": "-154.00000", "2016-03-31": "-941.00000", "2015-03-31": "-242.00000", "2014-03-31": "-492.00000", "2013-03-31": "-161.00000", "2012-03-31": "-485.00000", "2011-03-31": "-92.00000", "2010-03-31": "-537.00000", "2009-03-31": "-532.00000", "2008-03-31": "1660.00000", "2007-03-31": "-40.80000", "2006-03-31": "-8.50000", "2005-03-31": "-1032.60000"}, "Net Current Debt": {"2020-03-31": "1363.00000", "2019-03-31": "-93.00000", "2018-03-31": "-621.00000", "2017-03-31": "236.00000", "2016-03-31": "939.00000", "2015-03-31": "-32.00000", "2014-03-31": "439.00000", "2013-03-31": "-41.00000", "2012-03-31": "20.00000", "2011-03-31": "-1494.00000", "2010-03-31": "-7.00000", "2009-03-31": "1265.00000", "2008-03-31": "242.00000", "2007-03-31": "-21.50000", "2006-03-31": "-22.40000", "2005-03-31": "22.10000"}, "Debt Issuance/Retirement Net - Total": {"2020-03-31": "1657.00000", "2019-03-31": "-1263.00000", "2018-03-31": "-1618.00000", "2017-03-31": "82.00000", "2016-03-31": "-2.00000", "2015-03-31": "-274.00000", "2014-03-31": "-53.00000", "2013-03-31": "-202.00000", "2012-03-31": "-465.00000", "2011-03-31": "-1586.00000", "2010-03-31": "-544.00000", "2009-03-31": "733.00000", "2008-03-31": "1902.00000", "2007-03-31": "-62.30000", "2006-03-31": "-30.90000", "2005-03-31": "-1010.50000"}, "Net Common Equity Issued/Repurchased": {"2020-03-31": "-725.00000", "2019-03-31": "-1297.00000", "2018-03-31": "6.00000", "2017-03-31": "54.00000", "2016-03-31": "9.00000", "2015-03-31": "-646.00000", "2014-03-31": "-307.00000", "2013-03-31": "-228.00000", "2012-03-31": "15.00000", "2011-03-31": "8.00000", "2010-03-31": "97.00000", "2009-03-31": "9.00000", "2008-03-31": "-927.00000", "2007-03-31": "-905.20000", "2006-03-31": "-126.60000", "2005-03-31": "107.80000"}, "Net Total Equity Issued/Repurchased": {"2020-03-31": "-725.00000", "2019-03-31": "-1297.00000", "2018-03-31": "6.00000", "2017-03-31": "54.00000", "2016-03-31": "9.00000", "2015-03-31": "-646.00000", "2014-03-31": "-307.00000", "2013-03-31": "-228.00000", "2012-03-31": "15.00000", "2011-03-31": "8.00000", "2010-03-31": "97.00000", "2009-03-31": "9.00000", "2008-03-31": "-927.00000", "2007-03-31": "-905.20000", "2006-03-31": "-126.60000", "2005-03-31": "107.80000"}, "Total Common And Preferred Stock Dividends Paid": {"2020-03-31": "-214.00000", "2019-03-31": "-210.00000", "2018-03-31": "-174.00000", "2017-03-31": "-78.00000", "2016-03-31": "-430.00000", "2015-03-31": "-128.00000", "2014-03-31": "-119.00000", "2013-03-31": "-124.00000", "2012-03-31": "-124.00000", "2011-03-31": "-77.00000", "2010-03-31": "", "2009-03-31": "", "2008-03-31": "", "2007-03-31": "", "2006-03-31": "", "2005-03-31": ""}, "Financial Activities - Other": {"2020-03-31": "-61.00000", "2019-03-31": "1107.00000", "2018-03-31": "-104.00000", "2017-03-31": "35.00000", "2016-03-31": "-62.00000", "2015-03-31": "-30.00000", "2014-03-31": "-137.00000", "2013-03-31": "-35.00000", "2012-03-31": "-7.00000", "2011-03-31": "-21.00000", "2010-03-31": "-40.00000", "2009-03-31": "", "2008-03-31": "23.00000", "2007-03-31": "12.00000", "2006-03-31": "6.80000", "2005-03-31": "2.10000"}, "Cash Flow From Financial Activities": {"2020-03-31": "657.00000", "2019-03-31": "-1663.00000", "2018-03-31": "-1890.00000", "2017-03-31": "93.00000", "2016-03-31": "-485.00000", "2015-03-31": "-1078.00000", "2014-03-31": "-616.00000", "2013-03-31": "-589.00000", "2012-03-31": "-581.00000", "2011-03-31": "-1676.00000", "2010-03-31": "-487.00000", "2009-03-31": "742.00000", "2008-03-31": "998.00000", "2007-03-31": "-955.50000", "2006-03-31": "-150.70000", "2005-03-31": "-900.60000"}, "Net Cash Flow": {"2020-03-31": "780.00000", "2019-03-31": "170.00000", "2018-03-31": "1461.00000", "2017-03-31": "87.00000", "2016-03-31": "-920.00000", "2015-03-31": "-345.00000", "2014-03-31": "389.00000", "2013-03-31": "961.00000", "2012-03-31": "-744.00000", "2011-03-31": "-947.00000", "2010-03-31": "487.00000", "2009-03-31": "1598.00000", "2008-03-31": "-351.00000", "2007-03-31": "-240.60000", "2006-03-31": "280.40000", "2005-03-31": "447.50000"}, "Stock-Based Compensation": {"2020-03-31": "68.00000", "2019-03-31": "74.00000", "2018-03-31": "93.00000", "2017-03-31": "75.00000", "2016-03-31": "45.00000", "2015-03-31": "68.00000", "2014-03-31": "73.00000", "2013-03-31": "49.00000", "2012-03-31": "36.00000", "2011-03-31": "56.00000", "2010-03-31": "64.00000", "2009-03-31": "54.00000", "2008-03-31": "60.00000", "2007-03-31": "58.70000", "2006-03-31": "32.90000", "2005-03-31": "18.40000"}, "Common Stock Dividends Paid": {"2020-03-31": "-214.00000", "2019-03-31": "-210.00000", "2018-03-31": "-174.00000", "2017-03-31": "-78.00000", "2016-03-31": "-430.00000", "2015-03-31": "-128.00000", "2014-03-31": "-119.00000", "2013-03-31": "-124.00000", "2012-03-31": "-124.00000", "2011-03-31": "-77.00000", "2010-03-31": "0.00000", "2009-03-31": "0.00000", "2008-03-31": "", "2007-03-31": "", "2006-03-31": "", "2005-03-31": ""}}, "cash flow statement, quarterly": {"Net Income/Loss": {"2020-12-31": 1103, "2020-09-30": -246, "2020-06-30": "-199.00000", "2020-03-31": -3501, "2019-12-31": 90, "2019-09-30": -2115, "2019-06-30": "168.00000", "2019-03-31": 271, "2018-12-31": 466, "2018-09-30": 259, "2018-06-30": "266.00000", "2018-03-31": 565, "2017-12-31": 779, "2017-09-30": 265, "2017-06-30": "173.00000", "2017-03-31": -138, "2016-12-31": 37, "2016-09-30": 21, "2016-06-30": "-20.00000", "2016-03-31": -133, "2015-12-31": 52, "2015-09-30": 177, "2015-06-30": "167.00000", "2015-03-31": 23, "2014-12-31": -313, "2014-09-30": 156, "2014-06-30": "151.00000", "2014-03-31": 273, "2013-12-31": 276, "2013-09-30": 242, "2013-06-30": "177.00000", "2013-03-31": 86, "2012-12-31": 513, "2012-09-30": 138, "2012-06-30": "42.00000", "2012-03-31": 3470, "2011-12-31": -1391, "2011-09-30": -2866, "2011-06-30": "185.00000", "2011-03-31": 175, "2010-12-31": 243, "2010-09-30": 193, "2010-06-30": "148.00000", "2010-03-31": 264, "2009-12-31": 217, "2009-09-30": 220, "2009-06-30": "133.00000", "2009-03-31": 383, "2008-12-31": 163, "2008-09-30": 451, "2008-06-30": "126.00000", "2008-03-31": 196.1, "2007-12-31": 179, "2007-09-30": 75.8, "2007-06-30": "108.10000", "2007-03-31": 254.2, "2006-12-31": 113.5, "2006-09-30": 89.5, "2006-06-30": "-59.90000", "2006-03-31": 70.3, "2005-12-31": 197.8, "2005-09-30": 95.9, "2005-06-30": "131.60000", "2005-03-31": 758.1}, "Total Depreciation And Amortization - Cash Flow": {"2020-12-31": 481, "2020-09-30": 529, "2020-06-30": "496.00000", "2020-03-31": 4381, "2019-12-31": 536, "2019-09-30": 3359, "2019-06-30": "474.00000", "2019-03-31": 499, "2018-12-31": 512, "2018-09-30": 493, "2018-06-30": "509.00000", "2018-03-31": 623, "2017-12-31": 483, "2017-09-30": 541, "2017-06-30": "363.00000", "2017-03-31": 172, "2016-12-31": 164, "2016-09-30": 170, "2016-06-30": "169.00000", "2016-03-31": 159, "2015-12-31": 198, "2015-09-30": 203, "2015-06-30": "207.00000", "2015-03-31": 215, "2014-12-31": 238, "2014-09-30": 252, "2014-06-30": "272.00000", "2014-03-31": 265, "2013-12-31": 251, "2013-09-30": 247, "2013-06-30": "255.00000", "2013-03-31": 269, "2012-12-31": 268, "2012-09-30": 271, "2012-06-30": "262.00000", "2012-03-31": -2307, "2011-12-31": 382, "2011-09-30": 3004, "2011-06-30": "292.00000", "2011-03-31": 283, "2010-12-31": 286, "2010-09-30": 294, "2010-06-30": "277.00000", "2010-03-31": 278, "2009-12-31": 301, "2009-09-30": 294, "2009-06-30": "283.00000", "2009-03-31": 283, "2008-12-31": 306, "2008-09-30": 340, "2008-06-30": "341.00000", "2008-03-31": 321.6, "2007-12-31": 360, "2007-09-30": 308.7, "2007-06-30": "295.70000", "2007-03-31": 253.9, "2006-12-31": 310.3, "2006-09-30": 307, "2006-06-30": "290.80000", "2006-03-31": 283.9, "2005-12-31": 264.9, "2005-09-30": 342.4, "2005-06-30": "296.30000", "2005-03-31": 1145.5}, "Other Non-Cash Items": {"2020-12-31": -2175, "2020-09-30": 189, "2020-06-30": "209.00000", "2020-03-31": -50, "2019-12-31": 226, "2019-09-30": 169, "2019-06-30": "167.00000", "2019-03-31": 304, "2018-12-31": -79, "2018-09-30": -26, "2018-06-30": "-28.00000", "2018-03-31": -1007, "2017-12-31": 66, "2017-09-30": 156, "2017-06-30": "-79.00000", "2017-03-31": 14, "2016-12-31": -34, "2016-09-30": 101, "2016-06-30": "24.00000", "2016-03-31": 202, "2015-12-31": 22, "2015-09-30": 21, "2015-06-30": "-50.00000", "2015-03-31": -95, "2014-12-31": 471, "2014-09-30": 27, "2014-06-30": "4.00000", "2014-03-31": 68, "2013-12-31": -74, "2013-09-30": -52, "2013-06-30": "-19.00000", "2013-03-31": 368, "2012-12-31": -669, "2012-09-30": -16, "2012-06-30": "6.00000", "2012-03-31": -1036, "2011-12-31": 1497, "2011-09-30": 297, "2011-06-30": "13.00000", "2011-03-31": 77, "2010-12-31": 21, "2010-09-30": -10, "2010-06-30": "4.00000", "2010-03-31": 56, "2009-12-31": 35, "2009-09-30": 36, "2009-06-30": "-56.00000", "2009-03-31": 320, "2008-12-31": 129, "2008-09-30": -1, "2008-06-30": "30.00000", "2008-03-31": -25.6, "2007-12-31": -1.9, "2007-09-30": 20.1, "2007-06-30": "5.40000", "2007-03-31": -201.4, "2006-12-31": -11.7, "2006-09-30": 3.2, "2006-06-30": "-12.20000", "2006-03-31": 75.2, "2005-12-31": 0, "2005-09-30": 0, "2005-06-30": "-22.90000", "2005-03-31": -29.1}, "Total Non-Cash Items": {"2020-12-31": -1694, "2020-09-30": 718, "2020-06-30": "705.00000", "2020-03-31": 4331, "2019-12-31": 762, "2019-09-30": 3528, "2019-06-30": "641.00000", "2019-03-31": 803, "2018-12-31": 433, "2018-09-30": 467, "2018-06-30": "481.00000", "2018-03-31": -384, "2017-12-31": 549, "2017-09-30": 697, "2017-06-30": "284.00000", "2017-03-31": 186, "2016-12-31": 130, "2016-09-30": 271, "2016-06-30": "193.00000", "2016-03-31": 361, "2015-12-31": 220, "2015-09-30": 224, "2015-06-30": "157.00000", "2015-03-31": 120, "2014-12-31": 709, "2014-09-30": 279, "2014-06-30": "276.00000", "2014-03-31": 333, "2013-12-31": 177, "2013-09-30": 195, "2013-06-30": "236.00000", "2013-03-31": 637, "2012-12-31": -401, "2012-09-30": 255, "2012-06-30": "268.00000", "2012-03-31": -3343, "2011-12-31": 1879, "2011-09-30": 3301, "2011-06-30": "305.00000", "2011-03-31": 360, "2010-12-31": 307, "2010-09-30": 284, "2010-06-30": "281.00000", "2010-03-31": 334, "2009-12-31": 336, "2009-09-30": 330, "2009-06-30": "227.00000", "2009-03-31": 603, "2008-12-31": 435, "2008-09-30": 339, "2008-06-30": "371.00000", "2008-03-31": 295.9999, "2007-12-31": 358.1001, "2007-09-30": 328.8, "2007-06-30": "301.10000", "2007-03-31": 52.5, "2006-12-31": 298.6, "2006-09-30": 310.2, "2006-06-30": "278.60000", "2006-03-31": 359.1, "2005-12-31": 264.9, "2005-09-30": 342.4, "2005-06-30": "273.40000", "2005-03-31": 1116.4}, "Change In Accounts Receivable": {"2020-12-31": 0, "2020-09-30": 0, "2020-06-30": "", "2020-03-31": 269, "2019-12-31": 0, "2019-09-30": 0, "2019-06-30": "", "2019-03-31": -947, "2018-12-31": 0, "2018-09-30": 0, "2018-06-30": "", "2018-03-31": -464, "2017-12-31": 0, "2017-09-30": 0, "2017-06-30": "", "2017-03-31": -25, "2016-12-31": 0, "2016-09-30": 0, "2016-06-30": "", "2016-03-31": 129, "2015-12-31": 0, "2015-09-30": 0, "2015-06-30": "", "2015-03-31": 237, "2014-12-31": 0, "2014-09-30": 0, "2014-06-30": "", "2014-03-31": 168, "2013-12-31": 0, "2013-09-30": -34, "2013-06-30": "34.00000", "2013-03-31": 55, "2012-12-31": 0, "2012-09-30": 0, "2012-06-30": "", "2012-03-31": 240, "2011-12-31": 0, "2011-09-30": 0, "2011-06-30": "", "2011-03-31": 170, "2010-12-31": 0, "2010-09-30": 0, "2010-06-30": "", "2010-03-31": 70, "2009-12-31": 0, "2009-09-30": 0, "2009-06-30": "", "2009-03-31": 224, "2008-12-31": 0, "2008-09-30": 0, "2008-06-30": "", "2008-03-31": -217, "2007-12-31": 0, "2007-09-30": 0, "2007-06-30": "", "2007-03-31": -238.9, "2006-12-31": 0, "2006-09-30": 0, "2006-06-30": "", "2006-03-31": -261.6, "2005-12-31": 0, "2005-09-30": 0, "2005-06-30": "", "2005-03-31": -314.7}, "Change In Inventories": {"2020-12-31": 0, "2020-09-30": 0, "2020-06-30": "", "2020-03-31": 0, "2019-12-31": 0, "2019-09-30": 0, "2019-06-30": "", "2019-03-31": 0, "2018-12-31": 0, "2018-09-30": 0, "2018-06-30": "", "2018-03-31": 0, "2017-12-31": 0, "2017-09-30": 0, "2017-06-30": "", "2017-03-31": 0, "2016-12-31": 0, "2016-09-30": 0, "2016-06-30": "", "2016-03-31": 0, "2015-12-31": 0, "2015-09-30": 0, "2015-06-30": "", "2015-03-31": 0, "2014-12-31": 0, "2014-09-30": 0, "2014-06-30": "", "2014-03-31": 0, "2013-12-31": 0, "2013-09-30": 0, "2013-06-30": "", "2013-03-31": 0, "2012-12-31": 0, "2012-09-30": 0, "2012-06-30": "", "2012-03-31": 0, "2011-12-31": 0, "2011-09-30": 0, "2011-06-30": "", "2011-03-31": 0, "2010-12-31": 0, "2010-09-30": 0, "2010-06-30": "", "2010-03-31": 0, "2009-12-31": 0, "2009-09-30": 0, "2009-06-30": "", "2009-03-31": 0, "2008-12-31": 0, "2008-09-30": 0, "2008-06-30": "", "2008-03-31": 0, "2007-12-31": 0, "2007-09-30": 0, "2007-06-30": "", "2007-03-31": 0, "2006-12-31": 0, "2006-09-30": 0, "2006-06-30": "", "2006-03-31": 0, "2005-12-31": 0, "2005-09-30": 0, "2005-06-30": "", "2005-03-31": 0}, "Change In Accounts Payable": {"2020-12-31": 0, "2020-09-30": 0, "2020-06-30": "", "2020-03-31": 0, "2019-12-31": 0, "2019-09-30": 0, "2019-06-30": "", "2019-03-31": 0, "2018-12-31": 0, "2018-09-30": 0, "2018-06-30": "", "2018-03-31": 0, "2017-12-31": 0, "2017-09-30": 0, "2017-06-30": "", "2017-03-31": 0, "2016-12-31": 0, "2016-09-30": 0, "2016-06-30": "", "2016-03-31": 0, "2015-12-31": 0, "2015-09-30": 0, "2015-06-30": "", "2015-03-31": 0, "2014-12-31": 0, "2014-09-30": 0, "2014-06-30": "", "2014-03-31": 0, "2013-12-31": 0, "2013-09-30": 0, "2013-06-30": "", "2013-03-31": 0, "2012-12-31": 0, "2012-09-30": 0, "2012-06-30": "", "2012-03-31": 0, "2011-12-31": 0, "2011-09-30": 0, "2011-06-30": "", "2011-03-31": 0, "2010-12-31": 0, "2010-09-30": 0, "2010-06-30": "", "2010-03-31": 0, "2009-12-31": 0, "2009-09-30": 0, "2009-06-30": "", "2009-03-31": 0, "2008-12-31": 0, "2008-09-30": 0, "2008-06-30": "", "2008-03-31": 0, "2007-12-31": 0, "2007-09-30": 0, "2007-06-30": "", "2007-03-31": 0, "2006-12-31": 0, "2006-09-30": 0, "2006-06-30": "", "2006-03-31": 0, "2005-12-31": 0, "2005-09-30": 0, "2005-06-30": "", "2005-03-31": 0}, "Change In Assets/Liabilities": {"2020-12-31": 404, "2020-09-30": 0, "2020-06-30": "-387.00000", "2020-03-31": -61, "2019-12-31": -375, "2019-09-30": 238, "2019-06-30": "-875.00000", "2019-03-31": 631, "2018-12-31": -713, "2018-09-30": -246, "2018-06-30": "-378.00000", "2018-03-31": 671, "2017-12-31": -828, "2017-09-30": 29, "2017-06-30": "62.00000", "2017-03-31": -269, "2016-12-31": 396, "2016-09-30": -100, "2016-06-30": "-123.00000", "2016-03-31": 13, "2015-12-31": -14, "2015-09-30": -279, "2015-06-30": "38.00000", "2015-03-31": 280, "2014-12-31": 257, "2014-09-30": -218, "2014-06-30": "-154.00000", "2014-03-31": 253, "2013-12-31": 76, "2013-09-30": -133, "2013-06-30": "-234.00000", "2013-03-31": 29, "2012-12-31": 301, "2012-09-30": 51, "2012-06-30": "-89.00000", "2012-03-31": 415, "2011-12-31": 232, "2011-09-30": -429, "2011-06-30": "-536.00000", "2011-03-31": 332, "2010-12-31": -88, "2010-09-30": -75, "2010-06-30": "-489.00000", "2010-03-31": 1110, "2009-12-31": -421, "2009-09-30": 22, "2009-06-30": "-657.00000", "2009-03-31": 1029, "2008-12-31": -16, "2008-09-30": -388, "2008-06-30": "-553.00000", "2008-03-31": 571.4, "2007-12-31": 53.2, "2007-09-30": -90.7, "2007-06-30": "-814.90000", "2007-03-31": 509.3, "2006-12-31": 57.1, "2006-09-30": -119.3, "2006-06-30": "-431.10000", "2006-03-31": 379.2, "2005-12-31": 103.2, "2005-09-30": -207.3, "2005-06-30": "-395.50000", "2005-03-31": -177.4}, "Total Change In Assets/Liabilities": {"2020-12-31": 404, "2020-09-30": 0, "2020-06-30": "-387.00000", "2020-03-31": -554, "2019-12-31": -375, "2019-09-30": 238, "2019-06-30": "-875.00000", "2019-03-31": -475, "2018-12-31": -713, "2018-09-30": -246, "2018-06-30": "-378.00000", "2018-03-31": 414, "2017-12-31": -828, "2017-09-30": 29, "2017-06-30": "62.00000", "2017-03-31": -272, "2016-12-31": 396, "2016-09-30": -100, "2016-06-30": "-123.00000", "2016-03-31": -157, "2015-12-31": -14, "2015-09-30": -279, "2015-06-30": "38.00000", "2015-03-31": 171, "2014-12-31": 257, "2014-09-30": -218, "2014-06-30": "-154.00000", "2014-03-31": 0, "2013-12-31": 76, "2013-09-30": -167, "2013-06-30": "-200.00000", "2013-03-31": -642, "2012-12-31": 301, "2012-09-30": 51, "2012-06-30": "-89.00000", "2012-03-31": 364, "2011-12-31": 232, "2011-09-30": -429, "2011-06-30": "-536.00000", "2011-03-31": 223, "2010-12-31": -88, "2010-09-30": -75, "2010-06-30": "-489.00000", "2010-03-31": 636, "2009-12-31": -421, "2009-09-30": 22, "2009-06-30": "-657.00000", "2009-03-31": 110, "2008-12-31": -16, "2008-09-30": -388, "2008-06-30": "-553.00000", "2008-03-31": 374.4, "2007-12-31": 53.2, "2007-09-30": -90.7, "2007-06-30": "-814.90000", "2007-03-31": 736.4, "2006-12-31": 57.1, "2006-09-30": -119.3, "2006-06-30": "-431.10000", "2006-03-31": 332.8, "2005-12-31": 103.2, "2005-09-30": -207.3, "2005-06-30": "-395.50000", "2005-03-31": 100.3}, "Cash Flow From Operating Activities": {"2020-12-31": -187, "2020-09-30": 472, "2020-06-30": "119.00000", "2020-03-31": 288, "2019-12-31": 477, "2019-09-30": 1651, "2019-06-30": "-66.00000", "2019-03-31": 748, "2018-12-31": 186, "2018-09-30": 480, "2018-06-30": "369.00000", "2018-03-31": 557, "2017-12-31": 500, "2017-09-30": 991, "2017-06-30": "519.00000", "2017-03-31": -186, "2016-12-31": 563, "2016-09-30": 192, "2016-06-30": "50.00000", "2016-03-31": 60, "2015-12-31": 258, "2015-09-30": 122, "2015-06-30": "362.00000", "2015-03-31": 330, "2014-12-31": 653, "2014-09-30": 217, "2014-06-30": "273.00000", "2014-03-31": 565, "2013-12-31": 529, "2013-09-30": 270, "2013-06-30": "213.00000", "2013-03-31": 41, "2012-12-31": 413, "2012-09-30": 444, "2012-06-30": "221.00000", "2012-03-31": 496, "2011-12-31": 720, "2011-09-30": 6, "2011-06-30": "-46.00000", "2011-03-31": 760, "2010-12-31": 462, "2010-09-30": 402, "2010-06-30": "-60.00000", "2010-03-31": 1236, "2009-12-31": 132, "2009-09-30": 572, "2009-06-30": "-297.00000", "2009-03-31": 1058, "2008-12-31": 582, "2008-09-30": 402, "2008-06-30": "-56.00000", "2008-03-31": 844.5, "2007-12-31": 590.3, "2007-09-30": 313.9, "2007-06-30": "-405.70000", "2007-03-31": 1041.4, "2006-12-31": 469.2, "2006-09-30": 280.4, "2006-06-30": "-212.40000", "2006-03-31": 744.9, "2005-12-31": 565.9, "2005-09-30": 231, "2005-06-30": "9.50000", "2005-03-31": 1941.5}, "Net Change In Property, Plant, And Equipment": {"2020-12-31": -147, "2020-09-30": -113, "2020-06-30": "-137.00000", "2020-03-31": -149, "2019-12-31": -85, "2019-09-30": -131, "2019-06-30": "-147.00000", "2019-03-31": -82, "2018-12-31": 82, "2018-09-30": -92, "2018-06-30": "-109.00000", "2018-03-31": -74, "2017-12-31": -114, "2017-09-30": -82, "2017-06-30": "-107.00000", "2017-03-31": -32, "2016-12-31": -85, "2016-09-30": -123, "2016-06-30": "-89.00000", "2016-03-31": -114, "2015-12-31": -127, "2015-09-30": -156, "2015-06-30": "-82.00000", "2015-03-31": -96, "2014-12-31": -94, "2014-09-30": -130, "2014-06-30": "-105.00000", "2014-03-31": -175, "2013-12-31": -137, "2013-09-30": -127, "2013-06-30": "-140.00000", "2013-03-31": -94, "2012-12-31": -127, "2012-09-30": -136, "2012-06-30": "-168.00000", "2012-03-31": -180, "2011-12-31": -158, "2011-09-30": -175, "2011-06-30": "-272.00000", "2011-03-31": -82, "2010-12-31": -209, "2010-09-30": -210, "2010-06-30": "-221.00000", "2010-03-31": -126, "2009-12-31": -266, "2009-09-30": -137, "2009-06-30": "-140.00000", "2009-03-31": -99, "2008-12-31": -225, "2008-09-30": -223, "2008-06-30": "-238.00000", "2008-03-31": -275.2, "2007-12-31": -262.2, "2007-09-30": -288.2, "2007-06-30": "-223.40000", "2007-03-31": -175.4, "2006-12-31": -229, "2006-09-30": -199.6, "2006-06-30": "-236.10000", "2006-03-31": -227.5, "2005-12-31": -206.7, "2005-09-30": -268, "2005-06-30": "-275.80000", "2005-03-31": -1060.3}, "Net Change In Intangible Assets": {"2020-12-31": 0, "2020-09-30": 0, "2020-06-30": "", "2020-03-31": 0, "2019-12-31": 0, "2019-09-30": 0, "2019-06-30": "", "2019-03-31": 0, "2018-12-31": 0, "2018-09-30": 0, "2018-06-30": "", "2018-03-31": 0, "2017-12-31": 0, "2017-09-30": 0, "2017-06-30": "", "2017-03-31": 0, "2016-12-31": 0, "2016-09-30": 0, "2016-06-30": "", "2016-03-31": 0, "2015-12-31": 0, "2015-09-30": 0, "2015-06-30": "", "2015-03-31": 0, "2014-12-31": 0, "2014-09-30": 0, "2014-06-30": "", "2014-03-31": 0, "2013-12-31": 0, "2013-09-30": 0, "2013-06-30": "", "2013-03-31": 0, "2012-12-31": 0, "2012-09-30": 0, "2012-06-30": "", "2012-03-31": 0, "2011-12-31": 0, "2011-09-30": 0, "2011-06-30": "", "2011-03-31": 0, "2010-12-31": 0, "2010-09-30": 0, "2010-06-30": "", "2010-03-31": 0, "2009-12-31": 0, "2009-09-30": 0, "2009-06-30": "", "2009-03-31": 0, "2008-12-31": 0, "2008-09-30": 0, "2008-06-30": "", "2008-03-31": 0, "2007-12-31": 0, "2007-09-30": 0, "2007-06-30": "", "2007-03-31": 0, "2006-12-31": 0, "2006-09-30": 0, "2006-06-30": "", "2006-03-31": 0, "2005-12-31": 0, "2005-09-30": 0, "2005-06-30": "", "2005-03-31": 0}, "Net Acquisitions/Divestitures": {"2020-12-31": 4942, "2020-09-30": 0, "2020-06-30": "-10.00000", "2020-03-31": 0, "2019-12-31": -76, "2019-09-30": -10, "2019-06-30": "-1911.00000", "2019-03-31": -33, "2018-12-31": -289, "2018-09-30": 0, "2018-06-30": "-108.00000", "2018-03-31": -46, "2017-12-31": -41, "2017-09-30": -152, "2017-06-30": "974.00000", "2017-03-31": 3, "2016-12-31": 0, "2016-09-30": -11, "2016-06-30": "-423.00000", "2016-03-31": -289, "2015-12-31": -26, "2015-09-30": -236, "2015-06-30": "34.00000", "2015-03-31": -14, "2014-12-31": 0, "2014-09-30": -53, "2014-06-30": "5.00000", "2014-03-31": 3, "2013-12-31": -150, "2013-09-30": 149, "2013-06-30": "56.00000", "2013-03-31": 150, "2012-12-31": 956, "2012-09-30": -34, "2012-06-30": "2.00000", "2012-03-31": -4, "2011-12-31": 0, "2011-09-30": -360, "2011-06-30": "-8.00000", "2011-03-31": 65, "2010-12-31": -91, "2010-09-30": -9, "2010-06-30": "-4.00000", "2010-03-31": 0, "2009-12-31": 2, "2009-09-30": 7, "2009-06-30": "", "2009-03-31": 0, "2008-12-31": -37, "2008-09-30": -1, "2008-06-30": "-62.00000", "2008-03-31": -275.4, "2007-12-31": 0, "2007-09-30": -1315.6, "2007-06-30": "", "2007-03-31": -0.2, "2006-12-31": -131.3, "2006-09-30": 0, "2006-06-30": "", "2006-03-31": 0, "2005-12-31": -48.6, "2005-09-30": 5, "2005-06-30": "", "2005-03-31": 798.6}, "Net Change In Short-term Investments": {"2020-12-31": 0, "2020-09-30": 0, "2020-06-30": "", "2020-03-31": 38, "2019-12-31": 0, "2019-09-30": 0, "2019-06-30": "-75.00000", "2019-03-31": 0, "2018-12-31": 0, "2018-09-30": 0, "2018-06-30": "", "2018-03-31": 0, "2017-12-31": 0, "2017-09-30": 0, "2017-06-30": "", "2017-03-31": 0, "2016-12-31": 0, "2016-09-30": 0, "2016-06-30": "", "2016-03-31": 1, "2015-12-31": -71, "2015-09-30": 0, "2015-06-30": "", "2015-03-31": 0, "2014-12-31": 0, "2014-09-30": 0, "2014-06-30": "", "2014-03-31": 0, "2013-12-31": 0, "2013-09-30": 0, "2013-06-30": "", "2013-03-31": 0, "2012-12-31": 0, "2012-09-30": 0, "2012-06-30": "", "2012-03-31": 0, "2011-12-31": 0, "2011-09-30": 0, "2011-06-30": "", "2011-03-31": 0, "2010-12-31": 0, "2010-09-30": 0, "2010-06-30": "", "2010-03-31": 0, "2009-12-31": 0, "2009-09-30": 0, "2009-06-30": "", "2009-03-31": 0, "2008-12-31": 0, "2008-09-30": 0, "2008-06-30": "", "2008-03-31": 0, "2007-12-31": 0, "2007-09-30": 0, "2007-06-30": "", "2007-03-31": 0, "2006-12-31": 0, "2006-09-30": 0, "2006-06-30": "", "2006-03-31": 0, "2005-12-31": 0, "2005-09-30": 0, "2005-06-30": "", "2005-03-31": 0}, "Net Change In Long-Term Investments": {"2020-12-31": 0, "2020-09-30": 0, "2020-06-30": "", "2020-03-31": 0, "2019-12-31": 0, "2019-09-30": 0, "2019-06-30": "", "2019-03-31": 0, "2018-12-31": 0, "2018-09-30": 0, "2018-06-30": "", "2018-03-31": 0, "2017-12-31": 0, "2017-09-30": 0, "2017-06-30": "", "2017-03-31": 0, "2016-12-31": 0, "2016-09-30": 0, "2016-06-30": "", "2016-03-31": 0, "2015-12-31": 0, "2015-09-30": 0, "2015-06-30": "", "2015-03-31": 0, "2014-12-31": 0, "2014-09-30": 0, "2014-06-30": "", "2014-03-31": 0, "2013-12-31": 0, "2013-09-30": 0, "2013-06-30": "", "2013-03-31": 0, "2012-12-31": 0, "2012-09-30": 0, "2012-06-30": "", "2012-03-31": 0, "2011-12-31": 0, "2011-09-30": 0, "2011-06-30": "", "2011-03-31": 0, "2010-12-31": 0, "2010-09-30": 0, "2010-06-30": "", "2010-03-31": 0, "2009-12-31": 0, "2009-09-30": 0, "2009-06-30": "", "2009-03-31": 0, "2008-12-31": 0, "2008-09-30": 0, "2008-06-30": "", "2008-03-31": 0, "2007-12-31": 0, "2007-09-30": 0, "2007-06-30": "", "2007-03-31": 0, "2006-12-31": 0, "2006-09-30": 0, "2006-06-30": "", "2006-03-31": 0, "2005-12-31": 0, "2005-09-30": 0, "2005-06-30": "", "2005-03-31": 0}, "Net Change In Investments - Total": {"2020-12-31": 0, "2020-09-30": 0, "2020-06-30": "", "2020-03-31": 38, "2019-12-31": 0, "2019-09-30": 0, "2019-06-30": "-75.00000", "2019-03-31": 0, "2018-12-31": 0, "2018-09-30": 0, "2018-06-30": "", "2018-03-31": 0, "2017-12-31": 0, "2017-09-30": 0, "2017-06-30": "", "2017-03-31": 0, "2016-12-31": 0, "2016-09-30": 0, "2016-06-30": "", "2016-03-31": 1, "2015-12-31": -71, "2015-09-30": 0, "2015-06-30": "", "2015-03-31": 0, "2014-12-31": 0, "2014-09-30": 0, "2014-06-30": "", "2014-03-31": 0, "2013-12-31": 0, "2013-09-30": 0, "2013-06-30": "", "2013-03-31": 0, "2012-12-31": 0, "2012-09-30": 0, "2012-06-30": "", "2012-03-31": 0, "2011-12-31": 0, "2011-09-30": 0, "2011-06-30": "", "2011-03-31": 0, "2010-12-31": 0, "2010-09-30": 0, "2010-06-30": "", "2010-03-31": 0, "2009-12-31": 0, "2009-09-30": 0, "2009-06-30": "", "2009-03-31": 0, "2008-12-31": 0, "2008-09-30": 0, "2008-06-30": "", "2008-03-31": 0, "2007-12-31": 0, "2007-09-30": 0, "2007-06-30": "", "2007-03-31": 0, "2006-12-31": 0, "2006-09-30": 0, "2006-06-30": "", "2006-03-31": 0, "2005-12-31": 0, "2005-09-30": 0, "2005-06-30": "", "2005-03-31": 0}, "Investing Activities - Other": {"2020-12-31": -61, "2020-09-30": -60, "2020-06-30": "86.00000", "2020-03-31": 96, "2019-12-31": 86, "2019-09-30": -84, "2019-06-30": "311.00000", "2019-03-31": 224, "2018-12-31": 215, "2018-09-30": 224, "2018-06-30": "37.00000", "2018-03-31": 69, "2017-12-31": 429, "2017-09-30": -144, "2017-06-30": "7.00000", "2017-03-31": 289, "2016-12-31": -19, "2016-09-30": -38, "2016-06-30": "-37.00000", "2016-03-31": -48, "2015-12-31": -25, "2015-09-30": -5, "2015-06-30": "-36.00000", "2015-03-31": -27, "2014-12-31": -7, "2014-09-30": -1, "2014-06-30": "-14.00000", "2014-03-31": -17, "2013-12-31": -14, "2013-09-30": 3, "2013-06-30": "-17.00000", "2013-03-31": -74, "2012-12-31": 11, "2012-09-30": -17, "2012-06-30": "-13.00000", "2012-03-31": -36, "2011-12-31": -27, "2011-09-30": -34, "2011-06-30": "-54.00000", "2011-03-31": -140, "2010-12-31": 23, "2010-09-30": 14, "2010-06-30": "-28.00000", "2010-03-31": -150, "2009-12-31": 36, "2009-09-30": 2, "2009-06-30": "-18.00000", "2009-03-31": -101, "2008-12-31": -19, "2008-09-30": -4, "2008-06-30": "-29.00000", "2008-03-31": -9.3, "2007-12-31": -16.5, "2007-09-30": -32.9, "2007-06-30": "-20.30000", "2007-03-31": -58.8, "2006-12-31": 6.5, "2006-09-30": 2.4, "2006-06-30": "148.80000", "2006-03-31": 4.3, "2005-12-31": -23, "2005-09-30": -3.9, "2005-06-30": "-79.80000", "2005-03-31": -333.7}, "Cash Flow From Investing Activities": {"2020-12-31": 4734, "2020-09-30": -173, "2020-06-30": "-61.00000", "2020-03-31": -15, "2019-12-31": -75, "2019-09-30": -225, "2019-06-30": "-1822.00000", "2019-03-31": 109, "2018-12-31": 8, "2018-09-30": 132, "2018-06-30": "-180.00000", "2018-03-31": -51, "2017-12-31": 274, "2017-09-30": -378, "2017-06-30": "874.00000", "2017-03-31": 260, "2016-12-31": -104, "2016-09-30": -172, "2016-06-30": "-549.00000", "2016-03-31": -450, "2015-12-31": -249, "2015-09-30": -397, "2015-06-30": "-84.00000", "2015-03-31": -137, "2014-12-31": -101, "2014-09-30": -184, "2014-06-30": "-114.00000", "2014-03-31": -189, "2013-12-31": -301, "2013-09-30": 25, "2013-06-30": "-101.00000", "2013-03-31": -18, "2012-12-31": 840, "2012-09-30": -187, "2012-06-30": "-179.00000", "2012-03-31": -220, "2011-12-31": -185, "2011-09-30": -569, "2011-06-30": "-334.00000", "2011-03-31": -157, "2010-12-31": -277, "2010-09-30": -205, "2010-06-30": "-253.00000", "2010-03-31": -276, "2009-12-31": -228, "2009-09-30": -128, "2009-06-30": "-158.00000", "2009-03-31": -200, "2008-12-31": -281, "2008-09-30": -228, "2008-06-30": "-329.00000", "2008-03-31": -559.9, "2007-12-31": -278.7, "2007-09-30": -1636.7, "2007-06-30": "-243.70000", "2007-03-31": -234.4, "2006-12-31": -353.8, "2006-09-30": -197.2, "2006-06-30": "-87.30000", "2006-03-31": -223.2, "2005-12-31": -278.3, "2005-09-30": -266.9, "2005-06-30": "-355.60000", "2005-03-31": -595.4}, "Net Long-Term Debt": {"2020-12-31": -1657, "2020-09-30": -634, "2020-06-30": "-336.00000", "2020-03-31": -229, "2019-12-31": -735, "2019-09-30": -221, "2019-06-30": "1479.00000", "2019-03-31": -240, "2018-12-31": 345, "2018-09-30": -221, "2018-06-30": "-1054.00000", "2018-03-31": -242, "2017-12-31": -465, "2017-09-30": -139, "2017-06-30": "-151.00000", "2017-03-31": -29, "2016-12-31": -44, "2016-09-30": 26, "2016-06-30": "-107.00000", "2016-03-31": -472, "2015-12-31": -8, "2015-09-30": -392, "2015-06-30": "-69.00000", "2015-03-31": -49, "2014-12-31": -54, "2014-09-30": -55, "2014-06-30": "-84.00000", "2014-03-31": -68, "2013-12-31": -304, "2013-09-30": -60, "2013-06-30": "-60.00000", "2013-03-31": 62, "2012-12-31": -802, "2012-09-30": 644, "2012-06-30": "-65.00000", "2012-03-31": -52, "2011-12-31": -38, "2011-09-30": -358, "2011-06-30": "-37.00000", "2011-03-31": -29, "2010-12-31": -23, "2010-09-30": -29, "2010-06-30": "-11.00000", "2010-03-31": -510, "2009-12-31": -10, "2009-09-30": -8, "2009-06-30": "-9.00000", "2009-03-31": -208, "2008-12-31": -8, "2008-09-30": -8, "2008-06-30": "-308.00000", "2008-03-31": 289.3, "2007-12-31": -1.1, "2007-09-30": -8.1, "2007-06-30": "1379.90000", "2007-03-31": -15, "2006-12-31": -11, "2006-09-30": -6.7, "2006-06-30": "-8.10000", "2006-03-31": -2.6, "2005-12-31": -2.3, "2005-09-30": -1.6, "2005-06-30": "-2.00000", "2005-03-31": -1032.6}, "Net Current Debt": {"2020-12-31": -2045, "2020-09-30": -2109, "2020-06-30": "2181.00000", "2020-03-31": 1246, "2019-12-31": 104, "2019-09-30": 13, "2019-06-30": "", "2019-03-31": -93, "2018-12-31": 0, "2018-09-30": 0, "2018-06-30": "", "2018-03-31": -402, "2017-12-31": 1, "2017-09-30": -278, "2017-06-30": "58.00000", "2017-03-31": -16, "2016-12-31": -244, "2016-09-30": 29, "2016-06-30": "467.00000", "2016-03-31": 381, "2015-12-31": 183, "2015-09-30": 372, "2015-06-30": "3.00000", "2015-03-31": 0, "2014-12-31": 0, "2014-09-30": -15, "2014-06-30": "-17.00000", "2014-03-31": 31, "2013-12-31": 408, "2013-09-30": 0, "2013-06-30": "", "2013-03-31": -13, "2012-12-31": -11, "2012-09-30": -23, "2012-06-30": "6.00000", "2012-03-31": -28, "2011-12-31": -517, "2011-09-30": 322, "2011-06-30": "243.00000", "2011-03-31": -331, "2010-12-31": -1166, "2010-09-30": 1, "2010-06-30": "2.00000", "2010-03-31": -64, "2009-12-31": 61, "2009-09-30": 1, "2009-06-30": "-5.00000", "2009-03-31": 0, "2008-12-31": 674, "2008-09-30": -12, "2008-06-30": "603.00000", "2008-03-31": 52.5, "2007-12-31": 100.2, "2007-09-30": 96.2, "2007-06-30": "-6.90000", "2007-03-31": -507.5, "2006-12-31": -114.3, "2006-09-30": 606.7, "2006-06-30": "-6.40000", "2006-03-31": -46.8, "2005-12-31": 37.1, "2005-09-30": 2.5, "2005-06-30": "-15.20000", "2005-03-31": 22.1}, "Debt Issuance/Retirement Net - Total": {"2020-12-31": -3702, "2020-09-30": -2743, "2020-06-30": "1845.00000", "2020-03-31": 1017, "2019-12-31": -631, "2019-09-30": -208, "2019-06-30": "1479.00000", "2019-03-31": -333, "2018-12-31": 345, "2018-09-30": -221, "2018-06-30": "-1054.00000", "2018-03-31": -644, "2017-12-31": -464, "2017-09-30": -417, "2017-06-30": "-93.00000", "2017-03-31": -45, "2016-12-31": -288, "2016-09-30": 55, "2016-06-30": "360.00000", "2016-03-31": -91, "2015-12-31": 175, "2015-09-30": -20, "2015-06-30": "-66.00000", "2015-03-31": -49, "2014-12-31": -54, "2014-09-30": -70, "2014-06-30": "-101.00000", "2014-03-31": -37, "2013-12-31": 104, "2013-09-30": -60, "2013-06-30": "-60.00000", "2013-03-31": 49, "2012-12-31": -813, "2012-09-30": 621, "2012-06-30": "-59.00000", "2012-03-31": -80, "2011-12-31": -555, "2011-09-30": -36, "2011-06-30": "206.00000", "2011-03-31": -360, "2010-12-31": -1189, "2010-09-30": -28, "2010-06-30": "-9.00000", "2010-03-31": -574, "2009-12-31": 51, "2009-09-30": -7, "2009-06-30": "-14.00000", "2009-03-31": -208, "2008-12-31": 666, "2008-09-30": -20, "2008-06-30": "295.00000", "2008-03-31": 341.8, "2007-12-31": 99.1, "2007-09-30": 88.1, "2007-06-30": "1373.00000", "2007-03-31": -522.5, "2006-12-31": -125.3001, "2006-09-30": 600.0001, "2006-06-30": "-14.50000", "2006-03-31": -49.4, "2005-12-31": 34.8, "2005-09-30": 0.9, "2005-06-30": "-17.20000", "2005-03-31": -1010.5}, "Net Common Equity Issued/Repurchased": {"2020-12-31": 1, "2020-09-30": 0, "2020-06-30": "", "2020-03-31": 0, "2019-12-31": -85, "2019-09-30": -147, "2019-06-30": "-493.00000", "2019-03-31": -84, "2018-12-31": -802, "2018-09-30": -106, "2018-06-30": "-305.00000", "2018-03-31": -35, "2017-12-31": 15, "2017-09-30": 15, "2017-06-30": "11.00000", "2017-03-31": 7, "2016-12-31": 5, "2016-09-30": 6, "2016-06-30": "36.00000", "2016-03-31": -35, "2015-12-31": 117, "2015-09-30": 21, "2015-06-30": "-94.00000", "2015-03-31": -279, "2014-12-31": 67, "2014-09-30": -374, "2014-06-30": "-60.00000", "2014-03-31": -43, "2013-12-31": -98, "2013-09-30": -55, "2013-06-30": "-111.00000", "2013-03-31": -173, "2012-12-31": -56, "2012-09-30": 1, "2012-06-30": "", "2012-03-31": 0, "2011-12-31": 0, "2011-09-30": 2, "2011-06-30": "13.00000", "2011-03-31": -18, "2010-12-31": 8, "2010-09-30": 2, "2010-06-30": "16.00000", "2010-03-31": 20, "2009-12-31": 50, "2009-09-30": 28, "2009-06-30": "-1.00000", "2009-03-31": 1, "2008-12-31": -1, "2008-09-30": 6, "2008-06-30": "3.00000", "2008-03-31": -534.5, "2007-12-31": -312.6, "2007-09-30": -120.5, "2007-06-30": "40.60000", "2007-03-31": 22.2, "2006-12-31": 28.4, "2006-09-30": -987.9, "2006-06-30": "32.10000", "2006-03-31": 38.6, "2005-12-31": 45.3, "2005-09-30": 8.4, "2005-06-30": "-218.90000", "2005-03-31": 107.8}, "Net Total Equity Issued/Repurchased": {"2020-12-31": 1, "2020-09-30": 0, "2020-06-30": "", "2020-03-31": 0, "2019-12-31": -85, "2019-09-30": -147, "2019-06-30": "-493.00000", "2019-03-31": -84, "2018-12-31": -802, "2018-09-30": -106, "2018-06-30": "-305.00000", "2018-03-31": -35, "2017-12-31": 15, "2017-09-30": 15, "2017-06-30": "11.00000", "2017-03-31": 7, "2016-12-31": 5, "2016-09-30": 6, "2016-06-30": "36.00000", "2016-03-31": -35, "2015-12-31": 117, "2015-09-30": 21, "2015-06-30": "-94.00000", "2015-03-31": -279, "2014-12-31": 67, "2014-09-30": -374, "2014-06-30": "-60.00000", "2014-03-31": -43, "2013-12-31": -98, "2013-09-30": -55, "2013-06-30": "-111.00000", "2013-03-31": -173, "2012-12-31": -56, "2012-09-30": 1, "2012-06-30": "", "2012-03-31": 0, "2011-12-31": 0, "2011-09-30": 2, "2011-06-30": "13.00000", "2011-03-31": -18, "2010-12-31": 8, "2010-09-30": 2, "2010-06-30": "16.00000", "2010-03-31": 20, "2009-12-31": 50, "2009-09-30": 28, "2009-06-30": "-1.00000", "2009-03-31": 1, "2008-12-31": -1, "2008-09-30": 6, "2008-06-30": "3.00000", "2008-03-31": -534.5, "2007-12-31": -312.6, "2007-09-30": -120.5, "2007-06-30": "40.60000", "2007-03-31": 22.2, "2006-12-31": 28.4, "2006-09-30": -987.9, "2006-06-30": "32.10000", "2006-03-31": 38.6, "2005-12-31": 45.3, "2005-09-30": 8.4, "2005-06-30": "-218.90000", "2005-03-31": 107.8}, "Total Common And Preferred Stock Dividends Paid": {"2020-12-31": 0, "2020-09-30": 0, "2020-06-30": "-53.00000", "2020-03-31": -53, "2019-12-31": -54, "2019-09-30": -56, "2019-06-30": "-51.00000", "2019-03-31": -51, "2018-12-31": -54, "2018-09-30": -54, "2018-06-30": "-51.00000", "2018-03-31": -51, "2017-12-31": -51, "2017-09-30": -52, "2017-06-30": "-20.00000", "2017-03-31": -19, "2016-12-31": -20, "2016-09-30": -20, "2016-06-30": "-19.00000", "2016-03-31": -21, "2015-12-31": -345, "2015-09-30": -32, "2015-06-30": "-32.00000", "2015-03-31": -33, "2014-12-31": -32, "2014-09-30": -34, "2014-06-30": "-29.00000", "2014-03-31": -30, "2013-12-31": -29, "2013-09-30": -30, "2013-06-30": "-30.00000", "2013-03-31": -31, "2012-12-31": -31, "2012-09-30": -31, "2012-06-30": "-31.00000", "2012-03-31": -31, "2011-12-31": -31, "2011-09-30": -31, "2011-06-30": "-31.00000", "2011-03-31": -31, "2010-12-31": -23, "2010-09-30": -23, "2010-06-30": "", "2010-03-31": 0, "2009-12-31": 0, "2009-09-30": 0, "2009-06-30": "", "2009-03-31": 0, "2008-12-31": 0, "2008-09-30": 0, "2008-06-30": "", "2008-03-31": 0, "2007-12-31": 0, "2007-09-30": 0, "2007-06-30": "", "2007-03-31": 0, "2006-12-31": 0, "2006-09-30": 0, "2006-06-30": "", "2006-03-31": 0, "2005-12-31": 0, "2005-09-30": 0, "2005-06-30": "", "2005-03-31": 0}, "Financial Activities - Other": {"2020-12-31": -7, "2020-09-30": -6, "2020-06-30": "-6.00000", "2020-03-31": -2, "2019-12-31": -15, "2019-09-30": 4, "2019-06-30": "-48.00000", "2019-03-31": -12, "2018-12-31": 14, "2018-09-30": -5, "2018-06-30": "1110.00000", "2018-03-31": -24, "2017-12-31": -15, "2017-09-30": 1, "2017-06-30": "-66.00000", "2017-03-31": 78, "2016-12-31": -1, "2016-09-30": -19, "2016-06-30": "-23.00000", "2016-03-31": -102, "2015-12-31": 73, "2015-09-30": -9, "2015-06-30": "-24.00000", "2015-03-31": -38, "2014-12-31": -4, "2014-09-30": 3, "2014-06-30": "9.00000", "2014-03-31": -113, "2013-12-31": -21, "2013-09-30": 3, "2013-06-30": "-6.00000", "2013-03-31": -1, "2012-12-31": -2, "2012-09-30": -25, "2012-06-30": "-7.00000", "2012-03-31": 1, "2011-12-31": -4, "2011-09-30": -10, "2011-06-30": "6.00000", "2011-03-31": -4, "2010-12-31": -12, "2010-09-30": 0, "2010-06-30": "-5.00000", "2010-03-31": -47, "2009-12-31": 4, "2009-09-30": 2, "2009-06-30": "1.00000", "2009-03-31": -4, "2008-12-31": 1, "2008-09-30": 2, "2008-06-30": "1.00000", "2008-03-31": 10.6, "2007-12-31": 0.6, "2007-09-30": 6.6, "2007-06-30": "5.20000", "2007-03-31": 11.2, "2006-12-31": 0.5, "2006-09-30": 2.9, "2006-06-30": "-2.60000", "2006-03-31": 1.8, "2005-12-31": 0.9, "2005-09-30": 2.5, "2005-06-30": "1.60000", "2005-03-31": 2.1}, "Cash Flow From Financial Activities": {"2020-12-31": -3708, "2020-09-30": -2749, "2020-06-30": "1786.00000", "2020-03-31": 962, "2019-12-31": -785, "2019-09-30": -407, "2019-06-30": "887.00000", "2019-03-31": -480, "2018-12-31": -497, "2018-09-30": -386, "2018-06-30": "-300.00000", "2018-03-31": -754, "2017-12-31": -515, "2017-09-30": -453, "2017-06-30": "-168.00000", "2017-03-31": 21, "2016-12-31": -304, "2016-09-30": 22, "2016-06-30": "354.00000", "2016-03-31": -249, "2015-12-31": 20, "2015-09-30": -40, "2015-06-30": "-216.00000", "2015-03-31": -399, "2014-12-31": -23, "2014-09-30": -475, "2014-06-30": "-181.00000", "2014-03-31": -223, "2013-12-31": -44, "2013-09-30": -142, "2013-06-30": "-207.00000", "2013-03-31": -156, "2012-12-31": -902, "2012-09-30": 566, "2012-06-30": "-97.00000", "2012-03-31": -110, "2011-12-31": -590, "2011-09-30": -75, "2011-06-30": "194.00000", "2011-03-31": -413, "2010-12-31": -1216, "2010-09-30": -49, "2010-06-30": "2.00000", "2010-03-31": -601, "2009-12-31": 105, "2009-09-30": 23, "2009-06-30": "-14.00000", "2009-03-31": -211, "2008-12-31": 666, "2008-09-30": -12, "2008-06-30": "299.00000", "2008-03-31": -182.1, "2007-12-31": -212.9, "2007-09-30": -25.8, "2007-06-30": "1418.80000", "2007-03-31": -489.1, "2006-12-31": -96.4, "2006-09-30": -385, "2006-06-30": "15.00000", "2006-03-31": -9, "2005-12-31": 81, "2005-09-30": 11.8, "2005-06-30": "-234.50000", "2005-03-31": -900.6}, "Net Cash Flow": {"2020-12-31": 840, "2020-09-30": -2430, "2020-06-30": "1830.00000", "2020-03-31": 1119, "2019-12-31": -320, "2019-09-30": 1012, "2019-06-30": "-1031.00000", "2019-03-31": 424, "2018-12-31": -305, "2018-09-30": 201, "2018-06-30": "-150.00000", "2018-03-31": -227, "2017-12-31": 254, "2017-09-30": 180, "2017-06-30": "1254.00000", "2017-03-31": 154, "2016-12-31": 57, "2016-09-30": 54, "2016-06-30": "-178.00000", "2016-03-31": -652, "2015-12-31": 12, "2015-09-30": -381, "2015-06-30": "101.00000", "2015-03-31": -295, "2014-12-31": 470, "2014-09-30": -517, "2014-06-30": "-3.00000", "2014-03-31": 159, "2013-12-31": 189, "2013-09-30": 166, "2013-06-30": "-125.00000", "2013-03-31": -144, "2012-12-31": 348, "2012-09-30": 850, "2012-06-30": "-93.00000", "2012-03-31": 195, "2011-12-31": -80, "2011-09-30": -688, "2011-06-30": "-171.00000", "2011-03-31": 208, "2010-12-31": -1028, "2010-09-30": 222, "2010-06-30": "-349.00000", "2010-03-31": 357, "2009-12-31": 20, "2009-09-30": 487, "2009-06-30": "-377.00000", "2009-03-31": 624, "2008-12-31": 931, "2008-09-30": 126, "2008-06-30": "-83.00000", "2008-03-31": 110, "2007-12-31": 98.3, "2007-09-30": -1338.6, "2007-06-30": "779.30000", "2007-03-31": 324.1, "2006-12-31": 22.8, "2006-09-30": -304.8, "2006-06-30": "-282.70000", "2006-03-31": 517.5, "2005-12-31": 368.6, "2005-09-30": -22.7, "2005-06-30": "-583.00000", "2005-03-31": 447.5}, "Stock-Based Compensation": {"2020-12-31": 6, "2020-09-30": 20, "2020-06-30": "16.00000", "2020-03-31": 11, "2019-12-31": 9, "2019-09-30": 30, "2019-06-30": "18.00000", "2019-03-31": 17, "2018-12-31": 16, "2018-09-30": 19, "2018-06-30": "22.00000", "2018-03-31": 17, "2017-12-31": 18, "2017-09-30": 18, "2017-06-30": "40.00000", "2017-03-31": 19, "2016-12-31": 21, "2016-09-30": 21, "2016-06-30": "14.00000", "2016-03-31": 17, "2015-12-31": 21, "2015-09-30": 19, "2015-06-30": "-12.00000", "2015-03-31": 14, "2014-12-31": 19, "2014-09-30": 16, "2014-06-30": "19.00000", "2014-03-31": 20, "2013-12-31": 20, "2013-09-30": 16, "2013-06-30": "17.00000", "2013-03-31": 13, "2012-12-31": 16, "2012-09-30": 13, "2012-06-30": "7.00000", "2012-03-31": 0, "2011-12-31": 14, "2011-09-30": 17, "2011-06-30": "5.00000", "2011-03-31": 10, "2010-12-31": 16, "2010-09-30": 16, "2010-06-30": "14.00000", "2010-03-31": 15, "2009-12-31": 15, "2009-09-30": 16, "2009-06-30": "18.00000", "2009-03-31": 7, "2008-12-31": 13, "2008-09-30": 17, "2008-06-30": "17.00000", "2008-03-31": 12.3, "2007-12-31": 12.2, "2007-09-30": 12.5, "2007-06-30": "23.00000", "2007-03-31": 58.7, "2006-12-31": 0, "2006-09-30": 0, "2006-06-30": "", "2006-03-31": 32.9, "2005-12-31": 0, "2005-09-30": 0, "2005-06-30": "", "2005-03-31": 18.4}, "Common Stock Dividends Paid": {"2020-12-31": 0, "2020-09-30": 0, "2020-06-30": "-53.00000", "2020-03-31": -53, "2019-12-31": -54, "2019-09-30": -56, "2019-06-30": "-51.00000", "2019-03-31": -51, "2018-12-31": -54, "2018-09-30": -54, "2018-06-30": "-51.00000", "2018-03-31": -51, "2017-12-31": -51, "2017-09-30": -52, "2017-06-30": "-20.00000", "2017-03-31": -19, "2016-12-31": -20, "2016-09-30": -20, "2016-06-30": "-19.00000", "2016-03-31": -21, "2015-12-31": -345, "2015-09-30": -32, "2015-06-30": "-32.00000", "2015-03-31": -33, "2014-12-31": -32, "2014-09-30": -34, "2014-06-30": "-29.00000", "2014-03-31": -30, "2013-12-31": -29, "2013-09-30": -30, "2013-06-30": "-30.00000", "2013-03-31": -31, "2012-12-31": -31, "2012-09-30": -31, "2012-06-30": "-31.00000", "2012-03-31": -31, "2011-12-31": -31, "2011-09-30": -31, "2011-06-30": "-31.00000", "2011-03-31": -31, "2010-12-31": -23, "2010-09-30": -23, "2010-06-30": "", "2010-03-31": 0, "2009-12-31": 0, "2009-09-30": 0, "2009-06-30": "", "2009-03-31": 0, "2008-12-31": 0, "2008-09-30": 0, "2008-06-30": "", "2008-03-31": 0, "2007-12-31": 0, "2007-09-30": 0, "2007-06-30": "", "2007-03-31": 0, "2006-12-31": 0, "2006-09-30": 0, "2006-06-30": "", "2006-03-31": 0, "2005-12-31": 0, "2005-09-30": 0, "2005-06-30": "", "2005-03-31": 0}}, "financial ratios": {"Current Ratio": {"2020-03-31": "1.13830", "2019-03-31": "0.95910", "2018-03-31": "0.97650", "2017-03-31": "1.10070", "2016-03-31": "1.30830", "2015-03-31": "1.36250", "2014-03-31": "1.62570", "2013-03-31": "1.69390", "2012-03-31": "1.07650", "2011-03-31": "1.80880", "2010-03-31": "2.04320", "2009-03-31": "1.91910", "2008-03-31": "1.23400", "2007-03-31": "1.18480", "2006-03-31": "1.44030", "2005-03-31": "1.46720"}, "Long-term Debt / Capital": {"2020-03-31": "0.62840", "2019-03-31": "0.31810", "2018-03-31": "0.30570", "2017-03-31": "0.50670", "2016-03-31": "0.48760", "2015-03-31": "0.35540", "2014-03-31": "0.35880", "2013-03-31": "0.44150", "2012-03-31": "0.34400", "2011-03-31": "0.24160", "2010-03-31": "0.36050", "2009-03-31": "0.42620", "2008-03-31": "0.32550", "2007-03-31": "0.20310", "2006-03-31": "0.17470", "2005-03-31": "0.16710"}, "Debt/Equity Ratio": {"2020-03-31": "1.93960", "2019-03-31": "0.63220", "2018-03-31": "0.57890", "2017-03-31": "1.36800", "2016-03-31": "1.30120", "2015-03-31": "0.84920", "2014-03-31": "0.73230", "2013-03-31": "0.86460", "2012-03-31": "0.96680", "2011-03-31": "0.34110", "2010-03-31": "0.57530", "2009-03-31": "0.75380", "2008-03-31": "0.63600", "2007-03-31": "0.27180", "2006-03-31": "0.22480", "2005-03-31": "0.21380"}, "Gross Margin": {"2020-03-31": "23.88520", "2019-03-31": "27.98150", "2018-03-31": "24.92060", "2017-03-31": "27.05400", "2016-03-31": "27.03350", "2015-03-31": "24.12220", "2014-03-31": "32.21710", "2013-03-31": "20.44380", "2012-03-31": "12.28790", "2011-03-31": "19.27870", "2010-03-31": "20.74620", "2009-03-31": "20.88610", "2008-03-31": "20.30300", "2007-03-31": "20.47410", "2006-03-31": "19.94090", "2005-03-31": "19.60160"}, "Operating Margin": {"2020-03-31": "3.49390", "2019-03-31": "9.05890", "2018-03-31": "7.96480", "2017-03-31": "1.69580", "2016-03-31": "1.53390", "2015-03-31": "-3.68360", "2014-03-31": "10.09100", "2013-03-31": "4.47340", "2012-03-31": "-3.27810", "2011-03-31": "6.33420", "2010-03-31": "7.70680", "2009-03-31": "7.19330", "2008-03-31": "7.12730", "2007-03-31": "7.06500", "2006-03-31": "6.58730", "2005-03-31": "6.05260"}, "EBIT Margin": {"2020-03-31": "3.49390", "2019-03-31": "9.05890", "2018-03-31": "7.96480", "2017-03-31": "1.69580", "2016-03-31": "1.53390", "2015-03-31": "-3.68360", "2014-03-31": "10.09100", "2013-03-31": "4.47340", "2012-03-31": "-3.27810", "2011-03-31": "6.33420", "2010-03-31": "7.70680", "2009-03-31": "7.19330", "2008-03-31": "7.12730", "2007-03-31": "7.06500", "2006-03-31": "6.58730", "2005-03-31": "6.05260"}, "EBITDA Margin": {"2020-03-31": "48.18920", "2019-03-31": "18.75870", "2018-03-31": "17.21350", "2017-03-31": "10.56920", "2016-03-31": "12.32760", "2015-03-31": "8.35280", "2014-03-31": "21.53050", "2013-03-31": "12.01130", "2012-03-31": "6.06560", "2011-03-31": "13.65040", "2010-03-31": "14.96770", "2009-03-31": "14.92210", "2008-03-31": "14.92120", "2007-03-31": "14.88740", "2006-03-31": "14.69600", "2005-03-31": "14.18820"}, "Pre-Tax Profit Margin": {"2020-03-31": "-26.70480", "2019-03-31": "7.30010", "2018-03-31": "6.00010", "2017-03-31": "-2.28740", "2016-03-31": "0.14070", "2015-03-31": "-8.26660", "2014-03-31": "7.79860", "2013-03-31": "1.65550", "2012-03-31": "-6.76070", "2011-03-31": "5.63470", "2010-03-31": "6.41920", "2009-03-31": "5.78140", "2008-03-31": "5.64850", "2007-03-31": "4.08150", "2006-03-31": "5.20180", "2005-03-31": "4.83170"}, "Net Profit Margin": {"2020-03-31": "-27.42500", "2019-03-31": "6.05700", "2018-03-31": "8.05690", "2017-03-31": "-1.61690", "2016-03-31": "3.53220", "2015-03-31": "0.02460", "2014-03-31": "10.64160", "2013-03-31": "5.35400", "2012-03-31": "-4.19820", "2011-03-31": "4.74910", "2010-03-31": "5.13160", "2009-03-31": "6.78550", "2008-03-31": "3.30300", "2007-03-31": "2.67450", "2006-03-31": "3.38410", "2005-03-31": "5.38420"}, "Asset Turnover": {"2020-03-31": "0.75280", "2019-03-31": "0.70170", "2018-03-31": "0.64070", "2017-03-31": "0.87810", "2016-03-31": "0.91860", "2015-03-31": "0.79410", "2014-03-31": "0.78140", "2013-03-31": "1.26170", "2012-03-31": "1.31140", "2011-03-31": "0.96660", "2010-03-31": "0.96750", "2009-03-31": "1.05210", "2008-03-31": "1.03910", "2007-03-31": "1.08110", "2006-03-31": "1.12460", "2005-03-31": "1.11450"}, "Inventory Turnover Ratio": {"2020-03-31": "", "2019-03-31": "", "2018-03-31": "", "2017-03-31": "", "2016-03-31": "", "2015-03-31": "", "2014-03-31": "", "2013-03-31": "", "2012-03-31": "", "2011-03-31": "", "2010-03-31": "", "2009-03-31": "", "2008-03-31": "", "2007-03-31": "", "2006-03-31": "", "2005-03-31": ""}, "Receiveable Turnover": {"2020-03-31": "4.45740", "2019-03-31": "4.00560", "2018-03-31": "3.96520", "2017-03-31": "4.62990", "2016-03-31": "3.88090", "2015-03-31": "4.82580", "2014-03-31": "3.22540", "2013-03-31": "4.43730", "2012-03-31": "4.50510", "2011-03-31": "4.18980", "2010-03-31": "4.13640", "2009-03-31": "4.34020", "2008-03-31": "3.61470", "2007-03-31": "3.54750", "2006-03-31": "3.92350", "2005-03-31": "3.98000"}, "Days Sales In Receivables": {"2020-03-31": "81.88590", "2019-03-31": "91.12250", "2018-03-31": "92.05200", "2017-03-31": "78.83460", "2016-03-31": "94.04940", "2015-03-31": "75.63510", "2014-03-31": "113.16270", "2013-03-31": "82.25680", "2012-03-31": "81.01990", "2011-03-31": "87.11560", "2010-03-31": "88.24100", "2009-03-31": "84.09750", "2008-03-31": "100.97670", "2007-03-31": "102.88870", "2006-03-31": "93.02950", "2005-03-31": "91.70880"}, "ROE - Return On Equity": {"2020-03-31": "-104.46480", "2019-03-31": "10.46480", "2018-03-31": "11.17290", "2017-03-31": "-4.61680", "2016-03-31": "3.54330", "2015-03-31": "-6.98150", "2014-03-31": "13.18460", "2013-03-31": "9.39870", "2012-03-31": "-26.95840", "2011-03-31": "8.94180", "2010-03-31": "12.75350", "2009-03-31": "19.98930", "2008-03-31": "10.23470", "2007-03-31": "7.17150", "2006-03-31": "6.79900", "2005-03-31": "6.84100"}, "Return On Tangible Equity": {"2020-03-31": "204.58190", "2019-03-31": "-67.41760", "2018-03-31": "-978.48100", "2017-03-31": "6.74310", "2016-03-31": "-12.56540", "2015-03-31": "-19.11360", "2014-03-31": "43.33330", "2013-03-31": "56.25000", "2012-03-31": "592.24800", "2011-03-31": "29.22610", "2010-03-31": "55.74210", "2009-03-31": "166.61720", "2008-03-31": "1653.85600", "2007-03-31": "26.53800", "2006-03-31": "17.20680", "2005-03-31": "18.43260"}, "ROA - Return On Assets": {"2020-03-31": "-20.60290", "2019-03-31": "4.14890", "2018-03-31": "4.55760", "2017-03-31": "-1.15430", "2016-03-31": "0.93070", "2015-03-31": "-2.02520", "2014-03-31": "4.56580", "2013-03-31": "2.63980", "2012-03-31": "-6.82810", "2011-03-31": "4.19350", "2010-03-31": "5.04410", "2009-03-31": "7.19000", "2008-03-31": "3.52020", "2007-03-31": "2.89150", "2006-03-31": "3.39660", "2005-03-31": "3.51670"}, "ROI - Return On Investment": {"2020-03-31": "-38.82330", "2019-03-31": "7.13580", "2018-03-31": "7.75750", "2017-03-31": "-2.27740", "2016-03-31": "1.81540", "2015-03-31": "-4.50000", "2014-03-31": "8.45390", "2013-03-31": "5.24920", "2012-03-31": "-17.68520", "2011-03-31": "6.78100", "2010-03-31": "8.15560", "2009-03-31": "11.46970", "2008-03-31": "6.90370", "2007-03-31": "5.71470", "2006-03-31": "5.61140", "2005-03-31": "5.69780"}, "Book Value Per Share": {"2020-03-31": "20.23080", "2019-03-31": "43.68070", "2018-03-31": "48.48690", "2017-03-31": "15.32920", "2016-03-31": "13.66080", "2015-03-31": "21.36580", "2014-03-31": "27.09330", "2013-03-31": "21.04350", "2012-03-31": "18.26020", "2011-03-31": "48.93840", "2010-03-31": "42.27370", "2009-03-31": "37.08300", "2008-03-31": "36.14290", "2007-03-31": "31.96440", "2006-03-31": "34.74180", "2005-03-31": "33.96690"}, "Operating Cash Flow Per Share": {"2020-03-31": 2.7529, "2019-03-31": -2.5233, "2018-03-31": 4.4497, "2017-03-31": -1.2656, "2016-03-31": -4.6578, "2015-03-31": -0.1278, "2014-03-31": 3.2668, "2013-03-31": -0.393, "2012-03-31": -2.4004, "2011-03-31": -0.63, "2010-03-31": -2.3963, "2009-03-31": 5.121, "2008-03-31": -0.8908, "2007-03-31": 0.5307, "2006-03-31": -1.8631, "2005-03-31": 10.1154}, "Free Cash Flow Per Share": {"2020-03-31": 1.487, "2019-03-31": -1.9364, "2018-03-31": 5.492, "2017-03-31": -0.2197, "2016-03-31": -5.0659, "2015-03-31": 0.7315, "2014-03-31": 2.8013, "2013-03-31": 1.2961, "2012-03-31": -2.8542, "2011-03-31": -0.9173, "2010-03-31": -1.5756, "2009-03-31": 6.1418, "2008-03-31": -2.3812, "2007-03-31": 1.0592, "2006-03-31": -1.5414, "2005-03-31": 4.5911}}, "financial ratios, quarterly": {"Current Ratio": {"2020-12-31": "1.10100", "2020-09-30": "0.96310", "2020-06-30": "1.28620", "2020-03-31": "1.13830", "2019-12-31": "0.93160", "2019-09-30": "0.94610", "2019-06-30": "0.87710", "2019-03-31": "0.95910", "2018-12-31": "1.00000", "2018-09-30": "1.03540", "2018-06-30": "0.94650", "2018-03-31": "0.97650", "2017-12-31": "0.98790", "2017-09-30": "1.00030", "2017-06-30": "1.18340", "2017-03-31": "1.10070", "2016-12-31": "1.14760", "2016-09-30": "1.23140", "2016-06-30": "1.23200", "2016-03-31": "1.30830", "2015-12-31": "1.49300", "2015-09-30": "1.31630", "2015-06-30": "1.35750", "2015-03-31": "1.36250", "2014-12-31": "1.62570", "2014-09-30": "1.68080", "2014-06-30": "1.65610", "2014-03-31": "1.62570", "2013-12-31": "1.59910", "2013-09-30": "1.87770", "2013-06-30": "1.74080", "2013-03-31": "1.69390", "2012-12-31": "1.70920", "2012-09-30": "1.36190", "2012-06-30": "1.08850", "2012-03-31": "1.07650", "2011-12-31": "1.37710", "2011-09-30": "1.63870", "2011-06-30": "1.83790", "2011-03-31": "1.80880", "2010-12-31": "1.78080", "2010-09-30": "2.16310", "2010-06-30": "2.16100", "2010-03-31": "2.04320", "2009-12-31": "2.32930", "2009-09-30": "2.15110", "2009-06-30": "2.03340", "2009-03-31": "1.91910", "2008-12-31": "1.85440", "2008-09-30": "1.34150", "2008-06-30": "1.24340", "2008-03-31": "1.23400", "2007-12-31": "1.38540", "2007-09-30": "1.42940", "2007-06-30": "1.72590", "2007-03-31": "1.18480", "2006-12-31": "1.33730", "2006-09-30": "1.33100", "2006-06-30": "1.37550", "2006-03-31": "1.44030", "2005-12-31": "1.49950", "2005-09-30": "1.49320", "2005-06-30": "1.40570", "2005-03-31": "1.46720"}, "Long-term Debt / Capital": {"2020-12-31": "0.47590", "2020-09-30": "0.62870", "2020-06-30": "0.67650", "2020-03-31": "0.62840", "2019-12-31": "0.44560", "2019-09-30": "0.46460", "2019-06-30": "0.41300", "2019-03-31": "0.31810", "2018-12-31": "0.34490", "2018-09-30": "0.31360", "2018-06-30": "0.28660", "2018-03-31": "0.30570", "2017-12-31": "0.32540", "2017-09-30": "0.33590", "2017-06-30": "0.33610", "2017-03-31": "0.50670", "2016-12-31": "0.50260", "2016-09-30": "0.51870", "2016-06-30": "0.53290", "2016-03-31": "0.48760", "2015-12-31": "0.46200", "2015-09-30": "0.36040", "2015-06-30": "0.36160", "2015-03-31": "0.35540", "2014-12-31": "0.39280", "2014-09-30": "0.37320", "2014-06-30": "0.35210", "2014-03-31": "0.35880", "2013-12-31": "0.36960", "2013-09-30": "0.42530", "2013-06-30": "0.44160", "2013-03-31": "0.44150", "2012-12-31": "0.41960", "2012-09-30": "0.45400", "2012-06-30": "0.34880", "2012-03-31": "0.34400", "2011-12-31": "0.43210", "2011-09-30": "0.34350", "2011-06-30": "0.23730", "2011-03-31": "0.24160", "2010-12-31": "0.24500", "2010-09-30": "0.35280", "2010-06-30": "0.36310", "2010-03-31": "0.36050", "2009-12-31": "0.38470", "2009-09-30": "0.39550", "2009-06-30": "0.40710", "2009-03-31": "0.42620", "2008-12-31": "0.42290", "2008-09-30": "0.31710", "2008-06-30": "0.32240", "2008-03-31": "0.32550", "2007-12-31": "0.31180", "2007-09-30": "0.30730", "2007-06-30": "0.30830", "2007-03-31": "0.20310", "2006-12-31": "0.18470", "2006-09-30": "0.19060", "2006-06-30": "0.18040", "2006-03-31": "0.17470", "2005-12-31": "0.16880", "2005-09-30": "0.17160", "2005-06-30": "0.17360", "2005-03-31": "0.16710"}, "Debt/Equity Ratio": {"2020-12-31": "1.04070", "2020-09-30": "2.03490", "2020-06-30": "2.43140", "2020-03-31": "1.93960", "2019-12-31": "0.97750", "2019-09-30": "1.03370", "2019-06-30": "0.83840", "2019-03-31": "0.63220", "2018-12-31": "0.66570", "2018-09-30": "0.59360", "2018-06-30": "0.59710", "2018-03-31": "0.57890", "2017-12-31": "0.64690", "2017-09-30": "0.68160", "2017-06-30": "0.60360", "2017-03-31": "1.36800", "2016-12-31": "1.33230", "2016-09-30": "1.41940", "2016-06-30": "1.45490", "2016-03-31": "1.30120", "2015-12-31": "1.20060", "2015-09-30": "0.85690", "2015-06-30": "0.86860", "2015-03-31": "0.84920", "2014-12-31": "0.81190", "2014-09-30": "0.74830", "2014-06-30": "0.71300", "2014-03-31": "0.73230", "2013-12-31": "0.75730", "2013-09-30": "0.81680", "2013-06-30": "0.86890", "2013-03-31": "0.86460", "2012-12-31": "0.79260", "2012-09-30": "1.17400", "2012-06-30": "0.99630", "2012-03-31": "0.96680", "2011-12-31": "0.84070", "2011-09-30": "0.68940", "2011-06-30": "0.36650", "2011-03-31": "0.34110", "2010-12-31": "0.38960", "2010-09-30": "0.56110", "2010-06-30": "0.58210", "2010-03-31": "0.57530", "2009-12-31": "0.64480", "2009-09-30": "0.66460", "2009-06-30": "0.69650", "2009-03-31": "0.75380", "2008-12-31": "0.77810", "2008-09-30": "0.65750", "2008-06-30": "0.67950", "2008-03-31": "0.63600", "2007-12-31": "0.55600", "2007-09-30": "0.52700", "2007-06-30": "0.51410", "2007-03-31": "0.27180", "2006-12-31": "0.32000", "2006-09-30": "0.35060", "2006-06-30": "0.23380", "2006-03-31": "0.22480", "2005-12-31": "0.22080", "2005-09-30": "0.21860", "2005-06-30": "0.22100", "2005-03-31": "0.21380"}, "Gross Margin": {"2020-12-31": "22.27150", "2020-09-30": "21.76110", "2020-06-30": "19.39140", "2020-03-31": "21.64070", "2019-12-31": "23.78010", "2019-09-30": "24.16000", "2019-06-30": "25.93050", "2019-03-31": "27.34850", "2018-12-31": "28.06100", "2018-09-30": "29.82250", "2018-06-30": "26.78910", "2018-03-31": "26.80870", "2017-12-31": "25.80590", "2017-09-30": "29.02990", "2017-06-30": "17.70440", "2017-03-31": "24.93380", "2016-12-31": "29.73400", "2016-09-30": "27.15130", "2016-06-30": "26.37310", "2016-03-31": "19.20310", "2015-12-31": "30.51430", "2015-09-30": "29.11180", "2015-06-30": "29.49000", "2015-03-31": "15.28800", "2014-12-31": "19.34330", "2014-09-30": "28.34420", "2014-06-30": "26.96940", "2014-03-31": "32.20190", "2013-12-31": "29.95660", "2013-09-30": "27.29840", "2013-06-30": "25.10760", "2013-03-31": "18.92510", "2012-12-31": "21.74770", "2012-09-30": "23.10090", "2012-06-30": "18.05670", "2012-03-31": "48.84500", "2011-12-31": "-21.15540", "2011-09-30": "11.49770", "2011-06-30": "16.56340", "2011-03-31": "18.78680", "2010-12-31": "19.37420", "2010-09-30": "20.00000", "2010-06-30": "18.92580", "2010-03-31": "22.01540", "2009-12-31": "21.45210", "2009-09-30": "20.44050", "2009-06-30": "19.03540", "2009-03-31": "23.68560", "2008-12-31": "21.93830", "2008-09-30": "19.55650", "2008-06-30": "18.81900", "2008-03-31": "22.03840", "2007-12-31": "20.63460", "2007-09-30": "19.00330", "2007-06-30": "19.27620", "2007-03-31": "22.36840", "2006-12-31": "20.31530", "2006-09-30": "19.82210", "2006-06-30": "19.14580", "2006-03-31": "21.57840", "2005-12-31": "20.28520", "2005-09-30": "19.44240", "2005-06-30": "18.30570", "2005-03-31": "20.51590"}, "Operating Margin": {"2020-12-31": "-0.86290", "2020-09-30": "-1.60300", "2020-06-30": "-3.50960", "2020-03-31": "-0.41540", "2019-12-31": "3.92350", "2019-09-30": "4.45270", "2019-06-30": "5.95090", "2019-03-31": "9.09090", "2018-12-31": "8.76790", "2018-09-30": "8.81710", "2018-06-30": "9.54180", "2018-03-31": "10.02870", "2017-12-31": "9.56040", "2017-09-30": "8.38070", "2017-06-30": "3.66690", "2017-03-31": "-1.74700", "2016-12-31": "3.96450", "2016-09-30": "2.56550", "2016-06-30": "1.96890", "2016-03-31": "-8.52240", "2015-12-31": "6.51430", "2015-09-30": "4.06880", "2015-06-30": "4.82260", "2015-03-31": "-8.27230", "2014-12-31": "-17.70140", "2014-09-30": "8.92860", "2014-06-30": "7.93950", "2014-03-31": "15.22980", "2013-12-31": "12.32960", "2013-09-30": "9.66430", "2013-06-30": "8.45110", "2013-03-31": "1.20070", "2012-12-31": "6.50450", "2012-09-30": "7.08620", "2012-06-30": "3.11040", "2012-03-31": "29.69540", "2011-12-31": "-36.69650", "2011-09-30": "-3.55520", "2011-06-30": "3.12420", "2011-03-31": "5.71890", "2010-12-31": "6.58320", "2010-09-30": "6.83610", "2010-06-30": "6.16370", "2010-03-31": "9.13380", "2009-12-31": "8.32280", "2009-09-30": "7.54760", "2009-06-30": "5.77220", "2009-03-31": "10.14720", "2008-12-31": "8.19840", "2008-09-30": "5.47300", "2008-06-30": "5.40910", "2008-03-31": "9.24440", "2007-12-31": "7.47840", "2007-09-30": "5.72790", "2007-06-30": "5.73750", "2007-03-31": "9.49290", "2006-12-31": "6.85880", "2006-09-30": "6.16770", "2006-06-30": "5.42810", "2006-03-31": "8.46220", "2005-12-31": "6.82980", "2005-09-30": "5.83050", "2005-06-30": "5.05230", "2005-03-31": "6.91050"}, "EBIT Margin": {"2020-12-31": "-0.86290", "2020-09-30": "-1.60300", "2020-06-30": "-3.50960", "2020-03-31": "-0.41540", "2019-12-31": "3.92350", "2019-09-30": "4.45270", "2019-06-30": "5.95090", "2019-03-31": "9.09090", "2018-12-31": "8.76790", "2018-09-30": "8.81710", "2018-06-30": "9.54180", "2018-03-31": "10.02870", "2017-12-31": "9.56040", "2017-09-30": "8.38070", "2017-06-30": "3.66690", "2017-03-31": "-1.74700", "2016-12-31": "3.96450", "2016-09-30": "2.56550", "2016-06-30": "1.96890", "2016-03-31": "-8.52240", "2015-12-31": "6.51430", "2015-09-30": "4.06880", "2015-06-30": "4.82260", "2015-03-31": "-8.27230", "2014-12-31": "-17.70140", "2014-09-30": "8.92860", "2014-06-30": "7.93950", "2014-03-31": "15.22980", "2013-12-31": "12.32960", "2013-09-30": "9.66430", "2013-06-30": "8.45110", "2013-03-31": "1.20070", "2012-12-31": "6.50450", "2012-09-30": "7.08620", "2012-06-30": "3.11040", "2012-03-31": "29.69540", "2011-12-31": "-36.69650", "2011-09-30": "-3.55520", "2011-06-30": "3.12420", "2011-03-31": "5.71890", "2010-12-31": "6.58320", "2010-09-30": "6.83610", "2010-06-30": "6.16370", "2010-03-31": "9.13380", "2009-12-31": "8.32280", "2009-09-30": "7.54760", "2009-06-30": "5.77220", "2009-03-31": "10.14720", "2008-12-31": "8.19840", "2008-09-30": "5.47300", "2008-06-30": "5.40910", "2008-03-31": "9.24440", "2007-12-31": "7.47840", "2007-09-30": "5.72790", "2007-06-30": "5.73750", "2007-03-31": "9.49290", "2006-12-31": "6.85880", "2006-09-30": "6.16770", "2006-06-30": "5.42810", "2006-03-31": "8.46220", "2005-12-31": "6.82980", "2005-09-30": "5.83050", "2005-06-30": "5.05230", "2005-03-31": "6.91040"}, "EBITDA Margin": {"2020-12-31": "", "2020-09-30": "", "2020-06-30": "", "2020-03-31": "", "2019-12-31": "", "2019-09-30": "", "2019-06-30": "", "2019-03-31": "", "2018-12-31": "", "2018-09-30": "", "2018-06-30": "", "2018-03-31": "", "2017-12-31": "", "2017-09-30": "", "2017-06-30": "", "2017-03-31": "", "2016-12-31": "", "2016-09-30": "", "2016-06-30": "", "2016-03-31": "", "2015-12-31": "", "2015-09-30": "", "2015-06-30": "", "2015-03-31": "", "2014-12-31": "", "2014-09-30": "", "2014-06-30": "", "2014-03-31": "", "2013-12-31": "", "2013-09-30": "", "2013-06-30": "", "2013-03-31": "", "2012-12-31": "", "2012-09-30": "", "2012-06-30": "", "2012-03-31": "", "2011-12-31": "", "2011-09-30": "", "2011-06-30": "", "2011-03-31": "", "2010-12-31": "", "2010-09-30": "", "2010-06-30": "", "2010-03-31": "", "2009-12-31": "", "2009-09-30": "", "2009-06-30": "", "2009-03-31": "", "2008-12-31": "", "2008-09-30": "", "2008-06-30": "", "2008-03-31": "", "2007-12-31": "", "2007-09-30": "", "2007-06-30": "", "2007-03-31": "", "2006-12-31": "", "2006-09-30": "", "2006-06-30": "", "2006-03-31": "", "2005-12-31": "", "2005-09-30": "", "2005-06-30": "", "2005-03-31": ""}, "Pre-Tax Profit Margin": {"2020-12-31": "46.12870", "2020-09-30": "-6.71940", "2020-06-30": "-4.99780", "2020-03-31": "-73.97720", "2019-12-31": "2.52940", "2019-09-30": "-41.20800", "2019-06-30": "4.21270", "2019-03-31": "6.70450", "2018-12-31": "9.05760", "2018-09-30": "6.62280", "2018-06-30": "6.81560", "2018-03-31": "10.53010", "2017-12-31": "6.24540", "2017-09-30": "5.20810", "2017-06-30": "1.73800", "2017-03-31": "-9.89940", "2016-12-31": "2.60820", "2016-09-30": "-0.05340", "2016-06-30": "-1.86530", "2016-03-31": "-10.34860", "2015-12-31": "4.45710", "2015-09-30": "2.69340", "2015-06-30": "3.99110", "2015-03-31": "-22.40840", "2014-12-31": "-19.80500", "2014-09-30": "7.95450", "2014-06-30": "6.61110", "2014-03-31": "12.97690", "2013-12-31": "11.09050", "2013-09-30": "7.49920", "2013-06-30": "7.19110", "2013-03-31": "-3.03030", "2012-12-31": "4.07240", "2012-09-30": "4.59180", "2012-06-30": "0.96340", "2012-03-31": "107.80050", "2011-12-31": "-39.57150", "2011-09-30": "-71.96170", "2011-06-30": "2.50430", "2011-03-31": "5.13090", "2010-12-31": "5.75720", "2010-09-30": "6.22620", "2010-06-30": "5.39640", "2010-03-31": "7.09850", "2009-12-31": "7.36150", "2009-09-30": "6.43410", "2009-06-30": "4.74600", "2009-03-31": "8.46480", "2008-12-31": "6.65490", "2008-09-30": "4.38780", "2008-06-30": "4.03430", "2008-03-31": "7.23320", "2007-12-31": "6.40140", "2007-09-30": "4.27160", "2007-06-30": "4.42170", "2007-03-31": "7.71000", "2006-12-31": "4.78490", "2006-09-30": "3.91790", "2006-06-30": "-0.59250", "2006-03-31": "5.79400", "2005-12-31": "6.52780", "2005-09-30": "3.90190", "2005-06-30": "4.52760", "2005-03-31": "5.35650"}, "Net Profit Margin": {"2020-12-31": "25.60630", "2020-09-30": "-5.35790", "2020-06-30": "-4.55350", "2020-03-31": "-72.58570", "2019-12-31": "1.63310", "2019-09-30": "-43.68170", "2019-06-30": "3.33330", "2019-03-31": "5.18940", "2018-12-31": "8.92240", "2018-09-30": "5.22640", "2018-06-30": "4.90340", "2018-03-31": "10.02870", "2017-12-31": "14.21250", "2017-09-30": "4.69470", "2017-06-30": "3.03670", "2017-03-31": "-7.83480", "2016-12-31": "1.61710", "2016-09-30": "0.80170", "2016-06-30": "-1.08810", "2016-03-31": "-6.97290", "2015-12-31": "2.85710", "2015-09-30": "9.79940", "2015-06-30": "9.03550", "2015-03-31": "0.47120", "2014-12-31": "-16.11080", "2014-09-30": "4.90260", "2014-06-30": "4.51030", "2014-03-31": "8.11050", "2013-12-31": "8.39530", "2013-09-30": "7.27960", "2013-06-30": "5.34730", "2013-03-31": "2.28700", "2012-12-31": "14.42310", "2012-09-30": "3.68480", "2012-06-30": "1.10100", "2012-03-31": "116.10310", "2011-12-31": "-37.70000", "2011-09-30": "-72.54160", "2011-06-30": "4.53760", "2011-03-31": "4.56970", "2010-12-31": "6.05760", "2010-09-30": "4.67600", "2010-06-30": "3.65730", "2010-03-31": "6.42840", "2009-12-31": "5.33770", "2009-09-30": "5.34520", "2009-06-30": "3.36070", "2009-03-31": "10.01580", "2008-12-31": "4.07390", "2008-09-30": "10.66290", "2008-06-30": "2.72710", "2008-03-31": "4.06030", "2007-12-31": "4.30290", "2007-09-30": "1.88690", "2007-06-30": "2.81660", "2007-03-31": "6.28570", "2006-12-31": "3.11760", "2006-09-30": "2.47980", "2006-06-30": "-1.68210", "2006-03-31": "1.79160", "2005-12-31": "5.52980", "2005-09-30": "2.68990", "2005-06-30": "3.67340", "2005-03-31": "9.22330"}, "Asset Turnover": {"2020-12-31": "0.18140", "2020-09-30": "0.17740", "2020-06-30": "0.16140", "2020-03-31": "0.18510", "2019-12-31": "0.16960", "2019-09-30": "0.16440", "2019-06-30": "0.15010", "2019-03-31": "0.17850", "2018-12-31": "0.17930", "2018-09-30": "0.17360", "2018-06-30": "0.18140", "2018-03-31": "0.16460", "2017-12-31": "0.16260", "2017-09-30": "0.16440", "2017-06-30": "0.16770", "2017-03-31": "0.21810", "2016-12-31": "0.23090", "2016-09-30": "0.21220", "2016-06-30": "0.21790", "2016-03-31": "0.23360", "2015-12-31": "0.21910", "2015-09-30": "0.17430", "2015-06-30": "0.17830", "2015-03-31": "0.18690", "2014-12-31": "0.18300", "2014-09-30": "0.29130", "2014-06-30": "0.28350", "2014-03-31": "0.29230", "2013-12-31": "0.28750", "2013-09-30": "0.29580", "2013-06-30": "0.29950", "2013-03-31": "0.31090", "2012-12-31": "0.31400", "2012-09-30": "0.30290", "2012-06-30": "0.33250", "2012-03-31": "0.26700", "2011-12-31": "0.33220", "2011-09-30": "0.29770", "2011-06-30": "0.24550", "2011-03-31": "0.23210", "2010-12-31": "0.25360", "2010-09-30": "0.23300", "2010-06-30": "0.24370", "2010-03-31": "0.24480", "2009-12-31": "0.24410", "2009-09-30": "0.25040", "2009-06-30": "0.24650", "2009-03-31": "0.24350", "2008-12-31": "0.25570", "2008-09-30": "0.27930", "2008-06-30": "0.28080", "2008-03-31": "0.28240", "2007-12-31": "0.27080", "2007-09-30": "0.26570", "2007-06-30": "0.25990", "2007-03-31": "0.29430", "2006-12-31": "0.27750", "2006-09-30": "0.28200", "2006-06-30": "0.27310", "2006-03-31": "0.30050", "2005-12-31": "0.28340", "2005-09-30": "0.29280", "2005-06-30": "0.29370", "2005-03-31": "0.30870"}, "Inventory Turnover Ratio": {"2020-12-31": "", "2020-09-30": "", "2020-06-30": "", "2020-03-31": "", "2019-12-31": "", "2019-09-30": "", "2019-06-30": "", "2019-03-31": "", "2018-12-31": "", "2018-09-30": "", "2018-06-30": "", "2018-03-31": "", "2017-12-31": "", "2017-09-30": "", "2017-06-30": "", "2017-03-31": "", "2016-12-31": "", "2016-09-30": "", "2016-06-30": "", "2016-03-31": "", "2015-12-31": "", "2015-09-30": "", "2015-06-30": "", "2015-03-31": "", "2014-12-31": "", "2014-09-30": "", "2014-06-30": "", "2014-03-31": "", "2013-12-31": "", "2013-09-30": "", "2013-06-30": "", "2013-03-31": "", "2012-12-31": "", "2012-09-30": "", "2012-06-30": "", "2012-03-31": "", "2011-12-31": "", "2011-09-30": "", "2011-06-30": "", "2011-03-31": "", "2010-12-31": "", "2010-09-30": "", "2010-06-30": "", "2010-03-31": "", "2009-12-31": "", "2009-09-30": "", "2009-06-30": "", "2009-03-31": "", "2008-12-31": "", "2008-09-30": "", "2008-06-30": "", "2008-03-31": "", "2007-12-31": "", "2007-09-30": "", "2007-06-30": "", "2007-03-31": "", "2006-12-31": "", "2006-09-30": "", "2006-06-30": "", "2006-03-31": "", "2005-12-31": "", "2005-09-30": "", "2005-06-30": "", "2005-03-31": ""}, "Receiveable Turnover": {"2020-12-31": "1.03830", "2020-09-30": "1.08580", "2020-06-30": "1.05410", "2020-03-31": "1.09630", "2019-12-31": "1.08700", "2019-09-30": "1.05200", "2019-06-30": "0.93430", "2019-03-31": "1.01910", "2018-12-31": "1.01610", "2018-09-30": "1.01720", "2018-06-30": "1.00210", "2018-03-31": "1.01880", "2017-12-31": "0.97310", "2017-09-30": "0.96070", "2017-06-30": "0.90650", "2017-03-31": "1.14970", "2016-12-31": "1.17820", "2016-09-30": "0.98840", "2016-06-30": "0.97330", "2016-03-31": "0.98690", "2015-12-31": "1.04790", "2015-09-30": "0.82040", "2015-06-30": "0.84970", "2015-03-31": "1.13560", "2014-12-31": "0.80040", "2014-09-30": "1.15620", "2014-06-30": "1.17670", "2014-03-31": "1.20660", "2013-12-31": "1.18030", "2013-09-30": "1.12890", "2013-06-30": "1.12990", "2013-03-31": "1.09350", "2012-12-31": "1.20310", "2012-09-30": "1.13730", "2012-06-30": "1.11720", "2012-03-31": "0.91710", "2011-12-31": "1.11860", "2011-09-30": "1.00030", "2011-06-30": "0.99530", "2011-03-31": "1.00620", "2010-12-31": "1.05020", "2010-09-30": "0.99470", "2010-06-30": "1.02060", "2010-03-31": "1.04680", "2009-12-31": "1.00460", "2009-09-30": "1.04960", "2009-06-30": "0.98040", "2009-03-31": "1.00480", "2008-12-31": "0.97310", "2008-09-30": "0.99890", "2008-06-30": "0.99910", "2008-03-31": "0.98250", "2007-12-31": "0.90270", "2007-09-30": "0.89240", "2007-06-30": "0.87350", "2007-03-31": "0.96580", "2006-12-31": "0.91920", "2006-09-30": "0.92000", "2006-06-30": "0.88740", "2006-03-31": "1.04830", "2005-12-31": "0.96290", "2005-09-30": "0.95930", "2005-06-30": "0.96230", "2005-03-31": "1.10240"}, "Days Sales In Receivables": {"2020-12-31": "86.68380", "2020-09-30": "82.88540", "2020-06-30": "85.38210", "2020-03-31": "82.09350", "2019-12-31": "82.79430", "2019-09-30": "85.54730", "2019-06-30": "96.33130", "2019-03-31": "88.31250", "2018-12-31": "88.57470", "2018-09-30": "88.47400", "2018-06-30": "89.81260", "2018-03-31": "88.33990", "2017-12-31": "92.48900", "2017-09-30": "93.68050", "2017-06-30": "99.28190", "2017-03-31": "78.27950", "2016-12-31": "76.38500", "2016-09-30": "91.05830", "2016-06-30": "92.47150", "2016-03-31": "91.19540", "2015-12-31": "85.88570", "2015-09-30": "109.70200", "2015-06-30": "105.91460", "2015-03-31": "79.25660", "2014-12-31": "112.44230", "2014-09-30": "77.84420", "2014-06-30": "76.48750", "2014-03-31": "74.59000", "2013-12-31": "76.25470", "2013-09-30": "79.72070", "2013-06-30": "79.65580", "2013-03-31": "82.30700", "2012-12-31": "74.80490", "2012-09-30": "79.13270", "2012-06-30": "80.56150", "2012-03-31": "98.13530", "2011-12-31": "80.45570", "2011-09-30": "89.97730", "2011-06-30": "90.42400", "2011-03-31": "89.44680", "2010-12-31": "85.69710", "2010-09-30": "90.48030", "2010-06-30": "88.18160", "2010-03-31": "85.97920", "2009-12-31": "89.59020", "2009-09-30": "85.74610", "2009-06-30": "91.80090", "2009-03-31": "89.57410", "2008-12-31": "92.48910", "2008-09-30": "90.09770", "2008-06-30": "90.08520", "2008-03-31": "91.60140", "2007-12-31": "99.70100", "2007-09-30": "100.85230", "2007-06-30": "103.03840", "2007-03-31": "93.18910", "2006-12-31": "97.91330", "2006-09-30": "97.82520", "2006-06-30": "101.41840", "2006-03-31": "85.85740", "2005-12-31": "93.46970", "2005-09-30": "93.81650", "2005-06-30": "93.52720", "2005-03-31": "81.64130"}, "ROE - Return On Equity": {"2020-12-31": "18.39870", "2020-09-30": "-5.17790", "2020-06-30": "-4.02670", "2020-03-31": "-68.25890", "2019-12-31": "0.98890", "2019-09-30": "-23.84440", "2019-06-30": "1.49770", "2019-03-31": "2.31130", "2018-12-31": "4.10360", "2018-09-30": "2.18810", "2018-06-30": "1.95530", "2018-03-31": "3.80860", "2017-12-31": "5.34770", "2017-09-30": "1.63910", "2017-06-30": "0.87480", "2017-03-31": "-6.37120", "2016-12-31": "1.68640", "2016-09-30": "0.90320", "2016-06-30": "-0.89730", "2016-03-31": "-4.97050", "2015-12-31": "0.98970", "2015-09-30": "3.05320", "2015-06-30": "2.15660", "2015-03-31": "-4.41820", "2014-12-31": "-5.78240", "2014-09-30": "4.75930", "2014-06-30": "3.93760", "2014-03-31": "6.99800", "2013-12-31": "7.54360", "2013-09-30": "4.89720", "2013-06-30": "5.17350", "2013-03-31": "1.58230", "2012-12-31": "3.43680", "2012-09-30": "4.02080", "2012-06-30": "0.62320", "2012-03-31": "117.74880", "2011-12-31": "-43.77700", "2011-09-30": "-60.51520", "2011-06-30": "2.39350", "2011-03-31": "1.49470", "2010-12-31": "3.37860", "2010-09-30": "2.47370", "2010-06-30": "2.21310", "2010-03-31": "3.99510", "2009-12-31": "3.23350", "2009-09-30": "3.46400", "2009-06-30": "2.18640", "2009-03-31": "6.78180", "2008-12-31": "2.87210", "2008-09-30": "7.89350", "2008-06-30": "2.24860", "2008-03-31": "3.59040", "2007-12-31": "3.22450", "2007-09-30": "1.33880", "2007-06-30": "1.92950", "2007-03-31": "4.58840", "2006-12-31": "1.80810", "2006-09-30": "1.47800", "2006-06-30": "-0.94370", "2006-03-31": "1.20050", "2005-12-31": "2.44920", "2005-09-30": "1.52970", "2005-06-30": "1.75460", "2005-03-31": "1.76300"}, "Return On Tangible Equity": {"2020-12-31": "88.95160", "2020-09-30": "205.00000", "2020-06-30": "7.49530", "2020-03-31": "133.67700", "2019-12-31": "-2.95860", "2019-09-30": "65.94950", "2019-06-30": "-4.14100", "2019-03-31": "-14.89010", "2018-12-31": "-15.49720", "2018-09-30": "-11.86980", "2018-06-30": "-9.10880", "2018-03-31": "-333.54430", "2017-12-31": "-17.45370", "2017-09-30": "-4.40390", "2017-06-30": "-3.29370", "2017-03-31": "9.30550", "2016-12-31": "-2.70070", "2016-09-30": "-1.50000", "2016-06-30": "2.58730", "2016-03-31": "17.62650", "2015-12-31": "16.54140", "2015-09-30": "101.08700", "2015-06-30": "24.62120", "2015-03-31": "-12.09600", "2014-12-31": "-33.44830", "2014-09-30": "20.09080", "2014-06-30": "13.75430", "2014-03-31": "23.00000", "2013-12-31": "28.87980", "2013-09-30": "21.34390", "2013-06-30": "28.24560", "2013-03-31": "9.46970", "2012-12-31": "17.98110", "2012-09-30": "-207.14290", "2012-06-30": "-9.49720", "2012-03-31": "-2586.82200", "2011-12-31": "-546.53850", "2011-09-30": "-174.54320", "2011-06-30": "7.57640", "2011-03-31": "4.88540", "2010-12-31": "11.48240", "2010-09-30": "9.02960", "2010-06-30": "8.79850", "2010-03-31": "17.46140", "2009-12-31": "13.17880", "2009-09-30": "16.93490", "2009-06-30": "12.80080", "2009-03-31": "56.52820", "2008-12-31": "26.52560", "2008-09-30": "80.53330", "2008-06-30": "68.18190", "2008-03-31": "580.18090", "2007-12-31": "46.45730", "2007-09-30": "16.22090", "2007-06-30": "6.89810", "2007-03-31": "16.97950", "2006-12-31": "4.99360", "2006-09-30": "4.13820", "2006-06-30": "-2.45930", "2006-03-31": "3.03830", "2005-12-31": "6.14210", "2005-09-30": "4.12590", "2005-06-30": "5.05600", "2005-03-31": "4.75020"}, "ROA - Return On Assets": {"2020-12-31": "4.66700", "2020-09-30": "-0.95830", "2020-06-30": "-0.71340", "2020-03-31": "-13.46230", "2019-12-31": "0.30410", "2019-09-30": "-7.16560", "2019-06-30": "0.51570", "2019-03-31": "0.91630", "2018-12-31": "1.61410", "2018-09-30": "0.89680", "2018-06-30": "0.79310", "2018-03-31": "1.55360", "2017-12-31": "2.10230", "2017-09-30": "0.61790", "2017-06-30": "0.34600", "2017-03-31": "-1.59300", "2016-12-31": "0.44570", "2016-09-30": "0.23810", "2016-06-30": "-0.22580", "2016-03-31": "-1.30560", "2015-12-31": "0.27540", "2015-09-30": "0.92880", "2015-06-30": "0.64250", "2015-03-31": "-1.28170", "2014-12-31": "-1.82110", "2014-09-30": "1.67410", "2014-06-30": "1.39230", "2014-03-31": "2.42340", "2013-12-31": "2.50310", "2013-09-30": "1.50380", "2013-06-30": "1.48170", "2013-03-31": "0.44440", "2012-12-31": "1.01240", "2012-09-30": "0.99580", "2012-06-30": "0.15560", "2012-03-31": "29.82390", "2011-12-31": "-12.80410", "2011-09-30": "-21.51490", "2011-06-30": "1.13210", "2011-03-31": "0.70100", "2010-12-31": "1.54860", "2010-09-30": "1.03040", "2010-06-30": "0.90360", "2010-03-31": "1.58010", "2009-12-31": "1.33370", "2009-09-30": "1.36950", "2009-06-30": "0.84120", "2009-03-31": "2.43930", "2008-12-31": "1.05480", "2008-09-30": "2.98460", "2008-06-30": "0.79740", "2008-03-31": "1.23490", "2007-12-31": "1.16530", "2007-09-30": "0.50140", "2007-06-30": "0.73190", "2007-03-31": "1.85000", "2006-12-31": "0.86500", "2006-09-30": "0.69940", "2006-06-30": "-0.45930", "2006-03-31": "0.59980", "2005-12-31": "1.26270", "2005-09-30": "0.78760", "2005-06-30": "0.89120", "2005-03-31": "0.90630"}, "ROI - Return On Investment": {"2020-12-31": "9.64250", "2020-09-30": "-1.92230", "2020-06-30": "-1.30270", "2020-03-31": "-25.36770", "2019-12-31": "0.54820", "2019-09-30": "-12.76560", "2019-06-30": "0.87910", "2019-03-31": "1.57600", "2018-12-31": "2.68800", "2018-09-30": "1.50180", "2018-06-30": "1.39480", "2018-03-31": "2.64440", "2017-12-31": "3.60770", "2017-09-30": "1.08860", "2017-06-30": "0.58080", "2017-03-31": "-3.14280", "2016-12-31": "0.83880", "2016-09-30": "0.43470", "2016-06-30": "-0.41910", "2016-03-31": "-2.54660", "2015-12-31": "0.53240", "2015-09-30": "1.95300", "2015-06-30": "1.37680", "2015-03-31": "-2.84780", "2014-12-31": "-3.51130", "2014-09-30": "2.98330", "2014-06-30": "2.55130", "2014-03-31": "4.48710", "2013-12-31": "4.75550", "2013-09-30": "2.81450", "2013-06-30": "2.88890", "2013-03-31": "0.88370", "2012-12-31": "1.99480", "2012-09-30": "2.19530", "2012-06-30": "0.40580", "2012-03-31": "77.24540", "2011-12-31": "-24.86000", "2011-09-30": "-39.72830", "2011-06-30": "1.82550", "2011-03-31": "1.13350", "2010-12-31": "2.55100", "2010-09-30": "1.60090", "2010-06-30": "1.40950", "2010-03-31": "2.55480", "2009-12-31": "1.98970", "2009-09-30": "2.09380", "2009-06-30": "1.29640", "2009-03-31": "3.89130", "2008-12-31": "1.65770", "2008-09-30": "5.39030", "2008-06-30": "1.52370", "2008-03-31": "2.42190", "2007-12-31": "2.21910", "2007-09-30": "0.92740", "2007-06-30": "1.33470", "2007-03-31": "3.65640", "2006-12-31": "1.47420", "2006-09-30": "1.19640", "2006-06-30": "-0.77340", "2006-03-31": "0.99080", "2005-12-31": "2.03580", "2005-09-30": "1.26720", "2005-06-30": "1.45000", "2005-03-31": "1.46840"}, "Book Value Per Share": {"2020-12-31": "23.56620", "2020-09-30": "18.69050", "2020-06-30": "19.44970", "2020-03-31": "20.23080", "2019-12-31": "35.90520", "2019-09-30": "34.70160", "2019-06-30": "42.85980", "2019-03-31": "43.68070", "2018-12-31": "42.07840", "2018-09-30": "42.08290", "2018-06-30": "41.92420", "2018-03-31": "48.48690", "2017-12-31": "46.23310", "2017-09-30": "43.85650", "2017-06-30": "43.36780", "2017-03-31": "15.32920", "2016-12-31": "15.56190", "2016-09-30": "16.51630", "2016-06-30": "15.88550", "2016-03-31": "13.66080", "2015-12-31": "16.01390", "2015-09-30": "21.99710", "2015-06-30": "21.83220", "2015-03-31": "21.36580", "2014-12-31": "23.79570", "2014-09-30": "26.47840", "2014-06-30": "27.76940", "2014-03-31": "27.09330", "2013-12-31": "25.53190", "2013-09-30": "22.40720", "2013-06-30": "21.03210", "2013-03-31": "21.04350", "2012-12-31": "21.60190", "2012-09-30": "18.56940", "2012-06-30": "17.56250", "2012-03-31": "18.26020", "2011-12-31": "20.93360", "2011-09-30": "30.54280", "2011-06-30": "50.13610", "2011-03-31": "48.93840", "2010-12-31": "46.69780", "2010-09-30": "45.54870", "2010-06-30": "42.44350", "2010-03-31": "42.27370", "2009-12-31": "43.52130", "2009-09-30": "41.88720", "2009-06-30": "40.12820", "2009-03-31": "37.08300", "2008-12-31": "37.46110", "2008-09-30": "35.94700", "2008-06-30": "37.03540", "2008-03-31": "36.14290", "2007-12-31": "33.92370", "2007-09-30": "33.42500", "2007-06-30": "32.11140", "2007-03-31": "31.96440", "2006-12-31": "36.34140", "2006-09-30": "35.21420", "2006-06-30": "35.50710", "2006-03-31": "34.74180", "2005-12-31": "34.95080", "2005-09-30": "33.96210", "2005-06-30": "33.53250", "2005-03-31": "33.96690"}, "Operating Cash Flow Per Share": {"2020-12-31": -0.7459, "2020-09-30": 1.8564, "2020-06-30": "0.46920", "2020-03-31": 1.0353, "2019-12-31": 1.9265, "2019-09-30": 6.372, "2019-06-30": "-0.24540", "2019-03-31": 2.6257, "2018-12-31": 0.739, "2018-09-30": 1.6953, "2018-06-30": "1.27550", "2018-03-31": 1.9223, "2017-12-31": 1.7168, "2017-09-30": 3.4268, "2017-06-30": "1.79290", "2017-03-31": -1.1499, "2016-12-31": 3.8759, "2016-09-30": 1.3233, "2016-06-30": "0.35980", "2016-03-31": 0.5683, "2015-12-31": 1.8049, "2015-09-30": 0.876, "2015-06-30": "2.56030", "2015-03-31": 2.3373, "2014-12-31": 4.7618, "2014-09-30": 1.524, "2014-06-30": "1.84150", "2014-03-31": 3.7906, "2013-12-31": 3.5763, "2013-09-30": 1.8001, "2013-06-30": "1.39910", "2013-03-31": 0.287, "2012-12-31": 2.6369, "2012-09-30": 2.8497, "2012-06-30": "1.41990", "2012-03-31": 3.2011, "2011-12-31": 4.6434, "2011-09-30": 0.0369, "2011-06-30": "-0.29490", "2011-03-31": 4.8566, "2010-12-31": 2.9347, "2010-09-30": 2.5789, "2010-06-30": "-0.38330", "2010-03-31": 7.9984, "2009-12-31": 0.8342, "2009-09-30": 3.728, "2009-06-30": "-1.94370", "2009-03-31": 6.9022, "2008-12-31": 3.8511, "2008-09-30": 2.6254, "2008-06-30": "-0.36550", "2008-03-31": 4.9563, "2007-12-31": 3.4597, "2007-09-30": 1.7625, "2007-06-30": "-2.28630", "2007-03-31": 5.7263, "2006-12-31": 2.6687, "2006-09-30": 1.5206, "2006-06-30": "-1.13260", "2006-03-31": 3.9677, "2005-12-31": 2.9968, "2005-09-30": 1.237, "2005-06-30": "0.05080", "2005-03-31": 10.1154}, "Free Cash Flow Per Share": {"2020-12-31": -1.3144, "2020-09-30": 1.4128, "2020-06-30": "-0.07100", "2020-03-31": 0.4729, "2019-12-31": 1.5834, "2019-09-30": 5.8439, "2019-06-30": "-0.79190", "2019-03-31": 2.338, "2018-12-31": 1.0158, "2018-09-30": 1.3688, "2018-06-30": "0.89870", "2018-03-31": 1.6668, "2017-12-31": 1.3245, "2017-09-30": 3.1431, "2017-06-30": "1.42330", "2017-03-31": -1.4423, "2016-12-31": 3.2993, "2016-09-30": 0.4893, "2016-06-30": "-0.28060", "2016-03-31": -0.3233, "2015-12-31": 0.9165, "2015-09-30": -0.2338, "2015-06-30": "1.98030", "2015-03-31": 1.6573, "2014-12-31": 4.0366, "2014-09-30": 0.6182, "2014-06-30": "1.13320", "2014-03-31": 2.6161, "2013-12-31": 2.6399, "2013-09-30": 0.9512, "2013-06-30": "0.47950", "2013-03-31": -0.3267, "2012-12-31": 1.8274, "2012-09-30": 1.9773, "2012-06-30": "0.34050", "2012-03-31": 2.0387, "2011-12-31": 3.6247, "2011-09-30": -1.1024, "2011-06-30": "-2.03860", "2011-03-31": 4.3301, "2010-12-31": 1.6179, "2010-09-30": 1.2238, "2010-06-30": "-1.79520", "2010-03-31": 7.1689, "2009-12-31": -0.862, "2009-09-30": 2.8469, "2009-06-30": "-2.85990", "2009-03-31": 6.2759, "2008-12-31": 2.3447, "2008-09-30": 1.1677, "2008-06-30": "-1.91880", "2008-03-31": 3.3491, "2007-12-31": 1.8214, "2007-09-30": 0.1025, "2007-06-30": "-3.54530", "2007-03-31": 4.8344, "2006-12-31": 1.3724, "2006-09-30": 0.2936, "2006-06-30": "-2.39150", "2006-03-31": 2.7527, "2005-12-31": 1.921, "2005-09-30": -0.2011, "2005-06-30": "-1.42290", "2005-03-31": 4.5911}}, "revenue": {"DXC Technology Annual Revenue (Millions of US $)": {"2020": "$19,577", "2019": "$20,753", "2018": "$21,733", "2017": "$7,607", "2016": "$7,106", "2015": "$8,117", "2014": "$8,899", "2013": "$14,195", "2012": "$14,673", "2011": "$15,582", "2010": "$15,921", "2009": "$16,432", "2008": "$16,500", "2007": "$14,855", "2006": "$14,645", "2005": "$14,080"}, "DXC Technology Quarterly Revenue (Millions of US $)": {"2020-12-31": "$4,288", "2020-09-30": "$4,554", "2020-06-30": "$4,502", "2020-03-31": "$4,815", "2019-12-31": "$5,021", "2019-09-30": "$4,851", "2019-06-30": "$4,890", "2019-03-31": "$5,280", "2018-12-31": "$5,178", "2018-09-30": "$5,013", "2018-06-30": "$5,282", "2018-03-31": "$5,584", "2017-12-31": "$5,460", "2017-09-30": "$5,453", "2017-06-30": "$5,236", "2017-03-31": "$1,889", "2016-12-31": "$1,917", "2016-09-30": "$1,871", "2016-06-30": "$1,930", "2016-03-31": "$1,807", "2015-12-31": "$1,750", "2015-09-30": "$1,745", "2015-06-30": "$1,804", "2015-03-31": "$1,910", "2014-12-31": "$1,949", "2014-09-30": "$3,080", "2014-06-30": "$3,237", "2014-03-31": "$3,329", "2013-12-31": "$3,228", "2013-09-30": "$3,187", "2013-06-30": "$3,254", "2013-03-31": "$3,498", "2012-12-31": "$3,536", "2012-09-30": "$3,528", "2012-06-30": "$3,633", "2012-03-31": "$2,987", "2011-12-31": "$3,687", "2011-09-30": "$3,966", "2011-06-30": "$4,033", "2011-03-31": "$3,742", "2010-12-31": "$3,995", "2010-09-30": "$3,935", "2010-06-30": "$3,910", "2010-03-31": "$4,029", "2009-12-31": "$3,953", "2009-09-30": "$4,041", "2009-06-30": "$3,898", "2009-03-31": "$3,804", "2008-12-31": "$3,952", "2008-09-30": "$4,239", "2008-06-30": "$4,437", "2008-03-31": "$4,485", "2007-12-31": "$4,160", "2007-09-30": "$4,017", "2007-06-30": "$3,838", "2007-03-31": "$4,044", "2006-12-31": "$3,641", "2006-09-30": "$3,609", "2006-06-30": "$3,561", "2006-03-31": "$3,913", "2005-12-31": "$3,577", "2005-09-30": "$3,573", "2005-06-30": "$3,583", "2005-03-31": "$3,900"}}, "gross-profit": {"DXC Technology Annual Gross Profit (Millions of US $)": {"2020": "$4,676", "2019": "$5,807", "2018": "$5,416", "2017": "$2,058", "2016": "$1,921", "2015": "$1,958", "2014": "$2,867", "2013": "$2,902", "2012": "$1,803", "2011": "$3,004", "2010": "$3,303", "2009": "$3,432", "2008": "$3,350", "2007": "$3,041", "2006": "$2,920", "2005": "$2,760"}, "DXC Technology Quarterly Gross Profit (Millions of US $)": {"2020-12-31": "$955", "2020-09-30": "$991", "2020-06-30": "$873", "2020-03-31": "$1,042", "2019-12-31": "$1,194", "2019-09-30": "$1,172", "2019-06-30": "$1,268", "2019-03-31": "$1,444", "2018-12-31": "$1,453", "2018-09-30": "$1,495", "2018-06-30": "$1,415", "2018-03-31": "$1,497", "2017-12-31": "$1,409", "2017-09-30": "$1,583", "2017-06-30": "$927", "2017-03-31": "$471", "2016-12-31": "$570", "2016-09-30": "$508", "2016-06-30": "$509", "2016-03-31": "$347", "2015-12-31": "$534", "2015-09-30": "$508", "2015-06-30": "$532", "2015-03-31": "$292", "2014-12-31": "$377", "2014-09-30": "$873", "2014-06-30": "$873", "2014-03-31": "$1,072", "2013-12-31": "$967", "2013-09-30": "$870", "2013-06-30": "$817", "2013-03-31": "$662", "2012-12-31": "$769", "2012-09-30": "$815", "2012-06-30": "$656", "2012-03-31": "$1,459", "2011-12-31": "$-780", "2011-09-30": "$456", "2011-06-30": "$668", "2011-03-31": "$703", "2010-12-31": "$774", "2010-09-30": "$787", "2010-06-30": "$740", "2010-03-31": "$887", "2009-12-31": "$848", "2009-09-30": "$826", "2009-06-30": "$742", "2009-03-31": "$901", "2008-12-31": "$867", "2008-09-30": "$829", "2008-06-30": "$835", "2008-03-31": "$988", "2007-12-31": "$858", "2007-09-30": "$763", "2007-06-30": "$740", "2007-03-31": "$905", "2006-12-31": "$740", "2006-09-30": "$715", "2006-06-30": "$682", "2006-03-31": "$844", "2005-12-31": "$726", "2005-09-30": "$695", "2005-06-30": "$656", "2005-03-31": "$800"}}, "operating-income": {"DXC Technology Annual Operating Income (Millions of US $)": {"2020": "$684", "2019": "$1,880", "2018": "$1,731", "2017": "$129", "2016": "$109", "2015": "$-299", "2014": "$898", "2013": "$635", "2012": "$-481", "2011": "$987", "2010": "$1,227", "2009": "$1,182", "2008": "$1,176", "2007": "$1,050", "2006": "$965", "2005": "$852"}, "DXC Technology Quarterly Operating Income (Millions of US $)": {"2020-12-31": "$-37", "2020-09-30": "$-73", "2020-06-30": "$-158", "2020-03-31": "$-20", "2019-12-31": "$197", "2019-09-30": "$216", "2019-06-30": "$291", "2019-03-31": "$480", "2018-12-31": "$454", "2018-09-30": "$442", "2018-06-30": "$504", "2018-03-31": "$560", "2017-12-31": "$522", "2017-09-30": "$457", "2017-06-30": "$192", "2017-03-31": "$-33", "2016-12-31": "$76", "2016-09-30": "$48", "2016-06-30": "$38", "2016-03-31": "$-154", "2015-12-31": "$114", "2015-09-30": "$71", "2015-06-30": "$87", "2015-03-31": "$-158", "2014-12-31": "$-345", "2014-09-30": "$275", "2014-06-30": "$257", "2014-03-31": "$507", "2013-12-31": "$398", "2013-09-30": "$308", "2013-06-30": "$275", "2013-03-31": "$42", "2012-12-31": "$230", "2012-09-30": "$250", "2012-06-30": "$113", "2012-03-31": "$887", "2011-12-31": "$-1,353", "2011-09-30": "$-141", "2011-06-30": "$126", "2011-03-31": "$214", "2010-12-31": "$263", "2010-09-30": "$269", "2010-06-30": "$241", "2010-03-31": "$368", "2009-12-31": "$329", "2009-09-30": "$305", "2009-06-30": "$225", "2009-03-31": "$386", "2008-12-31": "$324", "2008-09-30": "$232", "2008-06-30": "$240", "2008-03-31": "$415", "2007-12-31": "$311", "2007-09-30": "$230", "2007-06-30": "$220", "2007-03-31": "$384", "2006-12-31": "$250", "2006-09-30": "$223", "2006-06-30": "$193", "2006-03-31": "$331", "2005-12-31": "$244", "2005-09-30": "$208", "2005-06-30": "$181", "2005-03-31": "$270"}}, "ebitda": {"DXC Technology Annual EBITDA (Millions of US $)": {"2020": "$9,434", "2019": "$3,893", "2018": "$3,741", "2017": "$804", "2016": "$876", "2015": "$678", "2014": "$1,916", "2013": "$1,705", "2012": "$890", "2011": "$2,127", "2010": "$2,383", "2009": "$2,452", "2008": "$2,462", "2007": "$2,212", "2006": "$2,152", "2005": "$1,998"}, "DXC Technology Quarterly EBITDA (Millions of US $)": {"2020-12-31": "$444", "2020-09-30": "$456", "2020-06-30": "$338", "2020-03-31": "$4,361", "2019-12-31": "$733", "2019-09-30": "$3,575", "2019-06-30": "$765", "2019-03-31": "$979", "2018-12-31": "$966", "2018-09-30": "$935", "2018-06-30": "$1,013", "2018-03-31": "$1,183", "2017-12-31": "$1,005", "2017-09-30": "$998", "2017-06-30": "$555", "2017-03-31": "$139", "2016-12-31": "$240", "2016-09-30": "$218", "2016-06-30": "$207", "2016-03-31": "$5", "2015-12-31": "$312", "2015-09-30": "$274", "2015-06-30": "$294", "2015-03-31": "$57", "2014-12-31": "$-107", "2014-09-30": "$527", "2014-06-30": "$529", "2014-03-31": "$772", "2013-12-31": "$649", "2013-09-30": "$555", "2013-06-30": "$530", "2013-03-31": "$311", "2012-12-31": "$498", "2012-09-30": "$521", "2012-06-30": "$375", "2012-03-31": "$-1,420", "2011-12-31": "$-971", "2011-09-30": "$2,863", "2011-06-30": "$418", "2011-03-31": "$497", "2010-12-31": "$549", "2010-09-30": "$563", "2010-06-30": "$518", "2010-03-31": "$646", "2009-12-31": "$630", "2009-09-30": "$599", "2009-06-30": "$508", "2009-03-31": "$669", "2008-12-31": "$630", "2008-09-30": "$572", "2008-06-30": "$581", "2008-03-31": "$736", "2007-12-31": "$671", "2007-09-30": "$539", "2007-06-30": "$516", "2007-03-31": "$638", "2006-12-31": "$560", "2006-09-30": "$530", "2006-06-30": "$484", "2006-03-31": "$615", "2005-12-31": "$509", "2005-09-30": "$551", "2005-06-30": "$477", "2005-03-31": "$566"}}, "net-income": {"DXC Technology Annual Net Income (Millions of US $)": {"2020": "$-5,369", "2019": "$1,257", "2018": "$1,751", "2017": "$-123", "2016": "$251", "2015": "$2", "2014": "$947", "2013": "$760", "2012": "$-616", "2011": "$740", "2010": "$817", "2009": "$1,115", "2008": "$545", "2007": "$397", "2006": "$496", "2005": "$758"}, "DXC Technology Quarterly Net Income (Millions of US $)": {"2020-12-31": "$1,098", "2020-09-30": "$-244", "2020-06-30": "$-205", "2020-03-31": "$-3,495", "2019-12-31": "$82", "2019-09-30": "$-2,119", "2019-06-30": "$163", "2019-03-31": "$274", "2018-12-31": "$462", "2018-09-30": "$262", "2018-06-30": "$259", "2018-03-31": "$560", "2017-12-31": "$776", "2017-09-30": "$256", "2017-06-30": "$159", "2017-03-31": "$-148", "2016-12-31": "$31", "2016-09-30": "$15", "2016-06-30": "$-21", "2016-03-31": "$-126", "2015-12-31": "$50", "2015-09-30": "$171", "2015-06-30": "$163", "2015-03-31": "$9", "2014-12-31": "$-314", "2014-09-30": "$151", "2014-06-30": "$146", "2014-03-31": "$270", "2013-12-31": "$271", "2013-09-30": "$232", "2013-06-30": "$174", "2013-03-31": "$80", "2012-12-31": "$510", "2012-09-30": "$130", "2012-06-30": "$40", "2012-03-31": "$3,468", "2011-12-31": "$-1,390", "2011-09-30": "$-2,877", "2011-06-30": "$183", "2011-03-31": "$171", "2010-12-31": "$242", "2010-09-30": "$184", "2010-06-30": "$143", "2010-03-31": "$259", "2009-12-31": "$211", "2009-09-30": "$216", "2009-06-30": "$131", "2009-03-31": "$381", "2008-12-31": "$161", "2008-09-30": "$452", "2008-06-30": "$121", "2008-03-31": "$182", "2007-12-31": "$179", "2007-09-30": "$76", "2007-06-30": "$108", "2007-03-31": "$254", "2006-12-31": "$114", "2006-09-30": "$90", "2006-06-30": "$-60", "2006-03-31": "$70", "2005-12-31": "$198", "2005-09-30": "$96", "2005-06-30": "$132", "2005-03-31": "$360"}}, "eps-earnings-per-share-diluted": {"DXC Technology Annual EPS": {"2020": "$-20.76", "2019": "$4.47", "2018": "$6.04", "2017": "$-0.88", "2016": "$1.78", "2015": "$0.01", "2014": "$6.28", "2013": "$4.92", "2012": "$-3.97", "2011": "$4.73", "2010": "$5.28", "2009": "$7.31", "2008": "$3.20", "2007": "$2.21", "2006": "$2.64", "2005": "$3.95"}, "DXC Technology Quarterly EPS": {"2020-12-31": "$4.29", "2020-09-30": "$-0.96", "2020-06-30": "$-0.81", "2020-03-31": "$-13.50", "2019-12-31": "$0.32", "2019-09-30": "$-8.19", "2019-06-30": "$0.61", "2019-03-31": "$0.99", "2018-12-31": "$1.66", "2018-09-30": "$0.92", "2018-06-30": "$0.90", "2018-03-31": "$1.93", "2017-12-31": "$2.68", "2017-09-30": "$0.88", "2017-06-30": "$0.55", "2017-03-31": "$-1.04", "2016-12-31": "$0.21", "2016-09-30": "$0.10", "2016-06-30": "$-0.15", "2016-03-31": "$-0.91", "2015-12-31": "$0.35", "2015-09-30": "$1.21", "2015-06-30": "$1.15", "2015-03-31": "$0.06", "2014-12-31": "$-2.23", "2014-09-30": "$1.04", "2014-06-30": "$0.98", "2014-03-31": "$1.81", "2013-12-31": "$1.81", "2013-09-30": "$1.54", "2013-06-30": "$1.14", "2013-03-31": "$0.56", "2012-12-31": "$3.27", "2012-09-30": "$0.83", "2012-06-30": "$0.26", "2012-03-31": "$22.38", "2011-12-31": "$-8.96", "2011-09-30": "$-18.56", "2011-06-30": "$1.17", "2011-03-31": "$1.10", "2010-12-31": "$1.54", "2010-09-30": "$1.18", "2010-06-30": "$0.91", "2010-03-31": "$1.67", "2009-12-31": "$1.36", "2009-09-30": "$1.40", "2009-06-30": "$0.85", "2009-03-31": "$2.51", "2008-12-31": "$1.06", "2008-09-30": "$2.95", "2008-06-30": "$0.79", "2008-03-31": "$1.11", "2007-12-31": "$1.05", "2007-09-30": "$0.43", "2007-06-30": "$0.61", "2007-03-31": "$1.37", "2006-12-31": "$0.65", "2006-09-30": "$0.51", "2006-06-30": "$-0.32", "2006-03-31": "$0.38", "2005-12-31": "$1.05", "2005-09-30": "$0.51", "2005-06-30": "$0.70", "2005-03-31": "$1.87"}}, "shares-outstanding": {"DXC Technology Annual Shares Outstanding (Millions of Shares)": {"2020": "259", "2019": "281", "2018": "290", "2017": "140", "2016": "141", "2015": "143", "2014": "151", "2013": "156", "2012": "155", "2011": "157", "2010": "155", "2009": "153", "2008": "170", "2007": "180", "2006": "188", "2005": "192"}, "DXC Technology Quarterly Shares Outstanding (Millions of Shares)": {"2020-12-31": "256", "2020-09-30": "254", "2020-06-30": "254", "2020-03-31": "259", "2019-12-31": "256", "2019-09-30": "259", "2019-06-30": "269", "2019-03-31": "281", "2018-12-31": "279", "2018-09-30": "286", "2018-06-30": "289", "2018-03-31": "290", "2017-12-31": "290", "2017-09-30": "289", "2017-06-30": "289", "2017-03-31": "140", "2016-12-31": "145", "2016-09-30": "144", "2016-06-30": "139", "2016-03-31": "138", "2015-12-31": "142", "2015-09-30": "141", "2015-06-30": "141", "2015-03-31": "141", "2014-12-31": "141", "2014-09-30": "146", "2014-06-30": "148", "2014-03-31": "149", "2013-12-31": "149", "2013-09-30": "151", "2013-06-30": "152", "2013-03-31": "156", "2012-12-31": "156", "2012-09-30": "156", "2012-06-30": "156", "2012-03-31": "155", "2011-12-31": "155", "2011-09-30": "155", "2011-06-30": "156", "2011-03-31": "157", "2010-12-31": "157", "2010-09-30": "156", "2010-06-30": "157", "2010-03-31": "155", "2009-12-31": "155", "2009-09-30": "154", "2009-06-30": "153", "2009-03-31": "153", "2008-12-31": "152", "2008-09-30": "153", "2008-06-30": "153", "2008-03-31": "170", "2007-12-31": "170", "2007-09-30": "175", "2007-06-30": "177", "2007-03-31": "180", "2006-12-31": "176", "2006-09-30": "175", "2006-06-30": "188", "2006-03-31": "188", "2005-12-31": "188", "2005-09-30": "187", "2005-06-30": "187", "2005-03-31": "192"}}, "total-assets": {"DXC Technology Annual Total Assets (Millions of US $)": {"2020": "$26,006", "2019": "$29,574", "2018": "$33,921", "2017": "$8,663", "2016": "$7,736", "2015": "$10,221", "2014": "$11,389", "2013": "$11,251", "2012": "$11,189", "2011": "$16,120", "2010": "$16,455", "2009": "$15,619", "2008": "$15,880", "2007": "$13,740", "2006": "$13,022", "2005": "$12,634"}, "DXC Technology Quarterly Total Assets (Millions of US $)": {"2020-12-31": "$23,634", "2020-09-30": "$25,670", "2020-06-30": "$27,894", "2020-03-31": "$26,006", "2019-12-31": "$29,599", "2019-09-30": "$29,516", "2019-06-30": "$32,577", "2019-03-31": "$29,574", "2018-12-31": "$28,871", "2018-09-30": "$28,882", "2018-06-30": "$29,126", "2018-03-31": "$33,921", "2017-12-31": "$33,582", "2017-09-30": "$33,176", "2017-06-30": "$31,216", "2017-03-31": "$8,663", "2016-12-31": "$8,302", "2016-09-30": "$8,819", "2016-06-30": "$8,857", "2016-03-31": "$7,736", "2015-12-31": "$7,989", "2015-09-30": "$10,013", "2015-06-30": "$10,116", "2015-03-31": "$10,221", "2014-12-31": "$10,653", "2014-09-30": "$10,573", "2014-06-30": "$11,420", "2014-03-31": "$11,389", "2013-12-31": "$11,226", "2013-09-30": "$10,773", "2013-06-30": "$10,866", "2013-03-31": "$11,251", "2012-12-31": "$11,260", "2012-09-30": "$11,649", "2012-06-30": "$10,926", "2012-03-31": "$11,189", "2011-12-31": "$11,098", "2011-09-30": "$13,321", "2011-06-30": "$16,429", "2011-03-31": "$16,120", "2010-12-31": "$15,756", "2010-09-30": "$16,887", "2010-06-30": "$16,047", "2010-03-31": "$16,455", "2009-12-31": "$16,196", "2009-09-30": "$16,137", "2009-06-30": "$15,811", "2009-03-31": "$15,619", "2008-12-31": "$15,453", "2008-09-30": "$15,178", "2008-06-30": "$15,802", "2008-03-31": "$15,880", "2007-12-31": "$15,362", "2007-09-30": "$15,119", "2007-06-30": "$14,769", "2007-03-31": "$13,740", "2006-12-31": "$13,121", "2006-09-30": "$12,797", "2006-06-30": "$13,041", "2006-03-31": "$13,022", "2005-12-31": "$12,624", "2005-09-30": "$12,202", "2005-06-30": "$12,197", "2005-03-31": "$12,634"}}, "cash-on-hand": {"DXC Technology Annual Cash on Hand (Millions of US $)": {"2020": "$3,679", "2019": "$2,899", "2018": "$2,593", "2017": "$1,263", "2016": "$1,178", "2015": "$2,076", "2014": "$2,443", "2013": "$2,054", "2012": "$1,093", "2011": "$1,837", "2010": "$2,784", "2009": "$2,297", "2008": "$699", "2007": "$1,050", "2006": "$1,291", "2005": "$1,010"}, "DXC Technology Quarterly Cash on Hand (Millions of US $)": {"2020-12-31": "$3,919", "2020-09-30": "$3,079", "2020-06-30": "$5,509", "2020-03-31": "$3,679", "2019-12-31": "$2,560", "2019-09-30": "$2,880", "2019-06-30": "$1,868", "2019-03-31": "$2,899", "2018-12-31": "$2,475", "2018-09-30": "$2,780", "2018-06-30": "$2,579", "2018-03-31": "$2,593", "2017-12-31": "$2,926", "2017-09-30": "$2,671", "2017-06-30": "$2,517", "2017-03-31": "$1,263", "2016-12-31": "$1,111", "2016-09-30": "$1,054", "2016-06-30": "$1,000", "2016-03-31": "$1,178", "2015-12-31": "$1,830", "2015-09-30": "$1,818", "2015-06-30": "$2,199", "2015-03-31": "$2,076", "2014-12-31": "$2,393", "2014-09-30": "$1,923", "2014-06-30": "$2,440", "2014-03-31": "$2,443", "2013-12-31": "$2,284", "2013-09-30": "$2,095", "2013-06-30": "$1,929", "2013-03-31": "$2,054", "2012-12-31": "$2,198", "2012-09-30": "$1,850", "2012-06-30": "$1,000", "2012-03-31": "$1,093", "2011-12-31": "$898", "2011-09-30": "$978", "2011-06-30": "$1,666", "2011-03-31": "$1,837", "2010-12-31": "$1,629", "2010-09-30": "$2,657", "2010-06-30": "$2,435", "2010-03-31": "$2,784", "2009-12-31": "$2,427", "2009-09-30": "$2,407", "2009-06-30": "$1,920", "2009-03-31": "$2,297", "2008-12-31": "$1,673", "2008-09-30": "$742", "2008-06-30": "$616", "2008-03-31": "$699", "2007-12-31": "$589", "2007-09-30": "$491", "2007-06-30": "$1,829", "2007-03-31": "$1,050", "2006-12-31": "$726", "2006-09-30": "$703", "2006-06-30": "$1,008", "2006-03-31": "$1,291", "2005-12-31": "$773", "2005-09-30": "$405", "2005-06-30": "$427", "2005-03-31": "$1,010"}}, "long-term-debt": {"DXC Technology Annual Long Term Debt (Millions of US $)": {"2020": "$8,672", "2019": "$5,470", "2018": "$6,092", "2017": "$2,225", "2016": "$1,934", "2015": "$1,635", "2014": "$2,207", "2013": "$2,498", "2012": "$1,486", "2011": "$2,409", "2010": "$3,669", "2009": "$4,173", "2008": "$2,635", "2007": "$1,412", "2006": "$1,377", "2005": "$1,303"}, "DXC Technology Quarterly Long Term Debt (Millions of US $)": {"2020-12-31": "$5,444", "2020-09-30": "$8,046", "2020-06-30": "$10,334", "2020-03-31": "$8,672", "2019-12-31": "$7,315", "2019-09-30": "$7,698", "2019-06-30": "$7,893", "2019-03-31": "$5,470", "2018-12-31": "$5,980", "2018-09-30": "$5,409", "2018-06-30": "$4,747", "2018-03-31": "$6,092", "2017-12-31": "$6,367", "2017-09-30": "$6,325", "2017-06-30": "$6,249", "2017-03-31": "$2,225", "2016-12-31": "$2,217", "2016-09-30": "$2,506", "2016-06-30": "$2,543", "2016-03-31": "$1,934", "2015-12-31": "$1,909", "2015-09-30": "$1,716", "2015-06-30": "$1,707", "2015-03-31": "$1,635", "2014-12-31": "$2,170", "2014-09-30": "$2,214", "2014-06-30": "$2,194", "2014-03-31": "$2,207", "2013-12-31": "$2,184", "2013-09-30": "$2,448", "2013-06-30": "$2,461", "2013-03-31": "$2,498", "2012-12-31": "$2,398", "2012-09-30": "$2,399", "2012-06-30": "$1,461", "2012-03-31": "$1,486", "2011-12-31": "$2,470", "2011-09-30": "$2,478", "2011-06-30": "$2,418", "2011-03-31": "$2,409", "2010-12-31": "$2,343", "2010-09-30": "$3,835", "2010-06-30": "$3,735", "2010-03-31": "$3,669", "2009-12-31": "$4,176", "2009-09-30": "$4,175", "2009-06-30": "$4,176", "2009-03-31": "$4,173", "2008-12-31": "$4,158", "2008-09-30": "$2,665", "2008-06-30": "$2,666", "2008-03-31": "$2,635", "2007-12-31": "$2,515", "2007-09-30": "$2,512", "2007-06-30": "$2,497", "2007-03-31": "$1,412", "2006-12-31": "$1,422", "2006-09-30": "$1,426", "2006-06-30": "$1,397", "2006-03-31": "$1,377", "2005-12-31": "$1,322", "2005-09-30": "$1,301", "2005-06-30": "$1,302", "2005-03-31": "$1,303"}}, "total-liabilities": {"DXC Technology Annual Total Liabilities (Millions of US $)": {"2020": "$20,877", "2019": "$17,849", "2018": "$20,084", "2017": "$6,497", "2016": "$5,704", "2015": "$7,256", "2014": "$7,445", "2013": "$8,091", "2012": "$8,355", "2011": "$8,560", "2010": "$9,947", "2009": "$10,001", "2008": "$10,418", "2007": "$8,200", "2006": "$6,516", "2005": "$6,139"}, "DXC Technology Quarterly Total Liabilities (Millions of US $)": {"2020-12-31": "$17,639", "2020-09-30": "$20,919", "2020-06-30": "$22,952", "2020-03-31": "$20,877", "2019-12-31": "$20,498", "2019-09-30": "$20,646", "2019-06-30": "$21,360", "2019-03-31": "$17,849", "2018-12-31": "$17,515", "2018-09-30": "$17,045", "2018-06-30": "$17,312", "2018-03-31": "$20,084", "2017-12-31": "$20,380", "2017-09-30": "$20,669", "2017-06-30": "$18,871", "2017-03-31": "$6,497", "2016-12-31": "$6,108", "2016-09-30": "$6,494", "2016-06-30": "$6,628", "2016-03-31": "$5,704", "2015-12-31": "$5,766", "2015-09-30": "$6,967", "2015-06-30": "$7,102", "2015-03-31": "$7,256", "2014-12-31": "$7,298", "2014-09-30": "$6,854", "2014-06-30": "$7,382", "2014-03-31": "$7,445", "2013-12-31": "$7,501", "2013-09-30": "$7,465", "2013-06-30": "$7,754", "2013-03-31": "$8,091", "2012-12-31": "$7,943", "2012-09-30": "$8,764", "2012-06-30": "$8,198", "2012-03-31": "$8,355", "2011-12-31": "$7,852", "2011-09-30": "$8,585", "2011-06-30": "$8,658", "2011-03-31": "$8,560", "2010-12-31": "$8,534", "2010-09-30": "$9,853", "2010-06-30": "$9,495", "2010-03-31": "$9,947", "2009-12-31": "$9,516", "2009-09-30": "$9,757", "2009-06-30": "$9,728", "2009-03-31": "$10,001", "2008-12-31": "$9,778", "2008-09-30": "$9,439", "2008-06-30": "$10,198", "2008-03-31": "$10,418", "2007-12-31": "$9,810", "2007-09-30": "$9,457", "2007-06-30": "$9,167", "2007-03-31": "$8,200", "2006-12-31": "$6,843", "2006-09-30": "$6,741", "2006-06-30": "$6,693", "2006-03-31": "$6,516", "2005-12-31": "$6,116", "2005-09-30": "$5,920", "2005-06-30": "$6,002", "2005-03-31": "$6,139"}}, "total-share-holder-equity": {"DXC Technology Annual Share Holder Equity (Millions of US $)": {"2020": "$5,129", "2019": "$11,725", "2018": "$13,837", "2017": "$2,166", "2016": "$2,032", "2015": "$2,965", "2014": "$3,944", "2013": "$3,160", "2012": "$2,834", "2011": "$7,560", "2010": "$6,508", "2009": "$5,618", "2008": "$5,462", "2007": "$5,540", "2006": "$6,505", "2005": "$6,495"}, "DXC Technology Quarterly Share Holder Equity (Millions of US $)": {"2020-12-31": "$5,995", "2020-09-30": "$4,751", "2020-06-30": "$4,942", "2020-03-31": "$5,129", "2019-12-31": "$9,101", "2019-09-30": "$8,870", "2019-06-30": "$11,217", "2019-03-31": "$11,725", "2018-12-31": "$11,356", "2018-09-30": "$11,837", "2018-06-30": "$11,814", "2018-03-31": "$13,837", "2017-12-31": "$13,202", "2017-09-30": "$12,507", "2017-06-30": "$12,345", "2017-03-31": "$2,166", "2016-12-31": "$2,194", "2016-09-30": "$2,325", "2016-06-30": "$2,229", "2016-03-31": "$2,032", "2015-12-31": "$2,223", "2015-09-30": "$3,046", "2015-06-30": "$3,014", "2015-03-31": "$2,965", "2014-12-31": "$3,355", "2014-09-30": "$3,719", "2014-06-30": "$4,038", "2014-03-31": "$3,944", "2013-12-31": "$3,725", "2013-09-30": "$3,308", "2013-06-30": "$3,112", "2013-03-31": "$3,160", "2012-12-31": "$3,317", "2012-09-30": "$2,885", "2012-06-30": "$2,728", "2012-03-31": "$2,834", "2011-12-31": "$3,246", "2011-09-30": "$4,736", "2011-06-30": "$7,771", "2011-03-31": "$7,560", "2010-12-31": "$7,222", "2010-09-30": "$7,034", "2010-06-30": "$6,552", "2010-03-31": "$6,508", "2009-12-31": "$6,680", "2009-09-30": "$6,380", "2009-06-30": "$6,083", "2009-03-31": "$5,618", "2008-12-31": "$5,675", "2008-09-30": "$5,739", "2008-06-30": "$5,604", "2008-03-31": "$5,462", "2007-12-31": "$5,551", "2007-09-30": "$5,662", "2007-06-30": "$5,603", "2007-03-31": "$5,540", "2006-12-31": "$6,277", "2006-09-30": "$6,055", "2006-06-30": "$6,348", "2006-03-31": "$6,505", "2005-12-31": "$6,508", "2005-09-30": "$6,282", "2005-06-30": "$6,195", "2005-03-31": "$6,495"}}, "profit-margins": {"current": "-15.67%"}, "gross margin": {"2020-12-31": "21.26%", "2020-09-30": "21.70%", "2020-06-30": "22.31%", "2020-03-31": "23.89%", "2019-12-31": "25.34%", "2019-09-30": "26.42%", "2019-06-30": "27.80%", "2019-03-31": "27.98%", "2018-12-31": "27.83%", "2018-09-30": "27.26%", "2018-06-30": "27.11%", "2018-03-31": "24.92%", "2017-12-31": "24.34%", "2017-09-30": "24.50%", "2017-06-30": "22.69%", "2017-03-31": "27.05%", "2016-12-31": "25.70%", "2016-09-30": "25.80%", "2016-06-30": "26.24%", "2016-03-31": "27.03%", "2015-12-31": "25.88%", "2015-09-30": "23.07%", "2015-06-30": "23.72%", "2015-03-31": "23.73%", "2014-12-31": "27.55%", "2014-09-30": "29.40%", "2014-06-30": "29.13%", "2014-03-31": "28.67%", "2013-12-31": "25.18%", "2013-09-30": "23.14%", "2013-06-30": "22.17%", "2013-03-31": "20.44%", "2012-12-31": "27.03%", "2012-09-30": "15.54%", "2012-06-30": "12.55%", "2012-03-31": "12.29%", "2011-12-31": "6.79%", "2011-09-30": "16.53%", "2011-06-30": "18.67%", "2011-03-31": "19.28%", "2010-12-31": "20.09%", "2010-09-30": "20.61%", "2010-06-30": "20.72%", "2010-03-31": "20.75%", "2009-12-31": "21.13%", "2009-09-30": "21.26%", "2009-06-30": "21.01%", "2009-03-31": "20.89%", "2008-12-31": "20.56%", "2008-09-30": "20.26%", "2008-06-30": "20.14%", "2008-03-31": "20.30%", "2007-12-31": "20.34%", "2007-09-30": "20.26%", "2007-06-30": "20.49%", "2007-03-31": "20.48%", "2006-12-31": "20.25%", "2006-09-30": "20.24%", "2006-06-30": "20.15%", "2006-03-31": "19.94%", "2005-12-31": "19.66%"}, "operating margin": {"2020-12-31": "-1.59%", "2020-09-30": "-0.29%", "2020-06-30": "1.22%", "2020-03-31": "3.49%", "2019-12-31": "5.91%", "2019-09-30": "7.13%", "2019-06-30": "8.19%", "2019-03-31": "9.06%", "2018-12-31": "9.31%", "2018-09-30": "9.50%", "2018-06-30": "9.38%", "2018-03-31": "7.96%", "2017-12-31": "6.31%", "2017-09-30": "4.77%", "2017-06-30": "2.59%", "2017-03-31": "1.70%", "2016-12-31": "0.11%", "2016-09-30": "0.63%", "2016-06-30": "0.95%", "2016-03-31": "1.66%", "2015-12-31": "1.58%", "2015-09-30": "-4.66%", "2015-06-30": "-1.61%", "2015-03-31": "0.28%", "2014-12-31": "5.99%", "2014-09-30": "11.16%", "2014-06-30": "11.32%", "2014-03-31": "11.45%", "2013-12-31": "7.77%", "2013-09-30": "6.35%", "2013-06-30": "5.77%", "2013-03-31": "4.47%", "2012-12-31": "10.82%", "2012-09-30": "-0.74%", "2012-06-30": "-3.46%", "2012-03-31": "-3.28%", "2011-12-31": "-7.48%", "2011-09-30": "2.94%", "2011-06-30": "5.55%", "2011-03-31": "6.33%", "2010-12-31": "7.19%", "2010-09-30": "7.63%", "2010-06-30": "7.80%", "2010-03-31": "7.71%", "2009-12-31": "7.93%", "2009-09-30": "7.90%", "2009-06-30": "7.34%", "2009-03-31": "7.19%", "2008-12-31": "7.08%", "2008-09-30": "6.92%", "2008-06-30": "6.99%", "2008-03-31": "7.13%", "2007-12-31": "7.13%", "2007-09-30": "6.98%", "2007-06-30": "7.12%", "2007-03-31": "7.07%", "2006-12-31": "6.77%", "2006-09-30": "6.76%", "2006-06-30": "6.67%", "2006-03-31": "6.58%", "2005-12-31": "6.17%"}, "ebitda margin": {"2020-12-31": "30.83%", "2020-09-30": "31.17%", "2020-06-30": "46.94%", "2020-03-31": "48.19%", "2019-12-31": "30.20%", "2019-09-30": "31.12%", "2019-06-30": "17.90%", "2019-03-31": "18.76%", "2018-12-31": "19.46%", "2018-09-30": "19.38%", "2018-06-30": "19.28%", "2018-03-31": "17.21%", "2017-12-31": "14.95%", "2017-09-30": "13.33%", "2017-06-30": "10.56%", "2017-03-31": "10.57%", "2016-12-31": "8.90%", "2016-09-30": "10.08%", "2016-06-30": "11.03%", "2016-03-31": "12.45%", "2015-12-31": "13.00%", "2015-09-30": "6.99%", "2015-06-30": "8.82%", "2015-03-31": "9.89%", "2014-12-31": "14.84%", "2014-09-30": "19.24%", "2014-06-30": "19.30%", "2014-03-31": "19.28%", "2013-12-31": "15.53%", "2013-09-30": "14.06%", "2013-06-30": "13.46%", "2013-03-31": "12.01%", "2012-12-31": "-0.19%", "2012-09-30": "-10.81%", "2012-06-30": "5.93%", "2012-03-31": "6.07%", "2011-12-31": "18.19%", "2011-09-30": "27.50%", "2011-06-30": "12.91%", "2011-03-31": "13.65%", "2010-12-31": "14.34%", "2010-09-30": "14.89%", "2010-06-30": "15.02%", "2010-03-31": "14.97%", "2009-12-31": "15.33%", "2009-09-30": "15.33%", "2009-06-30": "14.97%", "2009-03-31": "14.92%", "2008-12-31": "14.72%", "2008-09-30": "14.78%", "2008-06-30": "14.78%", "2008-03-31": "14.92%", "2007-12-31": "14.72%", "2007-09-30": "14.50%", "2007-06-30": "14.83%", "2007-03-31": "14.89%", "2006-12-31": "14.87%", "2006-09-30": "14.58%", "2006-06-30": "14.76%", "2006-03-31": "14.69%", "2005-12-31": "14.37%"}, "pre tax profit margin": {"2020-12-31": "-11.65%", "2020-09-30": "-20.99%", "2020-06-30": "-29.49%", "2020-03-31": "-26.70%", "2019-12-31": "-6.55%", "2019-09-30": "-4.80%", "2019-06-30": "6.68%", "2019-03-31": "7.30%", "2018-12-31": "8.31%", "2018-09-30": "7.60%", "2018-06-30": "7.22%", "2018-03-31": "6.00%", "2017-12-31": "2.93%", "2017-09-30": "1.64%", "2017-06-30": "-0.43%", "2017-03-31": "-2.29%", "2016-12-31": "-2.31%", "2016-09-30": "-1.98%", "2016-06-30": "-1.36%", "2016-03-31": "0.14%", "2015-12-31": "-3.20%", "2015-09-30": "-9.38%", "2015-06-30": "-5.68%", "2015-03-31": "-3.49%", "2014-12-31": "4.36%", "2014-09-30": "9.70%", "2014-06-30": "9.58%", "2014-03-31": "9.72%", "2013-12-31": "5.51%", "2013-09-30": "3.79%", "2013-06-30": "3.14%", "2013-03-31": "1.66%", "2012-12-31": "26.02%", "2012-09-30": "14.15%", "2012-06-30": "-7.41%", "2012-03-31": "-6.76%", "2011-12-31": "-26.06%", "2011-09-30": "-14.81%", "2011-06-30": "4.89%", "2011-03-31": "5.63%", "2010-12-31": "6.13%", "2010-09-30": "6.53%", "2010-06-30": "6.58%", "2010-03-31": "6.42%", "2009-12-31": "6.74%", "2009-09-30": "6.56%", "2009-06-30": "6.02%", "2009-03-31": "5.78%", "2008-12-31": "5.56%", "2008-09-30": "5.51%", "2008-06-30": "5.50%", "2008-03-31": "5.65%", "2007-12-31": "5.73%", "2007-09-30": "5.33%", "2007-06-30": "5.27%", "2007-03-31": "4.08%", "2006-12-31": "3.54%", "2006-09-30": "3.96%", "2006-06-30": "3.96%", "2006-03-31": "5.20%", "2005-12-31": "5.08%"}, "net profit margin": {"2020-12-31": "-15.67%", "2020-09-30": "-20.44%", "2020-06-30": "-29.90%", "2020-03-31": "-27.43%", "2019-12-31": "-7.98%", "2019-09-30": "-6.04%", "2019-06-30": "5.70%", "2019-03-31": "6.06%", "2018-12-31": "7.33%", "2018-09-30": "8.70%", "2018-06-30": "8.50%", "2018-03-31": "8.06%", "2017-12-31": "5.78%", "2017-09-30": "2.06%", "2017-06-30": "0.52%", "2017-03-31": "-1.62%", "2016-12-31": "-1.34%", "2016-09-30": "-1.11%", "2016-06-30": "1.02%", "2016-03-31": "3.63%", "2015-12-31": "5.45%", "2015-09-30": "0.39%", "2015-06-30": "0.10%", "2015-03-31": "-0.08%", "2014-12-31": "2.18%", "2014-09-30": "6.51%", "2014-06-30": "7.08%", "2014-03-31": "7.29%", "2013-12-31": "5.75%", "2013-09-30": "7.39%", "2013-06-30": "6.47%", "2013-03-31": "5.35%", "2012-12-31": "30.31%", "2012-09-30": "16.25%", "2012-06-30": "-5.32%", "2012-03-31": "-4.20%", "2011-12-31": "-25.36%", "2011-09-30": "-14.50%", "2011-06-30": "4.97%", "2011-03-31": "4.75%", "2010-12-31": "5.22%", "2010-09-30": "5.04%", "2010-06-30": "5.20%", "2010-03-31": "5.13%", "2009-12-31": "5.98%", "2009-09-30": "5.66%", "2009-06-30": "7.08%", "2009-03-31": "6.79%", "2008-12-31": "5.35%", "2008-09-30": "5.39%", "2008-06-30": "3.26%", "2008-03-31": "3.30%", "2007-12-31": "3.84%", "2007-09-30": "3.55%", "2007-06-30": "3.74%", "2007-03-31": "2.68%", "2006-12-31": "1.45%", "2006-09-30": "2.03%", "2006-06-30": "2.08%", "2006-03-31": "3.39%", "2005-12-31": "5.37%"}, "pe ratio": {"current": "9.14", "2021-02-11": "0.00", "2020-12-31": "0.00", "2020-09-30": "0.00", "2020-06-30": "0.00", "2020-03-31": "0.00", "2019-12-31": "0.00", "2019-09-30": "0.00", "2019-06-30": "12.79", "2019-03-31": "13.89", "2018-12-31": "9.50", "2018-09-30": "14.07", "2018-06-30": "12.17", "2018-03-31": "13.89"}, "price sales": {"2021-02-11": "0.36", "2020-12-31": "0.36", "2020-09-30": "0.24", "2020-06-30": "0.22", "2020-03-31": "0.17", "2019-12-31": "0.49", "2019-09-30": "0.39", "2019-06-30": "0.74", "2019-03-31": "0.85", "2018-12-31": "0.70", "2018-09-30": "1.22", "2018-06-30": "1.03", "2018-03-31": "1.12"}, "price book": {"current": "1.12", "2021-02-11": "1.09", "2020-12-31": "1.09", "2020-09-30": "0.96", "2020-06-30": "0.85", "2020-03-31": "0.65", "2019-12-31": "1.03", "2019-09-30": "0.83", "2019-06-30": "1.25", "2019-03-31": "1.43", "2018-12-31": "1.22", "2018-09-30": "2.15", "2018-06-30": "1.86", "2018-03-31": "1.73", "2017-12-31": "1.71", "2017-09-30": "1.63", "2017-06-30": "1.47"}, "price fcf": {"2021-02-11": "", "2020-12-31": "$0.50", "2020-09-30": "$3.40", "2020-06-30": "$7.83", "2020-03-31": "$7.11", "2019-12-31": "$8.97", "2019-09-30": "$8.41", "2019-06-30": "$3.93", "2019-03-31": "$5.62", "2018-12-31": "$4.95", "2018-09-30": "$5.26", "2018-06-30": "$7.03", "2018-03-31": "$7.56"}, "net worth": {"value": "$6.73B"}, "current ratio": {"current": "1.10", "2020-12-31": "1.10", "2020-09-30": "0.96", "2020-06-30": "1.29", "2020-03-31": "1.14", "2019-12-31": "0.93", "2019-09-30": "0.95", "2019-06-30": "0.88", "2019-03-31": "0.96", "2018-12-31": "1.00", "2018-09-30": "1.04", "2018-06-30": "0.95", "2018-03-31": "0.98", "2017-12-31": "0.99", "2017-09-30": "1.00", "2017-06-30": "1.18", "2017-03-31": "1.10", "2016-12-31": "1.15", "2016-09-30": "1.23", "2016-06-30": "1.23", "2016-03-31": "1.31", "2015-12-31": "1.49", "2015-09-30": "1.32", "2015-06-30": "1.36", "2015-03-31": "1.36", "2014-12-31": "1.63", "2014-09-30": "1.68", "2014-06-30": "1.66", "2014-03-31": "1.63", "2013-12-31": "1.60", "2013-09-30": "1.88", "2013-06-30": "1.74", "2013-03-31": "1.69", "2012-12-31": "1.71", "2012-09-30": "1.36", "2012-06-30": "1.09", "2012-03-31": "1.08", "2011-12-31": "1.38", "2011-09-30": "1.64", "2011-06-30": "1.84", "2011-03-31": "1.81", "2010-12-31": "1.78", "2010-09-30": "2.16", "2010-06-30": "2.16", "2010-03-31": "2.04", "2009-12-31": "2.33", "2009-09-30": "2.15", "2009-06-30": "2.03", "2009-03-31": "1.92", "2008-12-31": "1.85", "2008-09-30": "1.34", "2008-06-30": "1.24", "2008-03-31": "1.23", "2007-12-31": "1.39", "2007-09-30": "1.43", "2007-06-30": "1.73", "2007-03-31": "1.19", "2006-12-31": "1.34", "2006-09-30": "1.33", "2006-06-30": "1.38", "2006-03-31": "1.44", "2005-12-31": "1.50", "2005-09-30": "1.49", "2005-06-30": "1.41", "2005-03-31": "1.47"}, "quick ratio": {"2020-12-31": "0.00", "2020-09-30": "0.00", "2020-06-30": "0.00", "2020-03-31": "0.00", "2019-12-31": "0.00", "2019-09-30": "0.00", "2019-06-30": "0.00", "2019-03-31": "0.00", "2018-12-31": "0.00", "2018-09-30": "0.00", "2018-06-30": "0.00", "2018-03-31": "0.00", "2017-12-31": "0.00", "2017-09-30": "0.00", "2017-06-30": "0.00", "2017-03-31": "0.00", "2016-12-31": "0.00", "2016-09-30": "0.00", "2016-06-30": "0.00", "2016-03-31": "0.00", "2015-12-31": "0.00", "2015-09-30": "0.00", "2015-06-30": "0.00", "2015-03-31": "0.00", "2014-12-31": "0.00", "2014-09-30": "0.00", "2014-06-30": "0.00", "2014-03-31": "0.00", "2013-12-31": "0.00", "2013-09-30": "0.00", "2013-06-30": "0.00", "2013-03-31": "0.00", "2012-12-31": "0.00", "2012-09-30": "0.00", "2012-06-30": "0.00", "2012-03-31": "0.00", "2011-12-31": "0.00", "2011-09-30": "0.00", "2011-06-30": "0.00", "2011-03-31": "0.00", "2010-12-31": "0.00", "2010-09-30": "0.00", "2010-06-30": "0.00", "2010-03-31": "0.00", "2009-12-31": "0.00", "2009-09-30": "0.00", "2009-06-30": "0.00", "2009-03-31": "0.00", "2008-12-31": "0.00", "2008-09-30": "0.00", "2008-06-30": "0.00", "2008-03-31": "0.00", "2007-12-31": "0.00", "2007-09-30": "0.00", "2007-06-30": "0.00", "2007-03-31": "0.00", "2006-12-31": "0.00", "2006-09-30": "0.00", "2006-06-30": "0.00", "2006-03-31": "0.00", "2005-12-31": "0.00", "2005-09-30": "0.00", "2005-06-30": "0.00", "2005-03-31": "0.00"}, "debt equity ratio": {"current": "0.91", "2020-12-31": "2.94", "2020-09-30": "4.40", "2020-06-30": "4.64", "2020-03-31": "4.07", "2019-12-31": "2.25", "2019-09-30": "2.33", "2019-06-30": "1.90", "2019-03-31": "1.52", "2018-12-31": "1.54", "2018-09-30": "1.44", "2018-06-30": "1.47", "2018-03-31": "1.45", "2017-12-31": "1.54", "2017-09-30": "1.65", "2017-06-30": "1.53", "2017-03-31": "3.00", "2016-12-31": "2.78", "2016-09-30": "2.79", "2016-06-30": "2.97", "2016-03-31": "2.81", "2015-12-31": "2.59", "2015-09-30": "2.29", "2015-06-30": "2.36", "2015-03-31": "2.45", "2014-12-31": "2.18", "2014-09-30": "1.84", "2014-06-30": "1.83", "2014-03-31": "1.89", "2013-12-31": "2.01", "2013-09-30": "2.26", "2013-06-30": "2.49", "2013-03-31": "2.56", "2012-12-31": "2.40", "2012-09-30": "3.04", "2012-06-30": "3.01", "2012-03-31": "2.95", "2011-12-31": "2.42", "2011-09-30": "1.81", "2011-06-30": "1.11", "2011-03-31": "1.13", "2010-12-31": "1.18", "2010-09-30": "1.40", "2010-06-30": "1.45", "2010-03-31": "1.53", "2009-12-31": "1.43", "2009-09-30": "1.53", "2009-06-30": "1.60", "2009-03-31": "1.78", "2008-12-31": "1.72", "2008-09-30": "1.65", "2008-06-30": "1.82", "2008-03-31": "1.91", "2007-12-31": "1.77", "2007-09-30": "1.67", "2007-06-30": "1.64", "2007-03-31": "1.48", "2006-12-31": "1.09", "2006-09-30": "1.11", "2006-06-30": "1.05", "2006-03-31": "1.00", "2005-12-31": "0.94", "2005-09-30": "0.94", "2005-06-30": "0.97", "2005-03-31": "0.95"}, "return on equity": {"2020-12-31": "-54.69%", "2020-09-30": "-64.57%", "2020-06-30": "-81.83%", "2020-03-31": "-62.58%", "2019-12-31": "-15.64%", "2019-09-30": "-11.30%", "2019-06-30": "10.07%", "2019-03-31": "10.76%", "2018-12-31": "12.64%", "2018-09-30": "14.65%", "2018-06-30": "14.42%", "2018-03-31": "13.50%", "2017-12-31": "10.37%", "2017-09-30": "4.08%", "2017-06-30": "1.20%", "2017-03-31": "-5.52%", "2016-12-31": "-4.60%", "2016-09-30": "-3.72%", "2016-06-30": "3.11%", "2016-03-31": "10.00%", "2015-12-31": "13.98%", "2015-09-30": "0.94%", "2015-06-30": "0.28%", "2015-03-31": "-0.23%", "2014-12-31": "6.72%", "2014-09-30": "21.73%", "2014-06-30": "24.48%", "2014-03-31": "26.89%", "2013-12-31": "22.76%", "2013-09-30": "30.89%", "2013-06-30": "28.67%", "2013-03-31": "25.14%", "2012-12-31": "141.04%", "2012-09-30": "76.90%", "2012-06-30": "-22.42%", "2012-03-31": "-13.26%", "2011-12-31": "-67.14%", "2011-09-30": "-33.43%", "2011-06-30": "10.55%", "2011-03-31": "10.43%", "2010-12-31": "12.12%", "2010-09-30": "11.91%", "2010-06-30": "12.70%", "2010-03-31": "12.74%", "2009-12-31": "15.17%", "2009-09-30": "14.97%", "2009-06-30": "19.47%", "2009-03-31": "19.70%", "2008-12-31": "16.30%", "2008-09-30": "16.71%", "2008-06-30": "10.02%", "2008-03-31": "9.79%", "2007-12-31": "11.04%", "2007-09-30": "9.57%", "2007-06-30": "9.64%", "2007-03-31": "6.57%", "2006-12-31": "3.40%", "2006-09-30": "4.69%", "2006-06-30": "4.74%", "2006-03-31": "7.78%", "2005-12-31": "12.34%"}, "return on assets": {"2020-12-31": "-11.03%", "2020-09-30": "-14.15%", "2020-06-30": "-20.31%", "2020-03-31": "-18.25%", "2019-12-31": "-5.28%", "2019-09-30": "-4.05%", "2019-06-30": "3.87%", "2019-03-31": "4.32%", "2018-12-31": "5.11%", "2018-09-30": "5.92%", "2018-06-30": "5.70%", "2018-03-31": "5.31%", "2017-12-31": "3.91%", "2017-09-30": "1.47%", "2017-06-30": "0.40%", "2017-03-31": "-1.42%", "2016-12-31": "-1.20%", "2016-09-30": "-0.98%", "2016-06-30": "0.86%", "2016-03-31": "2.88%", "2015-12-31": "4.10%", "2015-09-30": "0.28%", "2015-06-30": "0.09%", "2015-03-31": "-0.07%", "2014-12-31": "2.30%", "2014-09-30": "7.51%", "2014-06-30": "8.20%", "2014-03-31": "8.56%", "2013-12-31": "6.86%", "2013-09-30": "9.02%", "2013-06-30": "7.94%", "2013-03-31": "6.74%", "2012-12-31": "36.85%", "2012-09-30": "20.04%", "2012-06-30": "-6.52%", "2012-03-31": "-4.74%", "2011-12-31": "-27.48%", "2011-09-30": "-14.81%", "2011-06-30": "4.79%", "2011-03-31": "4.57%", "2010-12-31": "5.08%", "2010-09-30": "4.86%", "2010-06-30": "5.11%", "2010-03-31": "5.06%", "2009-12-31": "5.89%", "2009-09-30": "5.64%", "2009-06-30": "7.25%", "2009-03-31": "7.19%", "2008-12-31": "5.88%", "2008-09-30": "6.00%", "2008-06-30": "3.59%", "2008-03-31": "3.57%", "2007-12-31": "4.18%", "2007-09-30": "3.89%", "2007-06-30": "4.16%", "2007-03-31": "3.02%", "2006-12-31": "1.65%", "2006-09-30": "2.32%", "2006-06-30": "2.39%", "2006-03-31": "3.96%", "2005-12-31": "6.33%"}, "return on investments": {"2020-12-31": "-2.16%", "2020-09-30": "-0.37%", "2020-06-30": "1.51%", "2020-03-31": "4.15%", "2019-12-31": "6.84%", "2019-09-30": "8.21%", "2019-06-30": "9.41%", "2019-03-31": "11.00%", "2018-12-31": "11.03%", "2018-09-30": "11.07%", "2018-06-30": "10.91%", "2018-03-31": "9.00%", "2017-12-31": "7.42%", "2017-09-30": "5.99%", "2017-06-30": "3.51%", "2017-03-31": "2.80%", "2016-12-31": "0.18%", "2016-09-30": "1.04%", "2016-06-30": "1.57%", "2016-03-31": "2.68%", "2015-12-31": "2.50%", "2015-09-30": "-7.04%", "2015-06-30": "-2.71%", "2015-03-31": "0.52%", "2014-12-31": "11.64%", "2014-09-30": "23.73%", "2014-06-30": "24.45%", "2014-03-31": "25.45%", "2013-12-31": "17.87%", "2013-09-30": "15.06%", "2013-06-30": "14.34%", "2013-03-31": "12.18%", "2012-12-31": "30.35%", "2012-09-30": "-2.11%", "2012-06-30": "-9.22%", "2012-03-31": "-7.01%", "2011-12-31": "-13.95%", "2011-09-30": "5.00%", "2011-06-30": "8.59%", "2011-03-31": "9.70%", "2010-12-31": "11.16%", "2010-09-30": "11.44%", "2010-06-30": "11.87%", "2010-03-31": "11.73%", "2009-12-31": "12.01%", "2009-09-30": "12.27%", "2009-06-30": "12.19%", "2009-03-31": "13.03%", "2008-12-31": "14.00%", "2008-09-30": "14.59%", "2008-06-30": "14.67%", "2008-03-31": "14.50%", "2007-12-31": "14.64%", "2007-09-30": "14.02%", "2007-06-30": "14.25%", "2007-03-31": "14.06%", "2006-12-31": "12.95%", "2006-09-30": "12.81%", "2006-06-30": "12.58%", "2006-03-31": "12.52%", "2005-12-31": "11.76%"}, "return on tangible equity": {"2020-12-31": "274.05%", "2020-09-30": "183.12%", "2020-06-30": "199.15%", "2020-03-31": "166.16%", "2019-12-31": "52.78%", "2019-09-30": "40.36%", "2019-06-30": "-41.97%", "2019-03-31": "-52.68%", "2018-12-31": "-78.30%", "2018-09-30": "-83.26%", "2018-06-30": "-64.98%", "2018-03-31": "-57.71%", "2017-12-31": "-30.99%", "2017-09-30": "-11.05%", "2017-06-30": "-3.03%", "2017-03-31": "9.79%", "2016-12-31": "9.82%", "2016-09-30": "12.55%", "2016-06-30": "-26.40%", "2016-03-31": "-1228.57%", "2015-12-31": "100.00%", "2015-09-30": "5.75%", "2015-06-30": "1.28%", "2015-03-31": "-0.86%", "2014-12-31": "26.51%", "2014-09-30": "79.62%", "2014-06-30": "89.92%", "2014-03-31": "108.17%", "2013-12-31": "107.00%", "2013-09-30": "159.94%", "2013-06-30": "213.37%", "2013-03-31": "327.94%", "2012-12-31": "6145.19%", "2012-09-30": "-8646.15%", "2012-06-30": "-190.46%", "2012-03-31": "-58.28%", "2011-12-31": "-234.66%", "2011-09-30": "-106.90%", "2011-06-30": "35.37%", "2011-03-31": "36.94%", "2010-12-31": "46.07%", "2010-09-30": "47.56%", "2010-06-30": "54.53%", "2010-03-31": "59.72%", "2009-12-31": "80.65%", "2009-09-30": "97.88%", "2009-06-30": "155.66%", "2009-03-31": "218.95%", "2008-12-31": "262.28%", "2008-09-30": "320.14%", "2008-06-30": "208.40%", "2008-03-31": "88.87%", "2007-12-31": "63.02%", "2007-09-30": "38.04%", "2007-06-30": "30.19%", "2007-03-31": "19.02%", "2006-12-31": "9.06%", "2006-09-30": "12.21%", "2006-06-30": "12.24%", "2006-03-31": "20.57%", "2005-12-31": "33.15%"}, "dividend yield history": {"last payout": "$0.00", "last yield": "0.00%"}}