{"ticker": "EA", "price": {"title": "Electronic Arts Historical Annual Stock Price Data", "value": 147.33, "historical": {"2021": {"Average Stock Price": "142.6732", "Year Open": "139.5100", "Year High": "148.9700", "Year Low": "136.3400", "Year Close": "147.3300", "Annual % Change": "2.60%"}, "2020": {"Average Stock Price": "122.3033", "Year Open": "107.3400", "Year High": "146.9500", "Year Low": "86.9400", "Year Close": "143.6000", "Annual % Change": "33.57%"}, "2019": {"Average Stock Price": "95.8305", "Year Open": "80.3700", "Year High": "108.5500", "Year Low": "78.7100", "Year Close": "107.5100", "Annual % Change": "36.24%"}, "2018": {"Average Stock Price": "117.9486", "Year Open": "109.4500", "Year High": "148.9300", "Year Low": "74.7200", "Year Close": "78.9100", "Annual % Change": "-24.89%"}, "2017": {"Average Stock Price": "103.8551", "Year Open": "79.1700", "Year High": "121.9700", "Year Low": "78.6400", "Year Close": "105.0600", "Annual % Change": "33.39%"}, "2016": {"Average Stock Price": "73.7462", "Year Open": "66.1000", "Year High": "85.5600", "Year Low": "55.5000", "Year Close": "78.7600", "Annual % Change": "14.61%"}, "2015": {"Average Stock Price": "64.0382", "Year Open": "46.8700", "Year High": "76.7700", "Year Low": "45.9600", "Year Close": "68.7200", "Annual % Change": "46.17%"}, "2014": {"Average Stock Price": "34.3333", "Year Open": "22.8300", "Year High": "48.3300", "Year Low": "21.5400", "Year Close": "47.0150", "Annual % Change": "104.95%"}, "2013": {"Average Stock Price": "21.8206", "Year Open": "14.5475", "Year High": "27.9900", "Year Low": "13.7000", "Year Close": "22.9400", "Annual % Change": "57.99%"}, "2012": {"Average Stock Price": "14.6071", "Year Open": "21.3000", "Year High": "21.3000", "Year Low": "10.9450", "Year Close": "14.5200", "Annual % Change": "-29.51%"}, "2011": {"Average Stock Price": "21.0612", "Year Open": "16.3800", "Year High": "25.2000", "Year Low": "15.0000", "Year Close": "20.6000", "Annual % Change": "25.76%"}, "2010": {"Average Stock Price": "16.6800", "Year Open": "18.1500", "Year High": "19.9700", "Year Low": "14.3300", "Year Close": "16.3800", "Annual % Change": "-7.72%"}, "2009": {"Average Stock Price": "19.0323", "Year Open": "17.4400", "Year High": "23.4600", "Year Low": "14.8600", "Year Close": "17.7500", "Annual % Change": "10.66%"}, "2008": {"Average Stock Price": "41.4605", "Year Open": "56.7600", "Year High": "56.7600", "Year Low": "15.1200", "Year Close": "16.0400", "Annual % Change": "-72.54%"}, "2007": {"Average Stock Price": "52.6335", "Year Open": "51.0500", "Year High": "61.4000", "Year Low": "46.6200", "Year Close": "58.4100", "Annual % Change": "15.98%"}, "2006": {"Average Stock Price": "51.4545", "Year Open": "53.3400", "Year High": "59.2500", "Year Low": "40.8800", "Year Close": "50.3600", "Annual % Change": "-3.73%"}, "2005": {"Average Stock Price": "57.6032", "Year Open": "60.8800", "Year High": "69.4600", "Year Low": "49.4400", "Year Close": "52.3100", "Annual % Change": "-15.19%"}, "2004": {"Average Stock Price": "49.8208", "Year Open": "47.6300", "Year High": "63.4400", "Year Low": "44.0000", "Year Close": "61.6800", "Annual % Change": "29.36%"}, "2003": {"Average Stock Price": "37.4760", "Year Open": "26.1150", "Year High": "52.4150", "Year Low": "23.9750", "Year Close": "47.6800", "Annual % Change": "91.60%"}, "2002": {"Average Stock Price": "30.5005", "Year Open": "30.0600", "Year High": "36.0700", "Year Low": "24.8850", "Year Close": "24.8850", "Annual % Change": "-16.98%"}, "2001": {"Average Stock Price": "26.8625", "Year Open": "19.4700", "Year High": "33.0200", "Year Low": "17.6250", "Year Close": "29.9750", "Annual % Change": "40.63%"}, "2000": {"Average Stock Price": "20.5663", "Year Open": "25.2750", "Year High": "27.6900", "Year Low": "13.2975", "Year Close": "21.3150", "Annual % Change": "1.50%"}, "1999": {"Average Stock Price": "15.4301", "Year Open": "12.6250", "Year High": "30.2500", "Year Low": "9.5625", "Year Close": "21.0000", "Annual % Change": "49.65%"}, "1998": {"Average Stock Price": "11.1443", "Year Open": "9.3450", "Year High": "14.0325", "Year Low": "8.5000", "Year Close": "14.0325", "Annual % Change": "48.45%"}, "1997": {"Average Stock Price": "8.0695", "Year Open": "7.8125", "Year High": "9.9075", "Year Low": "5.0325", "Year Close": "9.4525", "Annual % Change": "26.29%"}, "1996": {"Average Stock Price": "7.4017", "Year Open": "6.7800", "Year High": "9.8125", "Year Low": "5.6550", "Year Close": "7.4850", "Annual % Change": "14.58%"}, "1995": {"Average Stock Price": "7.2004", "Year Open": "4.7825", "Year High": "10.4700", "Year Low": "4.2200", "Year Close": "6.5325", "Annual % Change": "35.74%"}, "1994": {"Average Stock Price": "5.2230", "Year Open": "7.4375", "Year High": "8.2500", "Year Low": "3.2500", "Year Close": "4.8125", "Annual % Change": "-35.83%"}, "1993": {"Average Stock Price": "7.6616", "Year Open": "4.9850", "Year High": "10.3750", "Year Low": "4.9850", "Year Close": "7.5000", "Annual % Change": "45.45%"}, "1992": {"Average Stock Price": "3.3058", "Year Open": "2.3513", "Year High": "5.2975", "Year Low": "2.3513", "Year Close": "5.1563", "Annual % Change": "115.69%"}, "1991": {"Average Stock Price": "1.4029", "Year Open": "0.5938", "Year High": "2.3906", "Year Low": "0.5625", "Year Close": "2.3906", "Annual % Change": "307.74%"}}}, "market cap": {"value": "$42.03B"}, "income statement": {"Revenue": {"2020-03-31": "5537.00000", "2019-03-31": "4950.00000", "2018-03-31": "5150.00000", "2017-03-31": "4845.00000", "2016-03-31": "4396.00000", "2015-03-31": "4515.00000", "2014-03-31": "3575.00000", "2013-03-31": "3797.00000", "2012-03-31": "4143.00000", "2011-03-31": "3589.00000", "2010-03-31": "3654.00000", "2009-03-31": "4212.00000", "2008-03-31": "3665.00000", "2007-03-31": "3091.00000", "2006-03-31": "2951.00000", "2005-03-31": "3129.00000"}, "Cost Of Goods Sold": {"2020-03-31": "1369.00000", "2019-03-31": "1322.00000", "2018-03-31": "1277.00000", "2017-03-31": "1298.00000", "2016-03-31": "1354.00000", "2015-03-31": "1429.00000", "2014-03-31": "1347.00000", "2013-03-31": "1388.00000", "2012-03-31": "1598.00000", "2011-03-31": "1499.00000", "2010-03-31": "1866.00000", "2009-03-31": "2127.00000", "2008-03-31": "1805.00000", "2007-03-31": "1212.00000", "2006-03-31": "1181.00000", "2005-03-31": "1197.00000"}, "Gross Profit": {"2020-03-31": "4168.00000", "2019-03-31": "3628.00000", "2018-03-31": "3873.00000", "2017-03-31": "3547.00000", "2016-03-31": "3042.00000", "2015-03-31": "3086.00000", "2014-03-31": "2228.00000", "2013-03-31": "2409.00000", "2012-03-31": "2545.00000", "2011-03-31": "2090.00000", "2010-03-31": "1788.00000", "2009-03-31": "2085.00000", "2008-03-31": "1860.00000", "2007-03-31": "1879.00000", "2006-03-31": "1770.00000", "2005-03-31": "1932.00000"}, "Research And Development Expenses": {"2020-03-31": "1559.00000", "2019-03-31": "1433.00000", "2018-03-31": "1320.00000", "2017-03-31": "1205.00000", "2016-03-31": "1109.00000", "2015-03-31": "1094.00000", "2014-03-31": "1125.00000", "2013-03-31": "1153.00000", "2012-03-31": "1180.00000", "2011-03-31": "1124.00000", "2010-03-31": "1229.00000", "2009-03-31": "1359.00000", "2008-03-31": "1145.00000", "2007-03-31": "1041.00000", "2006-03-31": "758.00000", "2005-03-31": "633.00000"}, "SG&A Expenses": {"2020-03-31": "1137.00000", "2019-03-31": "1162.00000", "2018-03-31": "1110.00000", "2017-03-31": "1112.00000", "2016-03-31": "1028.00000", "2015-03-31": "1033.00000", "2014-03-31": "1090.00000", "2013-03-31": "1142.00000", "2012-03-31": "1260.00000", "2011-03-31": "1077.00000", "2010-03-31": "1050.00000", "2009-03-31": "1023.00000", "2008-03-31": "927.00000", "2007-03-31": "754.00000", "2006-03-31": "646.00000", "2005-03-31": "612.00000"}, "Other Operating Income Or Expenses": {"2020-03-31": "", "2019-03-31": "", "2018-03-31": "", "2017-03-31": "", "2016-03-31": "", "2015-03-31": "", "2014-03-31": "", "2013-03-31": "", "2012-03-31": "", "2011-03-31": "", "2010-03-31": "", "2009-03-31": "", "2008-03-31": "", "2007-03-31": "", "2006-03-31": "", "2005-03-31": ""}, "Operating Expenses": {"2020-03-31": "4092.00000", "2019-03-31": "3954.00000", "2018-03-31": "3716.00000", "2017-03-31": "3621.00000", "2016-03-31": "3498.00000", "2015-03-31": "3567.00000", "2014-03-31": "3542.00000", "2013-03-31": "3676.00000", "2012-03-31": "4108.00000", "2011-03-31": "3901.00000", "2010-03-31": "4340.00000", "2009-03-31": "5039.00000", "2008-03-31": "4152.00000", "2007-03-31": "3052.00000", "2006-03-31": "2626.00000", "2005-03-31": "2460.00000"}, "Operating Income": {"2020-03-31": "1445.00000", "2019-03-31": "996.00000", "2018-03-31": "1434.00000", "2017-03-31": "1224.00000", "2016-03-31": "898.00000", "2015-03-31": "948.00000", "2014-03-31": "33.00000", "2013-03-31": "121.00000", "2012-03-31": "35.00000", "2011-03-31": "-312.00000", "2010-03-31": "-686.00000", "2009-03-31": "-827.00000", "2008-03-31": "-487.00000", "2007-03-31": "39.00000", "2006-03-31": "325.00000", "2005-03-31": "669.00000"}, "Total Non-Operating Income/Expense": {"2020-03-31": "63.00000", "2019-03-31": "83.00000", "2018-03-31": "15.00000", "2017-03-31": "-14.00000", "2016-03-31": "-21.00000", "2015-03-31": "-23.00000", "2014-03-31": "-26.00000", "2013-03-31": "18.00000", "2012-03-31": "-17.00000", "2011-03-31": "33.00000", "2010-03-31": "-20.00000", "2009-03-31": "-28.00000", "2008-03-31": "-20.00000", "2007-03-31": "99.00000", "2006-03-31": "64.00000", "2005-03-31": "56.00000"}, "Pre-Tax Income": {"2020-03-31": "1508.00000", "2019-03-31": "1079.00000", "2018-03-31": "1449.00000", "2017-03-31": "1210.00000", "2016-03-31": "877.00000", "2015-03-31": "925.00000", "2014-03-31": "7.00000", "2013-03-31": "139.00000", "2012-03-31": "18.00000", "2011-03-31": "-279.00000", "2010-03-31": "-706.00000", "2009-03-31": "-855.00000", "2008-03-31": "-507.00000", "2007-03-31": "138.00000", "2006-03-31": "389.00000", "2005-03-31": "725.00000"}, "Income Taxes": {"2020-03-31": "-1531.00000", "2019-03-31": "60.00000", "2018-03-31": "406.00000", "2017-03-31": "243.00000", "2016-03-31": "-279.00000", "2015-03-31": "50.00000", "2014-03-31": "-1.00000", "2013-03-31": "41.00000", "2012-03-31": "-58.00000", "2011-03-31": "-3.00000", "2010-03-31": "-29.00000", "2009-03-31": "233.00000", "2008-03-31": "-53.00000", "2007-03-31": "66.00000", "2006-03-31": "147.00000", "2005-03-31": "221.00000"}, "Income After Taxes": {"2020-03-31": "3039.00000", "2019-03-31": "1019.00000", "2018-03-31": "1043.00000", "2017-03-31": "967.00000", "2016-03-31": "1156.00000", "2015-03-31": "875.00000", "2014-03-31": "8.00000", "2013-03-31": "98.00000", "2012-03-31": "76.00000", "2011-03-31": "-276.00000", "2010-03-31": "-677.00000", "2009-03-31": "-1088.00000", "2008-03-31": "-454.00000", "2007-03-31": "72.00000", "2006-03-31": "242.00000", "2005-03-31": "504.00000"}, "Other Income": {"2020-03-31": "", "2019-03-31": "", "2018-03-31": "", "2017-03-31": "", "2016-03-31": "", "2015-03-31": "", "2014-03-31": "", "2013-03-31": "", "2012-03-31": "", "2011-03-31": "", "2010-03-31": "", "2009-03-31": "", "2008-03-31": "", "2007-03-31": "", "2006-03-31": "", "2005-03-31": ""}, "Income From Continuous Operations": {"2020-03-31": "3039.00000", "2019-03-31": "1019.00000", "2018-03-31": "1043.00000", "2017-03-31": "967.00000", "2016-03-31": "1156.00000", "2015-03-31": "875.00000", "2014-03-31": "8.00000", "2013-03-31": "98.00000", "2012-03-31": "76.00000", "2011-03-31": "-276.00000", "2010-03-31": "-677.00000", "2009-03-31": "-1088.00000", "2008-03-31": "-454.00000", "2007-03-31": "76.00000", "2006-03-31": "236.00000", "2005-03-31": "504.00000"}, "Income From Discontinued Operations": {"2020-03-31": "", "2019-03-31": "", "2018-03-31": "", "2017-03-31": "", "2016-03-31": "", "2015-03-31": "", "2014-03-31": "", "2013-03-31": "", "2012-03-31": "", "2011-03-31": "", "2010-03-31": "", "2009-03-31": "", "2008-03-31": "", "2007-03-31": "", "2006-03-31": "", "2005-03-31": ""}, "Net Income": {"2020-03-31": "3039.00000", "2019-03-31": "1019.00000", "2018-03-31": "1043.00000", "2017-03-31": "967.00000", "2016-03-31": "1156.00000", "2015-03-31": "875.00000", "2014-03-31": "8.00000", "2013-03-31": "98.00000", "2012-03-31": "76.00000", "2011-03-31": "-276.00000", "2010-03-31": "-677.00000", "2009-03-31": "-1088.00000", "2008-03-31": "-454.00000", "2007-03-31": "76.00000", "2006-03-31": "236.00000", "2005-03-31": "504.00000"}, "EBITDA": {"2020-03-31": "1595.00000", "2019-03-31": "1141.00000", "2018-03-31": "1570.00000", "2017-03-31": "1396.00000", "2016-03-31": "1095.00000", "2015-03-31": "1168.00000", "2014-03-31": "260.00000", "2013-03-31": "385.00000", "2012-03-31": "251.00000", "2011-03-31": "-132.00000", "2010-03-31": "-494.00000", "2009-03-31": "-261.00000", "2008-03-31": "-323.00000", "2007-03-31": "186.00000", "2006-03-31": "420.00000", "2005-03-31": "744.00000"}, "EBIT": {"2020-03-31": "1445.00000", "2019-03-31": "996.00000", "2018-03-31": "1434.00000", "2017-03-31": "1224.00000", "2016-03-31": "898.00000", "2015-03-31": "948.00000", "2014-03-31": "33.00000", "2013-03-31": "121.00000", "2012-03-31": "35.00000", "2011-03-31": "-312.00000", "2010-03-31": "-686.00000", "2009-03-31": "-827.00000", "2008-03-31": "-487.00000", "2007-03-31": "39.00000", "2006-03-31": "325.00000", "2005-03-31": "669.00000"}, "Basic Shares Outstanding": {"2020-03-31": "293.00000", "2019-03-31": "303.00000", "2018-03-31": "308.00000", "2017-03-31": "303.00000", "2016-03-31": "310.00000", "2015-03-31": "311.00000", "2014-03-31": "308.00000", "2013-03-31": "310.00000", "2012-03-31": "331.00000", "2011-03-31": "330.00000", "2010-03-31": "325.00000", "2009-03-31": "320.00000", "2008-03-31": "314.00000", "2007-03-31": "308.00000", "2006-03-31": "304.00000", "2005-03-31": "305.00000"}, "Shares Outstanding": {"2020-03-31": "295.00000", "2019-03-31": "306.00000", "2018-03-31": "312.00000", "2017-03-31": "314.00000", "2016-03-31": "330.00000", "2015-03-31": "325.00000", "2014-03-31": "316.00000", "2013-03-31": "313.00000", "2012-03-31": "336.00000", "2011-03-31": "330.00000", "2010-03-31": "325.00000", "2009-03-31": "320.00000", "2008-03-31": "314.00000", "2007-03-31": "317.00000", "2006-03-31": "314.00000", "2005-03-31": "318.00000"}, "Basic EPS": {"2020-03-31": "10.37000", "2019-03-31": "3.36000", "2018-03-31": "3.39000", "2017-03-31": "3.19000", "2016-03-31": "3.73000", "2015-03-31": "2.81000", "2014-03-31": "0.03000", "2013-03-31": "0.32000", "2012-03-31": "0.23000", "2011-03-31": "-0.84000", "2010-03-31": "-2.08000", "2009-03-31": "-3.40000", "2008-03-31": "-1.45000", "2007-03-31": "0.25000", "2006-03-31": "0.78000", "2005-03-31": "1.65000"}, "EPS - Earnings Per Share": {"2020-03-31": "10.30000", "2019-03-31": "3.33000", "2018-03-31": "3.34000", "2017-03-31": "3.08000", "2016-03-31": "3.50000", "2015-03-31": "2.69000", "2014-03-31": "0.03000", "2013-03-31": "0.31000", "2012-03-31": "0.23000", "2011-03-31": "-0.84000", "2010-03-31": "-2.08000", "2009-03-31": "-3.40000", "2008-03-31": "-1.45000", "2007-03-31": "0.24000", "2006-03-31": "0.75000", "2005-03-31": "1.59000"}}, "income statement, quarterly": {"Revenue": {"2020-12-31": "1673.00000", "2020-09-30": "1151.00000", "2020-06-30": "1459.00000", "2020-03-31": "1387.00000", "2019-12-31": "1593.00000", "2019-09-30": "1348.00000", "2019-06-30": "1209.00000", "2019-03-31": "1238.00000", "2018-12-31": "1289.00000", "2018-09-30": "1286.00000", "2018-06-30": "1137.00000", "2018-03-31": "1582.00000", "2017-12-31": "1160.00000", "2017-09-30": "959.00000", "2017-06-30": "1449.00000", "2017-03-31": "1527.00000", "2016-12-31": "1149.00000", "2016-09-30": "898.00000", "2016-06-30": "1271.00000", "2016-03-31": "1308.00000", "2015-12-31": "1070.00000", "2015-09-30": "815.00000", "2015-06-30": "1203.00000", "2015-03-31": "1185.00000", "2014-12-31": "1126.00000", "2014-09-30": "990.00000", "2014-06-30": "1214.00000", "2014-03-31": "1123.00000", "2013-12-31": "808.00000", "2013-09-30": "695.00000", "2013-06-30": "949.00000", "2013-03-31": "1209.00000", "2012-12-31": "922.00000", "2012-09-30": "711.00000", "2012-06-30": "955.00000", "2012-03-31": "1368.00000", "2011-12-31": "1061.00000", "2011-09-30": "715.00000", "2011-06-30": "999.00000", "2011-03-31": "1090.00000", "2010-12-31": "1053.00000", "2010-09-30": "631.00000", "2010-06-30": "815.00000", "2010-03-31": "979.00000", "2009-12-31": "1243.00000", "2009-09-30": "788.00000", "2009-06-30": "644.00000", "2009-03-31": "860.00000", "2008-12-31": "1654.00000", "2008-09-30": "894.00000", "2008-06-30": "804.00000", "2008-03-31": "1127.00000", "2007-12-31": "1503.00000", "2007-09-30": "640.00000", "2007-06-30": "395.00000", "2007-03-31": "613.00000", "2006-12-31": "1281.00000", "2006-09-30": "784.00000", "2006-06-30": "413.00000", "2006-03-31": "641.00000", "2005-12-31": "1270.00000", "2005-09-30": "675.00000", "2005-06-30": "365.00000", "2005-03-31": "553.00000"}, "Cost Of Goods Sold": {"2020-12-31": "601.00000", "2020-09-30": "286.00000", "2020-06-30": "288.00000", "2020-03-31": "269.00000", "2019-12-31": "508.00000", "2019-09-30": "405.00000", "2019-06-30": "187.00000", "2019-03-31": "276.00000", "2018-12-31": "413.00000", "2018-09-30": "418.00000", "2018-06-30": "215.00000", "2018-03-31": "233.00000", "2017-12-31": "501.00000", "2017-09-30": "389.00000", "2017-06-30": "154.00000", "2017-03-31": "202.00000", "2016-12-31": "516.00000", "2016-09-30": "401.00000", "2016-06-30": "179.00000", "2016-03-31": "226.00000", "2015-12-31": "546.00000", "2015-09-30": "409.00000", "2015-06-30": "173.00000", "2015-03-31": "234.00000", "2014-12-31": "401.00000", "2014-09-30": "427.00000", "2014-06-30": "367.00000", "2014-03-31": "223.00000", "2013-12-31": "517.00000", "2013-09-30": "413.00000", "2013-06-30": "194.00000", "2013-03-31": "309.00000", "2012-12-31": "429.00000", "2012-09-30": "445.00000", "2012-06-30": "205.00000", "2012-03-31": "374.00000", "2011-12-31": "552.00000", "2011-09-30": "432.00000", "2011-06-30": "240.00000", "2011-03-31": "328.00000", "2010-12-31": "586.00000", "2010-09-30": "363.00000", "2010-06-30": "222.00000", "2010-03-31": "298.00000", "2009-12-31": "654.00000", "2009-09-30": "593.00000", "2009-06-30": "321.00000", "2009-03-31": "349.00000", "2008-12-31": "925.00000", "2008-09-30": "557.00000", "2008-06-30": "296.00000", "2008-03-31": "462.00000", "2007-12-31": "782.00000", "2007-09-30": "395.00000", "2007-06-30": "166.00000", "2007-03-31": "235.00000", "2006-12-31": "470.00000", "2006-09-30": "339.00000", "2006-06-30": "168.00000", "2006-03-31": "244.00000", "2005-12-31": "502.00000", "2005-09-30": "284.00000", "2005-06-30": "151.00000", "2005-03-31": "233.00000"}, "Gross Profit": {"2020-12-31": "1072.00000", "2020-09-30": "865.00000", "2020-06-30": "1171.00000", "2020-03-31": "1118.00000", "2019-12-31": "1085.00000", "2019-09-30": "943.00000", "2019-06-30": "1022.00000", "2019-03-31": "962.00000", "2018-12-31": "876.00000", "2018-09-30": "868.00000", "2018-06-30": "922.00000", "2018-03-31": "1349.00000", "2017-12-31": "659.00000", "2017-09-30": "570.00000", "2017-06-30": "1295.00000", "2017-03-31": "1325.00000", "2016-12-31": "633.00000", "2016-09-30": "497.00000", "2016-06-30": "1092.00000", "2016-03-31": "1082.00000", "2015-12-31": "524.00000", "2015-09-30": "406.00000", "2015-06-30": "1030.00000", "2015-03-31": "951.00000", "2014-12-31": "725.00000", "2014-09-30": "563.00000", "2014-06-30": "847.00000", "2014-03-31": "900.00000", "2013-12-31": "291.00000", "2013-09-30": "282.00000", "2013-06-30": "755.00000", "2013-03-31": "900.00000", "2012-12-31": "493.00000", "2012-09-30": "266.00000", "2012-06-30": "750.00000", "2012-03-31": "994.00000", "2011-12-31": "509.00000", "2011-09-30": "283.00000", "2011-06-30": "759.00000", "2011-03-31": "762.00000", "2010-12-31": "467.00000", "2010-09-30": "268.00000", "2010-06-30": "593.00000", "2010-03-31": "681.00000", "2009-12-31": "589.00000", "2009-09-30": "195.00000", "2009-06-30": "323.00000", "2009-03-31": "511.00000", "2008-12-31": "729.00000", "2008-09-30": "337.00000", "2008-06-30": "508.00000", "2008-03-31": "665.00000", "2007-12-31": "721.00000", "2007-09-30": "245.00000", "2007-06-30": "229.00000", "2007-03-31": "378.00000", "2006-12-31": "811.00000", "2006-09-30": "445.00000", "2006-06-30": "245.00000", "2006-03-31": "397.00000", "2005-12-31": "768.00000", "2005-09-30": "391.00000", "2005-06-30": "214.00000", "2005-03-31": "320.00000"}, "Research And Development Expenses": {"2020-12-31": "451.00000", "2020-09-30": "421.00000", "2020-06-30": "438.00000", "2020-03-31": "402.00000", "2019-12-31": "389.00000", "2019-09-30": "387.00000", "2019-06-30": "381.00000", "2019-03-31": "398.00000", "2018-12-31": "334.00000", "2018-09-30": "339.00000", "2018-06-30": "362.00000", "2018-03-31": "335.00000", "2017-12-31": "329.00000", "2017-09-30": "331.00000", "2017-06-30": "325.00000", "2017-03-31": "335.00000", "2016-12-31": "285.00000", "2016-09-30": "291.00000", "2016-06-30": "294.00000", "2016-03-31": "282.00000", "2015-12-31": "266.00000", "2015-09-30": "265.00000", "2015-06-30": "296.00000", "2015-03-31": "285.00000", "2014-12-31": "283.00000", "2014-09-30": "261.00000", "2014-06-30": "265.00000", "2014-03-31": "289.00000", "2013-12-31": "275.00000", "2013-09-30": "283.00000", "2013-06-30": "278.00000", "2013-03-31": "287.00000", "2012-12-31": "278.00000", "2012-09-30": "306.00000", "2012-06-30": "282.00000", "2012-03-31": "252.00000", "2011-12-31": "325.00000", "2011-09-30": "318.00000", "2011-06-30": "285.00000", "2011-03-31": "299.00000", "2010-12-31": "273.00000", "2010-09-30": "277.00000", "2010-06-30": "275.00000", "2010-03-31": "311.00000", "2009-12-31": "290.00000", "2009-09-30": "316.00000", "2009-06-30": "312.00000", "2009-03-31": "332.00000", "2008-12-31": "299.00000", "2008-09-30": "372.00000", "2008-06-30": "356.00000", "2008-03-31": "315.00000", "2007-12-31": "321.00000", "2007-09-30": "259.00000", "2007-06-30": "250.00000", "2007-03-31": "257.00000", "2006-12-31": "330.00000", "2006-09-30": "238.00000", "2006-06-30": "216.00000", "2006-03-31": "187.00000", "2005-12-31": "206.00000", "2005-09-30": "182.00000", "2005-06-30": "183.00000", "2005-03-31": "160.00000"}, "SG&A Expenses": {"2020-12-31": "365.00000", "2020-09-30": "289.00000", "2020-06-30": "257.00000", "2020-03-31": "309.00000", "2019-12-31": "328.00000", "2019-09-30": "280.00000", "2019-06-30": "220.00000", "2019-03-31": "352.00000", "2018-12-31": "293.00000", "2018-09-30": "263.00000", "2018-06-30": "254.00000", "2018-03-31": "256.00000", "2017-12-31": "350.00000", "2017-09-30": "278.00000", "2017-06-30": "226.00000", "2017-03-31": "272.00000", "2016-12-31": "350.00000", "2016-09-30": "254.00000", "2016-06-30": "236.00000", "2016-03-31": "263.00000", "2015-12-31": "287.00000", "2015-09-30": "257.00000", "2015-06-30": "221.00000", "2015-03-31": "264.00000", "2014-12-31": "276.00000", "2014-09-30": "275.00000", "2014-06-30": "218.00000", "2014-03-31": "260.00000", "2013-12-31": "305.00000", "2013-09-30": "293.00000", "2013-06-30": "232.00000", "2013-03-31": "294.00000", "2012-12-31": "290.00000", "2012-09-30": "319.00000", "2012-06-30": "239.00000", "2012-03-31": "369.00000", "2011-12-31": "367.00000", "2011-09-30": "310.00000", "2011-06-30": "214.00000", "2011-03-31": "298.00000", "2010-12-31": "328.00000", "2010-09-30": "250.00000", "2010-06-30": "201.00000", "2010-03-31": "250.00000", "2009-12-31": "292.00000", "2009-09-30": "278.00000", "2009-06-30": "230.00000", "2009-03-31": "190.00000", "2008-12-31": "332.00000", "2008-09-30": "289.00000", "2008-06-30": "212.00000", "2008-03-31": "218.00000", "2007-12-31": "308.00000", "2007-09-30": "248.00000", "2007-06-30": "153.00000", "2007-03-31": "182.00000", "2006-12-31": "256.00000", "2006-09-30": "180.00000", "2006-06-30": "136.00000", "2006-03-31": "156.00000", "2005-12-31": "205.00000", "2005-09-30": "159.00000", "2005-06-30": "126.00000", "2005-03-31": "154.00000"}, "Other Operating Income Or Expenses": {"2020-12-31": "", "2020-09-30": "", "2020-06-30": "", "2020-03-31": "", "2019-12-31": "", "2019-09-30": "", "2019-06-30": "", "2019-03-31": "", "2018-12-31": "", "2018-09-30": "", "2018-06-30": "", "2018-03-31": "", "2017-12-31": "", "2017-09-30": "", "2017-06-30": "", "2017-03-31": "", "2016-12-31": "", "2016-09-30": "", "2016-06-30": "", "2016-03-31": "", "2015-12-31": "", "2015-09-30": "", "2015-06-30": "", "2015-03-31": "", "2014-12-31": "", "2014-09-30": "", "2014-06-30": "", "2014-03-31": "", "2013-12-31": "", "2013-09-30": "", "2013-06-30": "", "2013-03-31": "", "2012-12-31": "", "2012-09-30": "", "2012-06-30": "", "2012-03-31": "", "2011-12-31": "", "2011-09-30": "", "2011-06-30": "", "2011-03-31": "", "2010-12-31": "0.00000", "2010-09-30": "0.00000", "2010-06-30": "", "2010-03-31": "", "2009-12-31": "", "2009-09-30": "", "2009-06-30": "", "2009-03-31": "", "2008-12-31": "", "2008-09-30": "", "2008-06-30": "", "2008-03-31": "", "2007-12-31": "-7.00000", "2007-09-30": "", "2007-06-30": "", "2007-03-31": "", "2006-12-31": "", "2006-09-30": "", "2006-06-30": "", "2006-03-31": "", "2005-12-31": "", "2005-09-30": "", "2005-06-30": "", "2005-03-31": ""}, "Operating Expenses": {"2020-12-31": "1422.00000", "2020-09-30": "1002.00000", "2020-06-30": "988.00000", "2020-03-31": "986.00000", "2019-12-31": "1232.00000", "2019-09-30": "1080.00000", "2019-06-30": "794.00000", "2019-03-31": "1042.00000", "2018-12-31": "1047.00000", "2018-09-30": "1028.00000", "2018-06-30": "837.00000", "2018-03-31": "829.00000", "2017-12-31": "1181.00000", "2017-09-30": "1000.00000", "2017-06-30": "706.00000", "2017-03-31": "810.00000", "2016-12-31": "1153.00000", "2016-09-30": "947.00000", "2016-06-30": "711.00000", "2016-03-31": "772.00000", "2015-12-31": "1101.00000", "2015-09-30": "934.00000", "2015-06-30": "691.00000", "2015-03-31": "785.00000", "2014-12-31": "964.00000", "2014-09-30": "966.00000", "2014-06-30": "852.00000", "2014-03-31": "779.00000", "2013-12-31": "1100.00000", "2013-09-30": "947.00000", "2013-06-30": "716.00000", "2013-03-31": "900.00000", "2012-12-31": "961.00000", "2012-09-30": "1075.00000", "2012-06-30": "740.00000", "2012-03-31": "1003.00000", "2011-12-31": "1244.00000", "2011-09-30": "1089.00000", "2011-06-30": "772.00000", "2011-03-31": "945.00000", "2010-12-31": "1356.00000", "2010-09-30": "883.00000", "2010-06-30": "717.00000", "2010-03-31": "896.00000", "2009-12-31": "1350.00000", "2009-09-30": "1205.00000", "2009-06-30": "889.00000", "2009-03-31": "922.00000", "2008-12-31": "1958.00000", "2008-09-30": "1258.00000", "2008-06-30": "901.00000", "2008-03-31": "1164.00000", "2007-12-31": "1496.00000", "2007-09-30": "914.00000", "2007-06-30": "578.00000", "2007-03-31": "684.00000", "2006-12-31": "1066.00000", "2006-09-30": "770.00000", "2006-06-30": "532.00000", "2006-03-31": "616.00000", "2005-12-31": "923.00000", "2005-09-30": "626.00000", "2005-06-30": "461.00000", "2005-03-31": "553.00000"}, "Operating Income": {"2020-12-31": "251.00000", "2020-09-30": "149.00000", "2020-06-30": "471.00000", "2020-03-31": "401.00000", "2019-12-31": "361.00000", "2019-09-30": "268.00000", "2019-06-30": "415.00000", "2019-03-31": "196.00000", "2018-12-31": "242.00000", "2018-09-30": "258.00000", "2018-06-30": "300.00000", "2018-03-31": "753.00000", "2017-12-31": "-21.00000", "2017-09-30": "-41.00000", "2017-06-30": "743.00000", "2017-03-31": "717.00000", "2016-12-31": "-4.00000", "2016-09-30": "-49.00000", "2016-06-30": "560.00000", "2016-03-31": "536.00000", "2015-12-31": "-31.00000", "2015-09-30": "-119.00000", "2015-06-30": "512.00000", "2015-03-31": "400.00000", "2014-12-31": "162.00000", "2014-09-30": "24.00000", "2014-06-30": "362.00000", "2014-03-31": "344.00000", "2013-12-31": "-292.00000", "2013-09-30": "-252.00000", "2013-06-30": "233.00000", "2013-03-31": "309.00000", "2012-12-31": "-39.00000", "2012-09-30": "-364.00000", "2012-06-30": "215.00000", "2012-03-31": "365.00000", "2011-12-31": "-183.00000", "2011-09-30": "-374.00000", "2011-06-30": "227.00000", "2011-03-31": "145.00000", "2010-12-31": "-303.00000", "2010-09-30": "-252.00000", "2010-06-30": "98.00000", "2010-03-31": "83.00000", "2009-12-31": "-107.00000", "2009-09-30": "-417.00000", "2009-06-30": "-245.00000", "2009-03-31": "-62.00000", "2008-12-31": "-304.00000", "2008-09-30": "-364.00000", "2008-06-30": "-97.00000", "2008-03-31": "-37.00000", "2007-12-31": "7.00000", "2007-09-30": "-274.00000", "2007-06-30": "-183.00000", "2007-03-31": "-71.00000", "2006-12-31": "215.00000", "2006-09-30": "14.00000", "2006-06-30": "-119.00000", "2006-03-31": "25.00000", "2005-12-31": "347.00000", "2005-09-30": "49.00000", "2005-06-30": "-96.00000", "2005-03-31": ""}, "Total Non-Operating Income/Expense": {"2020-12-31": "-6.00000", "2020-09-30": "-10.00000", "2020-06-30": "-3.00000", "2020-03-31": "13.00000", "2019-12-31": "13.00000", "2019-09-30": "16.00000", "2019-06-30": "21.00000", "2019-03-31": "23.00000", "2018-12-31": "23.00000", "2018-09-30": "18.00000", "2018-06-30": "19.00000", "2018-03-31": "1.00000", "2017-12-31": "5.00000", "2017-09-30": "3.00000", "2017-06-30": "6.00000", "2017-03-31": "-1.00000", "2016-12-31": "-2.00000", "2016-09-30": "-3.00000", "2016-06-30": "-8.00000", "2016-03-31": "-10.00000", "2015-12-31": "1.00000", "2015-09-30": "-9.00000", "2015-06-30": "-3.00000", "2015-03-31": "-3.00000", "2014-12-31": "-6.00000", "2014-09-30": "-6.00000", "2014-06-30": "-8.00000", "2014-03-31": "-7.00000", "2013-12-31": "-6.00000", "2013-09-30": "-8.00000", "2013-06-30": "-5.00000", "2013-03-31": "21.00000", "2012-12-31": "6.00000", "2012-09-30": "-4.00000", "2012-06-30": "-5.00000", "2012-03-31": "-4.00000", "2011-12-31": "-10.00000", "2011-09-30": "-6.00000", "2011-06-30": "3.00000", "2011-03-31": "4.00000", "2010-12-31": "", "2010-09-30": "34.00000", "2010-06-30": "-5.00000", "2010-03-31": "-3.00000", "2009-12-31": "-3.00000", "2009-09-30": "-1.00000", "2009-06-30": "-13.00000", "2009-03-31": "3.00000", "2008-12-31": "-13.00000", "2008-09-30": "-27.00000", "2008-06-30": "9.00000", "2008-03-31": "-99.00000", "2007-12-31": "20.00000", "2007-09-30": "32.00000", "2007-06-30": "27.00000", "2007-03-31": "29.00000", "2006-12-31": "25.00000", "2006-09-30": "24.00000", "2006-06-30": "21.00000", "2006-03-31": "14.00000", "2005-12-31": "20.00000", "2005-09-30": "13.00000", "2005-06-30": "17.00000", "2005-03-31": "12.00000"}, "Pre-Tax Income": {"2020-12-31": "245.00000", "2020-09-30": "139.00000", "2020-06-30": "468.00000", "2020-03-31": "414.00000", "2019-12-31": "374.00000", "2019-09-30": "284.00000", "2019-06-30": "436.00000", "2019-03-31": "219.00000", "2018-12-31": "265.00000", "2018-09-30": "276.00000", "2018-06-30": "319.00000", "2018-03-31": "754.00000", "2017-12-31": "-16.00000", "2017-09-30": "-38.00000", "2017-06-30": "749.00000", "2017-03-31": "716.00000", "2016-12-31": "-6.00000", "2016-09-30": "-52.00000", "2016-06-30": "552.00000", "2016-03-31": "526.00000", "2015-12-31": "-30.00000", "2015-09-30": "-128.00000", "2015-06-30": "509.00000", "2015-03-31": "397.00000", "2014-12-31": "156.00000", "2014-09-30": "18.00000", "2014-06-30": "354.00000", "2014-03-31": "337.00000", "2013-12-31": "-298.00000", "2013-09-30": "-260.00000", "2013-06-30": "228.00000", "2013-03-31": "330.00000", "2012-12-31": "-33.00000", "2012-09-30": "-368.00000", "2012-06-30": "210.00000", "2012-03-31": "361.00000", "2011-12-31": "-193.00000", "2011-09-30": "-380.00000", "2011-06-30": "230.00000", "2011-03-31": "149.00000", "2010-12-31": "-303.00000", "2010-09-30": "-218.00000", "2010-06-30": "93.00000", "2010-03-31": "80.00000", "2009-12-31": "-110.00000", "2009-09-30": "-418.00000", "2009-06-30": "-258.00000", "2009-03-31": "-59.00000", "2008-12-31": "-317.00000", "2008-09-30": "-391.00000", "2008-06-30": "-88.00000", "2008-03-31": "-136.00000", "2007-12-31": "27.00000", "2007-09-30": "-242.00000", "2007-06-30": "-156.00000", "2007-03-31": "-42.00000", "2006-12-31": "240.00000", "2006-09-30": "38.00000", "2006-06-30": "-98.00000", "2006-03-31": "39.00000", "2005-12-31": "367.00000", "2005-09-30": "62.00000", "2005-06-30": "-79.00000", "2005-03-31": "12.00000"}, "Income Taxes": {"2020-12-31": "34.00000", "2020-09-30": "-46.00000", "2020-06-30": "103.00000", "2020-03-31": "-4.00000", "2019-12-31": "28.00000", "2019-09-30": "-570.00000", "2019-06-30": "-985.00000", "2019-03-31": "10.00000", "2018-12-31": "3.00000", "2018-09-30": "21.00000", "2018-06-30": "26.00000", "2018-03-31": "147.00000", "2017-12-31": "170.00000", "2017-09-30": "-16.00000", "2017-06-30": "105.00000", "2017-03-31": "150.00000", "2016-12-31": "-5.00000", "2016-09-30": "-14.00000", "2016-06-30": "112.00000", "2016-03-31": "-373.00000", "2015-12-31": "15.00000", "2015-09-30": "12.00000", "2015-06-30": "67.00000", "2015-03-31": "2.00000", "2014-12-31": "14.00000", "2014-09-30": "15.00000", "2014-06-30": "19.00000", "2014-03-31": "-30.00000", "2013-12-31": "10.00000", "2013-09-30": "13.00000", "2013-06-30": "6.00000", "2013-03-31": "7.00000", "2012-12-31": "12.00000", "2012-09-30": "13.00000", "2012-06-30": "9.00000", "2012-03-31": "-39.00000", "2011-12-31": "12.00000", "2011-09-30": "-40.00000", "2011-06-30": "9.00000", "2011-03-31": "-2.00000", "2010-12-31": "19.00000", "2010-09-30": "-17.00000", "2010-06-30": "-3.00000", "2010-03-31": "50.00000", "2009-12-31": "-28.00000", "2009-09-30": "-27.00000", "2009-06-30": "-24.00000", "2009-03-31": "-17.00000", "2008-12-31": "324.00000", "2008-09-30": "-81.00000", "2008-06-30": "7.00000", "2008-03-31": "-42.00000", "2007-12-31": "60.00000", "2007-09-30": "-47.00000", "2007-06-30": "-24.00000", "2007-03-31": "-17.00000", "2006-12-31": "84.00000", "2006-09-30": "16.00000", "2006-06-30": "-17.00000", "2006-03-31": "55.00000", "2005-12-31": "106.00000", "2005-09-30": "9.00000", "2005-06-30": "-23.00000", "2005-03-31": "4.00000"}, "Income After Taxes": {"2020-12-31": "211.00000", "2020-09-30": "185.00000", "2020-06-30": "365.00000", "2020-03-31": "418.00000", "2019-12-31": "346.00000", "2019-09-30": "854.00000", "2019-06-30": "1421.00000", "2019-03-31": "209.00000", "2018-12-31": "262.00000", "2018-09-30": "255.00000", "2018-06-30": "293.00000", "2018-03-31": "607.00000", "2017-12-31": "-186.00000", "2017-09-30": "-22.00000", "2017-06-30": "644.00000", "2017-03-31": "566.00000", "2016-12-31": "-1.00000", "2016-09-30": "-38.00000", "2016-06-30": "440.00000", "2016-03-31": "899.00000", "2015-12-31": "-45.00000", "2015-09-30": "-140.00000", "2015-06-30": "442.00000", "2015-03-31": "395.00000", "2014-12-31": "142.00000", "2014-09-30": "3.00000", "2014-06-30": "335.00000", "2014-03-31": "367.00000", "2013-12-31": "-308.00000", "2013-09-30": "-273.00000", "2013-06-30": "222.00000", "2013-03-31": "323.00000", "2012-12-31": "-45.00000", "2012-09-30": "-381.00000", "2012-06-30": "201.00000", "2012-03-31": "400.00000", "2011-12-31": "-205.00000", "2011-09-30": "-340.00000", "2011-06-30": "221.00000", "2011-03-31": "151.00000", "2010-12-31": "-322.00000", "2010-09-30": "-201.00000", "2010-06-30": "96.00000", "2010-03-31": "30.00000", "2009-12-31": "-82.00000", "2009-09-30": "-391.00000", "2009-06-30": "-234.00000", "2009-03-31": "-42.00000", "2008-12-31": "-641.00000", "2008-09-30": "-310.00000", "2008-06-30": "-95.00000", "2008-03-31": "-94.00000", "2007-12-31": "-33.00000", "2007-09-30": "-195.00000", "2007-06-30": "-132.00000", "2007-03-31": "-25.00000", "2006-12-31": "156.00000", "2006-09-30": "22.00000", "2006-06-30": "-81.00000", "2006-03-31": "-16.00000", "2005-12-31": "261.00000", "2005-09-30": "53.00000", "2005-06-30": "-56.00000", "2005-03-31": "8.00000"}, "Other Income": {"2020-12-31": "", "2020-09-30": "", "2020-06-30": "", "2020-03-31": "", "2019-12-31": "", "2019-09-30": "", "2019-06-30": "", "2019-03-31": "", "2018-12-31": "", "2018-09-30": "", "2018-06-30": "", "2018-03-31": "", "2017-12-31": "", "2017-09-30": "", "2017-06-30": "", "2017-03-31": "", "2016-12-31": "", "2016-09-30": "", "2016-06-30": "", "2016-03-31": "", "2015-12-31": "", "2015-09-30": "", "2015-06-30": "", "2015-03-31": "", "2014-12-31": "", "2014-09-30": "", "2014-06-30": "", "2014-03-31": "", "2013-12-31": "", "2013-09-30": "", "2013-06-30": "", "2013-03-31": "", "2012-12-31": "", "2012-09-30": "", "2012-06-30": "", "2012-03-31": "", "2011-12-31": "", "2011-09-30": "", "2011-06-30": "", "2011-03-31": "", "2010-12-31": "", "2010-09-30": "", "2010-06-30": "", "2010-03-31": "", "2009-12-31": "", "2009-09-30": "", "2009-06-30": "", "2009-03-31": "", "2008-12-31": "", "2008-09-30": "", "2008-06-30": "", "2008-03-31": "", "2007-12-31": "", "2007-09-30": "", "2007-06-30": "", "2007-03-31": "", "2006-12-31": "", "2006-09-30": "", "2006-06-30": "", "2006-03-31": "", "2005-12-31": "", "2005-09-30": "", "2005-06-30": "", "2005-03-31": ""}, "Income From Continuous Operations": {"2020-12-31": "211.00000", "2020-09-30": "185.00000", "2020-06-30": "365.00000", "2020-03-31": "418.00000", "2019-12-31": "346.00000", "2019-09-30": "854.00000", "2019-06-30": "1421.00000", "2019-03-31": "209.00000", "2018-12-31": "262.00000", "2018-09-30": "255.00000", "2018-06-30": "293.00000", "2018-03-31": "607.00000", "2017-12-31": "-186.00000", "2017-09-30": "-22.00000", "2017-06-30": "644.00000", "2017-03-31": "566.00000", "2016-12-31": "-1.00000", "2016-09-30": "-38.00000", "2016-06-30": "440.00000", "2016-03-31": "899.00000", "2015-12-31": "-45.00000", "2015-09-30": "-140.00000", "2015-06-30": "442.00000", "2015-03-31": "395.00000", "2014-12-31": "142.00000", "2014-09-30": "3.00000", "2014-06-30": "335.00000", "2014-03-31": "367.00000", "2013-12-31": "-308.00000", "2013-09-30": "-273.00000", "2013-06-30": "222.00000", "2013-03-31": "323.00000", "2012-12-31": "-45.00000", "2012-09-30": "-381.00000", "2012-06-30": "201.00000", "2012-03-31": "400.00000", "2011-12-31": "-205.00000", "2011-09-30": "-340.00000", "2011-06-30": "221.00000", "2011-03-31": "151.00000", "2010-12-31": "-322.00000", "2010-09-30": "-201.00000", "2010-06-30": "96.00000", "2010-03-31": "30.00000", "2009-12-31": "-82.00000", "2009-09-30": "-391.00000", "2009-06-30": "-234.00000", "2009-03-31": "-42.00000", "2008-12-31": "-641.00000", "2008-09-30": "-310.00000", "2008-06-30": "-95.00000", "2008-03-31": "-94.00000", "2007-12-31": "-33.00000", "2007-09-30": "-195.00000", "2007-06-30": "-132.00000", "2007-03-31": "-25.00000", "2006-12-31": "160.00000", "2006-09-30": "22.00000", "2006-06-30": "-81.00000", "2006-03-31": "-16.00000", "2005-12-31": "259.00000", "2005-09-30": "51.00000", "2005-06-30": "-58.00000", "2005-03-31": "8.00000"}, "Income From Discontinued Operations": {"2020-12-31": "", "2020-09-30": "", "2020-06-30": "", "2020-03-31": "", "2019-12-31": "", "2019-09-30": "", "2019-06-30": "", "2019-03-31": "", "2018-12-31": "", "2018-09-30": "", "2018-06-30": "", "2018-03-31": "", "2017-12-31": "", "2017-09-30": "", "2017-06-30": "", "2017-03-31": "", "2016-12-31": "", "2016-09-30": "", "2016-06-30": "", "2016-03-31": "", "2015-12-31": "", "2015-09-30": "", "2015-06-30": "", "2015-03-31": "", "2014-12-31": "", "2014-09-30": "", "2014-06-30": "", "2014-03-31": "", "2013-12-31": "", "2013-09-30": "", "2013-06-30": "", "2013-03-31": "", "2012-12-31": "", "2012-09-30": "", "2012-06-30": "", "2012-03-31": "", "2011-12-31": "", "2011-09-30": "", "2011-06-30": "", "2011-03-31": "", "2010-12-31": "", "2010-09-30": "", "2010-06-30": "", "2010-03-31": "", "2009-12-31": "", "2009-09-30": "", "2009-06-30": "", "2009-03-31": "", "2008-12-31": "", "2008-09-30": "", "2008-06-30": "", "2008-03-31": "", "2007-12-31": "", "2007-09-30": "", "2007-06-30": "", "2007-03-31": "", "2006-12-31": "", "2006-09-30": "", "2006-06-30": "", "2006-03-31": "", "2005-12-31": "", "2005-09-30": "", "2005-06-30": "", "2005-03-31": ""}, "Net Income": {"2020-12-31": "211.00000", "2020-09-30": "185.00000", "2020-06-30": "365.00000", "2020-03-31": "418.00000", "2019-12-31": "346.00000", "2019-09-30": "854.00000", "2019-06-30": "1421.00000", "2019-03-31": "209.00000", "2018-12-31": "262.00000", "2018-09-30": "255.00000", "2018-06-30": "293.00000", "2018-03-31": "607.00000", "2017-12-31": "-186.00000", "2017-09-30": "-22.00000", "2017-06-30": "644.00000", "2017-03-31": "566.00000", "2016-12-31": "-1.00000", "2016-09-30": "-38.00000", "2016-06-30": "440.00000", "2016-03-31": "899.00000", "2015-12-31": "-45.00000", "2015-09-30": "-140.00000", "2015-06-30": "442.00000", "2015-03-31": "395.00000", "2014-12-31": "142.00000", "2014-09-30": "3.00000", "2014-06-30": "335.00000", "2014-03-31": "367.00000", "2013-12-31": "-308.00000", "2013-09-30": "-273.00000", "2013-06-30": "222.00000", "2013-03-31": "323.00000", "2012-12-31": "-45.00000", "2012-09-30": "-381.00000", "2012-06-30": "201.00000", "2012-03-31": "400.00000", "2011-12-31": "-205.00000", "2011-09-30": "-340.00000", "2011-06-30": "221.00000", "2011-03-31": "151.00000", "2010-12-31": "-322.00000", "2010-09-30": "-201.00000", "2010-06-30": "96.00000", "2010-03-31": "30.00000", "2009-12-31": "-82.00000", "2009-09-30": "-391.00000", "2009-06-30": "-234.00000", "2009-03-31": "-42.00000", "2008-12-31": "-641.00000", "2008-09-30": "-310.00000", "2008-06-30": "-95.00000", "2008-03-31": "-94.00000", "2007-12-31": "-33.00000", "2007-09-30": "-195.00000", "2007-06-30": "-132.00000", "2007-03-31": "-25.00000", "2006-12-31": "160.00000", "2006-09-30": "22.00000", "2006-06-30": "-81.00000", "2006-03-31": "-16.00000", "2005-12-31": "259.00000", "2005-09-30": "51.00000", "2005-06-30": "-58.00000", "2005-03-31": "8.00000"}, "EBITDA": {"2020-12-31": "", "2020-09-30": "189.00000", "2020-06-30": "508.00000", "2020-03-31": "440.00000", "2019-12-31": "400.00000", "2019-09-30": "303.00000", "2019-06-30": "452.00000", "2019-03-31": "233.00000", "2018-12-31": "276.00000", "2018-09-30": "294.00000", "2018-06-30": "338.00000", "2018-03-31": "792.00000", "2017-12-31": "13.00000", "2017-09-30": "-9.00000", "2017-06-30": "774.00000", "2017-03-31": "749.00000", "2016-12-31": "45.00000", "2016-09-30": "-4.00000", "2016-06-30": "606.00000", "2016-03-31": "584.00000", "2015-12-31": "19.00000", "2015-09-30": "-69.00000", "2015-06-30": "561.00000", "2015-03-31": "455.00000", "2014-12-31": "215.00000", "2014-09-30": "80.00000", "2014-06-30": "418.00000", "2014-03-31": "401.00000", "2013-12-31": "-234.00000", "2013-09-30": "-196.00000", "2013-06-30": "289.00000", "2013-03-31": "395.00000", "2012-12-31": "27.00000", "2012-09-30": "-308.00000", "2012-06-30": "271.00000", "2012-03-31": "433.00000", "2011-12-31": "-129.00000", "2011-09-30": "-323.00000", "2011-06-30": "270.00000", "2011-03-31": "187.00000", "2010-12-31": "-259.00000", "2010-09-30": "-206.00000", "2010-06-30": "146.00000", "2010-03-31": "133.00000", "2009-12-31": "-59.00000", "2009-09-30": "-371.00000", "2009-06-30": "-197.00000", "2009-03-31": "-16.00000", "2008-12-31": "112.00000", "2008-09-30": "-310.00000", "2008-06-30": "-47.00000", "2008-03-31": "12.00000", "2007-12-31": "49.00000", "2007-09-30": "-237.00000", "2007-06-30": "-147.00000", "2007-03-31": "-34.00000", "2006-12-31": "253.00000", "2006-09-30": "51.00000", "2006-06-30": "-84.00000", "2006-03-31": "52.00000", "2005-12-31": "369.00000", "2005-09-30": "72.00000", "2005-06-30": "-73.00000", "2005-03-31": "22.00000"}, "EBIT": {"2020-12-31": "251.00000", "2020-09-30": "149.00000", "2020-06-30": "471.00000", "2020-03-31": "401.00000", "2019-12-31": "361.00000", "2019-09-30": "268.00000", "2019-06-30": "415.00000", "2019-03-31": "196.00000", "2018-12-31": "242.00000", "2018-09-30": "258.00000", "2018-06-30": "300.00000", "2018-03-31": "753.00000", "2017-12-31": "-21.00000", "2017-09-30": "-41.00000", "2017-06-30": "743.00000", "2017-03-31": "717.00000", "2016-12-31": "-4.00000", "2016-09-30": "-49.00000", "2016-06-30": "560.00000", "2016-03-31": "536.00000", "2015-12-31": "-31.00000", "2015-09-30": "-119.00000", "2015-06-30": "512.00000", "2015-03-31": "400.00000", "2014-12-31": "162.00000", "2014-09-30": "24.00000", "2014-06-30": "362.00000", "2014-03-31": "344.00000", "2013-12-31": "-292.00000", "2013-09-30": "-252.00000", "2013-06-30": "233.00000", "2013-03-31": "309.00000", "2012-12-31": "-39.00000", "2012-09-30": "-364.00000", "2012-06-30": "215.00000", "2012-03-31": "365.00000", "2011-12-31": "-183.00000", "2011-09-30": "-374.00000", "2011-06-30": "227.00000", "2011-03-31": "145.00000", "2010-12-31": "-303.00000", "2010-09-30": "-252.00000", "2010-06-30": "98.00000", "2010-03-31": "83.00000", "2009-12-31": "-107.00000", "2009-09-30": "-417.00000", "2009-06-30": "-245.00000", "2009-03-31": "-62.00000", "2008-12-31": "-304.00000", "2008-09-30": "-364.00000", "2008-06-30": "-97.00000", "2008-03-31": "-37.00000", "2007-12-31": "7.00000", "2007-09-30": "-274.00000", "2007-06-30": "-183.00000", "2007-03-31": "-71.00000", "2006-12-31": "215.00000", "2006-09-30": "14.00000", "2006-06-30": "-119.00000", "2006-03-31": "25.00000", "2005-12-31": "347.00000", "2005-09-30": "49.00000", "2005-06-30": "-96.00000", "2005-03-31": ""}, "Basic Shares Outstanding": {"2020-12-31": "290.00000", "2020-09-30": "289.00000", "2020-06-30": "288.00000", "2020-03-31": "293.00000", "2019-12-31": "292.00000", "2019-09-30": "295.00000", "2019-06-30": "297.00000", "2019-03-31": "303.00000", "2018-12-31": "302.00000", "2018-09-30": "305.00000", "2018-06-30": "306.00000", "2018-03-31": "308.00000", "2017-12-31": "308.00000", "2017-09-30": "309.00000", "2017-06-30": "309.00000", "2017-03-31": "303.00000", "2016-12-31": "303.00000", "2016-09-30": "301.00000", "2016-06-30": "301.00000", "2016-03-31": "310.00000", "2015-12-31": "311.00000", "2015-09-30": "312.00000", "2015-06-30": "311.00000", "2015-03-31": "311.00000", "2014-12-31": "311.00000", "2014-09-30": "313.00000", "2014-06-30": "313.00000", "2014-03-31": "308.00000", "2013-12-31": "309.00000", "2013-09-30": "308.00000", "2013-06-30": "304.00000", "2013-03-31": "310.00000", "2012-12-31": "304.00000", "2012-09-30": "316.00000", "2012-06-30": "317.00000", "2012-03-31": "331.00000", "2011-12-31": "332.00000", "2011-09-30": "331.00000", "2011-06-30": "331.00000", "2011-03-31": "330.00000", "2010-12-31": "332.00000", "2010-09-30": "329.00000", "2010-06-30": "328.00000", "2010-03-31": "325.00000", "2009-12-31": "325.00000", "2009-09-30": "324.00000", "2009-06-30": "323.00000", "2009-03-31": "320.00000", "2008-12-31": "321.00000", "2008-09-30": "319.00000", "2008-06-30": "318.00000", "2008-03-31": "314.00000", "2007-12-31": "315.00000", "2007-09-30": "313.00000", "2007-06-30": "311.00000", "2007-03-31": "308.00000", "2006-12-31": "309.00000", "2006-09-30": "307.00000", "2006-06-30": "306.00000", "2006-03-31": "304.00000", "2005-12-31": "301.00000", "2005-09-30": "302.00000", "2005-06-30": "308.00000", "2005-03-31": "305.00000"}, "Shares Outstanding": {"2020-12-31": "292.00000", "2020-09-30": "293.00000", "2020-06-30": "292.00000", "2020-03-31": "295.00000", "2019-12-31": "294.00000", "2019-09-30": "296.00000", "2019-06-30": "299.00000", "2019-03-31": "306.00000", "2018-12-31": "304.00000", "2018-09-30": "307.00000", "2018-06-30": "310.00000", "2018-03-31": "312.00000", "2017-12-31": "308.00000", "2017-09-30": "309.00000", "2017-06-30": "313.00000", "2017-03-31": "314.00000", "2016-12-31": "303.00000", "2016-09-30": "301.00000", "2016-06-30": "315.00000", "2016-03-31": "330.00000", "2015-12-31": "311.00000", "2015-09-30": "312.00000", "2015-06-30": "335.00000", "2015-03-31": "325.00000", "2014-12-31": "323.00000", "2014-09-30": "322.00000", "2014-06-30": "322.00000", "2014-03-31": "316.00000", "2013-12-31": "309.00000", "2013-09-30": "308.00000", "2013-06-30": "312.00000", "2013-03-31": "313.00000", "2012-12-31": "304.00000", "2012-09-30": "316.00000", "2012-06-30": "320.00000", "2012-03-31": "336.00000", "2011-12-31": "332.00000", "2011-09-30": "331.00000", "2011-06-30": "337.00000", "2011-03-31": "330.00000", "2010-12-31": "332.00000", "2010-09-30": "329.00000", "2010-06-30": "332.00000", "2010-03-31": "325.00000", "2009-12-31": "325.00000", "2009-09-30": "324.00000", "2009-06-30": "323.00000", "2009-03-31": "320.00000", "2008-12-31": "321.00000", "2008-09-30": "319.00000", "2008-06-30": "318.00000", "2008-03-31": "314.00000", "2007-12-31": "315.00000", "2007-09-30": "313.00000", "2007-06-30": "311.00000", "2007-03-31": "317.00000", "2006-12-31": "319.00000", "2006-09-30": "315.00000", "2006-06-30": "306.00000", "2006-03-31": "314.00000", "2005-12-31": "311.00000", "2005-09-30": "314.00000", "2005-06-30": "308.00000", "2005-03-31": "318.00000"}, "Basic EPS": {"2020-12-31": "0.73000", "2020-09-30": "0.64000", "2020-06-30": "1.27000", "2020-03-31": "1.52000", "2019-12-31": "1.18000", "2019-09-30": "2.89000", "2019-06-30": "4.78000", "2019-03-31": "0.69000", "2018-12-31": "0.87000", "2018-09-30": "0.84000", "2018-06-30": "0.96000", "2018-03-31": "1.98000", "2017-12-31": "-0.60000", "2017-09-30": "-0.07000", "2017-06-30": "2.08000", "2017-03-31": "1.86000", "2016-12-31": "0.00000", "2016-09-30": "-0.13000", "2016-06-30": "1.46000", "2016-03-31": "2.90000", "2015-12-31": "-0.14000", "2015-09-30": "-0.45000", "2015-06-30": "1.42000", "2015-03-31": "1.27000", "2014-12-31": "0.46000", "2014-09-30": "0.01000", "2014-06-30": "1.07000", "2014-03-31": "1.19000", "2013-12-31": "-1.00000", "2013-09-30": "-0.89000", "2013-06-30": "0.73000", "2013-03-31": "1.05000", "2012-12-31": "-0.15000", "2012-09-30": "-1.21000", "2012-06-30": "0.63000", "2012-03-31": "1.21000", "2011-12-31": "-0.62000", "2011-09-30": "-1.03000", "2011-06-30": "0.67000", "2011-03-31": "0.45000", "2010-12-31": "-0.97000", "2010-09-30": "-0.61000", "2010-06-30": "0.29000", "2010-03-31": "0.10000", "2009-12-31": "-0.25000", "2009-09-30": "-1.21000", "2009-06-30": "-0.72000", "2009-03-31": "-0.13000", "2008-12-31": "-2.00000", "2008-09-30": "-0.97000", "2008-06-30": "-0.30000", "2008-03-31": "-0.31000", "2007-12-31": "-0.10000", "2007-09-30": "-0.62000", "2007-06-30": "-0.42000", "2007-03-31": "-0.08000", "2006-12-31": "0.52000", "2006-09-30": "0.07000", "2006-06-30": "-0.26000", "2006-03-31": "-0.06000", "2005-12-31": "0.86000", "2005-09-30": "0.17000", "2005-06-30": "-0.19000", "2005-03-31": "0.02000"}, "EPS - Earnings Per Share": {"2020-12-31": "0.72000", "2020-09-30": "0.63000", "2020-06-30": "1.25000", "2020-03-31": "1.48000", "2019-12-31": "1.18000", "2019-09-30": "2.89000", "2019-06-30": "4.75000", "2019-03-31": "0.69000", "2018-12-31": "0.86000", "2018-09-30": "0.83000", "2018-06-30": "0.95000", "2018-03-31": "1.95000", "2017-12-31": "-0.60000", "2017-09-30": "-0.07000", "2017-06-30": "2.06000", "2017-03-31": "1.81000", "2016-12-31": "0.00000", "2016-09-30": "-0.13000", "2016-06-30": "1.40000", "2016-03-31": "2.77000", "2015-12-31": "-0.14000", "2015-09-30": "-0.45000", "2015-06-30": "1.32000", "2015-03-31": "1.20000", "2014-12-31": "0.44000", "2014-09-30": "0.01000", "2014-06-30": "1.04000", "2014-03-31": "1.21000", "2013-12-31": "-1.00000", "2013-09-30": "-0.89000", "2013-06-30": "0.71000", "2013-03-31": "1.04000", "2012-12-31": "-0.15000", "2012-09-30": "-1.21000", "2012-06-30": "0.63000", "2012-03-31": "1.22000", "2011-12-31": "-0.62000", "2011-09-30": "-1.03000", "2011-06-30": "0.66000", "2011-03-31": "0.45000", "2010-12-31": "-0.97000", "2010-09-30": "-0.61000", "2010-06-30": "0.29000", "2010-03-31": "0.10000", "2009-12-31": "-0.25000", "2009-09-30": "-1.21000", "2009-06-30": "-0.72000", "2009-03-31": "-0.13000", "2008-12-31": "-2.00000", "2008-09-30": "-0.97000", "2008-06-30": "-0.30000", "2008-03-31": "-0.31000", "2007-12-31": "-0.10000", "2007-09-30": "-0.62000", "2007-06-30": "-0.42000", "2007-03-31": "-0.07000", "2006-12-31": "0.50000", "2006-09-30": "0.07000", "2006-06-30": "-0.26000", "2006-03-31": "-0.05000", "2005-12-31": "0.83000", "2005-09-30": "0.16000", "2005-06-30": "-0.19000", "2005-03-31": "0.02000"}}, "balance sheet": {"Cash On Hand": {"2020-03-31": "5735.00000", "2019-03-31": "5445.00000", "2018-03-31": "5331.00000", "2017-03-31": "4532.00000", "2016-03-31": "3834.00000", "2015-03-31": "3021.00000", "2014-03-31": "2365.00000", "2013-03-31": "1680.00000", "2012-03-31": "1849.00000", "2011-03-31": "2237.00000", "2010-03-31": "1996.00000", "2009-03-31": "2520.00000", "2008-03-31": "3016.00000", "2007-03-31": "2976.00000", "2006-03-31": "2432.00000", "2005-03-31": "3098.00000"}, "Receivables": {"2020-03-31": "461.00000", "2019-03-31": "623.00000", "2018-03-31": "385.00000", "2017-03-31": "359.00000", "2016-03-31": "233.00000", "2015-03-31": "362.00000", "2014-03-31": "327.00000", "2013-03-31": "312.00000", "2012-03-31": "366.00000", "2011-03-31": "335.00000", "2010-03-31": "206.00000", "2009-03-31": "116.00000", "2008-03-31": "306.00000", "2007-03-31": "256.00000", "2006-03-31": "199.00000", "2005-03-31": "296.00000"}, "Inventory": {"2020-03-31": "", "2019-03-31": "", "2018-03-31": "", "2017-03-31": "", "2016-03-31": "", "2015-03-31": "36.00000", "2014-03-31": "56.00000", "2013-03-31": "42.00000", "2012-03-31": "59.00000", "2011-03-31": "77.00000", "2010-03-31": "100.00000", "2009-03-31": "217.00000", "2008-03-31": "168.00000", "2007-03-31": "62.00000", "2006-03-31": "61.00000", "2005-03-31": "62.00000"}, "Pre-Paid Expenses": {"2020-03-31": "", "2019-03-31": "", "2018-03-31": "", "2017-03-31": "", "2016-03-31": "", "2015-03-31": "", "2014-03-31": "", "2013-03-31": "", "2012-03-31": "", "2011-03-31": "", "2010-03-31": "", "2009-03-31": "", "2008-03-31": "", "2007-03-31": "", "2006-03-31": "", "2005-03-31": ""}, "Other Current Assets": {"2020-03-31": "321.00000", "2019-03-31": "313.00000", "2018-03-31": "288.00000", "2017-03-31": "308.00000", "2016-03-31": "287.00000", "2015-03-31": "247.00000", "2014-03-31": "316.00000", "2013-03-31": "239.00000", "2012-03-31": "268.00000", "2011-03-31": "327.00000", "2010-03-31": "239.00000", "2009-03-31": "216.00000", "2008-03-31": "290.00000", "2007-03-31": "219.00000", "2006-03-31": "234.00000", "2005-03-31": "164.00000"}, "Total Current Assets": {"2020-03-31": "6517.00000", "2019-03-31": "6381.00000", "2018-03-31": "6004.00000", "2017-03-31": "5199.00000", "2016-03-31": "4354.00000", "2015-03-31": "3720.00000", "2014-03-31": "3138.00000", "2013-03-31": "2325.00000", "2012-03-31": "2609.00000", "2011-03-31": "3032.00000", "2010-03-31": "2585.00000", "2009-03-31": "3120.00000", "2008-03-31": "3925.00000", "2007-03-31": "3597.00000", "2006-03-31": "3012.00000", "2005-03-31": "3706.00000"}, "Property, Plant, And Equipment": {"2020-03-31": "449.00000", "2019-03-31": "448.00000", "2018-03-31": "453.00000", "2017-03-31": "434.00000", "2016-03-31": "439.00000", "2015-03-31": "459.00000", "2014-03-31": "510.00000", "2013-03-31": "548.00000", "2012-03-31": "568.00000", "2011-03-31": "513.00000", "2010-03-31": "537.00000", "2009-03-31": "354.00000", "2008-03-31": "396.00000", "2007-03-31": "484.00000", "2006-03-31": "392.00000", "2005-03-31": "353.00000"}, "Long-Term Investments": {"2020-03-31": "", "2019-03-31": "", "2018-03-31": "", "2017-03-31": "", "2016-03-31": "", "2015-03-31": "", "2014-03-31": "", "2013-03-31": "", "2012-03-31": "", "2011-03-31": "", "2010-03-31": "", "2009-03-31": "", "2008-03-31": "", "2007-03-31": "", "2006-03-31": "11.00000", "2005-03-31": "10.00000"}, "Goodwill And Intangible Assets": {"2020-03-31": "1938.00000", "2019-03-31": "1979.00000", "2018-03-31": "1954.00000", "2017-03-31": "1715.00000", "2016-03-31": "1767.00000", "2015-03-31": "1824.00000", "2014-03-31": "1900.00000", "2013-03-31": "1974.00000", "2012-03-31": "2087.00000", "2011-03-31": "1254.00000", "2010-03-31": "1297.00000", "2009-03-31": "1028.00000", "2008-03-31": "1417.00000", "2007-03-31": "944.00000", "2006-03-31": "879.00000", "2005-03-31": "189.00000"}, "Other Long-Term Assets": {"2020-03-31": "305.00000", "2019-03-31": "114.00000", "2018-03-31": "89.00000", "2017-03-31": "84.00000", "2016-03-31": "103.00000", "2015-03-31": "131.00000", "2014-03-31": "140.00000", "2013-03-31": "170.00000", "2012-03-31": "185.00000", "2011-03-31": "80.00000", "2010-03-31": "175.00000", "2009-03-31": "115.00000", "2008-03-31": "157.00000", "2007-03-31": "96.00000", "2006-03-31": "92.00000", "2005-03-31": "93.00000"}, "Total Long-Term Assets": {"2020-03-31": "4595.00000", "2019-03-31": "2576.00000", "2018-03-31": "2580.00000", "2017-03-31": "2519.00000", "2016-03-31": "2696.00000", "2015-03-31": "2427.00000", "2014-03-31": "2578.00000", "2013-03-31": "2745.00000", "2012-03-31": "2882.00000", "2011-03-31": "1896.00000", "2010-03-31": "2061.00000", "2009-03-31": "1558.00000", "2008-03-31": "2134.00000", "2007-03-31": "1549.00000", "2006-03-31": "1374.00000", "2005-03-31": "664.00000"}, "Total Assets": {"2020-03-31": "11112.00000", "2019-03-31": "8957.00000", "2018-03-31": "8584.00000", "2017-03-31": "7718.00000", "2016-03-31": "7050.00000", "2015-03-31": "6147.00000", "2014-03-31": "5716.00000", "2013-03-31": "5070.00000", "2012-03-31": "5491.00000", "2011-03-31": "4928.00000", "2010-03-31": "4646.00000", "2009-03-31": "4678.00000", "2008-03-31": "6059.00000", "2007-03-31": "5146.00000", "2006-03-31": "4386.00000", "2005-03-31": "4370.00000"}, "Total Current Liabilities": {"2020-03-31": "2664.00000", "2019-03-31": "2265.00000", "2018-03-31": "2491.00000", "2017-03-31": "2415.00000", "2016-03-31": "2418.00000", "2015-03-31": "2747.00000", "2014-03-31": "2390.00000", "2013-03-31": "1917.00000", "2012-03-31": "2120.00000", "2011-03-31": "2001.00000", "2010-03-31": "1574.00000", "2009-03-31": "1136.00000", "2008-03-31": "1299.00000", "2007-03-31": "1026.00000", "2006-03-31": "869.00000", "2005-03-31": "807.00000"}, "Long Term Debt": {"2020-03-31": "397.00000", "2019-03-31": "994.00000", "2018-03-31": "992.00000", "2017-03-31": "990.00000", "2016-03-31": "991.00000", "2015-03-31": "31.00000", "2014-03-31": "580.00000", "2013-03-31": "559.00000", "2012-03-31": "539.00000", "2011-03-31": "", "2010-03-31": "", "2009-03-31": "", "2008-03-31": "", "2007-03-31": "", "2006-03-31": "", "2005-03-31": ""}, "Other Non-Current Liabilities": {"2020-03-31": "589.00000", "2019-03-31": "365.00000", "2018-03-31": "505.00000", "2017-03-31": "252.00000", "2016-03-31": "243.00000", "2015-03-31": "253.00000", "2014-03-31": "306.00000", "2013-03-31": "326.00000", "2012-03-31": "366.00000", "2011-03-31": "326.00000", "2010-03-31": "341.00000", "2009-03-31": "366.00000", "2008-03-31": "416.00000", "2007-03-31": "80.00000", "2006-03-31": "68.00000", "2005-03-31": "54.00000"}, "Total Long Term Liabilities": {"2020-03-31": "987.00000", "2019-03-31": "1361.00000", "2018-03-31": "1498.00000", "2017-03-31": "1243.00000", "2016-03-31": "1236.00000", "2015-03-31": "364.00000", "2014-03-31": "904.00000", "2013-03-31": "886.00000", "2012-03-31": "913.00000", "2011-03-31": "363.00000", "2010-03-31": "343.00000", "2009-03-31": "408.00000", "2008-03-31": "421.00000", "2007-03-31": "88.00000", "2006-03-31": "109.00000", "2005-03-31": "65.00000"}, "Total Liabilities": {"2020-03-31": "3651.00000", "2019-03-31": "3626.00000", "2018-03-31": "3989.00000", "2017-03-31": "3658.00000", "2016-03-31": "3654.00000", "2015-03-31": "3111.00000", "2014-03-31": "3294.00000", "2013-03-31": "2803.00000", "2012-03-31": "3033.00000", "2011-03-31": "2364.00000", "2010-03-31": "1917.00000", "2009-03-31": "1544.00000", "2008-03-31": "1720.00000", "2007-03-31": "1114.00000", "2006-03-31": "978.00000", "2005-03-31": "872.00000"}, "Common Stock Net": {"2020-03-31": "3.00000", "2019-03-31": "3.00000", "2018-03-31": "3.00000", "2017-03-31": "3.00000", "2016-03-31": "3.00000", "2015-03-31": "3.00000", "2014-03-31": "3.00000", "2013-03-31": "3.00000", "2012-03-31": "3.00000", "2011-03-31": "3.00000", "2010-03-31": "3.00000", "2009-03-31": "3.00000", "2008-03-31": "3.00000", "2007-03-31": "3.00000", "2006-03-31": "3.00000", "2005-03-31": "3.00000"}, "Retained Earnings (Accumulated Deficit)": {"2020-03-31": "7508.00000", "2019-03-31": "5358.00000", "2018-03-31": "4062.00000", "2017-03-31": "3027.00000", "2016-03-31": "2060.00000", "2015-03-31": "904.00000", "2014-03-31": "29.00000", "2013-03-31": "21.00000", "2012-03-31": "-77.00000", "2011-03-31": "-153.00000", "2010-03-31": "123.00000", "2009-03-31": "800.00000", "2008-03-31": "1888.00000", "2007-03-31": "2323.00000", "2006-03-31": "2241.00000", "2005-03-31": "2005.00000"}, "Comprehensive Income": {"2020-03-31": "-50.00000", "2019-03-31": "-30.00000", "2018-03-31": "-127.00000", "2017-03-31": "-19.00000", "2016-03-31": "-16.00000", "2015-03-31": "2.00000", "2014-03-31": "37.00000", "2013-03-31": "69.00000", "2012-03-31": "173.00000", "2011-03-31": "219.00000", "2010-03-31": "228.00000", "2009-03-31": "189.00000", "2008-03-31": "584.00000", "2007-03-31": "294.00000", "2006-03-31": "83.00000", "2005-03-31": "56.00000"}, "Other Share Holders Equity": {"2020-03-31": "", "2019-03-31": "", "2018-03-31": "", "2017-03-31": "", "2016-03-31": "", "2015-03-31": "", "2014-03-31": "", "2013-03-31": "", "2012-03-31": "", "2011-03-31": "", "2010-03-31": "", "2009-03-31": "", "2008-03-31": "", "2007-03-31": "", "2006-03-31": "", "2005-03-31": ""}, "Share Holder Equity": {"2020-03-31": "7461.00000", "2019-03-31": "5331.00000", "2018-03-31": "4595.00000", "2017-03-31": "4060.00000", "2016-03-31": "3396.00000", "2015-03-31": "3036.00000", "2014-03-31": "2422.00000", "2013-03-31": "2267.00000", "2012-03-31": "2458.00000", "2011-03-31": "2564.00000", "2010-03-31": "2729.00000", "2009-03-31": "3134.00000", "2008-03-31": "4339.00000", "2007-03-31": "4032.00000", "2006-03-31": "3408.00000", "2005-03-31": "3498.00000"}, "Total Liabilities And Share Holders Equity": {"2020-03-31": "11112.00000", "2019-03-31": "8957.00000", "2018-03-31": "8584.00000", "2017-03-31": "7718.00000", "2016-03-31": "7050.00000", "2015-03-31": "6147.00000", "2014-03-31": "5716.00000", "2013-03-31": "5070.00000", "2012-03-31": "5491.00000", "2011-03-31": "4928.00000", "2010-03-31": "4646.00000", "2009-03-31": "4678.00000", "2008-03-31": "6059.00000", "2007-03-31": "5146.00000", "2006-03-31": "4386.00000", "2005-03-31": "4370.00000"}}, "balance sheet, quarterly": {"Cash On Hand": {"2020-12-31": "6710.00000", "2020-09-30": "6031.00000", "2020-06-30": "5960.00000", "2020-03-31": "5735.00000", "2019-12-31": "5602.00000", "2019-09-30": "4883.00000", "2019-06-30": "5187.00000", "2019-03-31": "5445.00000", "2018-12-31": "5161.00000", "2018-09-30": "4545.00000", "2018-06-30": "4971.00000", "2018-03-31": "5331.00000", "2017-12-31": "4884.00000", "2017-09-30": "4355.00000", "2017-06-30": "4470.00000", "2017-03-31": "4532.00000", "2016-12-31": "4219.00000", "2016-09-30": "3266.00000", "2016-06-30": "3427.00000", "2016-03-31": "3834.00000", "2015-12-31": "3229.00000", "2015-09-30": "2588.00000", "2015-06-30": "2879.00000", "2015-03-31": "3021.00000", "2014-12-31": "2940.00000", "2014-09-30": "2388.00000", "2014-06-30": "2316.00000", "2014-03-31": "2365.00000", "2013-12-31": "2070.00000", "2013-09-30": "1418.00000", "2013-06-30": "1411.00000", "2013-03-31": "1680.00000", "2012-12-31": "1492.00000", "2012-09-30": "1315.00000", "2012-06-30": "1439.00000", "2012-03-31": "1849.00000", "2011-12-31": "1791.00000", "2011-09-30": "1499.00000", "2011-06-30": "1848.00000", "2011-03-31": "2237.00000", "2010-12-31": "1971.00000", "2010-09-30": "1657.00000", "2010-06-30": "1730.00000", "2010-03-31": "1996.00000", "2009-12-31": "1784.00000", "2009-09-30": "2012.00000", "2009-06-30": "2279.00000", "2009-03-31": "2520.00000", "2008-12-31": "2261.00000", "2008-09-30": "2465.00000", "2008-06-30": "2679.00000", "2008-03-31": "3016.00000", "2007-12-31": "3420.00000", "2007-09-30": "2892.00000", "2007-06-30": "2849.00000", "2007-03-31": "2976.00000", "2006-12-31": "2646.00000", "2006-09-30": "2376.00000", "2006-06-30": "2397.00000", "2006-03-31": "2432.00000", "2005-12-31": "2723.00000", "2005-09-30": "2412.00000", "2005-06-30": "2749.00000", "2005-03-31": "3098.00000"}, "Receivables": {"2020-12-31": "778.00000", "2020-09-30": "423.00000", "2020-06-30": "507.00000", "2020-03-31": "461.00000", "2019-12-31": "798.00000", "2019-09-30": "856.00000", "2019-06-30": "329.00000", "2019-03-31": "623.00000", "2018-12-31": "806.00000", "2018-09-30": "966.00000", "2018-06-30": "371.00000", "2018-03-31": "385.00000", "2017-12-31": "886.00000", "2017-09-30": "812.00000", "2017-06-30": "222.00000", "2017-03-31": "359.00000", "2016-12-31": "587.00000", "2016-09-30": "723.00000", "2016-06-30": "246.00000", "2016-03-31": "233.00000", "2015-12-31": "621.00000", "2015-09-30": "737.00000", "2015-06-30": "144.00000", "2015-03-31": "362.00000", "2014-12-31": "488.00000", "2014-09-30": "829.00000", "2014-06-30": "219.00000", "2014-03-31": "327.00000", "2013-12-31": "526.00000", "2013-09-30": "594.00000", "2013-06-30": "120.00000", "2013-03-31": "312.00000", "2012-12-31": "382.00000", "2012-09-30": "643.00000", "2012-06-30": "111.00000", "2012-03-31": "366.00000", "2011-12-31": "526.00000", "2011-09-30": "562.00000", "2011-06-30": "30.00000", "2011-03-31": "335.00000", "2010-12-31": "390.00000", "2010-09-30": "444.00000", "2010-06-30": "103.00000", "2010-03-31": "206.00000", "2009-12-31": "495.00000", "2009-09-30": "646.00000", "2009-06-30": "375.00000", "2009-03-31": "116.00000", "2008-12-31": "794.00000", "2008-09-30": "547.00000", "2008-06-30": "269.00000", "2008-03-31": "306.00000", "2007-12-31": "830.00000", "2007-09-30": "424.00000", "2007-06-30": "123.00000", "2007-03-31": "256.00000", "2006-12-31": "551.00000", "2006-09-30": "267.00000", "2006-06-30": "41.00000", "2006-03-31": "199.00000", "2005-12-31": "567.00000", "2005-09-30": "328.00000", "2005-06-30": "167.00000", "2005-03-31": "296.00000"}, "Inventory": {"2020-12-31": "", "2020-09-30": "", "2020-06-30": "", "2020-03-31": "", "2019-12-31": "", "2019-09-30": "", "2019-06-30": "", "2019-03-31": "", "2018-12-31": "", "2018-09-30": "", "2018-06-30": "", "2018-03-31": "", "2017-12-31": "", "2017-09-30": "", "2017-06-30": "", "2017-03-31": "", "2016-12-31": "35.00000", "2016-09-30": "50.00000", "2016-06-30": "26.00000", "2016-03-31": "", "2015-12-31": "42.00000", "2015-09-30": "62.00000", "2015-06-30": "34.00000", "2015-03-31": "36.00000", "2014-12-31": "39.00000", "2014-09-30": "67.00000", "2014-06-30": "37.00000", "2014-03-31": "56.00000", "2013-12-31": "55.00000", "2013-09-30": "58.00000", "2013-06-30": "41.00000", "2013-03-31": "42.00000", "2012-12-31": "59.00000", "2012-09-30": "71.00000", "2012-06-30": "60.00000", "2012-03-31": "59.00000", "2011-12-31": "69.00000", "2011-09-30": "90.00000", "2011-06-30": "75.00000", "2011-03-31": "77.00000", "2010-12-31": "105.00000", "2010-09-30": "155.00000", "2010-06-30": "82.00000", "2010-03-31": "100.00000", "2009-12-31": "144.00000", "2009-09-30": "250.00000", "2009-06-30": "215.00000", "2009-03-31": "217.00000", "2008-12-31": "295.00000", "2008-09-30": "328.00000", "2008-06-30": "223.00000", "2008-03-31": "168.00000", "2007-12-31": "178.00000", "2007-09-30": "103.00000", "2007-06-30": "74.00000", "2007-03-31": "62.00000", "2006-12-31": "72.00000", "2006-09-30": "67.00000", "2006-06-30": "59.00000", "2006-03-31": "61.00000", "2005-12-31": "76.00000", "2005-09-30": "74.00000", "2005-06-30": "66.00000", "2005-03-31": "62.00000"}, "Pre-Paid Expenses": {"2020-12-31": "", "2020-09-30": "", "2020-06-30": "", "2020-03-31": "", "2019-12-31": "", "2019-09-30": "", "2019-06-30": "", "2019-03-31": "", "2018-12-31": "", "2018-09-30": "", "2018-06-30": "", "2018-03-31": "", "2017-12-31": "", "2017-09-30": "", "2017-06-30": "", "2017-03-31": "", "2016-12-31": "", "2016-09-30": "", "2016-06-30": "", "2016-03-31": "", "2015-12-31": "", "2015-09-30": "", "2015-06-30": "", "2015-03-31": "", "2014-12-31": "", "2014-09-30": "", "2014-06-30": "", "2014-03-31": "", "2013-12-31": "", "2013-09-30": "", "2013-06-30": "", "2013-03-31": "", "2012-12-31": "", "2012-09-30": "", "2012-06-30": "", "2012-03-31": "", "2011-12-31": "", "2011-09-30": "", "2011-06-30": "", "2011-03-31": "", "2010-12-31": "", "2010-09-30": "", "2010-06-30": "", "2010-03-31": "", "2009-12-31": "", "2009-09-30": "", "2009-06-30": "", "2009-03-31": "", "2008-12-31": "", "2008-09-30": "", "2008-06-30": "", "2008-03-31": "", "2007-12-31": "", "2007-09-30": "", "2007-06-30": "", "2007-03-31": "", "2006-12-31": "", "2006-09-30": "", "2006-06-30": "", "2006-03-31": "", "2005-12-31": "", "2005-09-30": "", "2005-06-30": "", "2005-03-31": ""}, "Other Current Assets": {"2020-12-31": "233.00000", "2020-09-30": "376.00000", "2020-06-30": "223.00000", "2020-03-31": "321.00000", "2019-12-31": "229.00000", "2019-09-30": "301.00000", "2019-06-30": "284.00000", "2019-03-31": "313.00000", "2018-12-31": "280.00000", "2018-09-30": "292.00000", "2018-06-30": "282.00000", "2018-03-31": "288.00000", "2017-12-31": "196.00000", "2017-09-30": "248.00000", "2017-06-30": "210.00000", "2017-03-31": "308.00000", "2016-12-31": "260.00000", "2016-09-30": "221.00000", "2016-06-30": "273.00000", "2016-03-31": "287.00000", "2015-12-31": "214.00000", "2015-09-30": "213.00000", "2015-06-30": "216.00000", "2015-03-31": "247.00000", "2014-12-31": "230.00000", "2014-09-30": "190.00000", "2014-06-30": "300.00000", "2014-03-31": "316.00000", "2013-12-31": "219.00000", "2013-09-30": "219.00000", "2013-06-30": "261.00000", "2013-03-31": "239.00000", "2012-12-31": "229.00000", "2012-09-30": "239.00000", "2012-06-30": "273.00000", "2012-03-31": "268.00000", "2011-12-31": "328.00000", "2011-09-30": "320.00000", "2011-06-30": "343.00000", "2011-03-31": "327.00000", "2010-12-31": "226.00000", "2010-09-30": "207.00000", "2010-06-30": "270.00000", "2010-03-31": "239.00000", "2009-12-31": "264.00000", "2009-09-30": "245.00000", "2009-06-30": "251.00000", "2009-03-31": "216.00000", "2008-12-31": "239.00000", "2008-09-30": "249.00000", "2008-06-30": "292.00000", "2008-03-31": "290.00000", "2007-12-31": "347.00000", "2007-09-30": "260.00000", "2007-06-30": "252.00000", "2007-03-31": "219.00000", "2006-12-31": "170.00000", "2006-09-30": "210.00000", "2006-06-30": "231.00000", "2006-03-31": "234.00000", "2005-12-31": "208.00000", "2005-09-30": "208.00000", "2005-06-30": "194.00000", "2005-03-31": "164.00000"}, "Total Current Assets": {"2020-12-31": "7721.00000", "2020-09-30": "6830.00000", "2020-06-30": "6690.00000", "2020-03-31": "6517.00000", "2019-12-31": "6629.00000", "2019-09-30": "6040.00000", "2019-06-30": "5800.00000", "2019-03-31": "6381.00000", "2018-12-31": "6247.00000", "2018-09-30": "5803.00000", "2018-06-30": "5624.00000", "2018-03-31": "6004.00000", "2017-12-31": "5966.00000", "2017-09-30": "5415.00000", "2017-06-30": "4902.00000", "2017-03-31": "5199.00000", "2016-12-31": "5101.00000", "2016-09-30": "4260.00000", "2016-06-30": "3972.00000", "2016-03-31": "4354.00000", "2015-12-31": "4152.00000", "2015-09-30": "3646.00000", "2015-06-30": "3326.00000", "2015-03-31": "3720.00000", "2014-12-31": "3754.00000", "2014-09-30": "3532.00000", "2014-06-30": "2930.00000", "2014-03-31": "3138.00000", "2013-12-31": "2921.00000", "2013-09-30": "2340.00000", "2013-06-30": "1884.00000", "2013-03-31": "2325.00000", "2012-12-31": "2229.00000", "2012-09-30": "2332.00000", "2012-06-30": "1951.00000", "2012-03-31": "2609.00000", "2011-12-31": "2806.00000", "2011-09-30": "2568.00000", "2011-06-30": "2354.00000", "2011-03-31": "3032.00000", "2010-12-31": "2714.00000", "2010-09-30": "2485.00000", "2010-06-30": "2228.00000", "2010-03-31": "2585.00000", "2009-12-31": "2782.00000", "2009-09-30": "3227.00000", "2009-06-30": "3176.00000", "2009-03-31": "3120.00000", "2008-12-31": "3637.00000", "2008-09-30": "3835.00000", "2008-06-30": "3617.00000", "2008-03-31": "3925.00000", "2007-12-31": "4897.00000", "2007-09-30": "3853.00000", "2007-06-30": "3395.00000", "2007-03-31": "3597.00000", "2006-12-31": "3531.00000", "2006-09-30": "3009.00000", "2006-06-30": "2814.00000", "2006-03-31": "3012.00000", "2005-12-31": "3662.00000", "2005-09-30": "3107.00000", "2005-06-30": "3263.00000", "2005-03-31": "3706.00000"}, "Property, Plant, And Equipment": {"2020-12-31": "467.00000", "2020-09-30": "458.00000", "2020-06-30": "450.00000", "2020-03-31": "449.00000", "2019-12-31": "439.00000", "2019-09-30": "442.00000", "2019-06-30": "446.00000", "2019-03-31": "448.00000", "2018-12-31": "426.00000", "2018-09-30": "440.00000", "2018-06-30": "440.00000", "2018-03-31": "453.00000", "2017-12-31": "447.00000", "2017-09-30": "444.00000", "2017-06-30": "436.00000", "2017-03-31": "434.00000", "2016-12-31": "424.00000", "2016-09-30": "431.00000", "2016-06-30": "435.00000", "2016-03-31": "439.00000", "2015-12-31": "415.00000", "2015-09-30": "430.00000", "2015-06-30": "444.00000", "2015-03-31": "459.00000", "2014-12-31": "461.00000", "2014-09-30": "483.00000", "2014-06-30": "503.00000", "2014-03-31": "510.00000", "2013-12-31": "518.00000", "2013-09-30": "532.00000", "2013-06-30": "537.00000", "2013-03-31": "548.00000", "2012-12-31": "550.00000", "2012-09-30": "561.00000", "2012-06-30": "558.00000", "2012-03-31": "568.00000", "2011-12-31": "547.00000", "2011-09-30": "532.00000", "2011-06-30": "516.00000", "2011-03-31": "513.00000", "2010-12-31": "502.00000", "2010-09-30": "510.00000", "2010-06-30": "516.00000", "2010-03-31": "537.00000", "2009-12-31": "550.00000", "2009-09-30": "569.00000", "2009-06-30": "341.00000", "2009-03-31": "354.00000", "2008-12-31": "372.00000", "2008-09-30": "417.00000", "2008-06-30": "392.00000", "2008-03-31": "396.00000", "2007-12-31": "393.00000", "2007-09-30": "507.00000", "2007-06-30": "494.00000", "2007-03-31": "484.00000", "2006-12-31": "451.00000", "2006-09-30": "448.00000", "2006-06-30": "418.00000", "2006-03-31": "392.00000", "2005-12-31": "375.00000", "2005-09-30": "364.00000", "2005-06-30": "359.00000", "2005-03-31": "353.00000"}, "Long-Term Investments": {"2020-12-31": "", "2020-09-30": "", "2020-06-30": "", "2020-03-31": "", "2019-12-31": "", "2019-09-30": "", "2019-06-30": "", "2019-03-31": "", "2018-12-31": "", "2018-09-30": "", "2018-06-30": "", "2018-03-31": "", "2017-12-31": "", "2017-09-30": "", "2017-06-30": "", "2017-03-31": "", "2016-12-31": "", "2016-09-30": "", "2016-06-30": "", "2016-03-31": "", "2015-12-31": "", "2015-09-30": "", "2015-06-30": "", "2015-03-31": "", "2014-12-31": "", "2014-09-30": "", "2014-06-30": "", "2014-03-31": "", "2013-12-31": "", "2013-09-30": "", "2013-06-30": "", "2013-03-31": "", "2012-12-31": "", "2012-09-30": "", "2012-06-30": "", "2012-03-31": "", "2011-12-31": "", "2011-09-30": "", "2011-06-30": "", "2011-03-31": "", "2010-12-31": "", "2010-09-30": "", "2010-06-30": "", "2010-03-31": "", "2009-12-31": "", "2009-09-30": "", "2009-06-30": "", "2009-03-31": "", "2008-12-31": "", "2008-09-30": "", "2008-06-30": "", "2008-03-31": "", "2007-12-31": "29.00000", "2007-09-30": "33.00000", "2007-06-30": "33.00000", "2007-03-31": "", "2006-12-31": "6.00000", "2006-09-30": "11.00000", "2006-06-30": "11.00000", "2006-03-31": "11.00000", "2005-12-31": "11.00000", "2005-09-30": "10.00000", "2005-06-30": "9.00000", "2005-03-31": "10.00000"}, "Goodwill And Intangible Assets": {"2020-12-31": "1933.00000", "2020-09-30": "1933.00000", "2020-06-30": "1937.00000", "2020-03-31": "1938.00000", "2019-12-31": "1954.00000", "2019-09-30": "1962.00000", "2019-06-30": "1972.00000", "2019-03-31": "1979.00000", "2018-12-31": "1984.00000", "2018-09-30": "1994.00000", "2018-06-30": "1993.00000", "2018-03-31": "1954.00000", "2017-12-31": "1960.00000", "2017-09-30": "1716.00000", "2017-06-30": "1715.00000", "2017-03-31": "1715.00000", "2016-12-31": "1713.00000", "2016-09-30": "1737.00000", "2016-06-30": "1750.00000", "2016-03-31": "1767.00000", "2015-12-31": "1779.00000", "2015-09-30": "1793.00000", "2015-06-30": "1811.00000", "2015-03-31": "1824.00000", "2014-12-31": "1845.00000", "2014-09-30": "1866.00000", "2014-06-30": "1886.00000", "2014-03-31": "1900.00000", "2013-12-31": "1921.00000", "2013-09-30": "1942.00000", "2013-06-30": "1956.00000", "2013-03-31": "1974.00000", "2012-12-31": "2028.00000", "2012-09-30": "2057.00000", "2012-06-30": "2063.00000", "2012-03-31": "2087.00000", "2011-12-31": "2118.00000", "2011-09-30": "2116.00000", "2011-06-30": "1266.00000", "2011-03-31": "1254.00000", "2010-12-31": "1267.00000", "2010-09-30": "1262.00000", "2010-06-30": "1275.00000", "2010-03-31": "1297.00000", "2009-12-31": "1312.00000", "2009-09-30": "1011.00000", "2009-06-30": "1022.00000", "2009-03-31": "1028.00000", "2008-12-31": "1044.00000", "2008-09-30": "1422.00000", "2008-06-30": "1442.00000", "2008-03-31": "1417.00000", "2007-12-31": "907.00000", "2007-09-30": "919.00000", "2007-06-30": "932.00000", "2007-03-31": "944.00000", "2006-12-31": "951.00000", "2006-09-30": "940.00000", "2006-06-30": "866.00000", "2006-03-31": "879.00000", "2005-12-31": "182.00000", "2005-09-30": "185.00000", "2005-06-30": "188.00000", "2005-03-31": "189.00000"}, "Other Long-Term Assets": {"2020-12-31": "375.00000", "2020-09-30": "312.00000", "2020-06-30": "313.00000", "2020-03-31": "305.00000", "2019-12-31": "311.00000", "2019-09-30": "314.00000", "2019-06-30": "323.00000", "2019-03-31": "114.00000", "2018-12-31": "94.00000", "2018-09-30": "101.00000", "2018-06-30": "98.00000", "2018-03-31": "89.00000", "2017-12-31": "110.00000", "2017-09-30": "99.00000", "2017-06-30": "90.00000", "2017-03-31": "84.00000", "2016-12-31": "95.00000", "2016-09-30": "98.00000", "2016-06-30": "105.00000", "2016-03-31": "103.00000", "2015-12-31": "116.00000", "2015-09-30": "117.00000", "2015-06-30": "126.00000", "2015-03-31": "131.00000", "2014-12-31": "101.00000", "2014-09-30": "141.00000", "2014-06-30": "142.00000", "2014-03-31": "140.00000", "2013-12-31": "167.00000", "2013-09-30": "174.00000", "2013-06-30": "178.00000", "2013-03-31": "170.00000", "2012-12-31": "185.00000", "2012-09-30": "192.00000", "2012-06-30": "209.00000", "2012-03-31": "185.00000", "2011-12-31": "181.00000", "2011-09-30": "174.00000", "2011-06-30": "170.00000", "2011-03-31": "80.00000", "2010-12-31": "200.00000", "2010-09-30": "189.00000", "2010-06-30": "177.00000", "2010-03-31": "175.00000", "2009-12-31": "221.00000", "2009-09-30": "124.00000", "2009-06-30": "116.00000", "2009-03-31": "115.00000", "2008-12-31": "118.00000", "2008-09-30": "109.00000", "2008-06-30": "146.00000", "2008-03-31": "157.00000", "2007-12-31": "130.00000", "2007-09-30": "131.00000", "2007-06-30": "105.00000", "2007-03-31": "96.00000", "2006-12-31": "104.00000", "2006-09-30": "103.00000", "2006-06-30": "84.00000", "2006-03-31": "92.00000", "2005-12-31": "86.00000", "2005-09-30": "72.00000", "2005-06-30": "82.00000", "2005-03-31": "93.00000"}, "Total Long-Term Assets": {"2020-12-31": "4699.00000", "2020-09-30": "4640.00000", "2020-06-30": "4594.00000", "2020-03-31": "4595.00000", "2019-12-31": "4532.00000", "2019-09-30": "4553.00000", "2019-06-30": "3949.00000", "2019-03-31": "2576.00000", "2018-12-31": "2610.00000", "2018-09-30": "2647.00000", "2018-06-30": "2623.00000", "2018-03-31": "2580.00000", "2017-12-31": "2676.00000", "2017-09-30": "2507.00000", "2017-06-30": "2473.00000", "2017-03-31": "2519.00000", "2016-12-31": "2618.00000", "2016-09-30": "2632.00000", "2016-06-30": "2633.00000", "2016-03-31": "2696.00000", "2015-12-31": "2318.00000", "2015-09-30": "2354.00000", "2015-06-30": "2395.00000", "2015-03-31": "2427.00000", "2014-12-31": "2413.00000", "2014-09-30": "2499.00000", "2014-06-30": "2546.00000", "2014-03-31": "2578.00000", "2013-12-31": "2652.00000", "2013-09-30": "2696.00000", "2013-06-30": "2721.00000", "2013-03-31": "2745.00000", "2012-12-31": "2810.00000", "2012-09-30": "2859.00000", "2012-06-30": "2874.00000", "2012-03-31": "2882.00000", "2011-12-31": "2890.00000", "2011-09-30": "2867.00000", "2011-06-30": "2001.00000", "2011-03-31": "1896.00000", "2010-12-31": "2013.00000", "2010-09-30": "2009.00000", "2010-06-30": "2017.00000", "2010-03-31": "2061.00000", "2009-12-31": "2157.00000", "2009-09-30": "1775.00000", "2009-06-30": "1546.00000", "2009-03-31": "1558.00000", "2008-12-31": "1567.00000", "2008-09-30": "2127.00000", "2008-06-30": "2157.00000", "2008-03-31": "2134.00000", "2007-12-31": "1548.00000", "2007-09-30": "1667.00000", "2007-06-30": "1630.00000", "2007-03-31": "1549.00000", "2006-12-31": "1512.00000", "2006-09-30": "1502.00000", "2006-06-30": "1379.00000", "2006-03-31": "1374.00000", "2005-12-31": "669.00000", "2005-09-30": "647.00000", "2005-06-30": "655.00000", "2005-03-31": "664.00000"}, "Total Assets": {"2020-12-31": "12420.00000", "2020-09-30": "11470.00000", "2020-06-30": "11284.00000", "2020-03-31": "11112.00000", "2019-12-31": "11161.00000", "2019-09-30": "10593.00000", "2019-06-30": "9749.00000", "2019-03-31": "8957.00000", "2018-12-31": "8857.00000", "2018-09-30": "8450.00000", "2018-06-30": "8247.00000", "2018-03-31": "8584.00000", "2017-12-31": "8642.00000", "2017-09-30": "7922.00000", "2017-06-30": "7375.00000", "2017-03-31": "7718.00000", "2016-12-31": "7719.00000", "2016-09-30": "6892.00000", "2016-06-30": "6605.00000", "2016-03-31": "7050.00000", "2015-12-31": "6470.00000", "2015-09-30": "6000.00000", "2015-06-30": "5721.00000", "2015-03-31": "6147.00000", "2014-12-31": "6167.00000", "2014-09-30": "6031.00000", "2014-06-30": "5476.00000", "2014-03-31": "5716.00000", "2013-12-31": "5573.00000", "2013-09-30": "5036.00000", "2013-06-30": "4605.00000", "2013-03-31": "5070.00000", "2012-12-31": "5039.00000", "2012-09-30": "5191.00000", "2012-06-30": "4825.00000", "2012-03-31": "5491.00000", "2011-12-31": "5696.00000", "2011-09-30": "5435.00000", "2011-06-30": "4355.00000", "2011-03-31": "4928.00000", "2010-12-31": "4727.00000", "2010-09-30": "4494.00000", "2010-06-30": "4245.00000", "2010-03-31": "4646.00000", "2009-12-31": "4939.00000", "2009-09-30": "5002.00000", "2009-06-30": "4722.00000", "2009-03-31": "4678.00000", "2008-12-31": "5204.00000", "2008-09-30": "5962.00000", "2008-06-30": "5774.00000", "2008-03-31": "6059.00000", "2007-12-31": "6445.00000", "2007-09-30": "5520.00000", "2007-06-30": "5025.00000", "2007-03-31": "5146.00000", "2006-12-31": "5043.00000", "2006-09-30": "4511.00000", "2006-06-30": "4193.00000", "2006-03-31": "4386.00000", "2005-12-31": "4331.00000", "2005-09-30": "3754.00000", "2005-06-30": "3918.00000", "2005-03-31": "4370.00000"}, "Total Current Liabilities": {"2020-12-31": "3492.00000", "2020-09-30": "2485.00000", "2020-06-30": "2568.00000", "2020-03-31": "2664.00000", "2019-12-31": "2338.00000", "2019-09-30": "1818.00000", "2019-06-30": "1650.00000", "2019-03-31": "2265.00000", "2018-12-31": "2090.00000", "2018-09-30": "1649.00000", "2018-06-30": "1464.00000", "2018-03-31": "2491.00000", "2017-12-31": "3107.00000", "2017-09-30": "2272.00000", "2017-06-30": "1629.00000", "2017-03-31": "2415.00000", "2016-12-31": "2937.00000", "2016-09-30": "2050.00000", "2016-06-30": "1650.00000", "2016-03-31": "2418.00000", "2015-12-31": "3145.00000", "2015-09-30": "2525.00000", "2015-06-30": "2029.00000", "2015-03-31": "2747.00000", "2014-12-31": "3069.00000", "2014-09-30": "2387.00000", "2014-06-30": "1786.00000", "2014-03-31": "2390.00000", "2013-12-31": "2659.00000", "2013-09-30": "1851.00000", "2013-06-30": "1226.00000", "2013-03-31": "1917.00000", "2012-12-31": "2146.00000", "2012-09-30": "2046.00000", "2012-06-30": "1336.00000", "2012-03-31": "2120.00000", "2011-12-31": "2397.00000", "2011-09-30": "1854.00000", "2011-06-30": "1225.00000", "2011-03-31": "2001.00000", "2010-12-31": "2008.00000", "2010-09-30": "1568.00000", "2010-06-30": "1165.00000", "2010-03-31": "1574.00000", "2009-12-31": "1871.00000", "2009-09-30": "1913.00000", "2009-06-30": "1260.00000", "2009-03-31": "1136.00000", "2008-12-31": "1788.00000", "2008-09-30": "1534.00000", "2008-06-30": "1036.00000", "2008-03-31": "1299.00000", "2007-12-31": "1748.00000", "2007-09-30": "1060.00000", "2007-06-30": "602.00000", "2007-03-31": "1026.00000", "2006-12-31": "1096.00000", "2006-09-30": "833.00000", "2006-06-30": "675.00000", "2006-03-31": "869.00000", "2005-12-31": "947.00000", "2005-09-30": "729.00000", "2005-06-30": "710.00000", "2005-03-31": "807.00000"}, "Long Term Debt": {"2020-12-31": "397.00000", "2020-09-30": "397.00000", "2020-06-30": "397.00000", "2020-03-31": "397.00000", "2019-12-31": "995.00000", "2019-09-30": "995.00000", "2019-06-30": "995.00000", "2019-03-31": "994.00000", "2018-12-31": "994.00000", "2018-09-30": "993.00000", "2018-06-30": "993.00000", "2018-03-31": "992.00000", "2017-12-31": "992.00000", "2017-09-30": "991.00000", "2017-06-30": "991.00000", "2017-03-31": "990.00000", "2016-12-31": "990.00000", "2016-09-30": "990.00000", "2016-06-30": "989.00000", "2016-03-31": "991.00000", "2015-12-31": "7.00000", "2015-09-30": "13.00000", "2015-06-30": "25.00000", "2015-03-31": "31.00000", "2014-12-31": "37.00000", "2014-09-30": "591.00000", "2014-06-30": "586.00000", "2014-03-31": "580.00000", "2013-12-31": "575.00000", "2013-09-30": "570.00000", "2013-06-30": "564.00000", "2013-03-31": "559.00000", "2012-12-31": "554.00000", "2012-09-30": "549.00000", "2012-06-30": "544.00000", "2012-03-31": "539.00000", "2011-12-31": "534.00000", "2011-09-30": "529.00000", "2011-06-30": "", "2011-03-31": "", "2010-12-31": "", "2010-09-30": "", "2010-06-30": "", "2010-03-31": "", "2009-12-31": "", "2009-09-30": "", "2009-06-30": "", "2009-03-31": "", "2008-12-31": "", "2008-09-30": "", "2008-06-30": "", "2008-03-31": "", "2007-12-31": "", "2007-09-30": "", "2007-06-30": "", "2007-03-31": "", "2006-12-31": "", "2006-09-30": "", "2006-06-30": "", "2006-03-31": "", "2005-12-31": "", "2005-09-30": "", "2005-06-30": "", "2005-03-31": ""}, "Other Non-Current Liabilities": {"2020-12-31": "567.00000", "2020-09-30": "512.00000", "2020-06-30": "536.00000", "2020-03-31": "589.00000", "2019-12-31": "589.00000", "2019-09-30": "620.00000", "2019-06-30": "617.00000", "2019-03-31": "365.00000", "2018-12-31": "428.00000", "2018-09-30": "490.00000", "2018-06-30": "529.00000", "2018-03-31": "505.00000", "2017-12-31": "455.00000", "2017-09-30": "270.00000", "2017-06-30": "268.00000", "2017-03-31": "252.00000", "2016-12-31": "241.00000", "2016-09-30": "242.00000", "2016-06-30": "248.00000", "2016-03-31": "243.00000", "2015-12-31": "231.00000", "2015-09-30": "241.00000", "2015-06-30": "251.00000", "2015-03-31": "253.00000", "2014-12-31": "289.00000", "2014-09-30": "298.00000", "2014-06-30": "306.00000", "2014-03-31": "306.00000", "2013-12-31": "334.00000", "2013-09-30": "328.00000", "2013-06-30": "322.00000", "2013-03-31": "326.00000", "2012-12-31": "379.00000", "2012-09-30": "440.00000", "2012-06-30": "391.00000", "2012-03-31": "366.00000", "2011-12-31": "418.00000", "2011-09-30": "428.00000", "2011-06-30": "338.00000", "2011-03-31": "326.00000", "2010-12-31": "357.00000", "2010-09-30": "286.00000", "2010-06-30": "326.00000", "2010-03-31": "341.00000", "2009-12-31": "420.00000", "2009-09-30": "405.00000", "2009-06-30": "421.00000", "2009-03-31": "366.00000", "2008-12-31": "321.00000", "2008-09-30": "400.00000", "2008-06-30": "412.00000", "2008-03-31": "416.00000", "2007-12-31": "386.00000", "2007-09-30": "383.00000", "2007-06-30": "363.00000", "2007-03-31": "80.00000", "2006-12-31": "63.00000", "2006-09-30": "61.00000", "2006-06-30": "58.00000", "2006-03-31": "68.00000", "2005-12-31": "30.00000", "2005-09-30": "29.00000", "2005-06-30": "31.00000", "2005-03-31": "54.00000"}, "Total Long Term Liabilities": {"2020-12-31": "965.00000", "2020-09-30": "910.00000", "2020-06-30": "934.00000", "2020-03-31": "987.00000", "2019-12-31": "1586.00000", "2019-09-30": "1617.00000", "2019-06-30": "1614.00000", "2019-03-31": "1361.00000", "2018-12-31": "1423.00000", "2018-09-30": "1484.00000", "2018-06-30": "1523.00000", "2018-03-31": "1498.00000", "2017-12-31": "1449.00000", "2017-09-30": "1262.00000", "2017-06-30": "1260.00000", "2017-03-31": "1243.00000", "2016-12-31": "1233.00000", "2016-09-30": "1234.00000", "2016-06-30": "1239.00000", "2016-03-31": "1236.00000", "2015-12-31": "313.00000", "2015-09-30": "329.00000", "2015-06-30": "356.00000", "2015-03-31": "364.00000", "2014-12-31": "411.00000", "2014-09-30": "974.00000", "2014-06-30": "977.00000", "2014-03-31": "904.00000", "2013-12-31": "910.00000", "2013-09-30": "899.00000", "2013-06-30": "887.00000", "2013-03-31": "886.00000", "2012-12-31": "935.00000", "2012-09-30": "991.00000", "2012-06-30": "937.00000", "2012-03-31": "913.00000", "2011-12-31": "1034.00000", "2011-09-30": "1041.00000", "2011-06-30": "380.00000", "2011-03-31": "363.00000", "2010-12-31": "361.00000", "2010-09-30": "288.00000", "2010-06-30": "328.00000", "2010-03-31": "343.00000", "2009-12-31": "469.00000", "2009-09-30": "433.00000", "2009-06-30": "461.00000", "2009-03-31": "408.00000", "2008-12-31": "363.00000", "2008-09-30": "400.00000", "2008-06-30": "412.00000", "2008-03-31": "421.00000", "2007-12-31": "394.00000", "2007-09-30": "389.00000", "2007-06-30": "370.00000", "2007-03-31": "88.00000", "2006-12-31": "69.00000", "2006-09-30": "87.00000", "2006-06-30": "89.00000", "2006-03-31": "109.00000", "2005-12-31": "43.00000", "2005-09-30": "41.00000", "2005-06-30": "41.00000", "2005-03-31": "65.00000"}, "Total Liabilities": {"2020-12-31": "4457.00000", "2020-09-30": "3395.00000", "2020-06-30": "3502.00000", "2020-03-31": "3651.00000", "2019-12-31": "3924.00000", "2019-09-30": "3435.00000", "2019-06-30": "3264.00000", "2019-03-31": "3626.00000", "2018-12-31": "3513.00000", "2018-09-30": "3133.00000", "2018-06-30": "2987.00000", "2018-03-31": "3989.00000", "2017-12-31": "4556.00000", "2017-09-30": "3534.00000", "2017-06-30": "2889.00000", "2017-03-31": "3658.00000", "2016-12-31": "4170.00000", "2016-09-30": "3284.00000", "2016-06-30": "2889.00000", "2016-03-31": "3654.00000", "2015-12-31": "3458.00000", "2015-09-30": "2854.00000", "2015-06-30": "2385.00000", "2015-03-31": "3111.00000", "2014-12-31": "3480.00000", "2014-09-30": "3361.00000", "2014-06-30": "2763.00000", "2014-03-31": "3294.00000", "2013-12-31": "3569.00000", "2013-09-30": "2750.00000", "2013-06-30": "2113.00000", "2013-03-31": "2803.00000", "2012-12-31": "3081.00000", "2012-09-30": "3037.00000", "2012-06-30": "2273.00000", "2012-03-31": "3033.00000", "2011-12-31": "3431.00000", "2011-09-30": "2895.00000", "2011-06-30": "1605.00000", "2011-03-31": "2364.00000", "2010-12-31": "2369.00000", "2010-09-30": "1856.00000", "2010-06-30": "1493.00000", "2010-03-31": "1917.00000", "2009-12-31": "2340.00000", "2009-09-30": "2346.00000", "2009-06-30": "1721.00000", "2009-03-31": "1544.00000", "2008-12-31": "2151.00000", "2008-09-30": "1934.00000", "2008-06-30": "1448.00000", "2008-03-31": "1720.00000", "2007-12-31": "2142.00000", "2007-09-30": "1449.00000", "2007-06-30": "972.00000", "2007-03-31": "1114.00000", "2006-12-31": "1165.00000", "2006-09-30": "920.00000", "2006-06-30": "764.00000", "2006-03-31": "978.00000", "2005-12-31": "990.00000", "2005-09-30": "770.00000", "2005-06-30": "751.00000", "2005-03-31": "872.00000"}, "Common Stock Net": {"2020-12-31": "3.00000", "2020-09-30": "3.00000", "2020-06-30": "3.00000", "2020-03-31": "3.00000", "2019-12-31": "3.00000", "2019-09-30": "3.00000", "2019-06-30": "3.00000", "2019-03-31": "3.00000", "2018-12-31": "3.00000", "2018-09-30": "3.00000", "2018-06-30": "3.00000", "2018-03-31": "3.00000", "2017-12-31": "3.00000", "2017-09-30": "3.00000", "2017-06-30": "3.00000", "2017-03-31": "3.00000", "2016-12-31": "3.00000", "2016-09-30": "3.00000", "2016-06-30": "3.00000", "2016-03-31": "3.00000", "2015-12-31": "3.00000", "2015-09-30": "3.00000", "2015-06-30": "3.00000", "2015-03-31": "3.00000", "2014-12-31": "3.00000", "2014-09-30": "3.00000", "2014-06-30": "3.00000", "2014-03-31": "3.00000", "2013-12-31": "3.00000", "2013-09-30": "3.00000", "2013-06-30": "3.00000", "2013-03-31": "3.00000", "2012-12-31": "3.00000", "2012-09-30": "3.00000", "2012-06-30": "3.00000", "2012-03-31": "3.00000", "2011-12-31": "3.00000", "2011-09-30": "3.00000", "2011-06-30": "3.00000", "2011-03-31": "3.00000", "2010-12-31": "3.00000", "2010-09-30": "3.00000", "2010-06-30": "3.00000", "2010-03-31": "3.00000", "2009-12-31": "3.00000", "2009-09-30": "3.00000", "2009-06-30": "3.00000", "2009-03-31": "3.00000", "2008-12-31": "3.00000", "2008-09-30": "3.00000", "2008-06-30": "3.00000", "2008-03-31": "3.00000", "2007-12-31": "3.00000", "2007-09-30": "3.00000", "2007-06-30": "3.00000", "2007-03-31": "3.00000", "2006-12-31": "3.00000", "2006-09-30": "3.00000", "2006-06-30": "3.00000", "2006-03-31": "3.00000", "2005-12-31": "3.00000", "2005-09-30": "3.00000", "2005-06-30": "3.00000", "2005-03-31": "3.00000"}, "Retained Earnings (Accumulated Deficit)": {"2020-12-31": "8054.00000", "2020-09-30": "8016.00000", "2020-06-30": "7831.00000", "2020-03-31": "7508.00000", "2019-12-31": "7267.00000", "2019-09-30": "7165.00000", "2019-06-30": "6499.00000", "2019-03-31": "5358.00000", "2018-12-31": "5358.00000", "2018-09-30": "5199.00000", "2018-06-30": "4944.00000", "2018-03-31": "4062.00000", "2017-12-31": "3455.00000", "2017-09-30": "3641.00000", "2017-06-30": "3663.00000", "2017-03-31": "3027.00000", "2016-12-31": "2461.00000", "2016-09-30": "2462.00000", "2016-06-30": "2500.00000", "2016-03-31": "2060.00000", "2015-12-31": "1161.00000", "2015-09-30": "1206.00000", "2015-06-30": "1346.00000", "2015-03-31": "904.00000", "2014-12-31": "509.00000", "2014-09-30": "367.00000", "2014-06-30": "364.00000", "2014-03-31": "29.00000", "2013-12-31": "-338.00000", "2013-09-30": "-30.00000", "2013-06-30": "243.00000", "2013-03-31": "21.00000", "2012-12-31": "-302.00000", "2012-09-30": "-257.00000", "2012-06-30": "124.00000", "2012-03-31": "-77.00000", "2011-12-31": "-477.00000", "2011-09-30": "-272.00000", "2011-06-30": "68.00000", "2011-03-31": "-153.00000", "2010-12-31": "-304.00000", "2010-09-30": "18.00000", "2010-06-30": "219.00000", "2010-03-31": "123.00000", "2009-12-31": "93.00000", "2009-09-30": "175.00000", "2009-06-30": "566.00000", "2009-03-31": "800.00000", "2008-12-31": "842.00000", "2008-09-30": "1483.00000", "2008-06-30": "1793.00000", "2008-03-31": "1888.00000", "2007-12-31": "1981.00000", "2007-09-30": "2014.00000", "2007-06-30": "2209.00000", "2007-03-31": "2323.00000", "2006-12-31": "2342.00000", "2006-09-30": "2182.00000", "2006-06-30": "2160.00000", "2006-03-31": "2241.00000", "2005-12-31": "2257.00000", "2005-09-30": "1998.00000", "2005-06-30": "1947.00000", "2005-03-31": "2005.00000"}, "Comprehensive Income": {"2020-12-31": "-94.00000", "2020-09-30": "-89.00000", "2020-06-30": "-52.00000", "2020-03-31": "-50.00000", "2019-12-31": "-33.00000", "2019-09-30": "-10.00000", "2019-06-30": "-17.00000", "2019-03-31": "-30.00000", "2018-12-31": "-17.00000", "2018-09-30": "-19.00000", "2018-06-30": "-26.00000", "2018-03-31": "-127.00000", "2017-12-31": "-95.00000", "2017-09-30": "-73.00000", "2017-06-30": "-71.00000", "2017-03-31": "-19.00000", "2016-12-31": "-1.00000", "2016-09-30": "-10.00000", "2016-06-30": "3.00000", "2016-03-31": "-16.00000", "2015-12-31": "-57.00000", "2015-09-30": "-44.00000", "2015-06-30": "-14.00000", "2015-03-31": "2.00000", "2014-12-31": "23.00000", "2014-09-30": "53.00000", "2014-06-30": "61.00000", "2014-03-31": "37.00000", "2013-12-31": "52.00000", "2013-09-30": "62.00000", "2013-06-30": "56.00000", "2013-03-31": "69.00000", "2012-12-31": "119.00000", "2012-09-30": "149.00000", "2012-06-30": "115.00000", "2012-03-31": "173.00000", "2011-12-31": "190.00000", "2011-09-30": "258.00000", "2011-06-30": "240.00000", "2011-03-31": "219.00000", "2010-12-31": "155.00000", "2010-09-30": "144.00000", "2010-06-30": "113.00000", "2010-03-31": "228.00000", "2009-12-31": "238.00000", "2009-09-30": "297.00000", "2009-06-30": "314.00000", "2009-03-31": "189.00000", "2008-12-31": "134.00000", "2008-09-30": "508.00000", "2008-06-30": "587.00000", "2008-03-31": "584.00000", "2007-12-31": "593.00000", "2007-09-30": "452.00000", "2007-06-30": "361.00000", "2007-03-31": "294.00000", "2006-12-31": "188.00000", "2006-09-30": "157.00000", "2006-06-30": "107.00000", "2006-03-31": "83.00000", "2005-12-31": "87.00000", "2005-09-30": "106.00000", "2005-06-30": "96.00000", "2005-03-31": "56.00000"}, "Other Share Holders Equity": {"2020-12-31": "", "2020-09-30": "", "2020-06-30": "", "2020-03-31": "", "2019-12-31": "", "2019-09-30": "", "2019-06-30": "", "2019-03-31": "", "2018-12-31": "", "2018-09-30": "", "2018-06-30": "", "2018-03-31": "", "2017-12-31": "", "2017-09-30": "", "2017-06-30": "", "2017-03-31": "", "2016-12-31": "", "2016-09-30": "", "2016-06-30": "", "2016-03-31": "", "2015-12-31": "", "2015-09-30": "", "2015-06-30": "", "2015-03-31": "", "2014-12-31": "", "2014-09-30": "", "2014-06-30": "", "2014-03-31": "", "2013-12-31": "", "2013-09-30": "", "2013-06-30": "", "2013-03-31": "", "2012-12-31": "", "2012-09-30": "", "2012-06-30": "", "2012-03-31": "", "2011-12-31": "", "2011-09-30": "", "2011-06-30": "", "2011-03-31": "", "2010-12-31": "", "2010-09-30": "", "2010-06-30": "", "2010-03-31": "", "2009-12-31": "", "2009-09-30": "", "2009-06-30": "", "2009-03-31": "", "2008-12-31": "", "2008-09-30": "", "2008-06-30": "", "2008-03-31": "", "2007-12-31": "", "2007-09-30": "", "2007-06-30": "", "2007-03-31": "", "2006-12-31": "", "2006-09-30": "", "2006-06-30": "", "2006-03-31": "", "2005-12-31": "", "2005-09-30": "", "2005-06-30": "", "2005-03-31": ""}, "Share Holder Equity": {"2020-12-31": "7963.00000", "2020-09-30": "8075.00000", "2020-06-30": "7782.00000", "2020-03-31": "7461.00000", "2019-12-31": "7237.00000", "2019-09-30": "7158.00000", "2019-06-30": "6485.00000", "2019-03-31": "5331.00000", "2018-12-31": "5344.00000", "2018-09-30": "5317.00000", "2018-06-30": "5260.00000", "2018-03-31": "4595.00000", "2017-12-31": "4086.00000", "2017-09-30": "4388.00000", "2017-06-30": "4486.00000", "2017-03-31": "4060.00000", "2016-12-31": "3549.00000", "2016-09-30": "3608.00000", "2016-06-30": "3716.00000", "2016-03-31": "3396.00000", "2015-12-31": "3012.00000", "2015-09-30": "3146.00000", "2015-06-30": "3336.00000", "2015-03-31": "3036.00000", "2014-12-31": "2687.00000", "2014-09-30": "2670.00000", "2014-06-30": "2713.00000", "2014-03-31": "2422.00000", "2013-12-31": "2004.00000", "2013-09-30": "2286.00000", "2013-06-30": "2492.00000", "2013-03-31": "2267.00000", "2012-12-31": "1958.00000", "2012-09-30": "2154.00000", "2012-06-30": "2552.00000", "2012-03-31": "2458.00000", "2011-12-31": "2265.00000", "2011-09-30": "2540.00000", "2011-06-30": "2750.00000", "2011-03-31": "2564.00000", "2010-12-31": "2358.00000", "2010-09-30": "2638.00000", "2010-06-30": "2752.00000", "2010-03-31": "2729.00000", "2009-12-31": "2599.00000", "2009-09-30": "2656.00000", "2009-06-30": "3001.00000", "2009-03-31": "3134.00000", "2008-12-31": "3053.00000", "2008-09-30": "4028.00000", "2008-06-30": "4326.00000", "2008-03-31": "4339.00000", "2007-12-31": "4303.00000", "2007-09-30": "4071.00000", "2007-06-30": "4053.00000", "2007-03-31": "4032.00000", "2006-12-31": "3878.00000", "2006-09-30": "3591.00000", "2006-06-30": "3429.00000", "2006-03-31": "3408.00000", "2005-12-31": "3341.00000", "2005-09-30": "2984.00000", "2005-06-30": "3167.00000", "2005-03-31": "3498.00000"}, "Total Liabilities And Share Holders Equity": {"2020-12-31": "12420.00000", "2020-09-30": "11470.00000", "2020-06-30": "11284.00000", "2020-03-31": "11112.00000", "2019-12-31": "11161.00000", "2019-09-30": "10593.00000", "2019-06-30": "9749.00000", "2019-03-31": "8957.00000", "2018-12-31": "8857.00000", "2018-09-30": "8450.00000", "2018-06-30": "8247.00000", "2018-03-31": "8584.00000", "2017-12-31": "8642.00000", "2017-09-30": "7922.00000", "2017-06-30": "7375.00000", "2017-03-31": "7718.00000", "2016-12-31": "7719.00000", "2016-09-30": "6892.00000", "2016-06-30": "6605.00000", "2016-03-31": "7050.00000", "2015-12-31": "6470.00000", "2015-09-30": "6000.00000", "2015-06-30": "5721.00000", "2015-03-31": "6147.00000", "2014-12-31": "6167.00000", "2014-09-30": "6031.00000", "2014-06-30": "5476.00000", "2014-03-31": "5716.00000", "2013-12-31": "5573.00000", "2013-09-30": "5036.00000", "2013-06-30": "4605.00000", "2013-03-31": "5070.00000", "2012-12-31": "5039.00000", "2012-09-30": "5191.00000", "2012-06-30": "4825.00000", "2012-03-31": "5491.00000", "2011-12-31": "5696.00000", "2011-09-30": "5435.00000", "2011-06-30": "4355.00000", "2011-03-31": "4928.00000", "2010-12-31": "4727.00000", "2010-09-30": "4494.00000", "2010-06-30": "4245.00000", "2010-03-31": "4646.00000", "2009-12-31": "4939.00000", "2009-09-30": "5002.00000", "2009-06-30": "4722.00000", "2009-03-31": "4678.00000", "2008-12-31": "5204.00000", "2008-09-30": "5962.00000", "2008-06-30": "5774.00000", "2008-03-31": "6059.00000", "2007-12-31": "6445.00000", "2007-09-30": "5520.00000", "2007-06-30": "5025.00000", "2007-03-31": "5146.00000", "2006-12-31": "5043.00000", "2006-09-30": "4511.00000", "2006-06-30": "4193.00000", "2006-03-31": "4386.00000", "2005-12-31": "4331.00000", "2005-09-30": "3754.00000", "2005-06-30": "3918.00000", "2005-03-31": "4370.00000"}}, "cash flow statement": {"Net Income/Loss": {"2020-03-31": "3039.00000", "2019-03-31": "1019.00000", "2018-03-31": "1043.00000", "2017-03-31": "967.00000", "2016-03-31": "1156.00000", "2015-03-31": "875.00000", "2014-03-31": "8.00000", "2013-03-31": "98.00000", "2012-03-31": "76.00000", "2011-03-31": "-276.00000", "2010-03-31": "-677.00000", "2009-03-31": "-1088.00000", "2008-03-31": "-454.00000", "2007-03-31": "76.00000", "2006-03-31": "236.00000", "2005-03-31": "504.00000"}, "Total Depreciation And Amortization - Cash Flow": {"2020-03-31": "150.00000", "2019-03-31": "145.00000", "2018-03-31": "136.00000", "2017-03-31": "172.00000", "2016-03-31": "197.00000", "2015-03-31": "220.00000", "2014-03-31": "227.00000", "2013-03-31": "264.00000", "2012-03-31": "216.00000", "2011-03-31": "180.00000", "2010-03-31": "192.00000", "2009-03-31": "566.00000", "2008-03-31": "164.00000", "2007-03-31": "147.00000", "2006-03-31": "95.00000", "2005-03-31": "75.00000"}, "Other Non-Cash Items": {"2020-03-31": "-1519.00000", "2019-03-31": "282.00000", "2018-03-31": "446.00000", "2017-03-31": "296.00000", "2016-03-31": "-215.00000", "2015-03-31": "142.00000", "2014-03-31": "133.00000", "2013-03-31": "63.00000", "2012-03-31": "73.00000", "2011-03-31": "159.00000", "2010-03-31": "252.00000", "2009-03-31": "518.00000", "2008-03-31": "295.00000", "2007-03-31": "79.00000", "2006-03-31": "165.00000", "2005-03-31": "104.00000"}, "Total Non-Cash Items": {"2020-03-31": "-1369.00000", "2019-03-31": "427.00000", "2018-03-31": "582.00000", "2017-03-31": "468.00000", "2016-03-31": "-18.00000", "2015-03-31": "362.00000", "2014-03-31": "360.00000", "2013-03-31": "327.00000", "2012-03-31": "289.00000", "2011-03-31": "339.00000", "2010-03-31": "444.00000", "2009-03-31": "1084.00000", "2008-03-31": "459.00000", "2007-03-31": "226.00000", "2006-03-31": "260.00000", "2005-03-31": "179.00000"}, "Change In Accounts Receivable": {"2020-03-31": "164.00000", "2019-03-31": "-88.00000", "2018-03-31": "-25.00000", "2017-03-31": "-136.00000", "2016-03-31": "127.00000", "2015-03-31": "-54.00000", "2014-03-31": "-12.00000", "2013-03-31": "56.00000", "2012-03-31": "-14.00000", "2011-03-31": "-122.00000", "2010-03-31": "-66.00000", "2009-03-31": "221.00000", "2008-03-31": "-8.00000", "2007-03-31": "-18.00000", "2006-03-31": "104.00000", "2005-03-31": "-80.00000"}, "Change In Inventories": {"2020-03-31": "", "2019-03-31": "", "2018-03-31": "", "2017-03-31": "", "2016-03-31": "", "2015-03-31": "", "2014-03-31": "-13.00000", "2013-03-31": "16.00000", "2012-03-31": "21.00000", "2011-03-31": "25.00000", "2010-03-31": "123.00000", "2009-03-31": "-49.00000", "2008-03-31": "-100.00000", "2007-03-31": "12.00000", "2006-03-31": "-3.00000", "2005-03-31": "-14.00000"}, "Change In Accounts Payable": {"2020-03-31": "-36.00000", "2019-03-31": "59.00000", "2018-03-31": "-44.00000", "2017-03-31": "5.00000", "2016-03-31": "13.00000", "2015-03-31": "-46.00000", "2014-03-31": "-18.00000", "2013-03-31": "-78.00000", "2012-03-31": "-50.00000", "2011-03-31": "114.00000", "2010-03-31": "-57.00000", "2009-03-31": "-26.00000", "2008-03-31": "22.00000", "2007-03-31": "-10.00000", "2006-03-31": "31.00000", "2005-03-31": "28.00000"}, "Change In Assets/Liabilities": {"2020-03-31": "-120.00000", "2019-03-31": "127.00000", "2018-03-31": "93.00000", "2017-03-31": "84.00000", "2016-03-31": "197.00000", "2015-03-31": "-101.00000", "2014-03-31": "390.00000", "2013-03-31": "11.00000", "2012-03-31": "-58.00000", "2011-03-31": "244.00000", "2010-03-31": "523.00000", "2009-03-31": "-74.00000", "2008-03-31": "347.00000", "2007-03-31": "69.00000", "2006-03-31": "-62.00000", "2005-03-31": "-35.00000"}, "Total Change In Assets/Liabilities": {"2020-03-31": "127.00000", "2019-03-31": "101.00000", "2018-03-31": "67.00000", "2017-03-31": "143.00000", "2016-03-31": "327.00000", "2015-03-31": "-170.00000", "2014-03-31": "344.00000", "2013-03-31": "-101.00000", "2012-03-31": "-88.00000", "2011-03-31": "257.00000", "2010-03-31": "385.00000", "2009-03-31": "16.00000", "2008-03-31": "333.00000", "2007-03-31": "95.00000", "2006-03-31": "100.00000", "2005-03-31": "-55.00000"}, "Cash Flow From Operating Activities": {"2020-03-31": "1797.00000", "2019-03-31": "1547.00000", "2018-03-31": "1692.00000", "2017-03-31": "1578.00000", "2016-03-31": "1465.00000", "2015-03-31": "1067.00000", "2014-03-31": "712.00000", "2013-03-31": "324.00000", "2012-03-31": "277.00000", "2011-03-31": "320.00000", "2010-03-31": "152.00000", "2009-03-31": "12.00000", "2008-03-31": "338.00000", "2007-03-31": "397.00000", "2006-03-31": "596.00000", "2005-03-31": "634.00000"}, "Net Change In Property, Plant, And Equipment": {"2020-03-31": "-140.00000", "2019-03-31": "-119.00000", "2018-03-31": "-107.00000", "2017-03-31": "-123.00000", "2016-03-31": "-93.00000", "2015-03-31": "-95.00000", "2014-03-31": "-97.00000", "2013-03-31": "-106.00000", "2012-03-31": "-146.00000", "2011-03-31": "-59.00000", "2010-03-31": "-72.00000", "2009-03-31": "-115.00000", "2008-03-31": "-84.00000", "2007-03-31": "-176.00000", "2006-03-31": "-121.00000", "2005-03-31": "-110.00000"}, "Net Change In Intangible Assets": {"2020-03-31": "", "2019-03-31": "", "2018-03-31": "", "2017-03-31": "", "2016-03-31": "", "2015-03-31": "", "2014-03-31": "", "2013-03-31": "", "2012-03-31": "", "2011-03-31": "", "2010-03-31": "", "2009-03-31": "", "2008-03-31": "", "2007-03-31": "", "2006-03-31": "", "2005-03-31": ""}, "Net Acquisitions/Divestitures": {"2020-03-31": "", "2019-03-31": "-58.00000", "2018-03-31": "-150.00000", "2017-03-31": "", "2016-03-31": "", "2015-03-31": "", "2014-03-31": "-5.00000", "2013-03-31": "-10.00000", "2012-03-31": "-676.00000", "2011-03-31": "-16.00000", "2010-03-31": "-283.00000", "2009-03-31": "-58.00000", "2008-03-31": "-607.00000", "2007-03-31": "-103.00000", "2006-03-31": "-661.00000", "2005-03-31": "-81.00000"}, "Net Change In Short-term Investments": {"2020-03-31": "-1217.00000", "2019-03-31": "346.00000", "2018-03-31": "879.00000", "2017-03-31": "-636.00000", "2016-03-31": "-391.00000", "2015-03-31": "-375.00000", "2014-03-31": "-199.00000", "2013-03-31": "117.00000", "2012-03-31": "58.00000", "2011-03-31": "60.00000", "2010-03-31": "116.00000", "2009-03-31": "196.00000", "2008-03-31": "292.00000", "2007-03-31": "-208.00000", "2006-03-31": "674.00000", "2005-03-31": "-1532.00000"}, "Net Change In Long-Term Investments": {"2020-03-31": "", "2019-03-31": "", "2018-03-31": "", "2017-03-31": "", "2016-03-31": "", "2015-03-31": "", "2014-03-31": "", "2013-03-31": "", "2012-03-31": "", "2011-03-31": "", "2010-03-31": "", "2009-03-31": "", "2008-03-31": "", "2007-03-31": "", "2006-03-31": "", "2005-03-31": "-2.00000"}, "Net Change In Investments - Total": {"2020-03-31": "-1217.00000", "2019-03-31": "346.00000", "2018-03-31": "879.00000", "2017-03-31": "-636.00000", "2016-03-31": "-391.00000", "2015-03-31": "-375.00000", "2014-03-31": "-199.00000", "2013-03-31": "117.00000", "2012-03-31": "58.00000", "2011-03-31": "60.00000", "2010-03-31": "116.00000", "2009-03-31": "196.00000", "2008-03-31": "292.00000", "2007-03-31": "-208.00000", "2006-03-31": "674.00000", "2005-03-31": "-1534.00000"}, "Investing Activities - Other": {"2020-03-31": "", "2019-03-31": "", "2018-03-31": "", "2017-03-31": "", "2016-03-31": "", "2015-03-31": "", "2014-03-31": "", "2013-03-31": "31.00000", "2012-03-31": "75.00000", "2011-03-31": "", "2010-03-31": "-333.00000", "2009-03-31": "", "2008-03-31": "-30.00000", "2007-03-31": "", "2006-03-31": "", "2005-03-31": "-1.00000"}, "Cash Flow From Investing Activities": {"2020-03-31": "-1357.00000", "2019-03-31": "169.00000", "2018-03-31": "622.00000", "2017-03-31": "-759.00000", "2016-03-31": "-484.00000", "2015-03-31": "-470.00000", "2014-03-31": "-301.00000", "2013-03-31": "32.00000", "2012-03-31": "-689.00000", "2011-03-31": "-15.00000", "2010-03-31": "-572.00000", "2009-03-31": "23.00000", "2008-03-31": "-429.00000", "2007-03-31": "-487.00000", "2006-03-31": "-108.00000", "2005-03-31": "-1726.00000"}, "Net Long-Term Debt": {"2020-03-31": "", "2019-03-31": "", "2018-03-31": "", "2017-03-31": "", "2016-03-31": "989.00000", "2015-03-31": "", "2014-03-31": "", "2013-03-31": "", "2012-03-31": "485.00000", "2011-03-31": "", "2010-03-31": "", "2009-03-31": "", "2008-03-31": "", "2007-03-31": "-14.00000", "2006-03-31": "", "2005-03-31": ""}, "Net Current Debt": {"2020-03-31": "", "2019-03-31": "", "2018-03-31": "", "2017-03-31": "-163.00000", "2016-03-31": "-470.00000", "2015-03-31": "", "2014-03-31": "", "2013-03-31": "", "2012-03-31": "", "2011-03-31": "", "2010-03-31": "", "2009-03-31": "", "2008-03-31": "", "2007-03-31": "", "2006-03-31": "", "2005-03-31": ""}, "Debt Issuance/Retirement Net - Total": {"2020-03-31": "", "2019-03-31": "", "2018-03-31": "", "2017-03-31": "-163.00000", "2016-03-31": "519.00000", "2015-03-31": "", "2014-03-31": "", "2013-03-31": "", "2012-03-31": "485.00000", "2011-03-31": "", "2010-03-31": "", "2009-03-31": "", "2008-03-31": "", "2007-03-31": "-14.00000", "2006-03-31": "", "2005-03-31": ""}, "Net Common Equity Issued/Repurchased": {"2020-03-31": "-1145.00000", "2019-03-31": "-1131.00000", "2018-03-31": "-523.00000", "2017-03-31": "-436.00000", "2016-03-31": "-911.00000", "2015-03-31": "-277.00000", "2014-03-31": "77.00000", "2013-03-31": "-315.00000", "2012-03-31": "-349.00000", "2011-03-31": "-24.00000", "2010-03-31": "39.00000", "2009-03-31": "89.00000", "2008-03-31": "192.00000", "2007-03-31": "168.00000", "2006-03-31": "-503.00000", "2005-03-31": "200.00000"}, "Net Total Equity Issued/Repurchased": {"2020-03-31": "-1145.00000", "2019-03-31": "-1131.00000", "2018-03-31": "-523.00000", "2017-03-31": "-436.00000", "2016-03-31": "-911.00000", "2015-03-31": "-277.00000", "2014-03-31": "77.00000", "2013-03-31": "-315.00000", "2012-03-31": "-349.00000", "2011-03-31": "-24.00000", "2010-03-31": "39.00000", "2009-03-31": "89.00000", "2008-03-31": "192.00000", "2007-03-31": "168.00000", "2006-03-31": "-503.00000", "2005-03-31": "200.00000"}, "Total Common And Preferred Stock Dividends Paid": {"2020-03-31": "", "2019-03-31": "", "2018-03-31": "", "2017-03-31": "", "2016-03-31": "", "2015-03-31": "", "2014-03-31": "", "2013-03-31": "", "2012-03-31": "", "2011-03-31": "", "2010-03-31": "", "2009-03-31": "", "2008-03-31": "", "2007-03-31": "", "2006-03-31": "", "2005-03-31": ""}, "Financial Activities - Other": {"2020-03-31": "-213.00000", "2019-03-31": "-122.00000", "2018-03-31": "-120.00000", "2017-03-31": "-130.00000", "2016-03-31": "-156.00000", "2015-03-31": "22.00000", "2014-03-31": "12.00000", "2013-03-31": "-30.00000", "2012-03-31": "4.00000", "2011-03-31": "1.00000", "2010-03-31": "14.00000", "2009-03-31": "2.00000", "2008-03-31": "51.00000", "2007-03-31": "36.00000", "2006-03-31": "", "2005-03-31": ""}, "Cash Flow From Financial Activities": {"2020-03-31": "-1358.00000", "2019-03-31": "-1253.00000", "2018-03-31": "-643.00000", "2017-03-31": "-729.00000", "2016-03-31": "-548.00000", "2015-03-31": "-255.00000", "2014-03-31": "89.00000", "2013-03-31": "-345.00000", "2012-03-31": "140.00000", "2011-03-31": "-23.00000", "2010-03-31": "53.00000", "2009-03-31": "91.00000", "2008-03-31": "243.00000", "2007-03-31": "190.00000", "2006-03-31": "-503.00000", "2005-03-31": "200.00000"}, "Net Cash Flow": {"2020-03-31": "-940.00000", "2019-03-31": "450.00000", "2018-03-31": "1693.00000", "2017-03-31": "72.00000", "2016-03-31": "425.00000", "2015-03-31": "286.00000", "2014-03-31": "490.00000", "2013-03-31": "-1.00000", "2012-03-31": "-286.00000", "2011-03-31": "306.00000", "2010-03-31": "-348.00000", "2009-03-31": "68.00000", "2008-03-31": "182.00000", "2007-03-31": "129.00000", "2006-03-31": "-28.00000", "2005-03-31": "-880.00000"}, "Stock-Based Compensation": {"2020-03-31": "347.00000", "2019-03-31": "284.00000", "2018-03-31": "242.00000", "2017-03-31": "196.00000", "2016-03-31": "178.00000", "2015-03-31": "144.00000", "2014-03-31": "150.00000", "2013-03-31": "164.00000", "2012-03-31": "170.00000", "2011-03-31": "176.00000", "2010-03-31": "187.00000", "2009-03-31": "203.00000", "2008-03-31": "150.00000", "2007-03-31": "133.00000", "2006-03-31": "3.00000", "2005-03-31": "6.00000"}, "Common Stock Dividends Paid": {"2020-03-31": "", "2019-03-31": "", "2018-03-31": "", "2017-03-31": "", "2016-03-31": "", "2015-03-31": "", "2014-03-31": "", "2013-03-31": "", "2012-03-31": "", "2011-03-31": "", "2010-03-31": "", "2009-03-31": "", "2008-03-31": "", "2007-03-31": "", "2006-03-31": "", "2005-03-31": ""}}, "cash flow statement, quarterly": {"Net Income/Loss": {"2020-12-31": 211, "2020-09-30": 185, "2020-06-30": "365.00000", "2020-03-31": 418, "2019-12-31": 346, "2019-09-30": 854, "2019-06-30": "1421.00000", "2019-03-31": 209, "2018-12-31": 262, "2018-09-30": 255, "2018-06-30": "293.00000", "2018-03-31": 607, "2017-12-31": -186, "2017-09-30": -22, "2017-06-30": "644.00000", "2017-03-31": 566, "2016-12-31": -1, "2016-09-30": -38, "2016-06-30": "440.00000", "2016-03-31": 899, "2015-12-31": -45, "2015-09-30": -140, "2015-06-30": "442.00000", "2015-03-31": 395, "2014-12-31": 142, "2014-09-30": 3, "2014-06-30": "335.00000", "2014-03-31": 367, "2013-12-31": -308, "2013-09-30": -273, "2013-06-30": "222.00000", "2013-03-31": 323, "2012-12-31": -45, "2012-09-30": -381, "2012-06-30": "201.00000", "2012-03-31": 400, "2011-12-31": -205, "2011-09-30": -340, "2011-06-30": "221.00000", "2011-03-31": 151, "2010-12-31": -322, "2010-09-30": -201, "2010-06-30": "96.00000", "2010-03-31": 30, "2009-12-31": -82, "2009-09-30": -391, "2009-06-30": "-234.00000", "2009-03-31": -42, "2008-12-31": -641, "2008-09-30": -310, "2008-06-30": "-95.00000", "2008-03-31": -93, "2007-12-31": -33, "2007-09-30": -196, "2007-06-30": "-132.00000", "2007-03-31": -25, "2006-12-31": 160, "2006-09-30": 22, "2006-06-30": "-81.00000", "2006-03-31": -16, "2005-12-31": 259, "2005-09-30": 51, "2005-06-30": "-58.00000", "2005-03-31": 504}, "Total Depreciation And Amortization - Cash Flow": {"2020-12-31": 46, "2020-09-30": 40, "2020-06-30": "37.00000", "2020-03-31": 39, "2019-12-31": 39, "2019-09-30": 35, "2019-06-30": "37.00000", "2019-03-31": 37, "2018-12-31": 34, "2018-09-30": 36, "2018-06-30": "38.00000", "2018-03-31": 39, "2017-12-31": 34, "2017-09-30": 32, "2017-06-30": "31.00000", "2017-03-31": 32, "2016-12-31": 49, "2016-09-30": 45, "2016-06-30": "46.00000", "2016-03-31": 48, "2015-12-31": 50, "2015-09-30": 50, "2015-06-30": "49.00000", "2015-03-31": 55, "2014-12-31": 53, "2014-09-30": 56, "2014-06-30": "56.00000", "2014-03-31": 57, "2013-12-31": 58, "2013-09-30": 56, "2013-06-30": "56.00000", "2013-03-31": 86, "2012-12-31": 66, "2012-09-30": 56, "2012-06-30": "56.00000", "2012-03-31": 68, "2011-12-31": 54, "2011-09-30": 51, "2011-06-30": "43.00000", "2011-03-31": 42, "2010-12-31": 44, "2010-09-30": 46, "2010-06-30": "48.00000", "2010-03-31": 50, "2009-12-31": 48, "2009-09-30": 46, "2009-06-30": "48.00000", "2009-03-31": 46, "2008-12-31": 416, "2008-09-30": 54, "2008-06-30": "50.00000", "2008-03-31": 49, "2007-12-31": 42, "2007-09-30": 37, "2007-06-30": "36.00000", "2007-03-31": 37, "2006-12-31": 38, "2006-09-30": 37, "2006-06-30": "35.00000", "2006-03-31": 27, "2005-12-31": 22, "2005-09-30": 23, "2005-06-30": "23.00000", "2005-03-31": 75}, "Other Non-Cash Items": {"2020-12-31": 143, "2020-09-30": 71, "2020-06-30": "112.00000", "2020-03-31": 18, "2019-12-31": 98, "2019-09-30": -534, "2019-06-30": "-1101.00000", "2019-03-31": 160, "2018-12-31": 80, "2018-09-30": -28, "2018-06-30": "70.00000", "2018-03-31": 143, "2017-12-31": 153, "2017-09-30": 47, "2017-06-30": "103.00000", "2017-03-31": 152, "2016-12-31": 28, "2016-09-30": 25, "2016-06-30": "91.00000", "2016-03-31": -360, "2015-12-31": 49, "2015-09-30": 51, "2015-06-30": "45.00000", "2015-03-31": 27, "2014-12-31": 44, "2014-09-30": 42, "2014-06-30": "29.00000", "2014-03-31": 51, "2013-12-31": 43, "2013-09-30": -3, "2013-06-30": "42.00000", "2013-03-31": 24, "2012-12-31": -21, "2012-09-30": 44, "2012-06-30": "16.00000", "2012-03-31": -5, "2011-12-31": 38, "2011-09-30": -1, "2011-06-30": "41.00000", "2011-03-31": 37, "2010-12-31": 56, "2010-09-30": 9, "2010-06-30": "57.00000", "2010-03-31": 84, "2009-12-31": 104, "2009-09-30": 21, "2009-06-30": "43.00000", "2009-03-31": 25, "2008-12-31": 454, "2008-09-30": -9, "2008-06-30": "48.00000", "2008-03-31": 208, "2007-12-31": 132, "2007-09-30": -37, "2007-06-30": "-8.00000", "2007-03-31": 114, "2006-12-31": -13, "2006-09-30": -11, "2006-06-30": "-11.00000", "2006-03-31": 43, "2005-12-31": 24, "2005-09-30": 90, "2005-06-30": "8.00000", "2005-03-31": 104}, "Total Non-Cash Items": {"2020-12-31": 189, "2020-09-30": 111, "2020-06-30": "149.00000", "2020-03-31": 57, "2019-12-31": 137, "2019-09-30": -499, "2019-06-30": "-1064.00000", "2019-03-31": 197, "2018-12-31": 114, "2018-09-30": 8, "2018-06-30": "108.00000", "2018-03-31": 182, "2017-12-31": 187, "2017-09-30": 79, "2017-06-30": "134.00000", "2017-03-31": 184, "2016-12-31": 77, "2016-09-30": 70, "2016-06-30": "137.00000", "2016-03-31": -312, "2015-12-31": 99, "2015-09-30": 101, "2015-06-30": "94.00000", "2015-03-31": 82, "2014-12-31": 97, "2014-09-30": 98, "2014-06-30": "85.00000", "2014-03-31": 108, "2013-12-31": 101, "2013-09-30": 53, "2013-06-30": "98.00000", "2013-03-31": 110, "2012-12-31": 45, "2012-09-30": 100, "2012-06-30": "72.00000", "2012-03-31": 63, "2011-12-31": 92, "2011-09-30": 50, "2011-06-30": "84.00000", "2011-03-31": 79, "2010-12-31": 100, "2010-09-30": 55, "2010-06-30": "105.00000", "2010-03-31": 134, "2009-12-31": 152, "2009-09-30": 67, "2009-06-30": "91.00000", "2009-03-31": 71, "2008-12-31": 870, "2008-09-30": 45, "2008-06-30": "98.00000", "2008-03-31": 257, "2007-12-31": 174, "2007-09-30": 0, "2007-06-30": "28.00000", "2007-03-31": 151, "2006-12-31": 25, "2006-09-30": 26, "2006-06-30": "24.00000", "2006-03-31": 70, "2005-12-31": 46, "2005-09-30": 113, "2005-06-30": "31.00000", "2005-03-31": 179}, "Change In Accounts Receivable": {"2020-12-31": -348, "2020-09-30": 83, "2020-06-30": "-44.00000", "2020-03-31": 340, "2019-12-31": 59, "2019-09-30": -529, "2019-06-30": "294.00000", "2019-03-31": 183, "2018-12-31": 151, "2018-09-30": -591, "2018-06-30": "169.00000", "2018-03-31": 502, "2017-12-31": -73, "2017-09-30": -589, "2017-06-30": "135.00000", "2017-03-31": 231, "2016-12-31": 126, "2016-09-30": -481, "2016-06-30": "-12.00000", "2016-03-31": 395, "2015-12-31": 111, "2015-09-30": -598, "2015-06-30": "219.00000", "2015-03-31": 122, "2014-12-31": 332, "2014-09-30": -618, "2014-06-30": "110.00000", "2014-03-31": 198, "2013-12-31": 68, "2013-09-30": -470, "2013-06-30": "192.00000", "2013-03-31": 74, "2012-12-31": 256, "2012-09-30": -528, "2012-06-30": "254.00000", "2012-03-31": 162, "2011-12-31": 39, "2011-09-30": -522, "2011-06-30": "307.00000", "2011-03-31": 58, "2010-12-31": 57, "2010-09-30": -334, "2010-06-30": "97.00000", "2010-03-31": 290, "2009-12-31": 162, "2009-09-30": -266, "2009-06-30": "-252.00000", "2009-03-31": 697, "2008-12-31": -223, "2008-09-30": -291, "2008-06-30": "38.00000", "2008-03-31": 531, "2007-12-31": -383, "2007-09-30": -294, "2007-06-30": "138.00000", "2007-03-31": 320, "2006-12-31": -275, "2006-09-30": -222, "2006-06-30": "159.00000", "2006-03-31": 347, "2005-12-31": -223, "2005-09-30": -162, "2005-06-30": "142.00000", "2005-03-31": -80}, "Change In Inventories": {"2020-12-31": 0, "2020-09-30": 0, "2020-06-30": "", "2020-03-31": 0, "2019-12-31": 0, "2019-09-30": 0, "2019-06-30": "", "2019-03-31": 0, "2018-12-31": 0, "2018-09-30": 0, "2018-06-30": "", "2018-03-31": 0, "2017-12-31": 0, "2017-09-30": 0, "2017-06-30": "", "2017-03-31": 0, "2016-12-31": 0, "2016-09-30": 0, "2016-06-30": "", "2016-03-31": 6, "2015-12-31": 20, "2015-09-30": -29, "2015-06-30": "3.00000", "2015-03-31": -16, "2014-12-31": 27, "2014-09-30": -30, "2014-06-30": "19.00000", "2014-03-31": -1, "2013-12-31": 3, "2013-09-30": -16, "2013-06-30": "1.00000", "2013-03-31": 16, "2012-12-31": 13, "2012-09-30": -11, "2012-06-30": "-2.00000", "2012-03-31": 10, "2011-12-31": 22, "2011-09-30": -15, "2011-06-30": "4.00000", "2011-03-31": 29, "2010-12-31": 51, "2010-09-30": -71, "2010-06-30": "16.00000", "2010-03-31": 46, "2009-12-31": 107, "2009-09-30": -34, "2009-06-30": "4.00000", "2009-03-31": 79, "2008-12-31": 35, "2008-09-30": -107, "2008-06-30": "-56.00000", "2008-03-31": 8, "2007-12-31": -69, "2007-09-30": -29, "2007-06-30": "-10.00000", "2007-03-31": 19, "2006-12-31": -2, "2006-09-30": -8, "2006-06-30": "3.00000", "2006-03-31": 8, "2005-12-31": -2, "2005-09-30": -10, "2005-06-30": "1.00000", "2005-03-31": -14}, "Change In Accounts Payable": {"2020-12-31": -77, "2020-09-30": 109, "2020-06-30": "-3.00000", "2020-03-31": -3, "2019-12-31": -84, "2019-09-30": 91, "2019-06-30": "-40.00000", "2019-03-31": 24, "2018-12-31": -97, "2018-09-30": 124, "2018-06-30": "8.00000", "2018-03-31": -60, "2017-12-31": -88, "2017-09-30": 148, "2017-06-30": "-44.00000", "2017-03-31": 11, "2016-12-31": -139, "2016-09-30": 165, "2016-06-30": "-32.00000", "2016-03-31": -57, "2015-12-31": -56, "2015-09-30": 142, "2015-06-30": "-16.00000", "2015-03-31": -17, "2014-12-31": -112, "2014-09-30": 126, "2014-06-30": "-43.00000", "2014-03-31": -31, "2013-12-31": -64, "2013-09-30": 159, "2013-06-30": "-82.00000", "2013-03-31": 37, "2012-12-31": -124, "2012-09-30": 166, "2012-06-30": "-157.00000", "2012-03-31": 100, "2011-12-31": -93, "2011-09-30": 76, "2011-06-30": "-133.00000", "2011-03-31": 55, "2010-12-31": -47, "2010-09-30": 146, "2010-06-30": "-40.00000", "2010-03-31": -93, "2009-12-31": -87, "2009-09-30": 115, "2009-06-30": "8.00000", "2009-03-31": -128, "2008-12-31": -2, "2008-09-30": 137, "2008-06-30": "-33.00000", "2008-03-31": -147, "2007-12-31": 140, "2007-09-30": 103, "2007-06-30": "-74.00000", "2007-03-31": -11, "2006-12-31": -34, "2006-09-30": 85, "2006-06-30": "-50.00000", "2006-03-31": -19, "2005-12-31": 16, "2005-09-30": 59, "2005-06-30": "-25.00000", "2005-03-31": 28}, "Change In Assets/Liabilities": {"2020-12-31": 826, "2020-09-30": -397, "2020-06-30": "-23.00000", "2020-03-31": -169, "2019-12-31": 470, "2019-09-30": -24, "2019-06-30": "-397.00000", "2019-03-31": 106, "2018-12-31": 376, "2018-09-30": -56, "2018-06-30": "-299.00000", "2018-03-31": -394, "2017-12-31": 844, "2017-09-30": 220, "2017-06-30": "-577.00000", "2017-03-31": -469, "2016-12-31": 907, "2016-09-30": 225, "2016-06-30": "-579.00000", "2016-03-31": -407, "2015-12-31": 735, "2015-09-30": 351, "2015-06-30": "-482.00000", "2015-03-31": -331, "2014-12-31": 301, "2014-09-30": 347, "2014-06-30": "-418.00000", "2014-03-31": -282, "2013-12-31": 773, "2013-09-30": 383, "2013-06-30": "-484.00000", "2013-03-31": -168, "2012-12-31": 274, "2012-09-30": 398, "2012-06-30": "-493.00000", "2012-03-31": -411, "2011-12-31": 572, "2011-09-30": 357, "2011-06-30": "-576.00000", "2011-03-31": -81, "2010-12-31": 334, "2010-09-30": 304, "2010-06-30": "-313.00000", "2010-03-31": -58, "2009-12-31": 84, "2009-09-30": 360, "2009-06-30": "137.00000", "2009-03-31": -229, "2008-12-31": 100, "2008-09-30": 257, "2008-06-30": "-202.00000", "2008-03-31": -160, "2007-12-31": 253, "2007-09-30": 263, "2007-06-30": "-9.00000", "2007-03-31": -17, "2006-12-31": 72, "2006-09-30": 2, "2006-06-30": "12.00000", "2006-03-31": -50, "2005-12-31": 4, "2005-09-30": -4, "2005-06-30": "-12.00000", "2005-03-31": -35}, "Total Change In Assets/Liabilities": {"2020-12-31": 724, "2020-09-30": -235, "2020-06-30": "-136.00000", "2020-03-31": 23, "2019-12-31": 621, "2019-09-30": -318, "2019-06-30": "-199.00000", "2019-03-31": 193, "2018-12-31": 578, "2018-09-30": -389, "2018-06-30": "-281.00000", "2018-03-31": -174, "2017-12-31": 848, "2017-09-30": -5, "2017-06-30": "-602.00000", "2017-03-31": -313, "2016-12-31": 1061, "2016-09-30": 90, "2016-06-30": "-695.00000", "2016-03-31": 51, "2015-12-31": 835, "2015-09-30": 48, "2015-06-30": "-607.00000", "2015-03-31": -279, "2014-12-31": 443, "2014-09-30": 82, "2014-06-30": "-416.00000", "2014-03-31": -194, "2013-12-31": 892, "2013-09-30": 214, "2013-06-30": "-568.00000", "2013-03-31": -200, "2012-12-31": 363, "2012-09-30": 253, "2012-06-30": "-517.00000", "2012-03-31": -176, "2011-12-31": 588, "2011-09-30": 79, "2011-06-30": "-579.00000", "2011-03-31": 23, "2010-12-31": 571, "2010-09-30": 12, "2010-06-30": "-349.00000", "2010-03-31": 89, "2009-12-31": 151, "2009-09-30": 330, "2009-06-30": "-185.00000", "2009-03-31": 186, "2008-12-31": -17, "2008-09-30": 141, "2008-06-30": "-294.00000", "2008-03-31": 121, "2007-12-31": 208, "2007-09-30": 92, "2007-06-30": "-88.00000", "2007-03-31": 193, "2006-12-31": 7, "2006-09-30": -87, "2006-06-30": "-18.00000", "2006-03-31": 284, "2005-12-31": -28, "2005-09-30": -152, "2005-06-30": "-4.00000", "2005-03-31": -55}, "Cash Flow From Operating Activities": {"2020-12-31": 1124, "2020-09-30": 61, "2020-06-30": "378.00000", "2020-03-31": 498, "2019-12-31": 1104, "2019-09-30": 37, "2019-06-30": "158.00000", "2019-03-31": 599, "2018-12-31": 954, "2018-09-30": -126, "2018-06-30": "120.00000", "2018-03-31": 615, "2017-12-31": 849, "2017-09-30": 52, "2017-06-30": "176.00000", "2017-03-31": 437, "2016-12-31": 1137, "2016-09-30": 122, "2016-06-30": "-118.00000", "2016-03-31": 638, "2015-12-31": 889, "2015-09-30": 9, "2015-06-30": "-71.00000", "2015-03-31": 198, "2014-12-31": 682, "2014-09-30": 183, "2014-06-30": "4.00000", "2014-03-31": 281, "2013-12-31": 685, "2013-09-30": -6, "2013-06-30": "-248.00000", "2013-03-31": 233, "2012-12-31": 363, "2012-09-30": -28, "2012-06-30": "-244.00000", "2012-03-31": 287, "2011-12-31": 475, "2011-09-30": -211, "2011-06-30": "-274.00000", "2011-03-31": 253, "2010-12-31": 349, "2010-09-30": -134, "2010-06-30": "-148.00000", "2010-03-31": 253, "2009-12-31": 221, "2009-09-30": 6, "2009-06-30": "-328.00000", "2009-03-31": 215, "2008-12-31": 212, "2008-09-30": -124, "2008-06-30": "-291.00000", "2008-03-31": 285, "2007-12-31": 349, "2007-09-30": -104, "2007-06-30": "-192.00000", "2007-03-31": 214, "2006-12-31": 227, "2006-09-30": -6, "2006-06-30": "-38.00000", "2006-03-31": 337, "2005-12-31": 278, "2005-09-30": 12, "2005-06-30": "-31.00000", "2005-03-31": 634}, "Net Change In Property, Plant, And Equipment": {"2020-12-31": -30, "2020-09-30": -25, "2020-06-30": "-38.00000", "2020-03-31": -40, "2019-12-31": -28, "2019-09-30": -27, "2019-06-30": "-45.00000", "2019-03-31": -35, "2018-12-31": -21, "2018-09-30": -31, "2018-06-30": "-32.00000", "2018-03-31": -20, "2017-12-31": -24, "2017-09-30": -30, "2017-06-30": "-33.00000", "2017-03-31": -29, "2016-12-31": -25, "2016-09-30": -29, "2016-06-30": "-40.00000", "2016-03-31": -30, "2015-12-31": -21, "2015-09-30": -18, "2015-06-30": "-24.00000", "2015-03-31": -32, "2014-12-31": -15, "2014-09-30": -21, "2014-06-30": "-27.00000", "2014-03-31": -16, "2013-12-31": -28, "2013-09-30": -24, "2013-06-30": "-29.00000", "2013-03-31": -25, "2012-12-31": -25, "2012-09-30": -25, "2012-06-30": "-31.00000", "2012-03-31": -44, "2011-12-31": -44, "2011-09-30": -26, "2011-06-30": "-32.00000", "2011-03-31": -21, "2010-12-31": -15, "2010-09-30": -12, "2010-06-30": "-11.00000", "2010-03-31": -22, "2009-12-31": -16, "2009-09-30": -26, "2009-06-30": "-8.00000", "2009-03-31": -25, "2008-12-31": -27, "2008-09-30": -32, "2008-06-30": "-31.00000", "2008-03-31": -22, "2007-12-31": -25, "2007-09-30": -23, "2007-06-30": "-14.00000", "2007-03-31": -58, "2006-12-31": -32, "2006-09-30": -48, "2006-06-30": "-38.00000", "2006-03-31": -34, "2005-12-31": -31, "2005-09-30": -23, "2005-06-30": "-33.00000", "2005-03-31": -110}, "Net Change In Intangible Assets": {"2020-12-31": 0, "2020-09-30": 0, "2020-06-30": "", "2020-03-31": 0, "2019-12-31": 0, "2019-09-30": 0, "2019-06-30": "", "2019-03-31": 0, "2018-12-31": 0, "2018-09-30": 0, "2018-06-30": "", "2018-03-31": 0, "2017-12-31": 0, "2017-09-30": 0, "2017-06-30": "", "2017-03-31": 0, "2016-12-31": 0, "2016-09-30": 0, "2016-06-30": "", "2016-03-31": 0, "2015-12-31": 0, "2015-09-30": 0, "2015-06-30": "", "2015-03-31": 0, "2014-12-31": 0, "2014-09-30": 0, "2014-06-30": "", "2014-03-31": 0, "2013-12-31": 0, "2013-09-30": 0, "2013-06-30": "", "2013-03-31": 0, "2012-12-31": 0, "2012-09-30": 0, "2012-06-30": "", "2012-03-31": 0, "2011-12-31": 0, "2011-09-30": 0, "2011-06-30": "", "2011-03-31": 0, "2010-12-31": 0, "2010-09-30": 0, "2010-06-30": "", "2010-03-31": 0, "2009-12-31": 0, "2009-09-30": 0, "2009-06-30": "", "2009-03-31": 0, "2008-12-31": 0, "2008-09-30": 0, "2008-06-30": "", "2008-03-31": 0, "2007-12-31": 0, "2007-09-30": 0, "2007-06-30": "", "2007-03-31": 0, "2006-12-31": 0, "2006-09-30": 0, "2006-06-30": "", "2006-03-31": 0, "2005-12-31": 0, "2005-09-30": 0, "2005-06-30": "", "2005-03-31": 0}, "Net Acquisitions/Divestitures": {"2020-12-31": 0, "2020-09-30": 0, "2020-06-30": "", "2020-03-31": 0, "2019-12-31": 0, "2019-09-30": 0, "2019-06-30": "", "2019-03-31": 0, "2018-12-31": 0, "2018-09-30": -8, "2018-06-30": "-50.00000", "2018-03-31": 0, "2017-12-31": -150, "2017-09-30": 0, "2017-06-30": "", "2017-03-31": 0, "2016-12-31": 0, "2016-09-30": 0, "2016-06-30": "", "2016-03-31": 0, "2015-12-31": 0, "2015-09-30": 0, "2015-06-30": "", "2015-03-31": 0, "2014-12-31": 0, "2014-09-30": 0, "2014-06-30": "", "2014-03-31": 0, "2013-12-31": 0, "2013-09-30": 0, "2013-06-30": "-5.00000", "2013-03-31": 0, "2012-12-31": 0, "2012-09-30": -10, "2012-06-30": "", "2012-03-31": 0, "2011-12-31": -19, "2011-09-30": -632, "2011-06-30": "-25.00000", "2011-03-31": 0, "2010-12-31": -16, "2010-09-30": 0, "2010-06-30": "", "2010-03-31": -5, "2009-12-31": -275, "2009-09-30": 0, "2009-06-30": "-3.00000", "2009-03-31": 0, "2008-12-31": -16, "2008-09-30": 0, "2008-06-30": "-42.00000", "2008-03-31": -607, "2007-12-31": 0, "2007-09-30": 0, "2007-06-30": "", "2007-03-31": -9, "2006-12-31": -27, "2006-09-30": -67, "2006-06-30": "", "2006-03-31": -658, "2005-12-31": 0, "2005-09-30": 0, "2005-06-30": "-3.00000", "2005-03-31": -81}, "Net Change In Short-term Investments": {"2020-12-31": 30, "2020-09-30": -28, "2020-06-30": "30.00000", "2020-03-31": 29, "2019-12-31": -55, "2019-09-30": -286, "2019-06-30": "-905.00000", "2019-03-31": 535, "2018-12-31": 394, "2018-09-30": -562, "2018-06-30": "-21.00000", "2018-03-31": 1235, "2017-12-31": -11, "2017-09-30": -90, "2017-06-30": "-255.00000", "2017-03-31": -232, "2016-12-31": -224, "2016-09-30": -139, "2016-06-30": "-41.00000", "2016-03-31": -371, "2015-12-31": 18, "2015-09-30": 78, "2015-06-30": "-116.00000", "2015-03-31": -178, "2014-12-31": -12, "2014-09-30": -5, "2014-06-30": "-180.00000", "2014-03-31": -260, "2013-12-31": 2, "2013-09-30": 27, "2013-06-30": "32.00000", "2013-03-31": -68, "2012-12-31": 102, "2012-09-30": 92, "2012-06-30": "-9.00000", "2012-03-31": -31, "2011-12-31": -51, "2011-09-30": 147, "2011-06-30": "-7.00000", "2011-03-31": 13, "2010-12-31": -20, "2010-09-30": 109, "2010-06-30": "-42.00000", "2010-03-31": -74, "2009-12-31": 236, "2009-09-30": 55, "2009-06-30": "-101.00000", "2009-03-31": 45, "2008-12-31": -46, "2008-09-30": 220, "2008-06-30": "-23.00000", "2008-03-31": -21, "2007-12-31": 408, "2007-09-30": 438, "2007-06-30": "-533.00000", "2007-03-31": -32, "2006-12-31": -254, "2006-09-30": 29, "2006-06-30": "49.00000", "2006-03-31": 69, "2005-12-31": 561, "2005-09-30": 44, "2005-06-30": "0.00000", "2005-03-31": -1532}, "Net Change In Long-Term Investments": {"2020-12-31": 0, "2020-09-30": 0, "2020-06-30": "", "2020-03-31": 0, "2019-12-31": 0, "2019-09-30": 0, "2019-06-30": "", "2019-03-31": 0, "2018-12-31": 0, "2018-09-30": 0, "2018-06-30": "", "2018-03-31": 0, "2017-12-31": 0, "2017-09-30": 0, "2017-06-30": "", "2017-03-31": 0, "2016-12-31": 0, "2016-09-30": 0, "2016-06-30": "", "2016-03-31": 0, "2015-12-31": 0, "2015-09-30": 0, "2015-06-30": "", "2015-03-31": 0, "2014-12-31": 0, "2014-09-30": 0, "2014-06-30": "", "2014-03-31": 0, "2013-12-31": 0, "2013-09-30": 0, "2013-06-30": "", "2013-03-31": 0, "2012-12-31": 0, "2012-09-30": 0, "2012-06-30": "", "2012-03-31": 0, "2011-12-31": 0, "2011-09-30": 0, "2011-06-30": "", "2011-03-31": 0, "2010-12-31": 0, "2010-09-30": 0, "2010-06-30": "", "2010-03-31": 0, "2009-12-31": 0, "2009-09-30": 0, "2009-06-30": "", "2009-03-31": 0, "2008-12-31": 0, "2008-09-30": 0, "2008-06-30": "", "2008-03-31": 0, "2007-12-31": 0, "2007-09-30": 0, "2007-06-30": "", "2007-03-31": 0, "2006-12-31": 0, "2006-09-30": 0, "2006-06-30": "", "2006-03-31": 0, "2005-12-31": 0, "2005-09-30": 0, "2005-06-30": "", "2005-03-31": -2}, "Net Change In Investments - Total": {"2020-12-31": 30, "2020-09-30": -28, "2020-06-30": "30.00000", "2020-03-31": 29, "2019-12-31": -55, "2019-09-30": -286, "2019-06-30": "-905.00000", "2019-03-31": 535, "2018-12-31": 394, "2018-09-30": -562, "2018-06-30": "-21.00000", "2018-03-31": 1235, "2017-12-31": -11, "2017-09-30": -90, "2017-06-30": "-255.00000", "2017-03-31": -232, "2016-12-31": -224, "2016-09-30": -139, "2016-06-30": "-41.00000", "2016-03-31": -371, "2015-12-31": 18, "2015-09-30": 78, "2015-06-30": "-116.00000", "2015-03-31": -178, "2014-12-31": -12, "2014-09-30": -5, "2014-06-30": "-180.00000", "2014-03-31": -260, "2013-12-31": 2, "2013-09-30": 27, "2013-06-30": "32.00000", "2013-03-31": -68, "2012-12-31": 102, "2012-09-30": 92, "2012-06-30": "-9.00000", "2012-03-31": -31, "2011-12-31": -51, "2011-09-30": 147, "2011-06-30": "-7.00000", "2011-03-31": 13, "2010-12-31": -20, "2010-09-30": 109, "2010-06-30": "-42.00000", "2010-03-31": -74, "2009-12-31": 236, "2009-09-30": 55, "2009-06-30": "-101.00000", "2009-03-31": 45, "2008-12-31": -46, "2008-09-30": 220, "2008-06-30": "-23.00000", "2008-03-31": -21, "2007-12-31": 408, "2007-09-30": 438, "2007-06-30": "-533.00000", "2007-03-31": -32, "2006-12-31": -254, "2006-09-30": 29, "2006-06-30": "49.00000", "2006-03-31": 69, "2005-12-31": 561, "2005-09-30": 44, "2005-06-30": "", "2005-03-31": -1534}, "Investing Activities - Other": {"2020-12-31": 0, "2020-09-30": 0, "2020-06-30": "", "2020-03-31": 0, "2019-12-31": 0, "2019-09-30": 0, "2019-06-30": "", "2019-03-31": 0, "2018-12-31": 0, "2018-09-30": 0, "2018-06-30": "", "2018-03-31": 0, "2017-12-31": 0, "2017-09-30": 0, "2017-06-30": "", "2017-03-31": 0, "2016-12-31": 0, "2016-09-30": 0, "2016-06-30": "", "2016-03-31": 0, "2015-12-31": 0, "2015-09-30": 0, "2015-06-30": "", "2015-03-31": 0, "2014-12-31": 0, "2014-09-30": 0, "2014-06-30": "", "2014-03-31": 0, "2013-12-31": 0, "2013-09-30": 0, "2013-06-30": "", "2013-03-31": 6, "2012-12-31": 0, "2012-09-30": 25, "2012-06-30": "", "2012-03-31": 75, "2011-12-31": 0, "2011-09-30": 0, "2011-06-30": "", "2011-03-31": 0, "2010-12-31": 0, "2010-09-30": 0, "2010-06-30": "", "2010-03-31": 0, "2009-12-31": -100, "2009-09-30": -233, "2009-06-30": "", "2009-03-31": 0, "2008-12-31": 0, "2008-09-30": 0, "2008-06-30": "", "2008-03-31": 0, "2007-12-31": -30, "2007-09-30": 0, "2007-06-30": "", "2007-03-31": 0, "2006-12-31": 0, "2006-09-30": 0, "2006-06-30": "", "2006-03-31": 2, "2005-12-31": -1, "2005-09-30": 0, "2005-06-30": "-1.00000", "2005-03-31": -1}, "Cash Flow From Investing Activities": {"2020-12-31": 0, "2020-09-30": -53, "2020-06-30": "-8.00000", "2020-03-31": -11, "2019-12-31": -83, "2019-09-30": -313, "2019-06-30": "-950.00000", "2019-03-31": 500, "2018-12-31": 373, "2018-09-30": -601, "2018-06-30": "-103.00000", "2018-03-31": 1215, "2017-12-31": -185, "2017-09-30": -120, "2017-06-30": "-288.00000", "2017-03-31": -261, "2016-12-31": -249, "2016-09-30": -168, "2016-06-30": "-81.00000", "2016-03-31": -401, "2015-12-31": -3, "2015-09-30": 60, "2015-06-30": "-140.00000", "2015-03-31": -210, "2014-12-31": -27, "2014-09-30": -26, "2014-06-30": "-207.00000", "2014-03-31": -276, "2013-12-31": -26, "2013-09-30": 3, "2013-06-30": "-2.00000", "2013-03-31": -87, "2012-12-31": 77, "2012-09-30": 82, "2012-06-30": "-40.00000", "2012-03-31": 0, "2011-12-31": -114, "2011-09-30": -511, "2011-06-30": "-64.00000", "2011-03-31": -8, "2010-12-31": -51, "2010-09-30": 97, "2010-06-30": "-53.00000", "2010-03-31": -101, "2009-12-31": -155, "2009-09-30": -204, "2009-06-30": "-112.00000", "2009-03-31": 20, "2008-12-31": -89, "2008-09-30": 188, "2008-06-30": "-96.00000", "2008-03-31": -650, "2007-12-31": 353, "2007-09-30": 415, "2007-06-30": "-547.00000", "2007-03-31": -99, "2006-12-31": -313, "2006-09-30": -86, "2006-06-30": "11.00000", "2006-03-31": -621, "2005-12-31": 529, "2005-09-30": 21, "2005-06-30": "-37.00000", "2005-03-31": -1726}, "Net Long-Term Debt": {"2020-12-31": 0, "2020-09-30": 0, "2020-06-30": "", "2020-03-31": 0, "2019-12-31": 0, "2019-09-30": 0, "2019-06-30": "", "2019-03-31": 0, "2018-12-31": 0, "2018-09-30": 0, "2018-06-30": "", "2018-03-31": 0, "2017-12-31": 0, "2017-09-30": 0, "2017-06-30": "", "2017-03-31": 0, "2016-12-31": 0, "2016-09-30": 0, "2016-06-30": "", "2016-03-31": 989, "2015-12-31": 0, "2015-09-30": 0, "2015-06-30": "", "2015-03-31": 0, "2014-12-31": 0, "2014-09-30": 0, "2014-06-30": "", "2014-03-31": 1, "2013-12-31": -1, "2013-09-30": 0, "2013-06-30": "", "2013-03-31": 0, "2012-12-31": 0, "2012-09-30": 1, "2012-06-30": "-1.00000", "2012-03-31": -25, "2011-12-31": 0, "2011-09-30": 510, "2011-06-30": "", "2011-03-31": 0, "2010-12-31": 0, "2010-09-30": 0, "2010-06-30": "", "2010-03-31": 0, "2009-12-31": 0, "2009-09-30": 0, "2009-06-30": "", "2009-03-31": 0, "2008-12-31": 0, "2008-09-30": 0, "2008-06-30": "", "2008-03-31": 0, "2007-12-31": 0, "2007-09-30": 0, "2007-06-30": "", "2007-03-31": 0, "2006-12-31": -14, "2006-09-30": 14, "2006-06-30": "-14.00000", "2006-03-31": 0, "2005-12-31": 0, "2005-09-30": 0, "2005-06-30": "", "2005-03-31": 0}, "Net Current Debt": {"2020-12-31": 0, "2020-09-30": 0, "2020-06-30": "", "2020-03-31": 0, "2019-12-31": 0, "2019-09-30": 0, "2019-06-30": "", "2019-03-31": 0, "2018-12-31": 0, "2018-09-30": 0, "2018-06-30": "", "2018-03-31": 0, "2017-12-31": 0, "2017-09-30": 0, "2017-06-30": "", "2017-03-31": 0, "2016-12-31": 0, "2016-09-30": -136, "2016-06-30": "-27.00000", "2016-03-31": -177, "2015-12-31": -95, "2015-09-30": -198, "2015-06-30": "", "2015-03-31": 0, "2014-12-31": 0, "2014-09-30": 0, "2014-06-30": "", "2014-03-31": 0, "2013-12-31": 0, "2013-09-30": 0, "2013-06-30": "", "2013-03-31": 0, "2012-12-31": 0, "2012-09-30": 0, "2012-06-30": "", "2012-03-31": 0, "2011-12-31": 0, "2011-09-30": 0, "2011-06-30": "", "2011-03-31": 0, "2010-12-31": 0, "2010-09-30": 0, "2010-06-30": "", "2010-03-31": 0, "2009-12-31": 0, "2009-09-30": 0, "2009-06-30": "", "2009-03-31": 0, "2008-12-31": 0, "2008-09-30": 0, "2008-06-30": "", "2008-03-31": 0, "2007-12-31": 0, "2007-09-30": 0, "2007-06-30": "", "2007-03-31": 0, "2006-12-31": 14, "2006-09-30": -14, "2006-06-30": "", "2006-03-31": 0, "2005-12-31": 0, "2005-09-30": 0, "2005-06-30": "", "2005-03-31": 0}, "Debt Issuance/Retirement Net - Total": {"2020-12-31": 0, "2020-09-30": 0, "2020-06-30": "", "2020-03-31": 0, "2019-12-31": 0, "2019-09-30": 0, "2019-06-30": "", "2019-03-31": 0, "2018-12-31": 0, "2018-09-30": 0, "2018-06-30": "", "2018-03-31": 0, "2017-12-31": 0, "2017-09-30": 0, "2017-06-30": "", "2017-03-31": 0, "2016-12-31": 0, "2016-09-30": -136, "2016-06-30": "-27.00000", "2016-03-31": 812, "2015-12-31": -95, "2015-09-30": -198, "2015-06-30": "", "2015-03-31": 0, "2014-12-31": 0, "2014-09-30": 0, "2014-06-30": "", "2014-03-31": 1, "2013-12-31": -1, "2013-09-30": 0, "2013-06-30": "", "2013-03-31": 0, "2012-12-31": 0, "2012-09-30": 1, "2012-06-30": "-1.00000", "2012-03-31": -25, "2011-12-31": 0, "2011-09-30": 510, "2011-06-30": "", "2011-03-31": 0, "2010-12-31": 0, "2010-09-30": 0, "2010-06-30": "", "2010-03-31": 0, "2009-12-31": 0, "2009-09-30": 0, "2009-06-30": "", "2009-03-31": 0, "2008-12-31": 0, "2008-09-30": 0, "2008-06-30": "", "2008-03-31": 0, "2007-12-31": 0, "2007-09-30": 0, "2007-06-30": "", "2007-03-31": 0, "2006-12-31": 0, "2006-09-30": 0, "2006-06-30": "-14.00000", "2006-03-31": 0, "2005-12-31": 0, "2005-09-30": 0, "2005-06-30": "", "2005-03-31": 0}, "Net Common Equity Issued/Repurchased": {"2020-12-31": -313, "2020-09-30": 40, "2020-06-30": "-75.00000", "2020-03-31": -263, "2019-12-31": -304, "2019-09-30": -276, "2019-06-30": "-302.00000", "2019-03-31": -276, "2018-12-31": -292, "2018-09-30": -264, "2018-06-30": "-299.00000", "2018-03-31": -127, "2017-12-31": -150, "2017-09-30": -126, "2017-06-30": "-120.00000", "2017-03-31": -86, "2016-12-31": -125, "2016-09-30": -100, "2016-06-30": "-125.00000", "2016-03-31": -613, "2015-12-31": -124, "2015-09-30": -87, "2015-06-30": "-87.00000", "2015-03-31": -66, "2014-12-31": -92, "2014-09-30": -74, "2014-06-30": "-45.00000", "2014-03-31": 26, "2013-12-31": 1, "2013-09-30": 28, "2013-06-30": "22.00000", "2013-03-31": 2, "2012-12-31": -156, "2012-09-30": -90, "2012-06-30": "-71.00000", "2012-03-31": -223, "2011-12-31": -37, "2011-09-30": -12, "2011-06-30": "-77.00000", "2011-03-31": -41, "2010-12-31": 0, "2010-09-30": 16, "2010-06-30": "1.00000", "2010-03-31": 14, "2009-12-31": 0, "2009-09-30": 22, "2009-06-30": "3.00000", "2009-03-31": 14, "2008-12-31": 6, "2008-09-30": 44, "2008-06-30": "25.00000", "2008-03-31": 32, "2007-12-31": 74, "2007-09-30": 68, "2007-06-30": "18.00000", "2007-03-31": 35, "2006-12-31": 48, "2006-09-30": 48, "2006-06-30": "37.00000", "2006-03-31": 55, "2005-12-31": 91, "2005-09-30": -331, "2005-06-30": "-318.00000", "2005-03-31": 200}, "Net Total Equity Issued/Repurchased": {"2020-12-31": -313, "2020-09-30": 40, "2020-06-30": "-75.00000", "2020-03-31": -263, "2019-12-31": -304, "2019-09-30": -276, "2019-06-30": "-302.00000", "2019-03-31": -276, "2018-12-31": -292, "2018-09-30": -264, "2018-06-30": "-299.00000", "2018-03-31": -127, "2017-12-31": -150, "2017-09-30": -126, "2017-06-30": "-120.00000", "2017-03-31": -86, "2016-12-31": -125, "2016-09-30": -100, "2016-06-30": "-125.00000", "2016-03-31": -613, "2015-12-31": -124, "2015-09-30": -87, "2015-06-30": "-87.00000", "2015-03-31": -66, "2014-12-31": -92, "2014-09-30": -74, "2014-06-30": "-45.00000", "2014-03-31": 26, "2013-12-31": 1, "2013-09-30": 28, "2013-06-30": "22.00000", "2013-03-31": 2, "2012-12-31": -156, "2012-09-30": -90, "2012-06-30": "-71.00000", "2012-03-31": -223, "2011-12-31": -37, "2011-09-30": -12, "2011-06-30": "-77.00000", "2011-03-31": -41, "2010-12-31": 0, "2010-09-30": 16, "2010-06-30": "1.00000", "2010-03-31": 14, "2009-12-31": 0, "2009-09-30": 22, "2009-06-30": "3.00000", "2009-03-31": 14, "2008-12-31": 6, "2008-09-30": 44, "2008-06-30": "25.00000", "2008-03-31": 32, "2007-12-31": 74, "2007-09-30": 68, "2007-06-30": "18.00000", "2007-03-31": 35, "2006-12-31": 48, "2006-09-30": 48, "2006-06-30": "37.00000", "2006-03-31": 55, "2005-12-31": 91, "2005-09-30": -331, "2005-06-30": "-318.00000", "2005-03-31": 200}, "Total Common And Preferred Stock Dividends Paid": {"2020-12-31": -49, "2020-09-30": 0, "2020-06-30": "", "2020-03-31": 0, "2019-12-31": 0, "2019-09-30": 0, "2019-06-30": "", "2019-03-31": 0, "2018-12-31": 0, "2018-09-30": 0, "2018-06-30": "", "2018-03-31": 0, "2017-12-31": 0, "2017-09-30": 0, "2017-06-30": "", "2017-03-31": 0, "2016-12-31": 0, "2016-09-30": 0, "2016-06-30": "", "2016-03-31": 0, "2015-12-31": 0, "2015-09-30": 0, "2015-06-30": "", "2015-03-31": 0, "2014-12-31": 0, "2014-09-30": 0, "2014-06-30": "", "2014-03-31": 0, "2013-12-31": 0, "2013-09-30": 0, "2013-06-30": "", "2013-03-31": 0, "2012-12-31": 0, "2012-09-30": 0, "2012-06-30": "", "2012-03-31": 0, "2011-12-31": 0, "2011-09-30": 0, "2011-06-30": "", "2011-03-31": 0, "2010-12-31": 0, "2010-09-30": 0, "2010-06-30": "", "2010-03-31": 0, "2009-12-31": 0, "2009-09-30": 0, "2009-06-30": "", "2009-03-31": 0, "2008-12-31": 0, "2008-09-30": 0, "2008-06-30": "", "2008-03-31": 0, "2007-12-31": 0, "2007-09-30": 0, "2007-06-30": "", "2007-03-31": 0, "2006-12-31": 0, "2006-09-30": 0, "2006-06-30": "", "2006-03-31": 0, "2005-12-31": 0, "2005-09-30": 0, "2005-06-30": "", "2005-03-31": 0}, "Financial Activities - Other": {"2020-12-31": -67, "2020-09-30": -8, "2020-06-30": "-69.00000", "2020-03-31": -37, "2019-12-31": -57, "2019-09-30": -36, "2019-06-30": "-83.00000", "2019-03-31": -6, "2018-12-31": -20, "2018-09-30": -7, "2018-06-30": "-89.00000", "2018-03-31": -8, "2017-12-31": -7, "2017-09-30": -10, "2017-06-30": "-95.00000", "2017-03-31": -18, "2016-12-31": -6, "2016-09-30": -9, "2016-06-30": "-97.00000", "2016-03-31": -229, "2015-12-31": 8, "2015-09-30": 25, "2015-06-30": "40.00000", "2015-03-31": 6, "2014-12-31": 2, "2014-09-30": 2, "2014-06-30": "12.00000", "2014-03-31": 12, "2013-12-31": 1, "2013-09-30": 0, "2013-06-30": "-1.00000", "2013-03-31": 0, "2012-12-31": -2, "2012-09-30": -28, "2012-06-30": "", "2012-03-31": 0, "2011-12-31": 1, "2011-09-30": 1, "2011-06-30": "2.00000", "2011-03-31": 1, "2010-12-31": 0, "2010-09-30": 0, "2010-06-30": "", "2010-03-31": 1, "2009-12-31": 13, "2009-09-30": 0, "2009-06-30": "", "2009-03-31": 0, "2008-12-31": -14, "2008-09-30": 7, "2008-06-30": "9.00000", "2008-03-31": 6, "2007-12-31": 14, "2007-09-30": 23, "2007-06-30": "8.00000", "2007-03-31": 9, "2006-12-31": 15, "2006-09-30": 8, "2006-06-30": "4.00000", "2006-03-31": 0, "2005-12-31": 0, "2005-09-30": 0, "2005-06-30": "", "2005-03-31": 0}, "Cash Flow From Financial Activities": {"2020-12-31": -429, "2020-09-30": 32, "2020-06-30": "-144.00000", "2020-03-31": -300, "2019-12-31": -361, "2019-09-30": -312, "2019-06-30": "-385.00000", "2019-03-31": -282, "2018-12-31": -312, "2018-09-30": -271, "2018-06-30": "-388.00000", "2018-03-31": -135, "2017-12-31": -157, "2017-09-30": -136, "2017-06-30": "-215.00000", "2017-03-31": -104, "2016-12-31": -131, "2016-09-30": -245, "2016-06-30": "-249.00000", "2016-03-31": -30, "2015-12-31": -211, "2015-09-30": -260, "2015-06-30": "-47.00000", "2015-03-31": -60, "2014-12-31": -90, "2014-09-30": -72, "2014-06-30": "-33.00000", "2014-03-31": 39, "2013-12-31": 1, "2013-09-30": 28, "2013-06-30": "21.00000", "2013-03-31": 2, "2012-12-31": -158, "2012-09-30": -117, "2012-06-30": "-72.00000", "2012-03-31": -248, "2011-12-31": -36, "2011-09-30": 499, "2011-06-30": "-75.00000", "2011-03-31": -40, "2010-12-31": 0, "2010-09-30": 16, "2010-06-30": "1.00000", "2010-03-31": 15, "2009-12-31": 13, "2009-09-30": 22, "2009-06-30": "3.00000", "2009-03-31": 14, "2008-12-31": -8, "2008-09-30": 51, "2008-06-30": "34.00000", "2008-03-31": 38, "2007-12-31": 88, "2007-09-30": 91, "2007-06-30": "26.00000", "2007-03-31": 44, "2006-12-31": 63, "2006-09-30": 56, "2006-06-30": "27.00000", "2006-03-31": 55, "2005-12-31": 91, "2005-09-30": -331, "2005-06-30": "-318.00000", "2005-03-31": 200}, "Net Cash Flow": {"2020-12-31": 713, "2020-09-30": 46, "2020-06-30": "245.00000", "2020-03-31": 165, "2019-12-31": 663, "2019-09-30": -593, "2019-06-30": "-1175.00000", "2019-03-31": 821, "2018-12-31": 1006, "2018-09-30": -995, "2018-06-30": "-382.00000", "2018-03-31": 1692, "2017-12-31": 499, "2017-09-30": -181, "2017-06-30": "-317.00000", "2017-03-31": 82, "2016-12-31": 737, "2016-09-30": -296, "2016-06-30": "-451.00000", "2016-03-31": 230, "2015-12-31": 665, "2015-09-30": -212, "2015-06-30": "-258.00000", "2015-03-31": -98, "2014-12-31": 542, "2014-09-30": 70, "2014-06-30": "-228.00000", "2014-03-31": 36, "2013-12-31": 656, "2013-09-30": 34, "2013-06-30": "-236.00000", "2013-03-31": 134, "2012-12-31": 287, "2012-09-30": -48, "2012-06-30": "-374.00000", "2012-03-31": 51, "2011-12-31": 312, "2011-09-30": -243, "2011-06-30": "-406.00000", "2011-03-31": 226, "2010-12-31": 297, "2010-09-30": -1, "2010-06-30": "-216.00000", "2010-03-31": 159, "2009-12-31": 72, "2009-09-30": -163, "2009-06-30": "-416.00000", "2009-03-31": 242, "2008-12-31": 82, "2008-09-30": 98, "2008-06-30": "-354.00000", "2008-03-31": -325, "2007-12-31": 804, "2007-09-30": 411, "2007-06-30": "-708.00000", "2007-03-31": 172, "2006-12-31": -13, "2006-09-30": -36, "2006-06-30": "6.00000", "2006-03-31": -220, "2005-12-31": 887, "2005-09-30": -299, "2005-06-30": "-396.00000", "2005-03-31": -880}, "Stock-Based Compensation": {"2020-12-31": 111, "2020-09-30": 113, "2020-06-30": "102.00000", "2020-03-31": 91, "2019-12-31": 91, "2019-09-30": 92, "2019-06-30": "73.00000", "2019-03-31": 73, "2018-12-31": 75, "2018-09-30": 66, "2018-06-30": "70.00000", "2018-03-31": 69, "2017-12-31": 63, "2017-09-30": 62, "2017-06-30": "48.00000", "2017-03-31": 52, "2016-12-31": 48, "2016-09-30": 48, "2016-06-30": "48.00000", "2016-03-31": 47, "2015-12-31": 42, "2015-09-30": 44, "2015-06-30": "45.00000", "2015-03-31": 36, "2014-12-31": 39, "2014-09-30": 40, "2014-06-30": "29.00000", "2014-03-31": 39, "2013-12-31": 40, "2013-09-30": 38, "2013-06-30": "33.00000", "2013-03-31": 42, "2012-12-31": 39, "2012-09-30": 44, "2012-06-30": "39.00000", "2012-03-31": 41, "2011-12-31": 48, "2011-09-30": 43, "2011-06-30": "38.00000", "2011-03-31": 38, "2010-12-31": 48, "2010-09-30": 43, "2010-06-30": "47.00000", "2010-03-31": 42, "2009-12-31": 68, "2009-09-30": 44, "2009-06-30": "33.00000", "2009-03-31": 56, "2008-12-31": 44, "2008-09-30": 53, "2008-06-30": "50.00000", "2008-03-31": 45, "2007-12-31": 38, "2007-09-30": 39, "2007-06-30": "28.00000", "2007-03-31": 28, "2006-12-31": 35, "2006-09-30": 70, "2006-06-30": "", "2006-03-31": 2, "2005-12-31": 1, "2005-09-30": 0, "2005-06-30": "", "2005-03-31": 6}, "Common Stock Dividends Paid": {"2020-12-31": -49, "2020-09-30": 0, "2020-06-30": "", "2020-03-31": 0, "2019-12-31": 0, "2019-09-30": 0, "2019-06-30": "", "2019-03-31": 0, "2018-12-31": 0, "2018-09-30": 0, "2018-06-30": "", "2018-03-31": 0, "2017-12-31": 0, "2017-09-30": 0, "2017-06-30": "", "2017-03-31": 0, "2016-12-31": 0, "2016-09-30": 0, "2016-06-30": "", "2016-03-31": 0, "2015-12-31": 0, "2015-09-30": 0, "2015-06-30": "", "2015-03-31": 0, "2014-12-31": 0, "2014-09-30": 0, "2014-06-30": "", "2014-03-31": 0, "2013-12-31": 0, "2013-09-30": 0, "2013-06-30": "", "2013-03-31": 0, "2012-12-31": 0, "2012-09-30": 0, "2012-06-30": "", "2012-03-31": 0, "2011-12-31": 0, "2011-09-30": 0, "2011-06-30": "", "2011-03-31": 0, "2010-12-31": 0, "2010-09-30": 0, "2010-06-30": "", "2010-03-31": 0, "2009-12-31": 0, "2009-09-30": 0, "2009-06-30": "", "2009-03-31": 0, "2008-12-31": 0, "2008-09-30": 0, "2008-06-30": "", "2008-03-31": 0, "2007-12-31": 0, "2007-09-30": 0, "2007-06-30": "", "2007-03-31": 0, "2006-12-31": 0, "2006-09-30": 0, "2006-06-30": "", "2006-03-31": 0, "2005-12-31": 0, "2005-09-30": 0, "2005-06-30": "", "2005-03-31": 0}}, "financial ratios": {"Current Ratio": {"2020-03-31": "2.44630", "2019-03-31": "2.81720", "2018-03-31": "2.41030", "2017-03-31": "2.15280", "2016-03-31": "1.80070", "2015-03-31": "1.35420", "2014-03-31": "1.31300", "2013-03-31": "1.21280", "2012-03-31": "1.23070", "2011-03-31": "1.51520", "2010-03-31": "1.64230", "2009-03-31": "2.74650", "2008-03-31": "3.02160", "2007-03-31": "3.50580", "2006-03-31": "3.46610", "2005-03-31": "4.59230"}, "Long-term Debt / Capital": {"2020-03-31": "0.05050", "2019-03-31": "0.15720", "2018-03-31": "0.17760", "2017-03-31": "0.19600", "2016-03-31": "0.22590", "2015-03-31": "0.01010", "2014-03-31": "0.19320", "2013-03-31": "0.19780", "2012-03-31": "0.17980", "2011-03-31": "", "2010-03-31": "", "2009-03-31": "", "2008-03-31": "", "2007-03-31": "", "2006-03-31": "", "2005-03-31": ""}, "Debt/Equity Ratio": {"2020-03-31": "0.13350", "2019-03-31": "0.18650", "2018-03-31": "0.21590", "2017-03-31": "0.24380", "2016-03-31": "0.33920", "2015-03-31": "0.20850", "2014-03-31": "0.23950", "2013-03-31": "0.24660", "2012-03-31": "0.21930", "2011-03-31": "", "2010-03-31": "", "2009-03-31": "", "2008-03-31": "", "2007-03-31": "", "2006-03-31": "", "2005-03-31": ""}, "Gross Margin": {"2020-03-31": "75.27540", "2019-03-31": "73.29290", "2018-03-31": "75.20390", "2017-03-31": "73.20950", "2016-03-31": "69.19930", "2015-03-31": "68.35000", "2014-03-31": "62.32170", "2013-03-31": "63.44480", "2012-03-31": "61.42890", "2011-03-31": "58.23350", "2010-03-31": "48.93270", "2009-03-31": "49.50140", "2008-03-31": "50.75030", "2007-03-31": "60.78940", "2006-03-31": "59.97970", "2005-03-31": "61.74500"}, "Operating Margin": {"2020-03-31": "26.09720", "2019-03-31": "20.12120", "2018-03-31": "27.84470", "2017-03-31": "25.26320", "2016-03-31": "20.42770", "2015-03-31": "20.99670", "2014-03-31": "0.92310", "2013-03-31": "3.18670", "2012-03-31": "0.84480", "2011-03-31": "-8.69320", "2010-03-31": "-18.77400", "2009-03-31": "-19.63440", "2008-03-31": "-13.28790", "2007-03-31": "1.26170", "2006-03-31": "11.01320", "2005-03-31": "21.38060"}, "EBIT Margin": {"2020-03-31": "26.09720", "2019-03-31": "20.12120", "2018-03-31": "27.84470", "2017-03-31": "25.26320", "2016-03-31": "20.42770", "2015-03-31": "20.99670", "2014-03-31": "0.92310", "2013-03-31": "3.18670", "2012-03-31": "0.84480", "2011-03-31": "-8.69320", "2010-03-31": "-18.77400", "2009-03-31": "-19.63440", "2008-03-31": "-13.28790", "2007-03-31": "1.26170", "2006-03-31": "11.01320", "2005-03-31": "21.38060"}, "EBITDA Margin": {"2020-03-31": "28.80620", "2019-03-31": "23.05050", "2018-03-31": "30.48540", "2017-03-31": "28.81320", "2016-03-31": "24.90900", "2015-03-31": "25.86930", "2014-03-31": "7.27270", "2013-03-31": "10.13960", "2012-03-31": "6.05840", "2011-03-31": "-3.67790", "2010-03-31": "-13.51940", "2009-03-31": "-6.19660", "2008-03-31": "-8.81310", "2007-03-31": "6.01750", "2006-03-31": "14.23250", "2005-03-31": "23.77760"}, "Pre-Tax Profit Margin": {"2020-03-31": "27.23500", "2019-03-31": "21.79800", "2018-03-31": "28.13590", "2017-03-31": "24.97420", "2016-03-31": "19.95000", "2015-03-31": "20.48730", "2014-03-31": "0.19580", "2013-03-31": "3.66080", "2012-03-31": "0.43450", "2011-03-31": "-7.77380", "2010-03-31": "-19.32130", "2009-03-31": "-20.29910", "2008-03-31": "-13.83360", "2007-03-31": "4.46460", "2006-03-31": "13.18200", "2005-03-31": "23.17030"}, "Net Profit Margin": {"2020-03-31": "54.88530", "2019-03-31": "20.58590", "2018-03-31": "20.25240", "2017-03-31": "19.95870", "2016-03-31": "26.29660", "2015-03-31": "19.37980", "2014-03-31": "0.22380", "2013-03-31": "2.58100", "2012-03-31": "1.83440", "2011-03-31": "-7.69020", "2010-03-31": "-18.52760", "2009-03-31": "-25.83100", "2008-03-31": "-12.38750", "2007-03-31": "2.45880", "2006-03-31": "7.99730", "2005-03-31": "16.10740"}, "Asset Turnover": {"2020-03-31": "0.49830", "2019-03-31": "0.55260", "2018-03-31": "0.60000", "2017-03-31": "0.62780", "2016-03-31": "0.62350", "2015-03-31": "0.73450", "2014-03-31": "0.62540", "2013-03-31": "0.74890", "2012-03-31": "0.75450", "2011-03-31": "0.72830", "2010-03-31": "0.78650", "2009-03-31": "0.90040", "2008-03-31": "0.60490", "2007-03-31": "0.60070", "2006-03-31": "0.67280", "2005-03-31": "0.71600"}, "Inventory Turnover Ratio": {"2020-03-31": "", "2019-03-31": "", "2018-03-31": "", "2017-03-31": "", "2016-03-31": "", "2015-03-31": "39.69440", "2014-03-31": "24.05360", "2013-03-31": "33.04760", "2012-03-31": "27.08480", "2011-03-31": "19.46750", "2010-03-31": "18.66000", "2009-03-31": "9.80180", "2008-03-31": "10.74410", "2007-03-31": "19.54840", "2006-03-31": "19.36070", "2005-03-31": "19.30650"}, "Receiveable Turnover": {"2020-03-31": "12.01090", "2019-03-31": "7.94540", "2018-03-31": "13.37660", "2017-03-31": "13.49580", "2016-03-31": "18.86700", "2015-03-31": "12.47240", "2014-03-31": "10.93270", "2013-03-31": "12.16990", "2012-03-31": "11.31970", "2011-03-31": "10.71340", "2010-03-31": "17.73790", "2009-03-31": "36.31030", "2008-03-31": "11.97710", "2007-03-31": "12.07420", "2006-03-31": "14.82920", "2005-03-31": "10.57100"}, "Days Sales In Receivables": {"2020-03-31": "30.38920", "2019-03-31": "45.93840", "2018-03-31": "27.28640", "2017-03-31": "27.04540", "2016-03-31": "19.34600", "2015-03-31": "29.26470", "2014-03-31": "33.38600", "2013-03-31": "29.99210", "2012-03-31": "32.24480", "2011-03-31": "34.06940", "2010-03-31": "20.57750", "2009-03-31": "10.05220", "2008-03-31": "30.47480", "2007-03-31": "30.22970", "2006-03-31": "24.61370", "2005-03-31": "34.52860"}, "ROE - Return On Equity": {"2020-03-31": "40.73180", "2019-03-31": "19.11460", "2018-03-31": "22.69860", "2017-03-31": "23.81770", "2016-03-31": "34.04010", "2015-03-31": "28.82080", "2014-03-31": "0.33030", "2013-03-31": "4.32290", "2012-03-31": "3.09190", "2011-03-31": "-10.76440", "2010-03-31": "-24.80760", "2009-03-31": "-34.71600", "2008-03-31": "-10.46320", "2007-03-31": "1.88490", "2006-03-31": "6.92490", "2005-03-31": "14.40820"}, "Return On Tangible Equity": {"2020-03-31": "55.02440", "2019-03-31": "30.39980", "2018-03-31": "39.49260", "2017-03-31": "41.23670", "2016-03-31": "70.96380", "2015-03-31": "72.19470", "2014-03-31": "1.53260", "2013-03-31": "33.44710", "2012-03-31": "20.48520", "2011-03-31": "-21.06870", "2010-03-31": "-47.27650", "2009-03-31": "-51.66190", "2008-03-31": "-15.53730", "2007-03-31": "2.46110", "2006-03-31": "9.33180", "2005-03-31": "15.23120"}, "ROA - Return On Assets": {"2020-03-31": "27.34880", "2019-03-31": "11.37660", "2018-03-31": "12.15050", "2017-03-31": "12.52920", "2016-03-31": "16.39720", "2015-03-31": "14.23460", "2014-03-31": "0.14000", "2013-03-31": "1.93290", "2012-03-31": "1.38410", "2011-03-31": "-5.60060", "2010-03-31": "-14.57170", "2009-03-31": "-23.25780", "2008-03-31": "-7.49300", "2007-03-31": "1.47690", "2006-03-31": "5.38080", "2005-03-31": "11.53320"}, "ROI - Return On Investment": {"2020-03-31": "38.67400", "2019-03-31": "16.11070", "2018-03-31": "18.66830", "2017-03-31": "19.14850", "2016-03-31": "26.35060", "2015-03-31": "28.52950", "2014-03-31": "0.26650", "2013-03-31": "3.46780", "2012-03-31": "2.53590", "2011-03-31": "-10.76440", "2010-03-31": "-24.80760", "2009-03-31": "-34.71600", "2008-03-31": "-10.46320", "2007-03-31": "1.88490", "2006-03-31": "6.92490", "2005-03-31": "14.40820"}, "Book Value Per Share": {"2020-03-31": "25.90630", "2019-03-31": "17.88930", "2018-03-31": "15.01630", "2017-03-31": "13.18180", "2016-03-31": "11.28240", "2015-03-31": "9.79350", "2014-03-31": "7.78780", "2013-03-31": "7.50660", "2012-03-31": "7.68130", "2011-03-31": "7.69970", "2010-03-31": "8.26970", "2009-03-31": "9.70280", "2008-03-31": "13.64470", "2007-03-31": "12.96460", "2006-03-31": "11.17380", "2005-03-31": "11.28390"}, "Operating Cash Flow Per Share": {"2020-03-31": 1.0359, "2019-03-31": -0.3675, "2018-03-31": 0.3976, "2017-03-31": 0.5861, "2016-03-31": 1.1563, "2015-03-31": 1.0299, "2014-03-31": 1.2181, "2013-03-31": 0.2107, "2012-03-31": -0.1453, "2011-03-31": 0.502, "2010-03-31": 0.4302, "2009-03-31": -1.0389, "2008-03-31": -0.176, "2007-03-31": -0.6457, "2006-03-31": -0.0956, "2005-03-31": 1.9937}, "Free Cash Flow Per Share": {"2020-03-31": 0.9502, "2019-03-31": -0.4134, "2018-03-31": 0.4463, "2017-03-31": 0.4762, "2016-03-31": 1.1668, "2015-03-31": 1.0446, "2014-03-31": 1.2497, "2013-03-31": 0.3066, "2012-03-31": -0.401, "2011-03-31": 0.5447, "2010-03-31": 0.5681, "2009-03-31": -1.1308, "2008-03-31": 0.1117, "2007-03-31": -0.8155, "2006-03-31": -0.1351, "2005-03-31": 1.6478}}, "financial ratios, quarterly": {"Current Ratio": {"2020-09-30": "2.74850", "2020-06-30": "2.60510", "2020-03-31": "2.44630", "2019-12-31": "2.83530", "2019-09-30": "3.32230", "2019-06-30": "3.51520", "2019-03-31": "2.81720", "2018-12-31": "2.98900", "2018-09-30": "3.51910", "2018-06-30": "3.84150", "2018-03-31": "2.41030", "2017-12-31": "1.92020", "2017-09-30": "2.38340", "2017-06-30": "3.00920", "2017-03-31": "2.15280", "2016-12-31": "1.73680", "2016-09-30": "2.07800", "2016-06-30": "2.40730", "2016-03-31": "1.80070", "2015-12-31": "1.32020", "2015-09-30": "1.44400", "2015-06-30": "1.63920", "2015-03-31": "1.35420", "2014-12-31": "1.22320", "2014-09-30": "1.47970", "2014-06-30": "1.64050", "2014-03-31": "1.31300", "2013-12-31": "1.09850", "2013-09-30": "1.26420", "2013-06-30": "1.53670", "2013-03-31": "1.21280", "2012-12-31": "1.03870", "2012-09-30": "1.13980", "2012-06-30": "1.46030", "2012-03-31": "1.23070", "2011-12-31": "1.17060", "2011-09-30": "1.38510", "2011-06-30": "1.92160", "2011-03-31": "1.51520", "2010-12-31": "1.35160", "2010-09-30": "1.58480", "2010-06-30": "1.91240", "2010-03-31": "1.64230", "2009-12-31": "1.48690", "2009-09-30": "1.68690", "2009-06-30": "2.52060", "2009-03-31": "2.74650", "2008-12-31": "2.03410", "2008-09-30": "2.50000", "2008-06-30": "3.49130", "2008-03-31": "3.02160", "2007-12-31": "2.80150", "2007-09-30": "3.63490", "2007-06-30": "5.63950", "2007-03-31": "3.50580", "2006-12-31": "3.22170", "2006-09-30": "3.61220", "2006-06-30": "4.16890", "2006-03-31": "3.46610", "2005-12-31": "3.86690", "2005-09-30": "4.26200", "2005-06-30": "4.59580", "2005-03-31": "4.59230"}, "Long-term Debt / Capital": {"2020-09-30": "0.04690", "2020-06-30": "0.04850", "2020-03-31": "0.05050", "2019-12-31": "0.12090", "2019-09-30": "0.12200", "2019-06-30": "0.13300", "2019-03-31": "0.15720", "2018-12-31": "0.15680", "2018-09-30": "0.15740", "2018-06-30": "0.15880", "2018-03-31": "0.17760", "2017-12-31": "0.19540", "2017-09-30": "0.18420", "2017-06-30": "0.18090", "2017-03-31": "0.19600", "2016-12-31": "0.21810", "2016-09-30": "0.21530", "2016-06-30": "0.21020", "2016-03-31": "0.22590", "2015-12-31": "0.00230", "2015-09-30": "0.00410", "2015-06-30": "0.00740", "2015-03-31": "0.01010", "2014-12-31": "0.01360", "2014-09-30": "0.18120", "2014-06-30": "0.17760", "2014-03-31": "0.19320", "2013-12-31": "0.22300", "2013-09-30": "0.19960", "2013-06-30": "0.18460", "2013-03-31": "0.19780", "2012-12-31": "0.22050", "2012-09-30": "0.20310", "2012-06-30": "0.17570", "2012-03-31": "0.17980", "2011-12-31": "0.19080", "2011-09-30": "0.17240", "2011-06-30": "", "2011-03-31": "", "2010-12-31": "", "2010-09-30": "", "2010-06-30": "", "2010-03-31": "", "2009-12-31": "", "2009-09-30": "", "2009-06-30": "", "2009-03-31": "", "2008-12-31": "", "2008-09-30": "", "2008-06-30": "", "2008-03-31": "", "2007-12-31": "", "2007-09-30": "", "2007-06-30": "", "2007-03-31": "", "2006-12-31": "", "2006-09-30": "", "2006-06-30": "", "2006-03-31": "", "2005-12-31": "", "2005-09-30": "", "2005-06-30": "", "2005-03-31": ""}, "Debt/Equity Ratio": {"2020-09-30": "0.12330", "2020-06-30": "0.12800", "2020-03-31": "0.13350", "2019-12-31": "0.13750", "2019-09-30": "0.13900", "2019-06-30": "0.15340", "2019-03-31": "0.18650", "2018-12-31": "0.18600", "2018-09-30": "0.18680", "2018-06-30": "0.18880", "2018-03-31": "0.21590", "2017-12-31": "0.24280", "2017-09-30": "0.22580", "2017-06-30": "0.22090", "2017-03-31": "0.24380", "2016-12-31": "0.27900", "2016-09-30": "0.27440", "2016-06-30": "0.30270", "2016-03-31": "0.33920", "2015-12-31": "0.11290", "2015-09-30": "0.13830", "2015-06-30": "0.18970", "2015-03-31": "0.20850", "2014-12-31": "0.23560", "2014-09-30": "0.22130", "2014-06-30": "0.21600", "2014-03-31": "0.23950", "2013-12-31": "0.28690", "2013-09-30": "0.24930", "2013-06-30": "0.22630", "2013-03-31": "0.24660", "2012-12-31": "0.28290", "2012-09-30": "0.25490", "2012-06-30": "0.21320", "2012-03-31": "0.21930", "2011-12-31": "0.23580", "2011-09-30": "0.20830", "2011-06-30": "", "2011-03-31": "", "2010-12-31": "", "2010-09-30": "", "2010-06-30": "", "2010-03-31": "", "2009-12-31": "", "2009-09-30": "", "2009-06-30": "", "2009-03-31": "", "2008-12-31": "", "2008-09-30": "", "2008-06-30": "", "2008-03-31": "", "2007-12-31": "", "2007-09-30": "", "2007-06-30": "", "2007-03-31": "", "2006-12-31": "", "2006-09-30": "", "2006-06-30": "", "2006-03-31": "", "2005-12-31": "", "2005-09-30": "", "2005-06-30": "", "2005-03-31": ""}, "Gross Margin": {"2020-09-30": "75.15200", "2020-06-30": "80.26050", "2020-03-31": "80.60560", "2019-12-31": "68.11050", "2019-09-30": "69.95550", "2019-06-30": "84.53270", "2019-03-31": "77.70600", "2018-12-31": "67.95970", "2018-09-30": "67.49610", "2018-06-30": "81.09060", "2018-03-31": "85.27180", "2017-12-31": "56.81030", "2017-09-30": "59.43690", "2017-06-30": "89.37200", "2017-03-31": "86.77150", "2016-12-31": "55.09140", "2016-09-30": "55.34520", "2016-06-30": "85.91660", "2016-03-31": "82.72170", "2015-12-31": "48.97200", "2015-09-30": "49.81600", "2015-06-30": "85.61930", "2015-03-31": "80.25320", "2014-12-31": "64.38720", "2014-09-30": "56.86870", "2014-06-30": "69.76940", "2014-03-31": "80.14250", "2013-12-31": "36.01490", "2013-09-30": "40.57550", "2013-06-30": "79.55740", "2013-03-31": "74.44170", "2012-12-31": "53.47070", "2012-09-30": "37.41210", "2012-06-30": "78.53400", "2012-03-31": "72.66080", "2011-12-31": "47.97360", "2011-09-30": "39.58040", "2011-06-30": "75.97600", "2011-03-31": "69.90830", "2010-12-31": "44.34950", "2010-09-30": "42.47230", "2010-06-30": "72.76070", "2010-03-31": "69.56080", "2009-12-31": "47.38540", "2009-09-30": "24.74620", "2009-06-30": "50.15530", "2009-03-31": "59.41860", "2008-12-31": "44.07500", "2008-09-30": "37.69580", "2008-06-30": "63.18410", "2008-03-31": "59.00620", "2007-12-31": "47.97070", "2007-09-30": "38.28130", "2007-06-30": "57.97470", "2007-03-31": "61.66400", "2006-12-31": "63.30990", "2006-09-30": "56.76020", "2006-06-30": "59.32200", "2006-03-31": "61.93450", "2005-12-31": "60.47240", "2005-09-30": "57.92590", "2005-06-30": "58.63010", "2005-03-31": "57.86620"}, "Operating Margin": {"2020-09-30": "12.94530", "2020-06-30": "32.28240", "2020-03-31": "28.91130", "2019-12-31": "22.66160", "2019-09-30": "19.88130", "2019-06-30": "34.32590", "2019-03-31": "15.83200", "2018-12-31": "18.77420", "2018-09-30": "20.06220", "2018-06-30": "26.38520", "2018-03-31": "47.59800", "2017-12-31": "-1.81030", "2017-09-30": "-4.27530", "2017-06-30": "51.27670", "2017-03-31": "46.95480", "2016-12-31": "-0.34810", "2016-09-30": "-5.45660", "2016-06-30": "44.05980", "2016-03-31": "40.97860", "2015-12-31": "-2.89720", "2015-09-30": "-14.60120", "2015-06-30": "42.56030", "2015-03-31": "33.75530", "2014-12-31": "14.38720", "2014-09-30": "2.42420", "2014-06-30": "29.81880", "2014-03-31": "30.63220", "2013-12-31": "-36.13860", "2013-09-30": "-36.25900", "2013-06-30": "24.55220", "2013-03-31": "25.55830", "2012-12-31": "-4.22990", "2012-09-30": "-51.19550", "2012-06-30": "22.51310", "2012-03-31": "26.68130", "2011-12-31": "-17.24790", "2011-09-30": "-52.30770", "2011-06-30": "22.72270", "2011-03-31": "13.30280", "2010-12-31": "-28.77490", "2010-09-30": "-39.93660", "2010-06-30": "12.02450", "2010-03-31": "8.47800", "2009-12-31": "-8.60820", "2009-09-30": "-52.91880", "2009-06-30": "-38.04350", "2009-03-31": "-7.20930", "2008-12-31": "-18.37970", "2008-09-30": "-40.71590", "2008-06-30": "-12.06470", "2008-03-31": "-3.28310", "2007-12-31": "0.46570", "2007-09-30": "-42.81250", "2007-06-30": "-46.32910", "2007-03-31": "-11.58240", "2006-12-31": "16.78380", "2006-09-30": "1.78570", "2006-06-30": "-28.81360", "2006-03-31": "3.90020", "2005-12-31": "27.32280", "2005-09-30": "7.25930", "2005-06-30": "-26.30140", "2005-03-31": ""}, "EBIT Margin": {"2020-09-30": "12.94530", "2020-06-30": "32.28240", "2020-03-31": "28.91130", "2019-12-31": "22.66160", "2019-09-30": "19.88130", "2019-06-30": "34.32590", "2019-03-31": "15.83200", "2018-12-31": "18.77420", "2018-09-30": "20.06220", "2018-06-30": "26.38520", "2018-03-31": "47.59800", "2017-12-31": "-1.81030", "2017-09-30": "-4.27530", "2017-06-30": "51.27670", "2017-03-31": "46.95480", "2016-12-31": "-0.34810", "2016-09-30": "-5.45660", "2016-06-30": "44.05980", "2016-03-31": "40.97860", "2015-12-31": "-2.89720", "2015-09-30": "-14.60120", "2015-06-30": "42.56030", "2015-03-31": "33.75530", "2014-12-31": "14.38720", "2014-09-30": "2.42420", "2014-06-30": "29.81880", "2014-03-31": "30.63220", "2013-12-31": "-36.13860", "2013-09-30": "-36.25900", "2013-06-30": "24.55220", "2013-03-31": "25.55830", "2012-12-31": "-4.22990", "2012-09-30": "-51.19550", "2012-06-30": "22.51310", "2012-03-31": "26.68130", "2011-12-31": "-17.24790", "2011-09-30": "-52.30770", "2011-06-30": "22.72270", "2011-03-31": "13.30280", "2010-12-31": "-28.77490", "2010-09-30": "-39.93660", "2010-06-30": "12.02450", "2010-03-31": "8.47800", "2009-12-31": "-8.60820", "2009-09-30": "-52.91880", "2009-06-30": "-38.04350", "2009-03-31": "-7.20930", "2008-12-31": "-18.37970", "2008-09-30": "-40.71590", "2008-06-30": "-12.06470", "2008-03-31": "-3.28310", "2007-12-31": "0.46570", "2007-09-30": "-42.81250", "2007-06-30": "-46.32910", "2007-03-31": "-11.58240", "2006-12-31": "16.78380", "2006-09-30": "1.78570", "2006-06-30": "-28.81360", "2006-03-31": "3.90020", "2005-12-31": "27.32280", "2005-09-30": "7.25930", "2005-06-30": "-26.30140", "2005-03-31": ""}, "EBITDA Margin": {"2020-09-30": "", "2020-06-30": "", "2020-03-31": "", "2019-12-31": "", "2019-09-30": "", "2019-06-30": "", "2019-03-31": "", "2018-12-31": "", "2018-09-30": "", "2018-06-30": "", "2018-03-31": "", "2017-12-31": "", "2017-09-30": "", "2017-06-30": "", "2017-03-31": "", "2016-12-31": "", "2016-09-30": "", "2016-06-30": "", "2016-03-31": "", "2015-12-31": "", "2015-09-30": "", "2015-06-30": "", "2015-03-31": "", "2014-12-31": "", "2014-09-30": "", "2014-06-30": "", "2014-03-31": "", "2013-12-31": "", "2013-09-30": "", "2013-06-30": "", "2013-03-31": "", "2012-12-31": "", "2012-09-30": "", "2012-06-30": "", "2012-03-31": "", "2011-12-31": "", "2011-09-30": "", "2011-06-30": "", "2011-03-31": "", "2010-12-31": "", "2010-09-30": "", "2010-06-30": "", "2010-03-31": "", "2009-12-31": "", "2009-09-30": "", "2009-06-30": "", "2009-03-31": "", "2008-12-31": "", "2008-09-30": "", "2008-06-30": "", "2008-03-31": "", "2007-12-31": "", "2007-09-30": "", "2007-06-30": "", "2007-03-31": "", "2006-12-31": "", "2006-09-30": "", "2006-06-30": "", "2006-03-31": "", "2005-12-31": "", "2005-09-30": "", "2005-06-30": "", "2005-03-31": ""}, "Pre-Tax Profit Margin": {"2020-09-30": "12.07650", "2020-06-30": "32.07680", "2020-03-31": "29.84860", "2019-12-31": "23.47770", "2019-09-30": "21.06830", "2019-06-30": "36.06290", "2019-03-31": "17.68980", "2018-12-31": "20.55860", "2018-09-30": "21.46190", "2018-06-30": "28.05630", "2018-03-31": "47.66120", "2017-12-31": "-1.37930", "2017-09-30": "-3.96250", "2017-06-30": "51.69080", "2017-03-31": "46.88930", "2016-12-31": "-0.52220", "2016-09-30": "-5.79060", "2016-06-30": "43.43040", "2016-03-31": "40.21410", "2015-12-31": "-2.80370", "2015-09-30": "-15.70550", "2015-06-30": "42.31090", "2015-03-31": "33.50210", "2014-12-31": "13.85440", "2014-09-30": "1.81820", "2014-06-30": "29.15980", "2014-03-31": "30.00890", "2013-12-31": "-36.88120", "2013-09-30": "-37.41010", "2013-06-30": "24.02530", "2013-03-31": "27.29530", "2012-12-31": "-3.57920", "2012-09-30": "-51.75810", "2012-06-30": "21.98950", "2012-03-31": "26.38890", "2011-12-31": "-18.19040", "2011-09-30": "-53.14690", "2011-06-30": "23.02300", "2011-03-31": "13.66970", "2010-12-31": "-28.77490", "2010-09-30": "-34.54830", "2010-06-30": "11.41100", "2010-03-31": "8.17160", "2009-12-31": "-8.84960", "2009-09-30": "-53.04570", "2009-06-30": "-40.06210", "2009-03-31": "-6.86050", "2008-12-31": "-19.16570", "2008-09-30": "-43.73600", "2008-06-30": "-10.94530", "2008-03-31": "-12.06740", "2007-12-31": "1.79640", "2007-09-30": "-37.81250", "2007-06-30": "-39.49370", "2007-03-31": "-6.85160", "2006-12-31": "18.73540", "2006-09-30": "4.84690", "2006-06-30": "-23.72880", "2006-03-31": "6.08420", "2005-12-31": "28.89760", "2005-09-30": "9.18520", "2005-06-30": "-21.64380", "2005-03-31": "2.17000"}, "Net Profit Margin": {"2020-09-30": "16.07300", "2020-06-30": "25.01710", "2020-03-31": "30.13700", "2019-12-31": "21.72000", "2019-09-30": "63.35310", "2019-06-30": "117.53510", "2019-03-31": "16.88210", "2018-12-31": "20.32580", "2018-09-30": "19.82890", "2018-06-30": "25.76960", "2018-03-31": "38.36920", "2017-12-31": "-16.03450", "2017-09-30": "-2.29410", "2017-06-30": "44.44450", "2017-03-31": "37.06610", "2016-12-31": "-0.08700", "2016-09-30": "-4.23160", "2016-06-30": "34.61840", "2016-03-31": "68.73090", "2015-12-31": "-4.20560", "2015-09-30": "-17.17790", "2015-06-30": "36.74150", "2015-03-31": "33.33330", "2014-12-31": "12.61100", "2014-09-30": "0.30300", "2014-06-30": "27.59470", "2014-03-31": "32.68030", "2013-12-31": "-38.11880", "2013-09-30": "-39.28060", "2013-06-30": "23.39310", "2013-03-31": "26.71630", "2012-12-31": "-4.88070", "2012-09-30": "-53.58650", "2012-06-30": "21.04710", "2012-03-31": "29.23980", "2011-12-31": "-19.32140", "2011-09-30": "-47.55250", "2011-06-30": "22.12210", "2011-03-31": "13.85320", "2010-12-31": "-30.57930", "2010-09-30": "-31.85420", "2010-06-30": "11.77910", "2010-03-31": "3.06440", "2009-12-31": "-6.59690", "2009-09-30": "-49.61930", "2009-06-30": "-36.33540", "2009-03-31": "-4.88370", "2008-12-31": "-38.75450", "2008-09-30": "-34.67560", "2008-06-30": "-11.81590", "2008-03-31": "-8.34070", "2007-12-31": "-2.19560", "2007-09-30": "-30.46880", "2007-06-30": "-33.41770", "2007-03-31": "-4.07830", "2006-12-31": "12.49020", "2006-09-30": "2.80610", "2006-06-30": "-19.61260", "2006-03-31": "-2.49610", "2005-12-31": "20.39370", "2005-09-30": "7.55560", "2005-06-30": "-15.89040", "2005-03-31": "1.44670"}, "Asset Turnover": {"2020-09-30": "0.10030", "2020-06-30": "0.12930", "2020-03-31": "0.12480", "2019-12-31": "0.14270", "2019-09-30": "0.12730", "2019-06-30": "0.12400", "2019-03-31": "0.13820", "2018-12-31": "0.14550", "2018-09-30": "0.15220", "2018-06-30": "0.13790", "2018-03-31": "0.18430", "2017-12-31": "0.13420", "2017-09-30": "0.12110", "2017-06-30": "0.19650", "2017-03-31": "0.19780", "2016-12-31": "0.14890", "2016-09-30": "0.13030", "2016-06-30": "0.19240", "2016-03-31": "0.18550", "2015-12-31": "0.16540", "2015-09-30": "0.13580", "2015-06-30": "0.21030", "2015-03-31": "0.19280", "2014-12-31": "0.18260", "2014-09-30": "0.16420", "2014-06-30": "0.22170", "2014-03-31": "0.19650", "2013-12-31": "0.14500", "2013-09-30": "0.13800", "2013-06-30": "0.20610", "2013-03-31": "0.23850", "2012-12-31": "0.18300", "2012-09-30": "0.13700", "2012-06-30": "0.19790", "2012-03-31": "0.24910", "2011-12-31": "0.18630", "2011-09-30": "0.13160", "2011-06-30": "0.22940", "2011-03-31": "0.22120", "2010-12-31": "0.22280", "2010-09-30": "0.14040", "2010-06-30": "0.19200", "2010-03-31": "0.21070", "2009-12-31": "0.25170", "2009-09-30": "0.15750", "2009-06-30": "0.13640", "2009-03-31": "0.18380", "2008-12-31": "0.31780", "2008-09-30": "0.14990", "2008-06-30": "0.13920", "2008-03-31": "0.18600", "2007-12-31": "0.23320", "2007-09-30": "0.11590", "2007-06-30": "0.07860", "2007-03-31": "0.11910", "2006-12-31": "0.25400", "2006-09-30": "0.17380", "2006-06-30": "0.09850", "2006-03-31": "0.14610", "2005-12-31": "0.29320", "2005-09-30": "0.17980", "2005-06-30": "0.09320", "2005-03-31": "0.12650"}, "Inventory Turnover Ratio": {"2020-09-30": "", "2020-06-30": "", "2020-03-31": "", "2019-12-31": "", "2019-09-30": "", "2019-06-30": "", "2019-03-31": "", "2018-12-31": "", "2018-09-30": "", "2018-06-30": "", "2018-03-31": "", "2017-12-31": "", "2017-09-30": "", "2017-06-30": "", "2017-03-31": "", "2016-12-31": "14.74290", "2016-09-30": "8.02000", "2016-06-30": "6.88460", "2016-03-31": "", "2015-12-31": "13.00000", "2015-09-30": "6.59680", "2015-06-30": "5.08820", "2015-03-31": "6.50000", "2014-12-31": "10.28210", "2014-09-30": "6.37310", "2014-06-30": "9.91890", "2014-03-31": "3.98210", "2013-12-31": "9.40000", "2013-09-30": "7.12070", "2013-06-30": "4.73170", "2013-03-31": "7.35710", "2012-12-31": "7.27120", "2012-09-30": "6.26760", "2012-06-30": "3.41670", "2012-03-31": "6.33900", "2011-12-31": "8.00000", "2011-09-30": "4.80000", "2011-06-30": "3.20000", "2011-03-31": "4.25970", "2010-12-31": "5.58100", "2010-09-30": "2.34190", "2010-06-30": "2.70730", "2010-03-31": "2.98000", "2009-12-31": "4.54170", "2009-09-30": "2.37200", "2009-06-30": "1.49300", "2009-03-31": "1.60830", "2008-12-31": "3.13560", "2008-09-30": "1.69820", "2008-06-30": "1.32740", "2008-03-31": "2.75000", "2007-12-31": "4.39330", "2007-09-30": "3.83500", "2007-06-30": "2.24320", "2007-03-31": "3.79030", "2006-12-31": "6.52780", "2006-09-30": "5.05970", "2006-06-30": "2.84750", "2006-03-31": "4.00000", "2005-12-31": "6.60530", "2005-09-30": "3.83780", "2005-06-30": "2.28790", "2005-03-31": "3.75810"}, "Receiveable Turnover": {"2020-09-30": "2.72100", "2020-06-30": "2.87770", "2020-03-31": "3.00870", "2019-12-31": "1.99620", "2019-09-30": "1.57480", "2019-06-30": "3.67480", "2019-03-31": "1.98720", "2018-12-31": "1.59930", "2018-09-30": "1.33130", "2018-06-30": "3.06470", "2018-03-31": "4.10910", "2017-12-31": "1.30930", "2017-09-30": "1.18100", "2017-06-30": "6.52700", "2017-03-31": "4.25350", "2016-12-31": "1.95740", "2016-09-30": "1.24200", "2016-06-30": "5.16670", "2016-03-31": "5.61370", "2015-12-31": "1.72300", "2015-09-30": "1.10580", "2015-06-30": "8.35420", "2015-03-31": "3.27350", "2014-12-31": "2.30740", "2014-09-30": "1.19420", "2014-06-30": "5.54340", "2014-03-31": "3.43430", "2013-12-31": "1.53610", "2013-09-30": "1.17000", "2013-06-30": "7.90830", "2013-03-31": "3.87500", "2012-12-31": "2.41360", "2012-09-30": "1.10580", "2012-06-30": "8.60360", "2012-03-31": "3.73770", "2011-12-31": "2.01710", "2011-09-30": "1.27220", "2011-06-30": "33.30000", "2011-03-31": "3.25370", "2010-12-31": "2.70000", "2010-09-30": "1.42120", "2010-06-30": "7.91260", "2010-03-31": "4.75240", "2009-12-31": "2.51110", "2009-09-30": "1.21980", "2009-06-30": "1.71730", "2009-03-31": "7.41380", "2008-12-31": "2.08310", "2008-09-30": "1.63440", "2008-06-30": "2.98880", "2008-03-31": "3.68300", "2007-12-31": "1.81080", "2007-09-30": "1.50940", "2007-06-30": "3.21140", "2007-03-31": "2.39450", "2006-12-31": "2.32490", "2006-09-30": "2.93630", "2006-06-30": "10.07320", "2006-03-31": "3.22110", "2005-12-31": "2.23990", "2005-09-30": "2.05790", "2005-06-30": "2.18560", "2005-03-31": "1.86820"}, "Days Sales In Receivables": {"2020-09-30": "33.07560", "2020-06-30": "31.27490", "2020-03-31": "29.91350", "2019-12-31": "45.08480", "2019-09-30": "57.15130", "2019-06-30": "24.49130", "2019-03-31": "45.29080", "2018-12-31": "56.27620", "2018-09-30": "67.60500", "2018-06-30": "29.36680", "2018-03-31": "21.90270", "2017-12-31": "68.74140", "2017-09-30": "76.20440", "2017-06-30": "13.78880", "2017-03-31": "21.15910", "2016-12-31": "45.97910", "2016-09-30": "72.46100", "2016-06-30": "17.41940", "2016-03-31": "16.03210", "2015-12-31": "52.23370", "2015-09-30": "81.38650", "2015-06-30": "10.77310", "2015-03-31": "27.49370", "2014-12-31": "39.00530", "2014-09-30": "75.36360", "2014-06-30": "16.23560", "2014-03-31": "26.20660", "2013-12-31": "58.58910", "2013-09-30": "76.92090", "2013-06-30": "11.38040", "2013-03-31": "23.22580", "2012-12-31": "37.28850", "2012-09-30": "81.39240", "2012-06-30": "10.46070", "2012-03-31": "24.07900", "2011-12-31": "44.61830", "2011-09-30": "70.74130", "2011-06-30": "2.70270", "2011-03-31": "27.66060", "2010-12-31": "33.33330", "2010-09-30": "63.32810", "2010-06-30": "11.37420", "2010-03-31": "18.93770", "2009-12-31": "35.84070", "2009-09-30": "73.78170", "2009-06-30": "52.40680", "2009-03-31": "12.13950", "2008-12-31": "43.20440", "2008-09-30": "55.06710", "2008-06-30": "30.11190", "2008-03-31": "24.43660", "2007-12-31": "49.70060", "2007-09-30": "59.62500", "2007-06-30": "28.02530", "2007-03-31": "37.58560", "2006-12-31": "38.71190", "2006-09-30": "30.65050", "2006-06-30": "8.93460", "2006-03-31": "27.94070", "2005-12-31": "40.18110", "2005-09-30": "43.73330", "2005-06-30": "41.17810", "2005-03-31": "48.17360"}, "ROE - Return On Equity": {"2020-09-30": "2.29100", "2020-06-30": "4.69030", "2020-03-31": "5.60250", "2019-12-31": "4.78100", "2019-09-30": "11.93070", "2019-06-30": "21.91210", "2019-03-31": "3.92050", "2018-12-31": "4.90270", "2018-09-30": "4.79590", "2018-06-30": "5.57030", "2018-03-31": "13.21000", "2017-12-31": "-4.55210", "2017-09-30": "-0.50140", "2017-06-30": "14.35580", "2017-03-31": "13.94090", "2016-12-31": "-0.02820", "2016-09-30": "-1.05320", "2016-06-30": "11.84070", "2016-03-31": "26.47230", "2015-12-31": "-1.49400", "2015-09-30": "-4.45010", "2015-06-30": "13.24940", "2015-03-31": "13.01050", "2014-12-31": "5.28470", "2014-09-30": "0.11240", "2014-06-30": "12.34800", "2014-03-31": "15.15280", "2013-12-31": "-15.36930", "2013-09-30": "-11.94230", "2013-06-30": "8.90850", "2013-03-31": "14.24790", "2012-12-31": "-2.29830", "2012-09-30": "-17.68800", "2012-06-30": "7.87620", "2012-03-31": "16.27340", "2011-12-31": "-9.05080", "2011-09-30": "-13.38580", "2011-06-30": "8.03640", "2011-03-31": "5.88920", "2010-12-31": "-13.65560", "2010-09-30": "-7.61940", "2010-06-30": "3.48840", "2010-03-31": "1.09930", "2009-12-31": "-3.15510", "2009-09-30": "-14.72140", "2009-06-30": "-7.79740", "2009-03-31": "-1.34010", "2008-12-31": "-20.99570", "2008-09-30": "-7.69610", "2008-06-30": "-2.19600", "2008-03-31": "-2.16640", "2007-12-31": "-0.76690", "2007-09-30": "-4.79000", "2007-06-30": "-3.25680", "2007-03-31": "-0.62000", "2006-12-31": "4.12580", "2006-09-30": "0.61260", "2006-06-30": "-2.36220", "2006-03-31": "-0.46950", "2005-12-31": "7.75220", "2005-09-30": "1.70910", "2005-06-30": "-1.83140", "2005-03-31": "0.22870"}, "Return On Tangible Equity": {"2020-09-30": "3.01200", "2020-06-30": "6.24470", "2020-03-31": "7.56840", "2019-12-31": "6.54930", "2019-09-30": "16.43570", "2019-06-30": "31.48680", "2019-03-31": "6.23510", "2018-12-31": "7.79760", "2018-09-30": "7.67380", "2018-06-30": "8.96850", "2018-03-31": "22.98370", "2017-12-31": "-8.74880", "2017-09-30": "-0.82340", "2017-06-30": "23.24070", "2017-03-31": "24.13650", "2016-12-31": "-0.05450", "2016-09-30": "-2.03100", "2016-06-30": "22.38050", "2016-03-31": "55.18720", "2015-12-31": "-3.64960", "2015-09-30": "-10.34740", "2015-06-30": "28.98360", "2015-03-31": "32.59080", "2014-12-31": "16.86460", "2014-09-30": "0.37310", "2014-06-30": "40.50790", "2014-03-31": "70.30650", "2013-12-31": "-371.08430", "2013-09-30": "-79.36050", "2013-06-30": "41.41790", "2013-03-31": "110.23890", "2012-12-31": "64.28570", "2012-09-30": "-392.78350", "2012-06-30": "41.10430", "2012-03-31": "107.81670", "2011-12-31": "-139.45580", "2011-09-30": "-80.18870", "2011-06-30": "14.89220", "2011-03-31": "11.52670", "2010-12-31": "-29.51420", "2010-09-30": "-14.60760", "2010-06-30": "6.49970", "2010-03-31": "2.09500", "2009-12-31": "-6.37140", "2009-09-30": "-23.76900", "2009-06-30": "-11.82420", "2009-03-31": "-1.99430", "2008-12-31": "-31.90640", "2008-09-30": "-11.89560", "2008-06-30": "-3.29400", "2008-03-31": "-3.21700", "2007-12-31": "-0.97170", "2007-09-30": "-6.18650", "2007-06-30": "-4.22940", "2007-03-31": "-0.80960", "2006-12-31": "5.46630", "2006-09-30": "0.82990", "2006-06-30": "-3.16040", "2006-03-31": "-0.63270", "2005-12-31": "8.19880", "2005-09-30": "1.82210", "2005-06-30": "-1.94700", "2005-03-31": "0.24180"}, "ROA - Return On Assets": {"2020-09-30": "1.61290", "2020-06-30": "3.23470", "2020-03-31": "3.76170", "2019-12-31": "3.10010", "2019-09-30": "8.06190", "2019-06-30": "14.57590", "2019-03-31": "2.33340", "2018-12-31": "2.95810", "2018-09-30": "3.01780", "2018-06-30": "3.55280", "2018-03-31": "7.07130", "2017-12-31": "-2.15230", "2017-09-30": "-0.27770", "2017-06-30": "8.73220", "2017-03-31": "7.33350", "2016-12-31": "-0.01300", "2016-09-30": "-0.55140", "2016-06-30": "6.66160", "2016-03-31": "12.75180", "2015-12-31": "-0.69550", "2015-09-30": "-2.33330", "2015-06-30": "7.72590", "2015-03-31": "6.42590", "2014-12-31": "2.30260", "2014-09-30": "0.04970", "2014-06-30": "6.11760", "2014-03-31": "6.42060", "2013-12-31": "-5.52660", "2013-09-30": "-5.42100", "2013-06-30": "4.82080", "2013-03-31": "6.37080", "2012-12-31": "-0.89300", "2012-09-30": "-7.33960", "2012-06-30": "4.16580", "2012-03-31": "7.28460", "2011-12-31": "-3.59900", "2011-09-30": "-6.25580", "2011-06-30": "5.07460", "2011-03-31": "3.06410", "2010-12-31": "-6.81190", "2010-09-30": "-4.47260", "2010-06-30": "2.26150", "2010-03-31": "0.64570", "2009-12-31": "-1.66030", "2009-09-30": "-7.81690", "2009-06-30": "-4.95550", "2009-03-31": "-0.89780", "2008-12-31": "-12.31750", "2008-09-30": "-5.19960", "2008-06-30": "-1.64530", "2008-03-31": "-1.55140", "2007-12-31": "-0.51200", "2007-09-30": "-3.53260", "2007-06-30": "-2.62690", "2007-03-31": "-0.48580", "2006-12-31": "3.17270", "2006-09-30": "0.48770", "2006-06-30": "-1.93180", "2006-03-31": "-0.36480", "2005-12-31": "5.98010", "2005-09-30": "1.35860", "2005-06-30": "-1.48030", "2005-03-31": "0.18310"}, "ROI - Return On Investment": {"2020-09-30": "2.18370", "2020-06-30": "4.46260", "2020-03-31": "5.31940", "2019-12-31": "4.20310", "2019-09-30": "10.47470", "2019-06-30": "18.99730", "2019-03-31": "3.30430", "2018-12-31": "4.13380", "2018-09-30": "4.04120", "2018-06-30": "4.68580", "2018-03-31": "10.86450", "2017-12-31": "-3.66290", "2017-09-30": "-0.40900", "2017-06-30": "11.75830", "2017-03-31": "11.20790", "2016-12-31": "-0.02200", "2016-09-30": "-0.82640", "2016-06-30": "9.35180", "2016-03-31": "20.49240", "2015-12-31": "-1.49060", "2015-09-30": "-4.43180", "2015-06-30": "13.15090", "2015-03-31": "12.87900", "2014-12-31": "5.21290", "2014-09-30": "0.09200", "2014-06-30": "10.15460", "2014-03-31": "12.22520", "2013-12-31": "-11.94260", "2013-09-30": "-9.55880", "2013-06-30": "7.26440", "2013-03-31": "11.42960", "2012-12-31": "-1.79140", "2012-09-30": "-14.09550", "2012-06-30": "6.49220", "2012-03-31": "13.34670", "2011-12-31": "-7.32400", "2011-09-30": "-11.07850", "2011-06-30": "8.03640", "2011-03-31": "5.88920", "2010-12-31": "-13.65560", "2010-09-30": "-7.61940", "2010-06-30": "3.48840", "2010-03-31": "1.09930", "2009-12-31": "-3.15510", "2009-09-30": "-14.72140", "2009-06-30": "-7.79740", "2009-03-31": "-1.34010", "2008-12-31": "-20.99570", "2008-09-30": "-7.69610", "2008-06-30": "-2.19600", "2008-03-31": "-2.16640", "2007-12-31": "-0.76690", "2007-09-30": "-4.79000", "2007-06-30": "-3.25680", "2007-03-31": "-0.62000", "2006-12-31": "4.12580", "2006-09-30": "0.61260", "2006-06-30": "-2.36220", "2006-03-31": "-0.46950", "2005-12-31": "7.75220", "2005-09-30": "1.70910", "2005-06-30": "-1.83140", "2005-03-31": "0.22870"}, "Book Value Per Share": {"2020-09-30": "27.84480", "2020-06-30": "26.92730", "2020-03-31": "25.90630", "2019-12-31": "24.86940", "2019-09-30": "24.43000", "2019-06-30": "21.90880", "2019-03-31": "17.88930", "2018-12-31": "17.75420", "2018-09-30": "17.49010", "2018-06-30": "17.24590", "2018-03-31": "15.01630", "2017-12-31": "13.30950", "2017-09-30": "14.24680", "2017-06-30": "14.51780", "2017-03-31": "13.18180", "2016-12-31": "11.56030", "2016-09-30": "12.02670", "2016-06-30": "12.34550", "2016-03-31": "11.28240", "2015-12-31": "9.71610", "2015-09-30": "10.11580", "2015-06-30": "10.72670", "2015-03-31": "9.79350", "2014-12-31": "8.66770", "2014-09-30": "8.55770", "2014-06-30": "8.66770", "2014-03-31": "7.78780", "2013-12-31": "6.48540", "2013-09-30": "7.39810", "2013-06-30": "8.14380", "2013-03-31": "7.50660", "2012-12-31": "6.50500", "2012-09-30": "6.90380", "2012-06-30": "8.02520", "2012-03-31": "7.68130", "2011-12-31": "6.80180", "2011-09-30": "7.65060", "2011-06-30": "8.30820", "2011-03-31": "7.69970", "2010-12-31": "7.05990", "2010-09-30": "7.94580", "2010-06-30": "8.33940", "2010-03-31": "8.26970", "2009-12-31": "7.94800", "2009-09-30": "8.17230", "2009-06-30": "9.29100", "2009-03-31": "9.70280", "2008-12-31": "9.51090", "2008-09-30": "12.54830", "2008-06-30": "13.56110", "2008-03-31": "13.64470", "2007-12-31": "13.57410", "2007-09-30": "12.96500", "2007-06-30": "12.99040", "2007-03-31": "12.96460", "2006-12-31": "12.50970", "2006-09-30": "11.65910", "2006-06-30": "11.20590", "2006-03-31": "11.17380", "2005-12-31": "11.02640", "2005-09-30": "9.94670", "2005-06-30": "10.38360", "2005-03-31": "11.28390"}, "Operating Cash Flow Per Share": {"2020-09-30": 0.2038, "2020-06-30": "1.29450", "2020-03-31": 1.6731, "2019-12-31": 3.7596, "2019-09-30": 0.1304, "2019-06-30": "0.52840", "2019-03-31": 1.9372, "2018-12-31": 3.1379, "2018-09-30": -0.4066, "2018-06-30": "0.38710", "2018-03-31": 1.9263, "2017-12-31": 2.7589, "2017-09-30": 0.1756, "2017-06-30": "0.56230", "2017-03-31": 1.2598, "2016-12-31": 3.7524, "2016-09-30": 0.3879, "2016-06-30": "-0.37460", "2016-03-31": 1.7802, "2015-12-31": 2.8579, "2015-09-30": 0.0132, "2015-06-30": "-0.21190", "2015-03-31": 0.5927, "2014-12-31": 2.1097, "2014-09-30": 0.5683, "2014-06-30": "0.01240", "2014-03-31": 0.8584, "2013-12-31": 2.2195, "2013-09-30": -0.0298, "2013-06-30": "-0.79490", "2013-03-31": 0.7358, "2012-12-31": 1.1601, "2012-09-30": -0.0983, "2012-06-30": "-0.76250", "2012-03-31": 0.8545, "2011-12-31": 1.4352, "2011-09-30": -0.6522, "2011-06-30": "-0.81310", "2011-03-31": 0.7679, "2010-12-31": 1.0589, "2010-09-30": -0.4113, "2010-06-30": "-0.44580", "2010-03-31": 0.7785, "2009-12-31": 0.683, "2009-09-30": 0.0217, "2009-06-30": "-1.01550", "2009-03-31": 0.6699, "2008-12-31": 0.6685, "2008-09-30": -0.3858, "2008-06-30": "-0.91510", "2008-03-31": 0.9081, "2007-12-31": 1.114, "2007-09-30": -0.3283, "2007-06-30": "-0.61740", "2007-03-31": 0.6787, "2006-12-31": 0.7134, "2006-09-30": -0.0155, "2006-06-30": "-0.12420", "2006-03-31": 1.0653, "2005-12-31": 0.8933, "2005-09-30": 0.0401, "2005-06-30": "-0.10060", "2005-03-31": 1.9937}, "Free Cash Flow Per Share": {"2020-09-30": 0.1189, "2020-06-30": "1.16440", "2020-03-31": 1.5387, "2019-12-31": 3.6627, "2019-09-30": 0.0376, "2019-06-30": "0.37790", "2019-03-31": 1.8246, "2018-12-31": 3.0669, "2018-09-30": -0.5087, "2018-06-30": "0.28390", "2018-03-31": 1.8658, "2017-12-31": 2.6803, "2017-09-30": 0.0771, "2017-06-30": "0.45690", "2017-03-31": 1.1784, "2016-12-31": 3.6713, "2016-09-30": 0.2857, "2016-06-30": "-0.50160", "2016-03-31": 1.701, "2015-12-31": 2.7899, "2015-09-30": -0.0497, "2015-06-30": "-0.28360", "2015-03-31": 0.4954, "2014-12-31": 2.0637, "2014-09-30": 0.5031, "2014-06-30": "-0.07140", "2014-03-31": 0.8135, "2013-12-31": 2.1295, "2013-09-30": -0.109, "2013-06-30": "-0.88780", "2013-03-31": 0.6636, "2012-12-31": 1.0709, "2012-09-30": -0.1786, "2012-06-30": "-0.85940", "2012-03-31": 0.7272, "2011-12-31": 1.3032, "2011-09-30": -0.7325, "2011-06-30": "-0.90800", "2011-03-31": 0.7036, "2010-12-31": 1.0144, "2010-09-30": -0.4482, "2010-06-30": "-0.47890", "2010-03-31": 0.7108, "2009-12-31": 0.6342, "2009-09-30": -0.0586, "2009-06-30": "-1.04020", "2009-03-31": 0.5909, "2008-12-31": 0.5856, "2008-09-30": -0.4858, "2008-06-30": "-1.01260", "2008-03-31": 0.8375, "2007-12-31": 1.0353, "2007-09-30": -0.4015, "2007-06-30": "-0.66240", "2007-03-31": 0.4934, "2006-12-31": 0.6165, "2006-09-30": -0.1643, "2006-06-30": "-0.24840", "2006-03-31": 0.9596, "2005-12-31": 0.792, "2005-09-30": -0.0311, "2005-06-30": "-0.20780", "2005-03-31": 1.6478}}, "revenue": {"Electronic Arts Annual Revenue (Millions of US $)": {"2020": "$5,537", "2019": "$4,950", "2018": "$5,150", "2017": "$4,845", "2016": "$4,396", "2015": "$4,515", "2014": "$3,575", "2013": "$3,797", "2012": "$4,143", "2011": "$3,589", "2010": "$3,654", "2009": "$4,212", "2008": "$3,665", "2007": "$3,091", "2006": "$2,951", "2005": "$3,129"}, "Electronic Arts Quarterly Revenue (Millions of US $)": {"2020-12-31": "$1,673", "2020-09-30": "$1,151", "2020-06-30": "$1,459", "2020-03-31": "$1,387", "2019-12-31": "$1,593", "2019-09-30": "$1,348", "2019-06-30": "$1,209", "2019-03-31": "$1,238", "2018-12-31": "$1,289", "2018-09-30": "$1,286", "2018-06-30": "$1,137", "2018-03-31": "$1,582", "2017-12-31": "$1,160", "2017-09-30": "$959", "2017-06-30": "$1,449", "2017-03-31": "$1,527", "2016-12-31": "$1,149", "2016-09-30": "$898", "2016-06-30": "$1,271", "2016-03-31": "$1,308", "2015-12-31": "$1,070", "2015-09-30": "$815", "2015-06-30": "$1,203", "2015-03-31": "$1,185", "2014-12-31": "$1,126", "2014-09-30": "$990", "2014-06-30": "$1,214", "2014-03-31": "$1,123", "2013-12-31": "$808", "2013-09-30": "$695", "2013-06-30": "$949", "2013-03-31": "$1,209", "2012-12-31": "$922", "2012-09-30": "$711", "2012-06-30": "$955", "2012-03-31": "$1,368", "2011-12-31": "$1,061", "2011-09-30": "$715", "2011-06-30": "$999", "2011-03-31": "$1,090", "2010-12-31": "$1,053", "2010-09-30": "$631", "2010-06-30": "$815", "2010-03-31": "$979", "2009-12-31": "$1,243", "2009-09-30": "$788", "2009-06-30": "$644", "2009-03-31": "$860", "2008-12-31": "$1,654", "2008-09-30": "$894", "2008-06-30": "$804", "2008-03-31": "$1,127", "2007-12-31": "$1,503", "2007-09-30": "$640", "2007-06-30": "$395", "2007-03-31": "$613", "2006-12-31": "$1,281", "2006-09-30": "$784", "2006-06-30": "$413", "2006-03-31": "$641", "2005-12-31": "$1,270", "2005-09-30": "$675", "2005-06-30": "$365", "2005-03-31": "$553"}}, "gross-profit": {"Electronic Arts Annual Gross Profit (Millions of US $)": {"2020": "$4,168", "2019": "$3,628", "2018": "$3,873", "2017": "$3,547", "2016": "$3,042", "2015": "$3,086", "2014": "$2,228", "2013": "$2,409", "2012": "$2,545", "2011": "$2,090", "2010": "$1,788", "2009": "$2,085", "2008": "$1,860", "2007": "$1,879", "2006": "$1,770", "2005": "$1,932"}, "Electronic Arts Quarterly Gross Profit (Millions of US $)": {"2020-12-31": "$1,072", "2020-09-30": "$865", "2020-06-30": "$1,171", "2020-03-31": "$1,118", "2019-12-31": "$1,085", "2019-09-30": "$943", "2019-06-30": "$1,022", "2019-03-31": "$962", "2018-12-31": "$876", "2018-09-30": "$868", "2018-06-30": "$922", "2018-03-31": "$1,349", "2017-12-31": "$659", "2017-09-30": "$570", "2017-06-30": "$1,295", "2017-03-31": "$1,325", "2016-12-31": "$633", "2016-09-30": "$497", "2016-06-30": "$1,092", "2016-03-31": "$1,082", "2015-12-31": "$524", "2015-09-30": "$406", "2015-06-30": "$1,030", "2015-03-31": "$951", "2014-12-31": "$725", "2014-09-30": "$563", "2014-06-30": "$847", "2014-03-31": "$900", "2013-12-31": "$291", "2013-09-30": "$282", "2013-06-30": "$755", "2013-03-31": "$900", "2012-12-31": "$493", "2012-09-30": "$266", "2012-06-30": "$750", "2012-03-31": "$994", "2011-12-31": "$509", "2011-09-30": "$283", "2011-06-30": "$759", "2011-03-31": "$762", "2010-12-31": "$467", "2010-09-30": "$268", "2010-06-30": "$593", "2010-03-31": "$681", "2009-12-31": "$589", "2009-09-30": "$195", "2009-06-30": "$323", "2009-03-31": "$511", "2008-12-31": "$729", "2008-09-30": "$337", "2008-06-30": "$508", "2008-03-31": "$665", "2007-12-31": "$721", "2007-09-30": "$245", "2007-06-30": "$229", "2007-03-31": "$378", "2006-12-31": "$811", "2006-09-30": "$445", "2006-06-30": "$245", "2006-03-31": "$397", "2005-12-31": "$768", "2005-09-30": "$391", "2005-06-30": "$214", "2005-03-31": "$320"}}, "operating-income": {"Electronic Arts Annual Operating Income (Millions of US $)": {"2020": "$1,445", "2019": "$996", "2018": "$1,434", "2017": "$1,224", "2016": "$898", "2015": "$948", "2014": "$33", "2013": "$121", "2012": "$35", "2011": "$-312", "2010": "$-686", "2009": "$-827", "2008": "$-487", "2007": "$39", "2006": "$325", "2005": "$669"}, "Electronic Arts Quarterly Operating Income (Millions of US $)": {"2020-12-31": "$251", "2020-09-30": "$149", "2020-06-30": "$471", "2020-03-31": "$401", "2019-12-31": "$361", "2019-09-30": "$268", "2019-06-30": "$415", "2019-03-31": "$196", "2018-12-31": "$242", "2018-09-30": "$258", "2018-06-30": "$300", "2018-03-31": "$753", "2017-12-31": "$-21", "2017-09-30": "$-41", "2017-06-30": "$743", "2017-03-31": "$717", "2016-12-31": "$-4", "2016-09-30": "$-49", "2016-06-30": "$560", "2016-03-31": "$536", "2015-12-31": "$-31", "2015-09-30": "$-119", "2015-06-30": "$512", "2015-03-31": "$400", "2014-12-31": "$162", "2014-09-30": "$24", "2014-06-30": "$362", "2014-03-31": "$344", "2013-12-31": "$-292", "2013-09-30": "$-252", "2013-06-30": "$233", "2013-03-31": "$309", "2012-12-31": "$-39", "2012-09-30": "$-364", "2012-06-30": "$215", "2012-03-31": "$365", "2011-12-31": "$-183", "2011-09-30": "$-374", "2011-06-30": "$227", "2011-03-31": "$145", "2010-12-31": "$-303", "2010-09-30": "$-252", "2010-06-30": "$98", "2010-03-31": "$83", "2009-12-31": "$-107", "2009-09-30": "$-417", "2009-06-30": "$-245", "2009-03-31": "$-62", "2008-12-31": "$-304", "2008-09-30": "$-364", "2008-06-30": "$-97", "2008-03-31": "$-37", "2007-12-31": "$7", "2007-09-30": "$-274", "2007-06-30": "$-183", "2007-03-31": "$-71", "2006-12-31": "$215", "2006-09-30": "$14", "2006-06-30": "$-119", "2006-03-31": "$25", "2005-12-31": "$347", "2005-09-30": "$49", "2005-06-30": "$-96", "2005-03-31": ""}}, "ebitda": {"Electronic Arts Annual EBITDA (Millions of US $)": {"2020": "$1,595", "2019": "$1,141", "2018": "$1,570", "2017": "$1,396", "2016": "$1,095", "2015": "$1,168", "2014": "$260", "2013": "$385", "2012": "$251", "2011": "$-132", "2010": "$-494", "2009": "$-261", "2008": "$-323", "2007": "$186", "2006": "$420", "2005": "$744"}, "Electronic Arts Quarterly EBITDA (Millions of US $)": {"2020-09-30": "$189", "2020-06-30": "$508", "2020-03-31": "$440", "2019-12-31": "$400", "2019-09-30": "$303", "2019-06-30": "$452", "2019-03-31": "$233", "2018-12-31": "$276", "2018-09-30": "$294", "2018-06-30": "$338", "2018-03-31": "$792", "2017-12-31": "$13", "2017-09-30": "$-9", "2017-06-30": "$774", "2017-03-31": "$749", "2016-12-31": "$45", "2016-09-30": "$-4", "2016-06-30": "$606", "2016-03-31": "$584", "2015-12-31": "$19", "2015-09-30": "$-69", "2015-06-30": "$561", "2015-03-31": "$455", "2014-12-31": "$215", "2014-09-30": "$80", "2014-06-30": "$418", "2014-03-31": "$401", "2013-12-31": "$-234", "2013-09-30": "$-196", "2013-06-30": "$289", "2013-03-31": "$395", "2012-12-31": "$27", "2012-09-30": "$-308", "2012-06-30": "$271", "2012-03-31": "$433", "2011-12-31": "$-129", "2011-09-30": "$-323", "2011-06-30": "$270", "2011-03-31": "$187", "2010-12-31": "$-259", "2010-09-30": "$-206", "2010-06-30": "$146", "2010-03-31": "$133", "2009-12-31": "$-59", "2009-09-30": "$-371", "2009-06-30": "$-197", "2009-03-31": "$-16", "2008-12-31": "$112", "2008-09-30": "$-310", "2008-06-30": "$-47", "2008-03-31": "$12", "2007-12-31": "$49", "2007-09-30": "$-237", "2007-06-30": "$-147", "2007-03-31": "$-34", "2006-12-31": "$253", "2006-09-30": "$51", "2006-06-30": "$-84", "2006-03-31": "$52", "2005-12-31": "$369", "2005-09-30": "$72", "2005-06-30": "$-73", "2005-03-31": "$22"}}, "net-income": {"Electronic Arts Annual Net Income (Millions of US $)": {"2020": "$3,039", "2019": "$1,019", "2018": "$1,043", "2017": "$967", "2016": "$1,156", "2015": "$875", "2014": "$8", "2013": "$98", "2012": "$76", "2011": "$-276", "2010": "$-677", "2009": "$-1,088", "2008": "$-454", "2007": "$76", "2006": "$236", "2005": "$504"}, "Electronic Arts Quarterly Net Income (Millions of US $)": {"2020-12-31": "$211", "2020-09-30": "$185", "2020-06-30": "$365", "2020-03-31": "$418", "2019-12-31": "$346", "2019-09-30": "$854", "2019-06-30": "$1,421", "2019-03-31": "$209", "2018-12-31": "$262", "2018-09-30": "$255", "2018-06-30": "$293", "2018-03-31": "$607", "2017-12-31": "$-186", "2017-09-30": "$-22", "2017-06-30": "$644", "2017-03-31": "$566", "2016-12-31": "$-1", "2016-09-30": "$-38", "2016-06-30": "$440", "2016-03-31": "$899", "2015-12-31": "$-45", "2015-09-30": "$-140", "2015-06-30": "$442", "2015-03-31": "$395", "2014-12-31": "$142", "2014-09-30": "$3", "2014-06-30": "$335", "2014-03-31": "$367", "2013-12-31": "$-308", "2013-09-30": "$-273", "2013-06-30": "$222", "2013-03-31": "$323", "2012-12-31": "$-45", "2012-09-30": "$-381", "2012-06-30": "$201", "2012-03-31": "$400", "2011-12-31": "$-205", "2011-09-30": "$-340", "2011-06-30": "$221", "2011-03-31": "$151", "2010-12-31": "$-322", "2010-09-30": "$-201", "2010-06-30": "$96", "2010-03-31": "$30", "2009-12-31": "$-82", "2009-09-30": "$-391", "2009-06-30": "$-234", "2009-03-31": "$-42", "2008-12-31": "$-641", "2008-09-30": "$-310", "2008-06-30": "$-95", "2008-03-31": "$-94", "2007-12-31": "$-33", "2007-09-30": "$-195", "2007-06-30": "$-132", "2007-03-31": "$-25", "2006-12-31": "$160", "2006-09-30": "$22", "2006-06-30": "$-81", "2006-03-31": "$-16", "2005-12-31": "$259", "2005-09-30": "$51", "2005-06-30": "$-58", "2005-03-31": "$8"}}, "eps-earnings-per-share-diluted": {"Electronic Arts Annual EPS": {"2020": "$10.30", "2019": "$3.33", "2018": "$3.34", "2017": "$3.08", "2016": "$3.50", "2015": "$2.69", "2014": "$0.03", "2013": "$0.31", "2012": "$0.23", "2011": "$-0.84", "2010": "$-2.08", "2009": "$-3.40", "2008": "$-1.45", "2007": "$0.24", "2006": "$0.75", "2005": "$1.59"}, "Electronic Arts Quarterly EPS": {"2020-12-31": "$0.72", "2020-09-30": "$0.63", "2020-06-30": "$1.25", "2020-03-31": "$1.48", "2019-12-31": "$1.18", "2019-09-30": "$2.89", "2019-06-30": "$4.75", "2019-03-31": "$0.69", "2018-12-31": "$0.86", "2018-09-30": "$0.83", "2018-06-30": "$0.95", "2018-03-31": "$1.95", "2017-12-31": "$-0.60", "2017-09-30": "$-0.07", "2017-06-30": "$2.06", "2017-03-31": "$1.81", "2016-12-31": "$0.00", "2016-09-30": "$-0.13", "2016-06-30": "$1.40", "2016-03-31": "$2.77", "2015-12-31": "$-0.14", "2015-09-30": "$-0.45", "2015-06-30": "$1.32", "2015-03-31": "$1.20", "2014-12-31": "$0.44", "2014-09-30": "$0.01", "2014-06-30": "$1.04", "2014-03-31": "$1.21", "2013-12-31": "$-1.00", "2013-09-30": "$-0.89", "2013-06-30": "$0.71", "2013-03-31": "$1.04", "2012-12-31": "$-0.15", "2012-09-30": "$-1.21", "2012-06-30": "$0.63", "2012-03-31": "$1.22", "2011-12-31": "$-0.62", "2011-09-30": "$-1.03", "2011-06-30": "$0.66", "2011-03-31": "$0.45", "2010-12-31": "$-0.97", "2010-09-30": "$-0.61", "2010-06-30": "$0.29", "2010-03-31": "$0.10", "2009-12-31": "$-0.25", "2009-09-30": "$-1.21", "2009-06-30": "$-0.72", "2009-03-31": "$-0.13", "2008-12-31": "$-2.00", "2008-09-30": "$-0.97", "2008-06-30": "$-0.30", "2008-03-31": "$-0.31", "2007-12-31": "$-0.10", "2007-09-30": "$-0.62", "2007-06-30": "$-0.42", "2007-03-31": "$-0.07", "2006-12-31": "$0.50", "2006-09-30": "$0.07", "2006-06-30": "$-0.26", "2006-03-31": "$-0.05", "2005-12-31": "$0.83", "2005-09-30": "$0.16", "2005-06-30": "$-0.19", "2005-03-31": "$0.02"}}, "shares-outstanding": {"Electronic Arts Annual Shares Outstanding (Millions of Shares)": {"2020": "295", "2019": "306", "2018": "312", "2017": "314", "2016": "330", "2015": "325", "2014": "316", "2013": "313", "2012": "336", "2011": "330", "2010": "325", "2009": "320", "2008": "314", "2007": "317", "2006": "314", "2005": "318"}, "Electronic Arts Quarterly Shares Outstanding (Millions of Shares)": {"2020-12-31": "292", "2020-09-30": "293", "2020-06-30": "292", "2020-03-31": "295", "2019-12-31": "294", "2019-09-30": "296", "2019-06-30": "299", "2019-03-31": "306", "2018-12-31": "304", "2018-09-30": "307", "2018-06-30": "310", "2018-03-31": "312", "2017-12-31": "308", "2017-09-30": "309", "2017-06-30": "313", "2017-03-31": "314", "2016-12-31": "303", "2016-09-30": "301", "2016-06-30": "315", "2016-03-31": "330", "2015-12-31": "311", "2015-09-30": "312", "2015-06-30": "335", "2015-03-31": "325", "2014-12-31": "323", "2014-09-30": "322", "2014-06-30": "322", "2014-03-31": "316", "2013-12-31": "309", "2013-09-30": "308", "2013-06-30": "312", "2013-03-31": "313", "2012-12-31": "304", "2012-09-30": "316", "2012-06-30": "320", "2012-03-31": "336", "2011-12-31": "332", "2011-09-30": "331", "2011-06-30": "337", "2011-03-31": "330", "2010-12-31": "332", "2010-09-30": "329", "2010-06-30": "332", "2010-03-31": "325", "2009-12-31": "325", "2009-09-30": "324", "2009-06-30": "323", "2009-03-31": "320", "2008-12-31": "321", "2008-09-30": "319", "2008-06-30": "318", "2008-03-31": "314", "2007-12-31": "315", "2007-09-30": "313", "2007-06-30": "311", "2007-03-31": "317", "2006-12-31": "319", "2006-09-30": "315", "2006-06-30": "306", "2006-03-31": "314", "2005-12-31": "311", "2005-09-30": "314", "2005-06-30": "308", "2005-03-31": "318"}}, "total-assets": {"Electronic Arts Annual Total Assets (Millions of US $)": {"2020": "$11,112", "2019": "$8,957", "2018": "$8,584", "2017": "$7,718", "2016": "$7,050", "2015": "$6,147", "2014": "$5,716", "2013": "$5,070", "2012": "$5,491", "2011": "$4,928", "2010": "$4,646", "2009": "$4,678", "2008": "$6,059", "2007": "$5,146", "2006": "$4,386", "2005": "$4,370"}, "Electronic Arts Quarterly Total Assets (Millions of US $)": {"2020-09-30": "$11,470", "2020-06-30": "$11,284", "2020-03-31": "$11,112", "2019-12-31": "$11,161", "2019-09-30": "$10,593", "2019-06-30": "$9,749", "2019-03-31": "$8,957", "2018-12-31": "$8,857", "2018-09-30": "$8,450", "2018-06-30": "$8,247", "2018-03-31": "$8,584", "2017-12-31": "$8,642", "2017-09-30": "$7,922", "2017-06-30": "$7,375", "2017-03-31": "$7,718", "2016-12-31": "$7,719", "2016-09-30": "$6,892", "2016-06-30": "$6,605", "2016-03-31": "$7,050", "2015-12-31": "$6,470", "2015-09-30": "$6,000", "2015-06-30": "$5,721", "2015-03-31": "$6,147", "2014-12-31": "$6,167", "2014-09-30": "$6,031", "2014-06-30": "$5,476", "2014-03-31": "$5,716", "2013-12-31": "$5,573", "2013-09-30": "$5,036", "2013-06-30": "$4,605", "2013-03-31": "$5,070", "2012-12-31": "$5,039", "2012-09-30": "$5,191", "2012-06-30": "$4,825", "2012-03-31": "$5,491", "2011-12-31": "$5,696", "2011-09-30": "$5,435", "2011-06-30": "$4,355", "2011-03-31": "$4,928", "2010-12-31": "$4,727", "2010-09-30": "$4,494", "2010-06-30": "$4,245", "2010-03-31": "$4,646", "2009-12-31": "$4,939", "2009-09-30": "$5,002", "2009-06-30": "$4,722", "2009-03-31": "$4,678", "2008-12-31": "$5,204", "2008-09-30": "$5,962", "2008-06-30": "$5,774", "2008-03-31": "$6,059", "2007-12-31": "$6,445", "2007-09-30": "$5,520", "2007-06-30": "$5,025", "2007-03-31": "$5,146", "2006-12-31": "$5,043", "2006-09-30": "$4,511", "2006-06-30": "$4,193", "2006-03-31": "$4,386", "2005-12-31": "$4,331", "2005-09-30": "$3,754", "2005-06-30": "$3,918", "2005-03-31": "$4,370"}}, "cash-on-hand": {"Electronic Arts Annual Cash on Hand (Millions of US $)": {"2020": "$5,735", "2019": "$5,445", "2018": "$5,331", "2017": "$4,532", "2016": "$3,834", "2015": "$3,021", "2014": "$2,365", "2013": "$1,680", "2012": "$1,849", "2011": "$2,237", "2010": "$1,996", "2009": "$2,520", "2008": "$3,016", "2007": "$2,976", "2006": "$2,432", "2005": "$3,098"}, "Electronic Arts Quarterly Cash on Hand (Millions of US $)": {"2020-09-30": "$6,031", "2020-06-30": "$5,960", "2020-03-31": "$5,735", "2019-12-31": "$5,602", "2019-09-30": "$4,883", "2019-06-30": "$5,187", "2019-03-31": "$5,445", "2018-12-31": "$5,161", "2018-09-30": "$4,545", "2018-06-30": "$4,971", "2018-03-31": "$5,331", "2017-12-31": "$4,884", "2017-09-30": "$4,355", "2017-06-30": "$4,470", "2017-03-31": "$4,532", "2016-12-31": "$4,219", "2016-09-30": "$3,266", "2016-06-30": "$3,427", "2016-03-31": "$3,834", "2015-12-31": "$3,229", "2015-09-30": "$2,588", "2015-06-30": "$2,879", "2015-03-31": "$3,021", "2014-12-31": "$2,940", "2014-09-30": "$2,388", "2014-06-30": "$2,316", "2014-03-31": "$2,365", "2013-12-31": "$2,070", "2013-09-30": "$1,418", "2013-06-30": "$1,411", "2013-03-31": "$1,680", "2012-12-31": "$1,492", "2012-09-30": "$1,315", "2012-06-30": "$1,439", "2012-03-31": "$1,849", "2011-12-31": "$1,791", "2011-09-30": "$1,499", "2011-06-30": "$1,848", "2011-03-31": "$2,237", "2010-12-31": "$1,971", "2010-09-30": "$1,657", "2010-06-30": "$1,730", "2010-03-31": "$1,996", "2009-12-31": "$1,784", "2009-09-30": "$2,012", "2009-06-30": "$2,279", "2009-03-31": "$2,520", "2008-12-31": "$2,261", "2008-09-30": "$2,465", "2008-06-30": "$2,679", "2008-03-31": "$3,016", "2007-12-31": "$3,420", "2007-09-30": "$2,892", "2007-06-30": "$2,849", "2007-03-31": "$2,976", "2006-12-31": "$2,646", "2006-09-30": "$2,376", "2006-06-30": "$2,397", "2006-03-31": "$2,432", "2005-12-31": "$2,723", "2005-09-30": "$2,412", "2005-06-30": "$2,749", "2005-03-31": "$3,098"}}, "long-term-debt": {"Electronic Arts Annual Long Term Debt (Millions of US $)": {"2020": "$397", "2019": "$994", "2018": "$992", "2017": "$990", "2016": "$991", "2015": "$31", "2014": "$580", "2013": "$559", "2012": "$539", "2011": "$", "2010": "$", "2009": "$", "2008": "$", "2007": "$", "2006": "$", "2005": "$"}, "Electronic Arts Quarterly Long Term Debt (Millions of US $)": {"2020-09-30": "$397", "2020-06-30": "$397", "2020-03-31": "$397", "2019-12-31": "$995", "2019-09-30": "$995", "2019-06-30": "$995", "2019-03-31": "$994", "2018-12-31": "$994", "2018-09-30": "$993", "2018-06-30": "$993", "2018-03-31": "$992", "2017-12-31": "$992", "2017-09-30": "$991", "2017-06-30": "$991", "2017-03-31": "$990", "2016-12-31": "$990", "2016-09-30": "$990", "2016-06-30": "$989", "2016-03-31": "$991", "2015-12-31": "$7", "2015-09-30": "$13", "2015-06-30": "$25", "2015-03-31": "$31", "2014-12-31": "$37", "2014-09-30": "$591", "2014-06-30": "$586", "2014-03-31": "$580", "2013-12-31": "$575", "2013-09-30": "$570", "2013-06-30": "$564", "2013-03-31": "$559", "2012-12-31": "$554", "2012-09-30": "$549", "2012-06-30": "$544", "2012-03-31": "$539", "2011-12-31": "$534", "2011-09-30": "$529", "2011-06-30": "", "2011-03-31": "", "2010-12-31": "", "2010-09-30": "", "2010-06-30": "", "2010-03-31": "", "2009-12-31": "", "2009-09-30": "", "2009-06-30": "", "2009-03-31": "", "2008-12-31": "", "2008-09-30": "", "2008-06-30": "", "2008-03-31": "", "2007-12-31": "", "2007-09-30": "", "2007-06-30": "", "2007-03-31": "", "2006-12-31": "", "2006-09-30": "", "2006-06-30": "", "2006-03-31": "", "2005-12-31": "", "2005-09-30": "", "2005-06-30": "", "2005-03-31": ""}}, "total-liabilities": {"Electronic Arts Annual Total Liabilities (Millions of US $)": {"2020": "$3,651", "2019": "$3,626", "2018": "$3,989", "2017": "$3,658", "2016": "$3,654", "2015": "$3,111", "2014": "$3,294", "2013": "$2,803", "2012": "$3,033", "2011": "$2,364", "2010": "$1,917", "2009": "$1,544", "2008": "$1,720", "2007": "$1,114", "2006": "$978", "2005": "$872"}, "Electronic Arts Quarterly Total Liabilities (Millions of US $)": {"2020-09-30": "$3,395", "2020-06-30": "$3,502", "2020-03-31": "$3,651", "2019-12-31": "$3,924", "2019-09-30": "$3,435", "2019-06-30": "$3,264", "2019-03-31": "$3,626", "2018-12-31": "$3,513", "2018-09-30": "$3,133", "2018-06-30": "$2,987", "2018-03-31": "$3,989", "2017-12-31": "$4,556", "2017-09-30": "$3,534", "2017-06-30": "$2,889", "2017-03-31": "$3,658", "2016-12-31": "$4,170", "2016-09-30": "$3,284", "2016-06-30": "$2,889", "2016-03-31": "$3,654", "2015-12-31": "$3,458", "2015-09-30": "$2,854", "2015-06-30": "$2,385", "2015-03-31": "$3,111", "2014-12-31": "$3,480", "2014-09-30": "$3,361", "2014-06-30": "$2,763", "2014-03-31": "$3,294", "2013-12-31": "$3,569", "2013-09-30": "$2,750", "2013-06-30": "$2,113", "2013-03-31": "$2,803", "2012-12-31": "$3,081", "2012-09-30": "$3,037", "2012-06-30": "$2,273", "2012-03-31": "$3,033", "2011-12-31": "$3,431", "2011-09-30": "$2,895", "2011-06-30": "$1,605", "2011-03-31": "$2,364", "2010-12-31": "$2,369", "2010-09-30": "$1,856", "2010-06-30": "$1,493", "2010-03-31": "$1,917", "2009-12-31": "$2,340", "2009-09-30": "$2,346", "2009-06-30": "$1,721", "2009-03-31": "$1,544", "2008-12-31": "$2,151", "2008-09-30": "$1,934", "2008-06-30": "$1,448", "2008-03-31": "$1,720", "2007-12-31": "$2,142", "2007-09-30": "$1,449", "2007-06-30": "$972", "2007-03-31": "$1,114", "2006-12-31": "$1,165", "2006-09-30": "$920", "2006-06-30": "$764", "2006-03-31": "$978", "2005-12-31": "$990", "2005-09-30": "$770", "2005-06-30": "$751", "2005-03-31": "$872"}}, "total-share-holder-equity": {"Electronic Arts Annual Share Holder Equity (Millions of US $)": {"2020": "$7,461", "2019": "$5,331", "2018": "$4,595", "2017": "$4,060", "2016": "$3,396", "2015": "$3,036", "2014": "$2,422", "2013": "$2,267", "2012": "$2,458", "2011": "$2,564", "2010": "$2,729", "2009": "$3,134", "2008": "$4,339", "2007": "$4,032", "2006": "$3,408", "2005": "$3,498"}, "Electronic Arts Quarterly Share Holder Equity (Millions of US $)": {"2020-09-30": "$8,075", "2020-06-30": "$7,782", "2020-03-31": "$7,461", "2019-12-31": "$7,237", "2019-09-30": "$7,158", "2019-06-30": "$6,485", "2019-03-31": "$5,331", "2018-12-31": "$5,344", "2018-09-30": "$5,317", "2018-06-30": "$5,260", "2018-03-31": "$4,595", "2017-12-31": "$4,086", "2017-09-30": "$4,388", "2017-06-30": "$4,486", "2017-03-31": "$4,060", "2016-12-31": "$3,549", "2016-09-30": "$3,608", "2016-06-30": "$3,716", "2016-03-31": "$3,396", "2015-12-31": "$3,012", "2015-09-30": "$3,146", "2015-06-30": "$3,336", "2015-03-31": "$3,036", "2014-12-31": "$2,687", "2014-09-30": "$2,670", "2014-06-30": "$2,713", "2014-03-31": "$2,422", "2013-12-31": "$2,004", "2013-09-30": "$2,286", "2013-06-30": "$2,492", "2013-03-31": "$2,267", "2012-12-31": "$1,958", "2012-09-30": "$2,154", "2012-06-30": "$2,552", "2012-03-31": "$2,458", "2011-12-31": "$2,265", "2011-09-30": "$2,540", "2011-06-30": "$2,750", "2011-03-31": "$2,564", "2010-12-31": "$2,358", "2010-09-30": "$2,638", "2010-06-30": "$2,752", "2010-03-31": "$2,729", "2009-12-31": "$2,599", "2009-09-30": "$2,656", "2009-06-30": "$3,001", "2009-03-31": "$3,134", "2008-12-31": "$3,053", "2008-09-30": "$4,028", "2008-06-30": "$4,326", "2008-03-31": "$4,339", "2007-12-31": "$4,303", "2007-09-30": "$4,071", "2007-06-30": "$4,053", "2007-03-31": "$4,032", "2006-12-31": "$3,878", "2006-09-30": "$3,591", "2006-06-30": "$3,429", "2006-03-31": "$3,408", "2005-12-31": "$3,341", "2005-09-30": "$2,984", "2005-06-30": "$3,167", "2005-03-31": "$3,498"}}, "profit-margins": {"current": "20.79%"}, "gross margin": {"2020-12-31": "74.53%", "2020-09-30": "75.83%", "2020-06-30": "74.60%", "2020-03-31": "75.28%", "2019-12-31": "74.46%", "2019-09-30": "74.80%", "2019-06-30": "74.23%", "2019-03-31": "73.29%", "2018-12-31": "75.84%", "2018-09-30": "73.53%", "2018-06-30": "72.34%", "2018-03-31": "75.20%", "2017-12-31": "75.54%", "2017-09-30": "75.20%", "2017-06-30": "74.66%", "2017-03-31": "73.21%", "2016-12-31": "71.42%", "2016-09-30": "70.27%", "2016-06-30": "69.53%", "2016-03-31": "69.20%", "2015-12-31": "68.13%", "2015-09-30": "71.89%", "2015-06-30": "72.58%", "2015-03-31": "68.35%", "2014-12-31": "68.16%", "2014-09-30": "62.90%", "2014-06-30": "60.42%", "2014-03-31": "62.32%", "2013-12-31": "60.86%", "2013-09-30": "64.37%", "2013-06-30": "63.68%", "2013-03-31": "63.44%", "2012-12-31": "63.27%", "2012-09-30": "61.51%", "2012-06-30": "61.87%", "2012-03-31": "61.43%", "2011-12-31": "59.84%", "2011-09-30": "58.88%", "2011-06-30": "59.79%", "2011-03-31": "58.23%", "2010-12-31": "57.76%", "2010-09-30": "58.10%", "2010-06-30": "53.80%", "2010-03-31": "48.93%", "2009-12-31": "45.77%", "2009-09-30": "44.55%", "2009-06-30": "46.89%", "2009-03-31": "49.50%", "2008-12-31": "49.99%", "2008-09-30": "51.55%", "2008-06-30": "52.50%", "2008-03-31": "50.75%", "2007-12-31": "49.92%", "2007-09-30": "56.78%", "2007-06-30": "60.62%", "2007-03-31": "60.79%", "2006-12-31": "60.85%", "2006-09-30": "59.68%", "2006-06-30": "60.05%", "2006-03-31": "59.98%", "2005-12-31": "59.13%"}, "operating margin": {"2020-12-31": "22.43%", "2020-09-30": "24.72%", "2020-06-30": "25.94%", "2020-03-31": "26.10%", "2019-12-31": "23.01%", "2019-09-30": "22.05%", "2019-06-30": "22.12%", "2019-03-31": "20.12%", "2018-12-31": "29.34%", "2018-09-30": "24.98%", "2018-06-30": "20.48%", "2018-03-31": "27.84%", "2017-12-31": "27.44%", "2017-09-30": "27.83%", "2017-06-30": "28.01%", "2017-03-31": "25.26%", "2016-12-31": "22.55%", "2016-09-30": "22.34%", "2016-06-30": "21.19%", "2016-03-31": "20.43%", "2015-12-31": "17.83%", "2015-09-30": "22.06%", "2015-06-30": "24.38%", "2015-03-31": "21.00%", "2014-12-31": "20.03%", "2014-09-30": "10.59%", "2014-06-30": "4.22%", "2014-03-31": "0.92%", "2013-12-31": "-0.05%", "2013-09-30": "6.65%", "2013-06-30": "3.67%", "2013-03-31": "3.19%", "2012-12-31": "4.47%", "2012-09-30": "0.81%", "2012-06-30": "0.56%", "2012-03-31": "0.84%", "2011-12-31": "-4.79%", "2011-09-30": "-7.91%", "2011-06-30": "-4.85%", "2011-03-31": "-8.69%", "2010-12-31": "-10.75%", "2010-09-30": "-4.85%", "2010-06-30": "-8.97%", "2010-03-31": "-18.77%", "2009-12-31": "-23.51%", "2009-09-30": "-26.05%", "2009-06-30": "-24.06%", "2009-03-31": "-19.63%", "2008-12-31": "-17.91%", "2008-09-30": "-11.34%", "2008-06-30": "-9.84%", "2008-03-31": "-13.29%", "2007-12-31": "-16.53%", "2007-09-30": "-10.69%", "2007-06-30": "-0.81%", "2007-03-31": "1.26%", "2006-12-31": "4.33%", "2006-09-30": "8.59%", "2006-06-30": "10.07%", "2006-03-31": "11.01%", "2005-12-31": "10.48%"}, "ebitda margin": {"2020-09-30": "27.50%", "2020-06-30": "28.53%", "2020-03-31": "28.81%", "2019-12-31": "25.76%", "2019-09-30": "24.86%", "2019-06-30": "24.99%", "2019-03-31": "23.05%", "2018-12-31": "32.11%", "2018-09-30": "27.82%", "2018-06-30": "23.44%", "2018-03-31": "30.49%", "2017-12-31": "29.97%", "2017-09-30": "30.66%", "2017-06-30": "31.14%", "2017-03-31": "28.81%", "2016-12-31": "26.61%", "2016-09-30": "26.50%", "2016-06-30": "25.54%", "2016-03-31": "24.91%", "2015-12-31": "22.61%", "2015-09-30": "26.84%", "2015-06-30": "29.11%", "2015-03-31": "25.87%", "2014-12-31": "25.02%", "2014-09-30": "16.08%", "2014-06-30": "10.13%", "2014-03-31": "7.27%", "2013-12-31": "6.94%", "2013-09-30": "13.64%", "2013-06-30": "10.63%", "2013-03-31": "10.14%", "2012-12-31": "10.69%", "2012-09-30": "6.52%", "2012-06-30": "6.15%", "2012-03-31": "6.06%", "2011-12-31": "0.13%", "2011-09-30": "-3.24%", "2011-06-30": "-0.21%", "2011-03-31": "-3.68%", "2010-12-31": "-5.35%", "2010-09-30": "0.38%", "2010-06-30": "-3.95%", "2010-03-31": "-13.52%", "2009-12-31": "-18.19%", "2009-09-30": "-11.96%", "2009-06-30": "-10.14%", "2009-03-31": "-6.20%", "2008-12-31": "-5.20%", "2008-09-30": "-6.84%", "2008-06-30": "-5.47%", "2008-03-31": "-8.81%", "2007-12-31": "-11.71%", "2007-09-30": "-5.63%", "2007-06-30": "4.00%", "2007-03-31": "6.02%", "2006-12-31": "8.72%", "2006-09-30": "12.48%", "2006-06-30": "13.64%", "2006-03-31": "14.23%", "2005-12-31": "13.62%"}, "pre tax profit margin": {"2020-12-31": "22.33%", "2020-09-30": "24.96%", "2020-06-30": "26.61%", "2020-03-31": "27.23%", "2019-12-31": "24.37%", "2019-09-30": "23.68%", "2019-06-30": "23.82%", "2019-03-31": "21.80%", "2018-12-31": "30.49%", "2018-09-30": "25.81%", "2018-06-30": "21.06%", "2018-03-31": "28.14%", "2017-12-31": "27.69%", "2017-09-30": "27.95%", "2017-06-30": "28.01%", "2017-03-31": "24.97%", "2016-12-31": "22.05%", "2016-09-30": "21.90%", "2016-06-30": "20.61%", "2016-03-31": "19.95%", "2015-12-31": "17.51%", "2015-09-30": "21.58%", "2015-06-30": "23.98%", "2015-03-31": "20.49%", "2014-12-31": "19.43%", "2014-09-30": "9.94%", "2014-06-30": "3.46%", "2014-03-31": "0.20%", "2013-12-31": "0.00%", "2013-09-30": "7.02%", "2013-06-30": "4.14%", "2013-03-31": "3.66%", "2012-12-31": "4.30%", "2012-09-30": "0.24%", "2012-06-30": "-0.05%", "2012-03-31": "0.43%", "2011-12-31": "-5.02%", "2011-09-30": "-7.88%", "2011-06-30": "-3.76%", "2011-03-31": "-7.77%", "2010-12-31": "-10.01%", "2010-09-30": "-4.23%", "2010-06-30": "-9.28%", "2010-03-31": "-19.32%", "2009-12-31": "-23.90%", "2009-09-30": "-26.66%", "2009-06-30": "-25.30%", "2009-03-31": "-20.30%", "2008-12-31": "-20.81%", "2008-09-30": "-13.59%", "2008-06-30": "-10.78%", "2008-03-31": "-13.83%", "2007-12-31": "-13.11%", "2007-09-30": "-6.83%", "2007-06-30": "2.60%", "2007-03-31": "4.46%", "2006-12-31": "7.02%", "2006-09-30": "11.13%", "2006-06-30": "12.34%", "2006-03-31": "13.18%", "2005-12-31": "12.64%"}, "net profit margin": {"2020-12-31": "20.79%", "2020-09-30": "23.51%", "2020-06-30": "34.27%", "2020-03-31": "54.89%", "2019-12-31": "52.52%", "2019-09-30": "54.01%", "2019-06-30": "42.75%", "2019-03-31": "20.59%", "2018-12-31": "26.77%", "2018-09-30": "18.76%", "2018-06-30": "14.30%", "2018-03-31": "20.25%", "2017-12-31": "19.67%", "2017-09-30": "23.35%", "2017-06-30": "23.31%", "2017-03-31": "19.96%", "2016-12-31": "28.10%", "2016-09-30": "27.62%", "2016-06-30": "25.85%", "2016-03-31": "26.30%", "2015-12-31": "15.26%", "2015-09-30": "19.38%", "2015-06-30": "21.80%", "2015-03-31": "19.38%", "2014-12-31": "19.02%", "2014-09-30": "9.60%", "2014-06-30": "3.15%", "2014-03-31": "0.22%", "2013-12-31": "-0.98%", "2013-09-30": "6.01%", "2013-06-30": "3.14%", "2013-03-31": "2.58%", "2012-12-31": "4.42%", "2012-09-30": "0.37%", "2012-06-30": "1.37%", "2012-03-31": "1.83%", "2011-12-31": "-4.48%", "2011-09-30": "-7.52%", "2011-06-30": "-4.00%", "2011-03-31": "-7.69%", "2010-12-31": "-11.41%", "2010-09-30": "-4.28%", "2010-06-30": "-9.07%", "2010-03-31": "-18.53%", "2009-12-31": "-21.19%", "2009-09-30": "-33.15%", "2009-06-30": "-30.28%", "2009-03-31": "-25.83%", "2008-12-31": "-25.45%", "2008-09-30": "-12.29%", "2008-06-30": "-10.24%", "2008-03-31": "-12.39%", "2007-12-31": "-12.22%", "2007-09-30": "-6.56%", "2007-06-30": "0.81%", "2007-03-31": "2.46%", "2006-12-31": "2.73%", "2006-09-30": "5.92%", "2006-06-30": "7.10%", "2006-03-31": "8.00%", "2005-12-31": "9.08%"}, "pe ratio": {"current": "29.76", "2021-02-11": "44.51", "2020-12-31": "43.38", "2020-09-30": "29.01", "2020-06-30": "19.54", "2020-03-31": "9.76", "2019-12-31": "11.29", "2019-09-30": "10.63", "2019-06-30": "14.18", "2019-03-31": "30.48", "2018-12-31": "17.17", "2018-09-30": "38.44", "2018-06-30": "63.15", "2018-03-31": "36.25", "2017-12-31": "32.79", "2017-09-30": "31.03", "2017-06-30": "28.23", "2017-03-31": "29.03", "2016-12-31": "19.37", "2016-09-30": "21.76", "2016-06-30": "21.02", "2016-03-31": "18.76", "2015-12-31": "35.74", "2015-09-30": "27.06", "2015-06-30": "22.44", "2015-03-31": "21.92", "2014-12-31": "17.78", "2014-09-30": "29.64", "2014-06-30": "119.41", "2014-03-31": "0.00", "2013-12-31": "0.00", "2013-09-30": "35.44", "2013-06-30": "57.40", "2013-03-31": "55.24", "2012-12-31": "30.85", "2012-09-30": "0.00", "2012-06-30": "68.52", "2012-03-31": "78.40", "2011-12-31": "0.00", "2011-09-30": "0.00", "2011-06-30": "0.00", "2011-03-31": "0.00", "2010-12-31": "0.00", "2010-09-30": "0.00", "2010-06-30": "0.00", "2010-03-31": "0.00", "2009-12-31": "0.00", "2009-09-30": "0.00", "2009-06-30": "0.00", "2009-03-31": "0.00", "2008-12-31": "0.00", "2008-09-30": "0.00", "2008-06-30": "0.00", "2008-03-31": "0.00", "2007-12-31": "0.00", "2007-09-30": "0.00", "2007-06-30": "675.10", "2007-03-31": "218.66", "2006-12-31": "193.43"}, "price sales": {"2021-02-11": "7.61", "2020-12-31": "7.42", "2020-09-30": "6.84", "2020-06-30": "6.70", "2020-03-31": "5.34", "2019-12-31": "5.94", "2019-09-30": "5.79", "2019-06-30": "6.12", "2019-03-31": "6.29", "2018-12-31": "4.59", "2018-09-30": "7.21", "2018-06-30": "9.02", "2018-03-31": "7.31", "2017-12-31": "6.41", "2017-09-30": "7.19", "2017-06-30": "6.49", "2017-03-31": "5.70", "2016-12-31": "5.32", "2016-09-30": "5.91", "2016-06-30": "5.38", "2016-03-31": "4.85", "2015-12-31": "5.16", "2015-09-30": "5.07", "2015-06-30": "4.81", "2015-03-31": "4.20", "2014-12-31": "3.38", "2014-09-30": "2.73", "2014-06-30": "2.94", "2014-03-31": "2.53", "2013-12-31": "1.95", "2013-09-30": "2.09", "2013-06-30": "1.88", "2013-03-31": "1.46", "2012-12-31": "1.18", "2012-09-30": "1.01", "2012-06-30": "0.99", "2012-03-31": "1.33", "2011-12-31": "1.77", "2011-09-30": "1.76", "2011-06-30": "2.08", "2011-03-31": "1.80", "2010-12-31": "1.55", "2010-09-30": "1.47", "2010-06-30": "1.23", "2010-03-31": "1.65", "2009-12-31": "1.62", "2009-09-30": "1.55", "2009-06-30": "1.72", "2009-03-31": "1.38", "2008-12-31": "1.14", "2008-09-30": "2.70", "2008-06-30": "3.43", "2008-03-31": "4.27", "2007-12-31": "5.82", "2007-09-30": "6.04", "2007-06-30": "4.87", "2007-03-31": "5.14", "2006-12-31": "5.08"}, "price book": {"current": "5.32", "2021-02-11": "5.29", "2020-09-30": "4.68", "2020-06-30": "4.90", "2020-03-31": "3.86", "2019-12-31": "4.32", "2019-09-30": "4.00", "2019-06-30": "4.62", "2019-03-31": "5.67", "2018-12-31": "4.44", "2018-09-30": "6.88", "2018-06-30": "8.17", "2018-03-31": "8.06", "2017-12-31": "7.88", "2017-09-30": "8.28", "2017-06-30": "7.27", "2017-03-31": "6.78", "2016-12-31": "6.80", "2016-09-30": "7.09", "2016-06-30": "6.13", "2016-03-31": "5.85", "2015-12-31": "7.06", "2015-09-30": "6.69", "2015-06-30": "6.19", "2015-03-31": "6.00", "2014-12-31": "5.42", "2014-09-30": "4.16", "2014-06-30": "4.13", "2014-03-31": "3.72", "2013-12-31": "3.53", "2013-09-30": "3.45", "2013-06-30": "2.82", "2013-03-31": "2.35", "2012-12-31": "2.23", "2012-09-30": "1.84", "2012-06-30": "1.54", "2012-03-31": "2.14", "2011-12-31": "3.02", "2011-09-30": "2.67", "2011-06-30": "2.84", "2011-03-31": "2.53", "2010-12-31": "2.32", "2010-09-30": "2.07", "2010-06-30": "1.72", "2010-03-31": "2.25", "2009-12-31": "2.23", "2009-09-30": "2.33", "2009-06-30": "2.33", "2009-03-31": "1.87", "2008-12-31": "1.68", "2008-09-30": "2.94", "2008-06-30": "3.27", "2008-03-31": "3.65", "2007-12-31": "4.30", "2007-09-30": "4.31", "2007-06-30": "3.64", "2007-03-31": "3.88", "2006-12-31": "4.02", "2006-09-30": "4.78", "2006-06-30": "3.84", "2006-03-31": "4.89"}, "price fcf": {"2021-02-11": "", "2020-09-30": "$6.48", "2020-06-30": "$6.40", "2020-03-31": "$5.62", "2019-12-31": "$5.90", "2019-09-30": "$5.31", "2019-06-30": "$4.76", "2019-03-31": "$4.67", "2018-12-31": "$4.71", "2018-09-30": "$4.32", "2018-06-30": "$4.91", "2018-03-31": "$5.08", "2017-12-31": "$4.39", "2017-09-30": "$5.38", "2017-06-30": "$5.59", "2017-03-31": "$4.63", "2016-12-31": "$5.16", "2016-09-30": "$4.28", "2016-06-30": "$3.94", "2016-03-31": "$4.16", "2015-12-31": "$2.95", "2015-09-30": "$2.23", "2015-06-30": "$2.78", "2015-03-31": "$2.99", "2014-12-31": "$3.31", "2014-09-30": "$3.37", "2014-06-30": "$2.76", "2014-03-31": "$1.95", "2013-12-31": "$1.80", "2013-09-30": "$0.74", "2013-06-30": "$0.67", "2013-03-31": "$0.70", "2012-12-31": "$0.76", "2012-09-30": "$0.99", "2012-06-30": "$0.44", "2012-03-31": "$0.39", "2011-12-31": "$0.37", "2011-09-30": "$0.08", "2011-06-30": "$0.36", "2011-03-31": "$0.79", "2010-12-31": "$0.80", "2010-09-30": "$0.42", "2010-06-30": "$0.81", "2010-03-31": "$0.25", "2009-12-31": "$0.13", "2009-09-30": "$0.08", "2009-06-30": "$-0.35", "2009-03-31": "$-0.32", "2008-12-31": "$-0.08", "2008-09-30": "$0.37", "2008-06-30": "$0.46", "2008-03-31": "$0.81", "2007-12-31": "$0.46", "2007-09-30": "$0.05", "2007-06-30": "$0.28", "2007-03-31": "$0.70", "2006-12-31": "$1.72"}, "net worth": {"value": "$42.03B"}, "current ratio": {"current": "2.21", "2020-12-31": "2.21", "2020-09-30": "2.75", "2020-06-30": "2.61", "2020-03-31": "2.45", "2019-12-31": "2.84", "2019-09-30": "3.32", "2019-06-30": "3.52", "2019-03-31": "2.82", "2018-12-31": "2.99", "2018-09-30": "3.52", "2018-06-30": "3.84", "2018-03-31": "2.41", "2017-12-31": "1.92", "2017-09-30": "2.38", "2017-06-30": "3.01", "2017-03-31": "2.15", "2016-12-31": "1.74", "2016-09-30": "2.08", "2016-06-30": "2.41", "2016-03-31": "1.80", "2015-12-31": "1.32", "2015-09-30": "1.44", "2015-06-30": "1.64", "2015-03-31": "1.35", "2014-12-31": "1.22", "2014-09-30": "1.48", "2014-06-30": "1.64", "2014-03-31": "1.31", "2013-12-31": "1.10", "2013-09-30": "1.26", "2013-06-30": "1.54", "2013-03-31": "1.21", "2012-12-31": "1.04", "2012-09-30": "1.14", "2012-06-30": "1.46", "2012-03-31": "1.23", "2011-12-31": "1.17", "2011-09-30": "1.39", "2011-06-30": "1.92", "2011-03-31": "1.52", "2010-12-31": "1.35", "2010-09-30": "1.59", "2010-06-30": "1.91", "2010-03-31": "1.64", "2009-12-31": "1.49", "2009-09-30": "1.69", "2009-06-30": "2.52", "2009-03-31": "2.75", "2008-12-31": "2.03", "2008-09-30": "2.50", "2008-06-30": "3.49", "2008-03-31": "3.02", "2007-12-31": "2.80", "2007-09-30": "3.64", "2007-06-30": "5.64", "2007-03-31": "3.51", "2006-12-31": "3.22", "2006-09-30": "3.61", "2006-06-30": "4.17", "2006-03-31": "3.47", "2005-12-31": "3.87", "2005-09-30": "4.26", "2005-06-30": "4.60", "2005-03-31": "4.59"}, "quick ratio": {"2020-12-31": "0.00", "2020-09-30": "0.00", "2020-06-30": "0.00", "2020-03-31": "0.00", "2019-12-31": "0.00", "2019-09-30": "0.00", "2019-06-30": "0.00", "2019-03-31": "0.00", "2018-12-31": "0.00", "2018-09-30": "0.00", "2018-06-30": "0.00", "2018-03-31": "0.00", "2017-12-31": "0.00", "2017-09-30": "0.00", "2017-06-30": "0.00", "2017-03-31": "0.00", "2016-12-31": "1.73", "2016-09-30": "2.05", "2016-06-30": "2.39", "2016-03-31": "0.00", "2015-12-31": "1.31", "2015-09-30": "1.42", "2015-06-30": "1.62", "2015-03-31": "1.34", "2014-12-31": "1.21", "2014-09-30": "1.45", "2014-06-30": "1.62", "2014-03-31": "1.29", "2013-12-31": "1.08", "2013-09-30": "1.23", "2013-06-30": "1.50", "2013-03-31": "1.19", "2012-12-31": "1.01", "2012-09-30": "1.11", "2012-06-30": "1.42", "2012-03-31": "1.20", "2011-12-31": "1.14", "2011-09-30": "1.34", "2011-06-30": "1.86", "2011-03-31": "1.48", "2010-12-31": "1.30", "2010-09-30": "1.49", "2010-06-30": "1.84", "2010-03-31": "1.58", "2009-12-31": "1.41", "2009-09-30": "1.56", "2009-06-30": "2.35", "2009-03-31": "2.56", "2008-12-31": "1.87", "2008-09-30": "2.29", "2008-06-30": "3.28", "2008-03-31": "2.89", "2007-12-31": "2.70", "2007-09-30": "3.54", "2007-06-30": "5.52", "2007-03-31": "3.45", "2006-12-31": "3.16", "2006-09-30": "3.53", "2006-06-30": "4.08", "2006-03-31": "3.40", "2005-12-31": "3.79", "2005-09-30": "4.16", "2005-06-30": "4.50", "2005-03-31": "4.52"}, "debt equity ratio": {"current": "0.05", "2020-12-31": "0.56", "2020-09-30": "0.42", "2020-06-30": "0.45", "2020-03-31": "0.49", "2019-12-31": "0.54", "2019-09-30": "0.48", "2019-06-30": "0.50", "2019-03-31": "0.68", "2018-12-31": "0.66", "2018-09-30": "0.59", "2018-06-30": "0.57", "2018-03-31": "0.87", "2017-12-31": "1.12", "2017-09-30": "0.81", "2017-06-30": "0.64", "2017-03-31": "0.90", "2016-12-31": "1.18", "2016-09-30": "0.91", "2016-06-30": "0.78", "2016-03-31": "1.08", "2015-12-31": "1.15", "2015-09-30": "0.91", "2015-06-30": "0.72", "2015-03-31": "1.03", "2014-12-31": "1.30", "2014-09-30": "1.26", "2014-06-30": "1.02", "2014-03-31": "1.36", "2013-12-31": "1.78", "2013-09-30": "1.20", "2013-06-30": "0.85", "2013-03-31": "1.24", "2012-12-31": "1.57", "2012-09-30": "1.41", "2012-06-30": "0.89", "2012-03-31": "1.23", "2011-12-31": "1.52", "2011-09-30": "1.14", "2011-06-30": "0.58", "2011-03-31": "0.92", "2010-12-31": "1.01", "2010-09-30": "0.70", "2010-06-30": "0.54", "2010-03-31": "0.70", "2009-12-31": "0.90", "2009-09-30": "0.88", "2009-06-30": "0.57", "2009-03-31": "0.49", "2008-12-31": "0.71", "2008-09-30": "0.48", "2008-06-30": "0.34", "2008-03-31": "0.40", "2007-12-31": "0.50", "2007-09-30": "0.36", "2007-06-30": "0.24", "2007-03-31": "0.28", "2006-12-31": "0.30", "2006-09-30": "0.26", "2006-06-30": "0.22", "2006-03-31": "0.29", "2005-12-31": "0.30", "2005-09-30": "0.26", "2005-06-30": "0.24", "2005-03-31": "0.25"}, "return on equity": {"2020-12-31": "15.08%", "2020-09-30": "17.20%", "2020-06-30": "26.76%", "2020-03-31": "42.89%", "2019-12-31": "43.19%", "2019-09-30": "45.17%", "2019-06-30": "38.21%", "2019-03-31": "19.18%", "2018-12-31": "27.63%", "2018-09-30": "20.13%", "2018-06-30": "15.10%", "2018-03-31": "23.77%", "2017-12-31": "23.55%", "2017-09-30": "28.81%", "2017-06-30": "29.83%", "2017-03-31": "25.90%", "2016-12-31": "36.44%", "2016-09-30": "36.59%", "2016-06-30": "34.79%", "2016-03-31": "35.87%", "2015-12-31": "20.81%", "2015-09-30": "27.50%", "2015-06-30": "33.49%", "2015-03-31": "31.51%", "2014-12-31": "32.29%", "2014-09-30": "16.19%", "2014-06-30": "5.14%", "2014-03-31": "0.35%", "2013-12-31": "-1.59%", "2013-09-30": "10.09%", "2013-06-30": "5.37%", "2013-03-31": "4.39%", "2012-12-31": "7.67%", "2012-09-30": "0.64%", "2012-06-30": "2.28%", "2012-03-31": "3.04%", "2011-12-31": "-6.84%", "2011-09-30": "-11.36%", "2011-06-30": "-5.86%", "2011-03-31": "-10.71%", "2010-12-31": "-15.16%", "2010-09-30": "-5.86%", "2010-06-30": "-12.93%", "2010-03-31": "-24.65%", "2009-12-31": "-26.30%", "2009-09-30": "-44.17%", "2009-06-30": "-37.14%", "2009-03-31": "-29.93%", "2008-12-31": "-28.96%", "2008-09-30": "-12.52%", "2008-06-30": "-9.79%", "2008-03-31": "-10.83%", "2007-12-31": "-9.36%", "2007-09-30": "-4.79%", "2007-06-30": "0.64%", "2007-03-31": "2.04%", "2006-12-31": "2.38%", "2006-09-30": "5.35%", "2006-06-30": "6.47%", "2006-03-31": "7.32%", "2005-12-31": "8.01%"}, "return on assets": {"2020-12-31": "10.19%", "2020-09-30": "11.67%", "2020-06-30": "17.97%", "2020-03-31": "28.53%", "2019-12-31": "27.98%", "2019-09-30": "28.79%", "2019-06-30": "23.85%", "2019-03-31": "11.81%", "2018-12-31": "16.60%", "2018-09-30": "11.43%", "2018-06-30": "8.29%", "2018-03-31": "12.83%", "2017-12-31": "12.66%", "2017-09-30": "15.45%", "2017-06-30": "15.77%", "2017-03-31": "13.37%", "2016-12-31": "18.40%", "2016-09-30": "18.60%", "2016-06-30": "17.67%", "2016-03-31": "18.32%", "2015-12-31": "10.72%", "2015-09-30": "13.96%", "2015-06-30": "16.32%", "2015-03-31": "14.69%", "2014-12-31": "14.48%", "2014-09-30": "6.97%", "2014-06-30": "2.22%", "2014-03-31": "0.15%", "2013-12-31": "-0.71%", "2013-09-30": "4.60%", "2013-06-30": "2.39%", "2013-03-31": "1.95%", "2012-12-31": "3.41%", "2012-09-30": "0.28%", "2012-06-30": "1.04%", "2012-03-31": "1.45%", "2011-12-31": "-3.39%", "2011-09-30": "-5.97%", "2011-06-30": "-3.26%", "2011-03-31": "-6.00%", "2010-12-31": "-8.77%", "2010-09-30": "-3.43%", "2010-06-30": "-7.37%", "2010-03-31": "-14.02%", "2009-12-31": "-15.49%", "2009-09-30": "-26.69%", "2009-06-30": "-23.86%", "2009-03-31": "-20.13%", "2008-12-31": "-19.83%", "2008-09-30": "-8.78%", "2008-06-30": "-7.01%", "2008-03-31": "-7.88%", "2007-12-31": "-6.96%", "2007-09-30": "-3.70%", "2007-06-30": "0.51%", "2007-03-31": "1.61%", "2006-12-31": "1.88%", "2006-09-30": "4.22%", "2006-06-30": "5.11%", "2006-03-31": "5.76%", "2005-12-31": "6.35%"}, "return on investments": {"2020-12-31": "15.48%", "2020-09-30": "16.88%", "2020-06-30": "18.52%", "2020-03-31": "18.22%", "2019-12-31": "16.43%", "2019-09-30": "15.85%", "2019-06-30": "16.80%", "2019-03-31": "15.79%", "2018-12-31": "25.37%", "2018-09-30": "22.21%", "2018-06-30": "17.78%", "2018-03-31": "26.65%", "2017-12-31": "26.65%", "2017-09-30": "27.68%", "2017-06-30": "28.62%", "2017-03-31": "25.92%", "2016-12-31": "22.89%", "2016-09-30": "24.32%", "2016-06-30": "24.78%", "2016-03-31": "25.79%", "2015-12-31": "24.18%", "2015-09-30": "31.03%", "2015-06-30": "35.38%", "2015-03-31": "30.70%", "2014-12-31": "29.04%", "2014-09-30": "14.43%", "2014-06-30": "5.52%", "2014-03-31": "1.15%", "2013-12-31": "-0.07%", "2013-09-30": "8.92%", "2013-06-30": "5.01%", "2013-03-31": "4.35%", "2012-12-31": "6.26%", "2012-09-30": "1.14%", "2012-06-30": "0.77%", "2012-03-31": "1.58%", "2011-12-31": "-12.61%", "2011-09-30": "-39.75%", "2011-06-30": "inf%", "2011-03-31": "inf%", "2010-12-31": "inf%", "2010-09-30": "inf%", "2010-06-30": "inf%", "2010-03-31": "inf%", "2009-12-31": "inf%", "2009-09-30": "inf%", "2009-06-30": "inf%", "2009-03-31": "inf%", "2008-12-31": "inf%", "2008-09-30": "inf%", "2008-06-30": "inf%", "2008-03-31": "inf%", "2007-12-31": "inf%", "2007-09-30": "inf%", "2007-06-30": "inf%", "2007-03-31": "inf%", "2006-12-31": "inf%", "2006-09-30": "inf%", "2006-06-30": "inf%", "2006-03-31": "inf%"}, "return on tangible equity": {"2020-09-30": "23.06%", "2020-06-30": "36.31%", "2020-03-31": "59.25%", "2019-12-31": "61.71%", "2019-09-30": "66.89%", "2019-06-30": "59.03%", "2019-03-31": "30.64%", "2018-12-31": "45.02%", "2018-09-30": "34.13%", "2018-06-30": "25.85%", "2018-03-31": "40.86%", "2017-12-31": "40.43%", "2017-09-30": "49.33%", "2017-06-30": "53.09%", "2017-03-31": "48.24%", "2016-12-31": "71.21%", "2016-09-30": "75.00%", "2016-06-30": "74.68%", "2016-03-31": "80.56%", "2015-12-31": "48.99%", "2015-09-30": "68.05%", "2015-06-30": "89.62%", "2015-03-31": "94.98%", "2014-12-31": "113.12%", "2014-09-30": "71.02%", "2014-06-30": "27.25%", "2014-03-31": "2.15%", "2013-12-31": "-11.46%", "2013-09-30": "82.32%", "2013-06-30": "55.61%", "2013-03-31": "48.45%", "2012-12-31": "78.92%", "2012-09-30": "5.43%", "2012-06-30": "15.65%", "2012-03-31": "12.53%", "2011-12-31": "-20.56%", "2011-09-30": "-26.92%", "2011-06-30": "-11.48%", "2011-03-31": "-21.01%", "2010-12-31": "-29.54%", "2010-09-30": "-11.27%", "2010-06-30": "-23.76%", "2010-03-31": "-42.69%", "2009-12-31": "-42.70%", "2009-09-30": "-67.61%", "2009-06-30": "-56.41%", "2009-03-31": "-45.31%", "2008-12-31": "-43.76%", "2008-09-30": "-18.02%", "2008-06-30": "-13.50%", "2008-03-31": "-14.42%", "2007-12-31": "-12.07%", "2007-09-30": "-6.25%", "2007-06-30": "0.85%", "2007-03-31": "2.71%", "2006-12-31": "3.19%", "2006-09-30": "6.75%", "2006-06-30": "7.71%", "2006-03-31": "8.23%", "2005-12-31": "8.49%"}, "dividend yield history": {"last payout": "$0.68", "last yield": "0.47%"}}