{"ticker": "EXP", "price": {"title": "Eagle Materials Inc Historical Annual Stock Price Data", "value": 117.34, "historical": {"2021": {"Average Stock Price": "112.4150", "Year Open": "99.6700", "Year High": "117.3400", "Year Low": "99.6700", "Year Close": "117.3400", "Annual % Change": "15.78%"}, "2020": {"Average Stock Price": "79.1613", "Year Open": "91.2100", "Year High": "101.9500", "Year Low": "43.1700", "Year Close": "101.3500", "Annual % Change": "11.79%"}, "2019": {"Average Stock Price": "84.5842", "Year Open": "61.7500", "Year High": "95.4400", "Year Low": "61.7500", "Year Close": "90.6600", "Annual % Change": "48.55%"}, "2018": {"Average Stock Price": "95.4013", "Year Open": "117.0900", "Year High": "120.3000", "Year Low": "57.4800", "Year Close": "61.0300", "Annual % Change": "-46.13%"}, "2017": {"Average Stock Price": "100.3853", "Year Open": "100.1000", "Year High": "116.1500", "Year Low": "87.2400", "Year Close": "113.3000", "Annual % Change": "14.99%"}, "2016": {"Average Stock Price": "76.1031", "Year Open": "61.3600", "Year High": "102.0700", "Year Low": "46.8500", "Year Close": "98.5300", "Annual % Change": "63.05%"}, "2015": {"Average Stock Price": "76.2587", "Year Open": "77.0600", "Year High": "87.6800", "Year Low": "58.8800", "Year Close": "60.4300", "Annual % Change": "-20.52%"}, "2014": {"Average Stock Price": "87.9457", "Year Open": "75.5100", "Year High": "104.7300", "Year Low": "70.8000", "Year Close": "76.0300", "Annual % Change": "-1.81%"}, "2013": {"Average Stock Price": "69.6541", "Year Open": "62.3000", "Year High": "79.2900", "Year Low": "60.4300", "Year Close": "77.4300", "Annual % Change": "32.36%"}, "2012": {"Average Stock Price": "39.6436", "Year Open": "26.1500", "Year High": "58.6000", "Year Low": "26.1500", "Year Close": "58.5000", "Annual % Change": "127.98%"}, "2011": {"Average Stock Price": "24.9525", "Year Open": "29.2000", "Year High": "32.5000", "Year Low": "15.6800", "Year Close": "25.6600", "Annual % Change": "-9.17%"}, "2010": {"Average Stock Price": "25.8725", "Year Open": "25.8300", "Year High": "32.7900", "Year Low": "21.7900", "Year Close": "28.2500", "Annual % Change": "8.45%"}, "2009": {"Average Stock Price": "24.9029", "Year Open": "18.7100", "Year High": "29.7500", "Year Low": "16.7900", "Year Close": "26.0500", "Annual % Change": "41.50%"}, "2008": {"Average Stock Price": "28.0544", "Year Open": "35.7800", "Year High": "38.2500", "Year Low": "14.4100", "Year Close": "18.4100", "Annual % Change": "-48.11%"}, "2007": {"Average Stock Price": "42.9810", "Year Open": "43.6800", "Year High": "50.9500", "Year Low": "33.9500", "Year Close": "35.4800", "Annual % Change": "-17.93%"}, "2006": {"Average Stock Price": "46.0687", "Year Open": "41.3333", "Year High": "74.3000", "Year Low": "32.2000", "Year Close": "43.2300", "Annual % Change": "5.99%"}, "2005": {"Average Stock Price": "32.3768", "Year Open": "28.1667", "Year High": "41.6267", "Year Low": "25.0833", "Year Close": "40.7867", "Annual % Change": "41.70%"}, "2004": {"Average Stock Price": "22.0260", "Year Open": "20.0000", "Year High": "28.8833", "Year Low": "17.6267", "Year Close": "28.7833", "Annual % Change": "43.27%"}, "2003": {"Average Stock Price": "14.3719", "Year Open": "11.8300", "Year High": "20.3667", "Year Low": "10.8167", "Year Close": "20.0900", "Annual % Change": "71.46%"}, "2002": {"Average Stock Price": "12.2227", "Year Open": "10.6667", "Year High": "15.0033", "Year Low": "10.2567", "Year Close": "11.7167", "Annual % Change": "9.67%"}, "2001": {"Average Stock Price": "10.1437", "Year Open": "9.1467", "Year High": "11.5833", "Year Low": "8.8667", "Year Close": "10.6833", "Annual % Change": "17.36%"}, "2000": {"Average Stock Price": "8.9660", "Year Open": "12.2933", "Year High": "12.2933", "Year Low": "7.3967", "Year Close": "9.1033", "Annual % Change": "-29.97%"}, "1999": {"Average Stock Price": "12.3725", "Year Open": "13.3533", "Year High": "13.9367", "Year Low": "11.0000", "Year Close": "13.0000", "Annual % Change": "-4.01%"}, "1998": {"Average Stock Price": "12.2394", "Year Open": "10.0833", "Year High": "14.9167", "Year Low": "9.7933", "Year Close": "13.5433", "Annual % Change": "34.85%"}, "1997": {"Average Stock Price": "7.9914", "Year Open": "5.9567", "Year High": "10.8733", "Year Low": "5.5433", "Year Close": "10.0433", "Annual % Change": "67.39%"}, "1996": {"Average Stock Price": "4.9796", "Year Open": "4.7500", "Year High": "6.0000", "Year Low": "4.5000", "Year Close": "6.0000", "Annual % Change": "25.17%"}, "1995": {"Average Stock Price": "4.3033", "Year Open": "3.9167", "Year High": "4.9567", "Year Low": "3.5833", "Year Close": "4.7933", "Annual % Change": "16.15%"}}}, "market cap": {"value": "$4.93B"}, "income statement": {"Revenue": {"2020-03-31": "1450.81400", "2019-03-31": "1393.24100", "2018-03-31": "1386.52000", "2017-03-31": "1211.22000", "2016-03-31": "1143.49200", "2015-03-31": "1066.36800", "2014-03-31": "898.39600", "2013-03-31": "642.56200", "2012-03-31": "495.02300", "2011-03-31": "462.18000", "2010-03-31": "467.90500", "2009-03-31": "598.58000", "2008-03-31": "748.02300", "2007-03-31": "922.40100", "2006-03-31": "859.70200", "2005-03-31": "616.54100"}, "Cost Of Goods Sold": {"2020-03-31": "1119.55200", "2019-03-31": "1066.67300", "2018-03-31": "1047.76400", "2017-03-31": "899.17500", "2016-03-31": "911.87500", "2015-03-31": "812.23500", "2014-03-31": "712.93700", "2013-03-31": "539.31700", "2012-03-31": "454.54600", "2011-03-31": "426.60300", "2010-03-31": "416.03200", "2009-03-31": "526.60400", "2008-03-31": "599.32100", "2007-03-31": "625.10500", "2006-03-31": "622.84200", "2005-03-31": "471.80300"}, "Gross Profit": {"2020-03-31": "331.26200", "2019-03-31": "326.56800", "2018-03-31": "338.75600", "2017-03-31": "312.04500", "2016-03-31": "231.61690", "2015-03-31": "254.13310", "2014-03-31": "185.45900", "2013-03-31": "103.24500", "2012-03-31": "40.47700", "2011-03-31": "35.57700", "2010-03-31": "51.87300", "2009-03-31": "71.97600", "2008-03-31": "148.70200", "2007-03-31": "297.29600", "2006-03-31": "236.86000", "2005-03-31": "144.73800"}, "Research And Development Expenses": {"2020-03-31": "", "2019-03-31": "", "2018-03-31": "", "2017-03-31": "", "2016-03-31": "", "2015-03-31": "", "2014-03-31": "", "2013-03-31": "", "2012-03-31": "", "2011-03-31": "", "2010-03-31": "", "2009-03-31": "", "2008-03-31": "", "2007-03-31": "", "2006-03-31": "", "2005-03-31": ""}, "SG&A Expenses": {"2020-03-31": "65.41000", "2019-03-31": "37.37100", "2018-03-31": "41.20500", "2017-03-31": "33.94000", "2016-03-31": "37.19300", "2015-03-31": "30.75100", "2014-03-31": "24.55200", "2013-03-31": "23.91800", "2012-03-31": "19.61700", "2011-03-31": "16.66700", "2010-03-31": "", "2009-03-31": "", "2008-03-31": "18.75600", "2007-03-31": "20.34400", "2006-03-31": "16.37000", "2005-03-31": "10.28000"}, "Other Operating Income Or Expenses": {"2020-03-31": "42.58500", "2019-03-31": "38.56500", "2018-03-31": "43.41900", "2017-03-31": "42.38600", "2016-03-31": "39.08300", "2015-03-31": "48.16800", "2014-03-31": "39.17900", "2013-03-31": "31.27500", "2012-03-31": "28.88400", "2011-03-31": "25.07300", "2010-03-31": "27.31800", "2009-03-31": "36.02800", "2008-03-31": "35.51200", "2007-03-31": "", "2006-03-31": "", "2005-03-31": ""}, "Operating Expenses": {"2020-03-31": "1142.37700", "2019-03-31": "1065.47900", "2018-03-31": "1045.55000", "2017-03-31": "890.72900", "2016-03-31": "909.98500", "2015-03-31": "801.69800", "2014-03-31": "698.31000", "2013-03-31": "542.64290", "2012-03-31": "445.27900", "2011-03-31": "428.89800", "2010-03-31": "388.71400", "2009-03-31": "490.57600", "2008-03-31": "582.56490", "2007-03-31": "645.44900", "2006-03-31": "639.21200", "2005-03-31": "482.08300"}, "Operating Income": {"2020-03-31": "308.43690", "2019-03-31": "327.76200", "2018-03-31": "340.97000", "2017-03-31": "320.49100", "2016-03-31": "233.50700", "2015-03-31": "264.67000", "2014-03-31": "200.08600", "2013-03-31": "99.91910", "2012-03-31": "49.74400", "2011-03-31": "33.28200", "2010-03-31": "79.19100", "2009-03-31": "108.00400", "2008-03-31": "165.45810", "2007-03-31": "276.95200", "2006-03-31": "220.49010", "2005-03-31": "134.45800"}, "Total Non-Operating Income/Expense": {"2020-03-31": "-262.71300", "2019-03-31": "-248.02700", "2018-03-31": "-69.00800", "2017-03-31": "-25.97200", "2016-03-31": "-14.25500", "2015-03-31": "-11.74300", "2014-03-31": "-18.28200", "2013-03-31": "-15.82300", "2012-03-31": "-27.83200", "2011-03-31": "-16.52000", "2010-03-31": "-39.89400", "2009-03-31": "-45.82100", "2008-03-31": "-21.07400", "2007-03-31": "27.33600", "2006-03-31": "20.57600", "2005-03-31": "23.63100"}, "Pre-Tax Income": {"2020-03-31": "45.72400", "2019-03-31": "79.73500", "2018-03-31": "271.96200", "2017-03-31": "294.51900", "2016-03-31": "219.25200", "2015-03-31": "252.92700", "2014-03-31": "181.80400", "2013-03-31": "84.09600", "2012-03-31": "21.91200", "2011-03-31": "16.76200", "2010-03-31": "39.29700", "2009-03-31": "62.18300", "2008-03-31": "144.38400", "2007-03-31": "304.28800", "2006-03-31": "241.06600", "2005-03-31": "158.08900"}, "Income Taxes": {"2020-03-31": "-25.17000", "2019-03-31": "10.87500", "2018-03-31": "15.33000", "2017-03-31": "96.30000", "2016-03-31": "66.66000", "2015-03-31": "66.07400", "2014-03-31": "57.56100", "2013-03-31": "26.35200", "2012-03-31": "3.18000", "2011-03-31": "1.91300", "2010-03-31": "10.34700", "2009-03-31": "20.41900", "2008-03-31": "46.61600", "2007-03-31": "101.62400", "2006-03-31": "80.08200", "2005-03-31": "51.40200"}, "Income After Taxes": {"2020-03-31": "70.89400", "2019-03-31": "68.86000", "2018-03-31": "256.63200", "2017-03-31": "198.21900", "2016-03-31": "152.59200", "2015-03-31": "186.85300", "2014-03-31": "124.24300", "2013-03-31": "57.74400", "2012-03-31": "18.73200", "2011-03-31": "14.84900", "2010-03-31": "28.95000", "2009-03-31": "41.76400", "2008-03-31": "97.76800", "2007-03-31": "202.66400", "2006-03-31": "160.98400", "2005-03-31": "106.68700"}, "Other Income": {"2020-03-31": "", "2019-03-31": "", "2018-03-31": "", "2017-03-31": "", "2016-03-31": "", "2015-03-31": "", "2014-03-31": "", "2013-03-31": "", "2012-03-31": "", "2011-03-31": "", "2010-03-31": "", "2009-03-31": "", "2008-03-31": "", "2007-03-31": "", "2006-03-31": "", "2005-03-31": ""}, "Income From Continuous Operations": {"2020-03-31": "70.89400", "2019-03-31": "68.86000", "2018-03-31": "256.63200", "2017-03-31": "198.21900", "2016-03-31": "152.59200", "2015-03-31": "186.85300", "2014-03-31": "124.24300", "2013-03-31": "57.74400", "2012-03-31": "18.73200", "2011-03-31": "14.84900", "2010-03-31": "28.95000", "2009-03-31": "41.76400", "2008-03-31": "97.76800", "2007-03-31": "202.66400", "2006-03-31": "160.98400", "2005-03-31": "106.68700"}, "Income From Discontinued Operations": {"2020-03-31": "", "2019-03-31": "", "2018-03-31": "", "2017-03-31": "", "2016-03-31": "", "2015-03-31": "", "2014-03-31": "", "2013-03-31": "", "2012-03-31": "", "2011-03-31": "", "2010-03-31": "", "2009-03-31": "", "2008-03-31": "", "2007-03-31": "", "2006-03-31": "", "2005-03-31": ""}, "Net Income": {"2020-03-31": "70.89400", "2019-03-31": "68.86000", "2018-03-31": "256.63200", "2017-03-31": "198.21900", "2016-03-31": "152.59200", "2015-03-31": "186.85300", "2014-03-31": "124.24300", "2013-03-31": "57.74400", "2012-03-31": "18.73200", "2011-03-31": "14.84900", "2010-03-31": "28.95000", "2009-03-31": "41.76400", "2008-03-31": "97.76800", "2007-03-31": "202.66400", "2006-03-31": "160.98400", "2005-03-31": "106.68700"}, "EBITDA": {"2020-03-31": "421.95490", "2019-03-31": "450.29700", "2018-03-31": "454.98500", "2017-03-31": "412.28200", "2016-03-31": "330.61200", "2015-03-31": "340.96910", "2014-03-31": "270.10700", "2013-03-31": "156.76910", "2012-03-31": "99.86800", "2011-03-31": "82.49400", "2010-03-31": "129.97200", "2009-03-31": "159.23600", "2008-03-31": "210.30810", "2007-03-31": "316.99200", "2006-03-31": "259.08910", "2005-03-31": "168.95400"}, "EBIT": {"2020-03-31": "308.43690", "2019-03-31": "327.76200", "2018-03-31": "340.97000", "2017-03-31": "320.49100", "2016-03-31": "233.50700", "2015-03-31": "264.67000", "2014-03-31": "200.08600", "2013-03-31": "99.91910", "2012-03-31": "49.74400", "2011-03-31": "33.28200", "2010-03-31": "79.19100", "2009-03-31": "108.00400", "2008-03-31": "165.45810", "2007-03-31": "276.95200", "2006-03-31": "220.49010", "2005-03-31": "134.45800"}, "Basic Shares Outstanding": {"2020-03-31": "42.02200", "2019-03-31": "46.62100", "2018-03-31": "48.14100", "2017-03-31": "47.93200", "2016-03-31": "49.47100", "2015-03-31": "49.60400", "2014-03-31": "49.09100", "2013-03-31": "46.62300", "2012-03-31": "44.22500", "2011-03-31": "43.89200", "2010-03-31": "43.68500", "2009-03-31": "43.48700", "2008-03-31": "45.55700", "2007-03-31": "49.09000", "2006-03-31": "52.59900", "2005-03-31": "55.24100"}, "Shares Outstanding": {"2020-03-31": "42.28500", "2019-03-31": "46.93200", "2018-03-31": "48.64600", "2017-03-31": "48.36100", "2016-03-31": "50.07100", "2015-03-31": "50.37200", "2014-03-31": "49.93900", "2013-03-31": "47.34000", "2012-03-31": "44.51600", "2011-03-31": "44.25100", "2010-03-31": "44.03800", "2009-03-31": "43.87900", "2008-03-31": "46.14500", "2007-03-31": "49.78700", "2006-03-31": "53.33000", "2005-03-31": "55.88300"}, "Basic EPS": {"2020-03-31": "1.69000", "2019-03-31": "1.48000", "2018-03-31": "5.33000", "2017-03-31": "4.14000", "2016-03-31": "3.08000", "2015-03-31": "3.77000", "2014-03-31": "2.53000", "2013-03-31": "1.24000", "2012-03-31": "0.42000", "2011-03-31": "0.34000", "2010-03-31": "0.66000", "2009-03-31": "0.96000", "2008-03-31": "2.15000", "2007-03-31": "4.13000", "2006-03-31": "3.06000", "2005-03-31": "1.93000"}, "EPS - Earnings Per Share": {"2020-03-31": "1.68000", "2019-03-31": "1.47000", "2018-03-31": "5.28000", "2017-03-31": "4.10000", "2016-03-31": "3.05000", "2015-03-31": "3.71000", "2014-03-31": "2.49000", "2013-03-31": "1.22000", "2012-03-31": "0.42000", "2011-03-31": "0.34000", "2010-03-31": "0.66000", "2009-03-31": "0.95000", "2008-03-31": "2.12000", "2007-03-31": "4.07000", "2006-03-31": "3.02000", "2005-03-31": "1.91000"}}, "income statement, quarterly": {"Revenue": {"2020-12-31": "404.66700", "2020-09-30": "447.68400", "2020-06-30": "428.02000", "2020-03-31": "336.74400", "2019-12-31": "342.90400", "2019-09-30": "400.56900", "2019-06-30": "370.59700", "2019-03-31": "284.70090", "2018-12-31": "333.28500", "2018-09-30": "381.49900", "2018-06-30": "393.75600", "2018-03-31": "284.71300", "2017-12-31": "359.37100", "2017-09-30": "376.31500", "2017-06-30": "366.12100", "2017-03-31": "278.66300", "2016-12-31": "302.39500", "2016-09-30": "332.65800", "2016-06-30": "297.50400", "2016-03-31": "252.13200", "2015-12-31": "277.40900", "2015-09-30": "328.98800", "2015-06-30": "284.96300", "2015-03-31": "223.78000", "2014-12-31": "291.52900", "2014-09-30": "284.80800", "2014-06-30": "266.25100", "2014-03-31": "189.89400", "2013-12-31": "228.81200", "2013-09-30": "252.64600", "2013-06-30": "227.04400", "2013-03-31": "159.11800", "2012-12-31": "164.74300", "2012-09-30": "164.65900", "2012-06-30": "154.04200", "2012-03-31": "116.80100", "2011-12-31": "123.59600", "2011-09-30": "134.81900", "2011-06-30": "119.80700", "2011-03-31": "95.38100", "2010-12-31": "103.87000", "2010-09-30": "132.13500", "2010-06-30": "130.79400", "2010-03-31": "97.38600", "2009-12-31": "104.52900", "2009-09-30": "138.18500", "2009-06-30": "127.80500", "2009-03-31": "105.01400", "2008-12-31": "137.82900", "2008-09-30": "178.93400", "2008-06-30": "176.80300", "2008-03-31": "143.31800", "2007-12-31": "173.00500", "2007-09-30": "210.46300", "2007-06-30": "221.23700", "2007-03-31": "191.78000", "2006-12-31": "214.17900", "2006-09-30": "256.46800", "2006-06-30": "259.97400", "2006-03-31": "221.60500", "2005-12-31": "211.51500", "2005-09-30": "221.78400", "2005-06-30": "204.79800", "2005-03-31": "153.33600"}, "Cost Of Goods Sold": {"2020-12-31": "291.28800", "2020-09-30": "324.83500", "2020-06-30": "327.04100", "2020-03-31": "283.03400", "2019-12-31": "249.70100", "2019-09-30": "291.54900", "2019-06-30": "295.26800", "2019-03-31": "228.11900", "2018-12-31": "252.86400", "2018-09-30": "283.56800", "2018-06-30": "302.12200", "2018-03-31": "223.33600", "2017-12-31": "264.80500", "2017-09-30": "279.56100", "2017-06-30": "280.06200", "2017-03-31": "217.16300", "2016-12-31": "215.01500", "2016-09-30": "241.44800", "2016-06-30": "225.54900", "2016-03-31": "194.77100", "2015-12-31": "208.54400", "2015-09-30": "284.69400", "2015-06-30": "223.86600", "2015-03-31": "180.25800", "2014-12-31": "212.38000", "2014-09-30": "209.74700", "2014-06-30": "209.85000", "2014-03-31": "160.36600", "2013-12-31": "178.96400", "2013-09-30": "193.16700", "2013-06-30": "180.44000", "2013-03-31": "142.52000", "2012-12-31": "133.48200", "2012-09-30": "132.17000", "2012-06-30": "131.14500", "2012-03-31": "101.88500", "2011-12-31": "111.12500", "2011-09-30": "126.10200", "2011-06-30": "115.43400", "2011-03-31": "97.62400", "2010-12-31": "96.03000", "2010-09-30": "118.58600", "2010-06-30": "114.36300", "2010-03-31": "89.11800", "2009-12-31": "96.21700", "2009-09-30": "122.62300", "2009-06-30": "108.07400", "2009-03-31": "95.24400", "2008-12-31": "117.14900", "2008-09-30": "152.50000", "2008-06-30": "161.71100", "2008-03-31": "135.17200", "2007-12-31": "140.67400", "2007-09-30": "159.71900", "2007-06-30": "163.75600", "2007-03-31": "139.14300", "2006-12-31": "153.76100", "2006-09-30": "162.02800", "2006-06-30": "170.17300", "2006-03-31": "156.51800", "2005-12-31": "153.13800", "2005-09-30": "157.48100", "2005-06-30": "155.70500", "2005-03-31": "117.05400"}, "Gross Profit": {"2020-12-31": "113.37900", "2020-09-30": "122.84900", "2020-06-30": "100.97900", "2020-03-31": "53.71000", "2019-12-31": "93.20300", "2019-09-30": "109.02000", "2019-06-30": "75.32900", "2019-03-31": "56.58190", "2018-12-31": "80.42100", "2018-09-30": "97.93100", "2018-06-30": "91.63400", "2018-03-31": "61.37700", "2017-12-31": "94.56600", "2017-09-30": "96.75400", "2017-06-30": "86.05900", "2017-03-31": "61.50000", "2016-12-31": "87.38000", "2016-09-30": "91.21000", "2016-06-30": "71.95500", "2016-03-31": "57.36100", "2015-12-31": "68.86500", "2015-09-30": "44.29400", "2015-06-30": "61.09700", "2015-03-31": "43.52210", "2014-12-31": "79.14900", "2014-09-30": "75.06100", "2014-06-30": "56.40100", "2014-03-31": "29.52800", "2013-12-31": "49.84800", "2013-09-30": "59.47900", "2013-06-30": "46.60400", "2013-03-31": "16.59800", "2012-12-31": "31.26100", "2012-09-30": "32.48900", "2012-06-30": "22.89700", "2012-03-31": "14.91600", "2011-12-31": "12.47100", "2011-09-30": "8.71700", "2011-06-30": "4.37300", "2011-03-31": "-2.24300", "2010-12-31": "7.84000", "2010-09-30": "13.54900", "2010-06-30": "16.43100", "2010-03-31": "8.26800", "2009-12-31": "8.31200", "2009-09-30": "15.56200", "2009-06-30": "19.73100", "2009-03-31": "9.77000", "2008-12-31": "20.68000", "2008-09-30": "26.43400", "2008-06-30": "15.09200", "2008-03-31": "8.14600", "2007-12-31": "32.33100", "2007-09-30": "50.74400", "2007-06-30": "57.48100", "2007-03-31": "52.63700", "2006-12-31": "60.41800", "2006-09-30": "94.44000", "2006-06-30": "89.80100", "2006-03-31": "65.08710", "2005-12-31": "58.37700", "2005-09-30": "64.30300", "2005-06-30": "49.09300", "2005-03-31": "36.28200"}, "Research And Development Expenses": {"2020-12-31": "", "2020-09-30": "", "2020-06-30": "", "2020-03-31": "", "2019-12-31": "", "2019-09-30": "", "2019-06-30": "", "2019-03-31": "", "2018-12-31": "", "2018-09-30": "", "2018-06-30": "", "2018-03-31": "", "2017-12-31": "", "2017-09-30": "", "2017-06-30": "", "2017-03-31": "", "2016-12-31": "", "2016-09-30": "", "2016-06-30": "", "2016-03-31": "", "2015-12-31": "", "2015-09-30": "", "2015-06-30": "", "2015-03-31": "", "2014-12-31": "", "2014-09-30": "", "2014-06-30": "", "2014-03-31": "", "2013-12-31": "", "2013-09-30": "", "2013-06-30": "", "2013-03-31": "", "2012-12-31": "", "2012-09-30": "", "2012-06-30": "", "2012-03-31": "", "2011-12-31": "", "2011-09-30": "", "2011-06-30": "", "2011-03-31": "", "2010-12-31": "", "2010-09-30": "", "2010-06-30": "", "2010-03-31": "", "2009-12-31": "", "2009-09-30": "", "2009-06-30": "", "2009-03-31": "", "2008-12-31": "", "2008-09-30": "", "2008-06-30": "", "2008-03-31": "", "2007-12-31": "", "2007-09-30": "", "2007-06-30": "", "2007-03-31": "", "2006-12-31": "", "2006-09-30": "", "2006-06-30": "", "2006-03-31": "", "2005-12-31": "", "2005-09-30": "", "2005-06-30": "", "2005-03-31": ""}, "SG&A Expenses": {"2020-12-31": "11.32700", "2020-09-30": "11.10900", "2020-06-30": "17.78900", "2020-03-31": "16.90400", "2019-12-31": "13.79400", "2019-09-30": "13.45800", "2019-06-30": "21.25400", "2019-03-31": "10.03800", "2018-12-31": "9.40800", "2018-09-30": "9.92200", "2018-06-30": "8.00300", "2018-03-31": "21.64300", "2017-12-31": "9.88300", "2017-09-30": "", "2017-06-30": "9.67900", "2017-03-31": "15.27500", "2016-12-31": "", "2016-09-30": "8.83200", "2016-06-30": "9.83300", "2016-03-31": "18.83800", "2015-12-31": "", "2015-09-30": "9.36400", "2015-06-30": "8.99100", "2015-03-31": "13.96600", "2014-12-31": "9.37100", "2014-09-30": "7.41400", "2014-06-30": "", "2014-03-31": "11.69600", "2013-12-31": "6.79600", "2013-09-30": "6.06000", "2013-06-30": "", "2013-03-31": "6.31500", "2012-12-31": "6.26800", "2012-09-30": "5.91900", "2012-06-30": "5.41600", "2012-03-31": "6.09900", "2011-12-31": "4.92800", "2011-09-30": "4.47200", "2011-06-30": "4.11800", "2011-03-31": "4.60700", "2010-12-31": "3.94200", "2010-09-30": "4.41500", "2010-06-30": "3.70300", "2010-03-31": "", "2009-12-31": "3.17000", "2009-09-30": "", "2009-06-30": "4.29300", "2009-03-31": "", "2008-12-31": "5.14000", "2008-09-30": "4.91500", "2008-06-30": "4.05500", "2008-03-31": "4.36300", "2007-12-31": "4.30000", "2007-09-30": "5.74600", "2007-06-30": "4.34700", "2007-03-31": "5.31000", "2006-12-31": "5.62200", "2006-09-30": "5.13300", "2006-06-30": "4.27900", "2006-03-31": "5.47000", "2005-12-31": "3.83500", "2005-09-30": "3.96300", "2005-06-30": "3.10200", "2005-03-31": "2.87200"}, "Other Operating Income Or Expenses": {"2020-12-31": "12.38000", "2020-09-30": "10.48700", "2020-06-30": "59.64200", "2020-03-31": "8.58900", "2019-12-31": "11.42200", "2019-09-30": "12.94200", "2019-06-30": "9.63200", "2019-03-31": "8.63500", "2018-12-31": "9.50700", "2018-09-30": "10.60100", "2018-06-30": "9.82200", "2018-03-31": "9.13200", "2017-12-31": "12.45600", "2017-09-30": "11.95500", "2017-06-30": "9.87600", "2017-03-31": "9.00700", "2016-12-31": "11.67300", "2016-09-30": "12.65100", "2016-06-30": "9.05500", "2016-03-31": "6.92000", "2015-12-31": "11.64600", "2015-09-30": "12.25200", "2015-06-30": "8.26500", "2015-03-31": "11.84400", "2014-12-31": "12.91100", "2014-09-30": "12.93400", "2014-06-30": "10.47900", "2014-03-31": "10.98100", "2013-12-31": "10.25600", "2013-09-30": "10.06400", "2013-06-30": "7.87800", "2013-03-31": "7.69800", "2012-12-31": "8.62900", "2012-09-30": "8.75000", "2012-06-30": "6.19800", "2012-03-31": "7.09700", "2011-12-31": "8.36700", "2011-09-30": "8.05100", "2011-06-30": "5.36900", "2011-03-31": "6.12100", "2010-12-31": "7.38800", "2010-09-30": "4.33500", "2010-06-30": "7.22900", "2010-03-31": "27.20500", "2009-12-31": "0.11000", "2009-09-30": "-0.08400", "2009-06-30": "0.08700", "2009-03-31": "", "2008-12-31": "", "2008-09-30": "", "2008-06-30": "", "2008-03-31": "", "2007-12-31": "", "2007-09-30": "", "2007-06-30": "", "2007-03-31": "", "2006-12-31": "", "2006-09-30": "", "2006-06-30": "", "2006-03-31": "", "2005-12-31": "-0.34800", "2005-09-30": "", "2005-06-30": "", "2005-03-31": ""}, "Operating Expenses": {"2020-12-31": "290.23500", "2020-09-30": "325.45700", "2020-06-30": "285.18800", "2020-03-31": "291.34900", "2019-12-31": "252.07300", "2019-09-30": "292.06500", "2019-06-30": "306.89000", "2019-03-31": "227.72200", "2018-12-31": "252.76500", "2018-09-30": "282.88900", "2018-06-30": "302.10300", "2018-03-31": "196.74910", "2017-12-31": "301.33000", "2017-09-30": "267.60600", "2017-06-30": "279.86500", "2017-03-31": "223.43100", "2016-12-31": "203.34200", "2016-09-30": "237.62900", "2016-06-30": "226.32700", "2016-03-31": "206.68900", "2015-12-31": "196.89800", "2015-09-30": "281.80600", "2015-06-30": "224.59200", "2015-03-31": "186.43500", "2014-12-31": "209.56200", "2014-09-30": "206.33000", "2014-06-30": "199.37100", "2014-03-31": "161.08090", "2013-12-31": "175.50400", "2013-09-30": "189.16300", "2013-06-30": "172.56200", "2013-03-31": "143.62190", "2012-12-31": "133.60600", "2012-09-30": "135.05200", "2012-06-30": "130.36300", "2012-03-31": "91.77000", "2011-12-31": "116.80300", "2011-09-30": "122.52300", "2011-06-30": "114.18300", "2011-03-31": "106.81100", "2010-12-31": "92.58400", "2010-09-30": "118.66600", "2010-06-30": "110.83700", "2010-03-31": "54.45000", "2009-12-31": "99.27700", "2009-09-30": "122.70700", "2009-06-30": "112.28000", "2009-03-31": "45.10600", "2008-12-31": "122.28900", "2008-09-30": "157.41500", "2008-06-30": "165.76600", "2008-03-31": "104.02290", "2007-12-31": "144.97400", "2007-09-30": "165.46500", "2007-06-30": "168.10300", "2007-03-31": "144.45300", "2006-12-31": "159.38300", "2006-09-30": "167.16100", "2006-06-30": "174.45200", "2006-03-31": "161.64000", "2005-12-31": "157.32100", "2005-09-30": "161.44400", "2005-06-30": "158.80700", "2005-03-31": "118.95700"}, "Operating Income": {"2020-12-31": "114.43200", "2020-09-30": "122.22700", "2020-06-30": "142.83200", "2020-03-31": "45.39500", "2019-12-31": "90.83100", "2019-09-30": "108.50400", "2019-06-30": "63.70700", "2019-03-31": "56.97890", "2018-12-31": "80.52000", "2018-09-30": "98.61000", "2018-06-30": "91.65300", "2018-03-31": "87.96400", "2017-12-31": "58.04100", "2017-09-30": "108.70900", "2017-06-30": "86.25600", "2017-03-31": "55.23200", "2016-12-31": "99.05300", "2016-09-30": "95.02900", "2016-06-30": "71.17700", "2016-03-31": "45.44300", "2015-12-31": "80.51100", "2015-09-30": "47.18200", "2015-06-30": "60.37100", "2015-03-31": "37.34500", "2014-12-31": "81.96700", "2014-09-30": "78.47800", "2014-06-30": "66.88000", "2014-03-31": "28.81300", "2013-12-31": "53.30800", "2013-09-30": "63.48300", "2013-06-30": "54.48200", "2013-03-31": "15.49610", "2012-12-31": "31.13700", "2012-09-30": "29.60700", "2012-06-30": "23.67900", "2012-03-31": "25.03100", "2011-12-31": "6.79300", "2011-09-30": "12.29600", "2011-06-30": "5.62400", "2011-03-31": "-11.43000", "2010-12-31": "11.28600", "2010-09-30": "13.46900", "2010-06-30": "19.95700", "2010-03-31": "42.93600", "2009-12-31": "5.25200", "2009-09-30": "15.47800", "2009-06-30": "15.52500", "2009-03-31": "59.90800", "2008-12-31": "15.54000", "2008-09-30": "21.51900", "2008-06-30": "11.03700", "2008-03-31": "39.29500", "2007-12-31": "28.03100", "2007-09-30": "44.99800", "2007-06-30": "53.13400", "2007-03-31": "47.32700", "2006-12-31": "54.79600", "2006-09-30": "89.30700", "2006-06-30": "85.52200", "2006-03-31": "59.96510", "2005-12-31": "54.19400", "2005-09-30": "60.34000", "2005-06-30": "45.99100", "2005-03-31": "34.37900"}, "Total Non-Operating Income/Expense": {"2020-12-31": "-9.36000", "2020-09-30": "-12.55600", "2020-06-30": "-14.04100", "2020-03-31": "-209.05600", "2019-12-31": "-34.67400", "2019-09-30": "-10.13700", "2019-06-30": "-8.84600", "2019-03-31": "-228.57600", "2018-12-31": "-6.00200", "2018-09-30": "-6.81700", "2018-06-30": "-6.63200", "2018-03-31": "-39.23900", "2017-12-31": "-6.65300", "2017-09-30": "-16.39000", "2017-06-30": "-6.72600", "2017-03-31": "-1.05100", "2016-12-31": "-15.36400", "2016-09-30": "-5.65600", "2016-06-30": "-3.90100", "2016-03-31": "6.87900", "2015-12-31": "-12.30600", "2015-09-30": "-4.34200", "2015-06-30": "-4.48600", "2015-03-31": "7.35300", "2014-12-31": "-4.10100", "2014-09-30": "-3.90100", "2014-06-30": "-11.09400", "2014-03-31": "0.95400", "2013-12-31": "-4.47500", "2013-09-30": "-4.79500", "2013-06-30": "-9.96600", "2013-03-31": "-4.74000", "2012-12-31": "-3.83600", "2012-09-30": "-3.48200", "2012-06-30": "-3.76500", "2012-03-31": "-12.38600", "2011-12-31": "-6.30400", "2011-09-30": "-4.55700", "2011-06-30": "-4.58500", "2011-03-31": "-3.41600", "2010-12-31": "-4.66600", "2010-09-30": "-3.14800", "2010-06-30": "-5.29000", "2010-03-31": "-41.24100", "2009-12-31": "0.21500", "2009-09-30": "-0.53600", "2009-06-30": "1.66800", "2009-03-31": "-47.45100", "2008-12-31": "1.01000", "2008-09-30": "0.72500", "2008-06-30": "-0.10500", "2008-03-31": "-32.71200", "2007-12-31": "4.04300", "2007-09-30": "5.01300", "2007-06-30": "2.58200", "2007-03-31": "6.66200", "2006-12-31": "6.55500", "2006-09-30": "9.88500", "2006-06-30": "4.23400", "2006-03-31": "6.32400", "2005-12-31": "4.67200", "2005-09-30": "5.38900", "2005-06-30": "4.19100", "2005-03-31": "4.36400"}, "Pre-Tax Income": {"2020-12-31": "105.07200", "2020-09-30": "109.67100", "2020-06-30": "128.79100", "2020-03-31": "-163.66100", "2019-12-31": "56.15700", "2019-09-30": "98.36700", "2019-06-30": "54.86100", "2019-03-31": "-171.59700", "2018-12-31": "74.51800", "2018-09-30": "91.79300", "2018-06-30": "85.02100", "2018-03-31": "48.72500", "2017-12-31": "51.38800", "2017-09-30": "92.31900", "2017-06-30": "79.53000", "2017-03-31": "54.18100", "2016-12-31": "83.68900", "2016-09-30": "89.37300", "2016-06-30": "67.27600", "2016-03-31": "52.32200", "2015-12-31": "68.20500", "2015-09-30": "42.84000", "2015-06-30": "55.88500", "2015-03-31": "44.69800", "2014-12-31": "77.86600", "2014-09-30": "74.57700", "2014-06-30": "55.78600", "2014-03-31": "29.76700", "2013-12-31": "48.83300", "2013-09-30": "58.68800", "2013-06-30": "44.51600", "2013-03-31": "10.75600", "2012-12-31": "27.30100", "2012-09-30": "26.12500", "2012-06-30": "19.91400", "2012-03-31": "12.64500", "2011-12-31": "0.48900", "2011-09-30": "7.73900", "2011-06-30": "1.03900", "2011-03-31": "-14.84600", "2010-12-31": "6.62000", "2010-09-30": "10.32100", "2010-06-30": "14.66700", "2010-03-31": "1.69500", "2009-12-31": "5.46700", "2009-09-30": "14.94200", "2009-06-30": "17.19300", "2009-03-31": "12.45700", "2008-12-31": "16.55000", "2008-09-30": "22.24400", "2008-06-30": "10.93200", "2008-03-31": "6.58300", "2007-12-31": "32.07400", "2007-09-30": "50.01100", "2007-06-30": "55.71600", "2007-03-31": "53.98900", "2006-12-31": "61.35100", "2006-09-30": "99.19200", "2006-06-30": "89.75600", "2006-03-31": "66.28900", "2005-12-31": "58.86600", "2005-09-30": "65.72900", "2005-06-30": "50.18200", "2005-03-31": "38.74300"}, "Income Taxes": {"2020-12-31": "23.87900", "2020-09-30": "19.80000", "2020-06-30": "32.58500", "2020-03-31": "-74.71300", "2019-12-31": "12.68300", "2019-09-30": "23.30300", "2019-06-30": "13.55700", "2019-03-31": "-43.80000", "2018-12-31": "16.80300", "2018-09-30": "19.19000", "2018-06-30": "18.68200", "2018-03-31": "11.71700", "2017-12-31": "-49.99200", "2017-09-30": "28.95700", "2017-06-30": "24.64800", "2017-03-31": "17.93000", "2016-12-31": "27.30200", "2016-09-30": "29.13600", "2016-06-30": "21.93200", "2016-03-31": "13.15900", "2015-12-31": "22.35700", "2015-09-30": "13.02100", "2015-06-30": "18.12300", "2015-03-31": "-2.09600", "2014-12-31": "25.83600", "2014-09-30": "24.25800", "2014-06-30": "18.07600", "2014-03-31": "7.14900", "2013-12-31": "17.21200", "2013-09-30": "18.78500", "2013-06-30": "14.41500", "2013-03-31": "2.92300", "2012-12-31": "9.32100", "2012-09-30": "8.17200", "2012-06-30": "5.93600", "2012-03-31": "3.64200", "2011-12-31": "-2.40800", "2011-09-30": "1.71400", "2011-06-30": "0.23200", "2011-03-31": "-4.04200", "2010-12-31": "1.12400", "2010-09-30": "0.69100", "2010-06-30": "4.14000", "2010-03-31": "-0.22900", "2009-12-31": "0.78300", "2009-09-30": "4.52000", "2009-06-30": "5.27300", "2009-03-31": "5.42700", "2008-12-31": "5.29100", "2008-09-30": "6.59900", "2008-06-30": "3.10200", "2008-03-31": "3.33700", "2007-12-31": "9.61500", "2007-09-30": "15.47300", "2007-06-30": "18.19100", "2007-03-31": "17.42900", "2006-12-31": "20.43400", "2006-09-30": "33.09700", "2006-06-30": "30.66400", "2006-03-31": "22.52200", "2005-12-31": "19.87900", "2005-09-30": "22.40700", "2005-06-30": "15.27400", "2005-03-31": "11.25500"}, "Income After Taxes": {"2020-12-31": "81.19300", "2020-09-30": "89.87100", "2020-06-30": "96.20600", "2020-03-31": "-88.94800", "2019-12-31": "43.47400", "2019-09-30": "75.06400", "2019-06-30": "41.30400", "2019-03-31": "-127.79700", "2018-12-31": "57.71500", "2018-09-30": "72.60300", "2018-06-30": "66.33900", "2018-03-31": "37.00800", "2017-12-31": "101.38000", "2017-09-30": "63.36200", "2017-06-30": "54.88200", "2017-03-31": "36.25100", "2016-12-31": "56.38700", "2016-09-30": "60.23700", "2016-06-30": "45.34400", "2016-03-31": "39.16300", "2015-12-31": "45.84800", "2015-09-30": "29.81900", "2015-06-30": "37.76200", "2015-03-31": "46.79400", "2014-12-31": "52.03000", "2014-09-30": "50.31900", "2014-06-30": "37.71000", "2014-03-31": "22.61800", "2013-12-31": "31.62100", "2013-09-30": "39.90300", "2013-06-30": "30.10100", "2013-03-31": "7.83300", "2012-12-31": "17.98000", "2012-09-30": "17.95300", "2012-06-30": "13.97800", "2012-03-31": "9.00300", "2011-12-31": "2.89700", "2011-09-30": "6.02500", "2011-06-30": "0.80700", "2011-03-31": "-10.80400", "2010-12-31": "5.49600", "2010-09-30": "9.63000", "2010-06-30": "10.52700", "2010-03-31": "1.92400", "2009-12-31": "4.68400", "2009-09-30": "10.42200", "2009-06-30": "11.92000", "2009-03-31": "7.03000", "2008-12-31": "11.25900", "2008-09-30": "15.64500", "2008-06-30": "7.83000", "2008-03-31": "3.24600", "2007-12-31": "22.45900", "2007-09-30": "34.53800", "2007-06-30": "37.52500", "2007-03-31": "36.56000", "2006-12-31": "40.91700", "2006-09-30": "66.09500", "2006-06-30": "59.09200", "2006-03-31": "43.76700", "2005-12-31": "38.98700", "2005-09-30": "43.32200", "2005-06-30": "34.90800", "2005-03-31": "27.48800"}, "Other Income": {"2020-12-31": "", "2020-09-30": "", "2020-06-30": "", "2020-03-31": "", "2019-12-31": "", "2019-09-30": "", "2019-06-30": "", "2019-03-31": "", "2018-12-31": "", "2018-09-30": "", "2018-06-30": "", "2018-03-31": "", "2017-12-31": "", "2017-09-30": "", "2017-06-30": "", "2017-03-31": "", "2016-12-31": "", "2016-09-30": "", "2016-06-30": "", "2016-03-31": "", "2015-12-31": "", "2015-09-30": "", "2015-06-30": "", "2015-03-31": "", "2014-12-31": "", "2014-09-30": "", "2014-06-30": "", "2014-03-31": "", "2013-12-31": "", "2013-09-30": "", "2013-06-30": "", "2013-03-31": "", "2012-12-31": "", "2012-09-30": "", "2012-06-30": "", "2012-03-31": "", "2011-12-31": "", "2011-09-30": "", "2011-06-30": "", "2011-03-31": "", "2010-12-31": "", "2010-09-30": "", "2010-06-30": "", "2010-03-31": "", "2009-12-31": "", "2009-09-30": "", "2009-06-30": "", "2009-03-31": "", "2008-12-31": "", "2008-09-30": "", "2008-06-30": "", "2008-03-31": "", "2007-12-31": "", "2007-09-30": "", "2007-06-30": "", "2007-03-31": "", "2006-12-31": "", "2006-09-30": "", "2006-06-30": "", "2006-03-31": "", "2005-12-31": "", "2005-09-30": "", "2005-06-30": "", "2005-03-31": ""}, "Income From Continuous Operations": {"2020-12-31": "81.19300", "2020-09-30": "89.87100", "2020-06-30": "96.20600", "2020-03-31": "-88.94800", "2019-12-31": "43.47400", "2019-09-30": "75.06400", "2019-06-30": "41.30400", "2019-03-31": "-127.79700", "2018-12-31": "57.71500", "2018-09-30": "72.60300", "2018-06-30": "66.33900", "2018-03-31": "37.00800", "2017-12-31": "101.38000", "2017-09-30": "63.36200", "2017-06-30": "54.88200", "2017-03-31": "36.25100", "2016-12-31": "56.38700", "2016-09-30": "60.23700", "2016-06-30": "45.34400", "2016-03-31": "39.16300", "2015-12-31": "45.84800", "2015-09-30": "29.81900", "2015-06-30": "37.76200", "2015-03-31": "46.79400", "2014-12-31": "52.03000", "2014-09-30": "50.31900", "2014-06-30": "37.71000", "2014-03-31": "22.61800", "2013-12-31": "31.62100", "2013-09-30": "39.90300", "2013-06-30": "30.10100", "2013-03-31": "7.83300", "2012-12-31": "17.98000", "2012-09-30": "17.95300", "2012-06-30": "13.97800", "2012-03-31": "9.00300", "2011-12-31": "2.89700", "2011-09-30": "6.02500", "2011-06-30": "0.80700", "2011-03-31": "-10.80400", "2010-12-31": "5.49600", "2010-09-30": "9.63000", "2010-06-30": "10.52700", "2010-03-31": "1.92400", "2009-12-31": "4.68400", "2009-09-30": "10.42200", "2009-06-30": "11.92000", "2009-03-31": "7.03000", "2008-12-31": "11.25900", "2008-09-30": "15.64500", "2008-06-30": "7.83000", "2008-03-31": "3.24600", "2007-12-31": "22.45900", "2007-09-30": "34.53800", "2007-06-30": "37.52500", "2007-03-31": "36.56000", "2006-12-31": "40.91700", "2006-09-30": "66.09500", "2006-06-30": "59.09200", "2006-03-31": "43.76700", "2005-12-31": "38.98700", "2005-09-30": "43.32200", "2005-06-30": "34.90800", "2005-03-31": "27.48800"}, "Income From Discontinued Operations": {"2020-12-31": "", "2020-09-30": "6.16300", "2020-06-30": "", "2020-03-31": "", "2019-12-31": "-158.10600", "2019-09-30": "-3.27100", "2019-06-30": "", "2019-03-31": "", "2018-12-31": "", "2018-09-30": "", "2018-06-30": "", "2018-03-31": "", "2017-12-31": "", "2017-09-30": "", "2017-06-30": "", "2017-03-31": "", "2016-12-31": "", "2016-09-30": "", "2016-06-30": "", "2016-03-31": "", "2015-12-31": "", "2015-09-30": "", "2015-06-30": "", "2015-03-31": "", "2014-12-31": "", "2014-09-30": "", "2014-06-30": "", "2014-03-31": "", "2013-12-31": "", "2013-09-30": "", "2013-06-30": "", "2013-03-31": "", "2012-12-31": "", "2012-09-30": "", "2012-06-30": "", "2012-03-31": "", "2011-12-31": "", "2011-09-30": "", "2011-06-30": "", "2011-03-31": "", "2010-12-31": "", "2010-09-30": "", "2010-06-30": "", "2010-03-31": "", "2009-12-31": "", "2009-09-30": "", "2009-06-30": "", "2009-03-31": "", "2008-12-31": "", "2008-09-30": "", "2008-06-30": "", "2008-03-31": "", "2007-12-31": "", "2007-09-30": "", "2007-06-30": "", "2007-03-31": "", "2006-12-31": "", "2006-09-30": "", "2006-06-30": "", "2006-03-31": "", "2005-12-31": "", "2005-09-30": "", "2005-06-30": "", "2005-03-31": ""}, "Net Income": {"2020-12-31": "81.19300", "2020-09-30": "96.03400", "2020-06-30": "96.20600", "2020-03-31": "72.42900", "2019-12-31": "-114.63200", "2019-09-30": "71.79300", "2019-06-30": "41.30400", "2019-03-31": "-127.79700", "2018-12-31": "57.71500", "2018-09-30": "72.60300", "2018-06-30": "66.33900", "2018-03-31": "37.00800", "2017-12-31": "101.38000", "2017-09-30": "63.36200", "2017-06-30": "54.88200", "2017-03-31": "36.25100", "2016-12-31": "56.38700", "2016-09-30": "60.23700", "2016-06-30": "45.34400", "2016-03-31": "39.16300", "2015-12-31": "45.84800", "2015-09-30": "29.81900", "2015-06-30": "37.76200", "2015-03-31": "46.79400", "2014-12-31": "52.03000", "2014-09-30": "50.31900", "2014-06-30": "37.71000", "2014-03-31": "22.61800", "2013-12-31": "31.62100", "2013-09-30": "39.90300", "2013-06-30": "30.10100", "2013-03-31": "7.83300", "2012-12-31": "17.98000", "2012-09-30": "17.95300", "2012-06-30": "13.97800", "2012-03-31": "9.00300", "2011-12-31": "2.89700", "2011-09-30": "6.02500", "2011-06-30": "0.80700", "2011-03-31": "-10.80400", "2010-12-31": "5.49600", "2010-09-30": "9.63000", "2010-06-30": "10.52700", "2010-03-31": "1.92400", "2009-12-31": "4.68400", "2009-09-30": "10.42200", "2009-06-30": "11.92000", "2009-03-31": "7.03000", "2008-12-31": "11.25900", "2008-09-30": "15.64500", "2008-06-30": "7.83000", "2008-03-31": "3.24600", "2007-12-31": "22.45900", "2007-09-30": "34.53800", "2007-06-30": "37.52500", "2007-03-31": "36.56000", "2006-12-31": "40.91700", "2006-09-30": "66.09500", "2006-06-30": "59.09200", "2006-03-31": "43.76700", "2005-12-31": "38.98700", "2005-09-30": "43.32200", "2005-06-30": "34.90800", "2005-03-31": "27.48800"}, "EBITDA": {"2020-12-31": "146.51200", "2020-09-30": "154.48900", "2020-06-30": "174.76900", "2020-03-31": "73.96900", "2019-12-31": "119.44200", "2019-09-30": "136.87700", "2019-06-30": "91.66700", "2019-03-31": "87.55290", "2018-12-31": "110.30500", "2018-09-30": "130.93600", "2018-06-30": "121.50300", "2018-03-31": "114.07600", "2017-12-31": "86.69100", "2017-09-30": "139.01500", "2017-06-30": "115.20300", "2017-03-31": "79.12900", "2016-12-31": "121.69800", "2016-09-30": "117.41500", "2016-06-30": "94.04000", "2016-03-31": "68.30300", "2015-12-31": "105.72200", "2015-09-30": "71.95200", "2015-06-30": "84.63500", "2015-03-31": "59.09200", "2014-12-31": "101.65500", "2014-09-30": "96.05200", "2014-06-30": "84.17000", "2014-03-31": "46.51900", "2013-12-31": "70.99900", "2013-09-30": "80.88600", "2013-06-30": "71.70300", "2013-03-31": "32.56610", "2012-12-31": "45.47300", "2012-09-30": "42.39000", "2012-06-30": "36.34000", "2012-03-31": "37.80100", "2011-12-31": "19.46400", "2011-09-30": "24.65900", "2011-06-30": "17.94400", "2011-03-31": "0.81600", "2010-12-31": "23.41300", "2010-09-30": "25.85800", "2010-06-30": "32.40700", "2010-03-31": "55.46300", "2009-12-31": "18.05300", "2009-09-30": "28.11200", "2009-06-30": "28.34400", "2009-03-31": "72.60700", "2008-12-31": "28.27900", "2008-09-30": "34.59100", "2008-06-30": "23.75900", "2008-03-31": "51.79100", "2007-12-31": "38.95000", "2007-09-30": "55.75100", "2007-06-30": "63.81600", "2007-03-31": "57.68600", "2006-12-31": "64.64700", "2006-09-30": "99.20100", "2006-06-30": "95.45800", "2006-03-31": "69.74910", "2005-12-31": "64.02300", "2005-09-30": "69.79100", "2005-06-30": "55.52600", "2005-03-31": "43.86300"}, "EBIT": {"2020-12-31": "114.43200", "2020-09-30": "122.22700", "2020-06-30": "142.83200", "2020-03-31": "45.39500", "2019-12-31": "90.83100", "2019-09-30": "108.50400", "2019-06-30": "63.70700", "2019-03-31": "56.97890", "2018-12-31": "80.52000", "2018-09-30": "98.61000", "2018-06-30": "91.65300", "2018-03-31": "87.96400", "2017-12-31": "58.04100", "2017-09-30": "108.70900", "2017-06-30": "86.25600", "2017-03-31": "55.23200", "2016-12-31": "99.05300", "2016-09-30": "95.02900", "2016-06-30": "71.17700", "2016-03-31": "45.44300", "2015-12-31": "80.51100", "2015-09-30": "47.18200", "2015-06-30": "60.37100", "2015-03-31": "37.34500", "2014-12-31": "81.96700", "2014-09-30": "78.47800", "2014-06-30": "66.88000", "2014-03-31": "28.81300", "2013-12-31": "53.30800", "2013-09-30": "63.48300", "2013-06-30": "54.48200", "2013-03-31": "15.49610", "2012-12-31": "31.13700", "2012-09-30": "29.60700", "2012-06-30": "23.67900", "2012-03-31": "25.03100", "2011-12-31": "6.79300", "2011-09-30": "12.29600", "2011-06-30": "5.62400", "2011-03-31": "-11.43000", "2010-12-31": "11.28600", "2010-09-30": "13.46900", "2010-06-30": "19.95700", "2010-03-31": "42.93600", "2009-12-31": "5.25200", "2009-09-30": "15.47800", "2009-06-30": "15.52500", "2009-03-31": "59.90800", "2008-12-31": "15.54000", "2008-09-30": "21.51900", "2008-06-30": "11.03700", "2008-03-31": "39.29510", "2007-12-31": "28.03100", "2007-09-30": "44.99800", "2007-06-30": "53.13400", "2007-03-31": "47.32700", "2006-12-31": "54.79600", "2006-09-30": "89.30700", "2006-06-30": "85.52200", "2006-03-31": "59.96510", "2005-12-31": "54.19400", "2005-09-30": "60.34000", "2005-06-30": "45.99100", "2005-03-31": "34.37900"}, "Basic Shares Outstanding": {"2020-12-31": "41.49400", "2020-09-30": "41.45000", "2020-06-30": "41.41100", "2020-03-31": "42.02200", "2019-12-31": "41.31400", "2019-09-30": "41.57200", "2019-06-30": "43.87000", "2019-03-31": "46.62100", "2018-12-31": "46.27500", "2018-09-30": "47.22000", "2018-06-30": "47.69000", "2018-03-31": "48.14100", "2017-12-31": "48.22100", "2017-09-30": "48.05400", "2017-06-30": "48.12200", "2017-03-31": "47.93200", "2016-12-31": "47.88200", "2016-09-30": "47.80900", "2016-06-30": "48.01400", "2016-03-31": "49.47100", "2015-12-31": "49.18800", "2015-09-30": "49.82800", "2015-06-30": "49.76700", "2015-03-31": "49.60400", "2014-12-31": "49.65500", "2014-09-30": "49.59100", "2014-06-30": "49.50200", "2014-03-31": "49.09100", "2013-12-31": "49.29400", "2013-09-30": "49.01200", "2013-06-30": "48.95600", "2013-03-31": "46.62300", "2012-12-31": "48.33100", "2012-09-30": "44.74600", "2012-06-30": "44.67000", "2012-03-31": "44.22500", "2011-12-31": "44.21200", "2011-09-30": "44.20000", "2011-06-30": "44.18000", "2011-03-31": "43.89200", "2010-12-31": "43.88800", "2010-09-30": "43.85500", "2010-06-30": "43.83200", "2010-03-31": "43.68500", "2009-12-31": "43.75300", "2009-09-30": "43.63000", "2009-06-30": "43.58200", "2009-03-31": "43.48700", "2008-12-31": "43.51800", "2008-09-30": "43.48000", "2008-06-30": "43.42200", "2008-03-31": "45.55700", "2007-12-31": "44.01900", "2007-09-30": "46.73000", "2007-06-30": "47.95100", "2007-03-31": "49.09000", "2006-12-31": "48.35500", "2006-09-30": "49.58400", "2006-06-30": "50.33500", "2006-03-31": "52.59900", "2005-12-31": "52.55700", "2005-09-30": "53.24700", "2005-06-30": "54.31600", "2005-03-31": "55.24100"}, "Shares Outstanding": {"2020-12-31": "41.83500", "2020-09-30": "41.64900", "2020-06-30": "41.56300", "2020-03-31": "42.28500", "2019-12-31": "41.61500", "2019-09-30": "41.83400", "2019-06-30": "44.15000", "2019-03-31": "46.93200", "2018-12-31": "46.49600", "2018-09-30": "47.56400", "2018-06-30": "48.14400", "2018-03-31": "48.64600", "2017-12-31": "48.75800", "2017-09-30": "48.50500", "2017-06-30": "48.65600", "2017-03-31": "48.36100", "2016-12-31": "48.29800", "2016-09-30": "48.22900", "2016-06-30": "48.52200", "2016-03-31": "50.07100", "2015-12-31": "49.77000", "2015-09-30": "50.47000", "2015-06-30": "50.45100", "2015-03-31": "50.37200", "2014-12-31": "50.41100", "2014-09-30": "50.42700", "2014-06-30": "50.28700", "2014-03-31": "49.93900", "2013-12-31": "50.16300", "2013-09-30": "49.86000", "2013-06-30": "49.81000", "2013-03-31": "47.34000", "2012-12-31": "49.25000", "2012-09-30": "45.35400", "2012-06-30": "45.07900", "2012-03-31": "44.51600", "2011-12-31": "44.39600", "2011-09-30": "44.32500", "2011-06-30": "44.70900", "2011-03-31": "44.25100", "2010-12-31": "44.19900", "2010-09-30": "44.16900", "2010-06-30": "44.22300", "2010-03-31": "44.03800", "2009-12-31": "44.09300", "2009-09-30": "44.01200", "2009-06-30": "43.99600", "2009-03-31": "43.87900", "2008-12-31": "43.82700", "2008-09-30": "43.83500", "2008-06-30": "43.88500", "2008-03-31": "46.14500", "2007-12-31": "44.59600", "2007-09-30": "47.33700", "2007-06-30": "48.59500", "2007-03-31": "49.78700", "2006-12-31": "49.01100", "2006-09-30": "50.22200", "2006-06-30": "51.15700", "2006-03-31": "53.33000", "2005-12-31": "53.23800", "2005-09-30": "54.00600", "2005-06-30": "54.96500", "2005-03-31": "55.88300"}, "Basic EPS": {"2020-12-31": "1.96000", "2020-09-30": "2.32000", "2020-06-30": "2.32000", "2020-03-31": "1.79000", "2019-12-31": "-2.77000", "2019-09-30": "1.73000", "2019-06-30": "0.94000", "2019-03-31": "-2.70000", "2018-12-31": "1.25000", "2018-09-30": "1.54000", "2018-06-30": "1.39000", "2018-03-31": "0.77000", "2017-12-31": "2.10000", "2017-09-30": "1.32000", "2017-06-30": "1.14000", "2017-03-31": "0.76000", "2016-12-31": "1.18000", "2016-09-30": "1.26000", "2016-06-30": "0.94000", "2016-03-31": "0.79000", "2015-12-31": "0.93000", "2015-09-30": "0.60000", "2015-06-30": "0.76000", "2015-03-31": "0.95000", "2014-12-31": "1.05000", "2014-09-30": "1.01000", "2014-06-30": "0.76000", "2014-03-31": "0.47000", "2013-12-31": "0.64000", "2013-09-30": "0.81000", "2013-06-30": "0.61000", "2013-03-31": "0.16000", "2012-12-31": "0.37000", "2012-09-30": "0.40000", "2012-06-30": "0.31000", "2012-03-31": "0.19000", "2011-12-31": "0.07000", "2011-09-30": "0.14000", "2011-06-30": "0.02000", "2011-03-31": "-0.25000", "2010-12-31": "0.13000", "2010-09-30": "0.22000", "2010-06-30": "0.24000", "2010-03-31": "0.04000", "2009-12-31": "0.11000", "2009-09-30": "0.24000", "2009-06-30": "0.27000", "2009-03-31": "0.16000", "2008-12-31": "0.26000", "2008-09-30": "0.36000", "2008-06-30": "0.18000", "2008-03-31": "0.12000", "2007-12-31": "0.51000", "2007-09-30": "0.74000", "2007-06-30": "0.78000", "2007-03-31": "0.78000", "2006-12-31": "0.85000", "2006-09-30": "1.33000", "2006-06-30": "1.17000", "2006-03-31": "0.87000", "2005-12-31": "0.74000", "2005-09-30": "0.81000", "2005-06-30": "0.64000", "2005-03-31": "0.81000"}, "EPS - Earnings Per Share": {"2020-12-31": "1.94000", "2020-09-30": "2.31000", "2020-06-30": "2.31000", "2020-03-31": "1.78000", "2019-12-31": "-2.76000", "2019-09-30": "1.72000", "2019-06-30": "0.94000", "2019-03-31": "-2.68000", "2018-12-31": "1.24000", "2018-09-30": "1.53000", "2018-06-30": "1.38000", "2018-03-31": "0.76000", "2017-12-31": "2.08000", "2017-09-30": "1.31000", "2017-06-30": "1.13000", "2017-03-31": "0.75000", "2016-12-31": "1.17000", "2016-09-30": "1.25000", "2016-06-30": "0.93000", "2016-03-31": "0.79000", "2015-12-31": "0.92000", "2015-09-30": "0.59000", "2015-06-30": "0.75000", "2015-03-31": "0.93000", "2014-12-31": "1.03000", "2014-09-30": "1.00000", "2014-06-30": "0.75000", "2014-03-31": "0.46000", "2013-12-31": "0.63000", "2013-09-30": "0.80000", "2013-06-30": "0.60000", "2013-03-31": "0.14000", "2012-12-31": "0.37000", "2012-09-30": "0.40000", "2012-06-30": "0.31000", "2012-03-31": "0.19000", "2011-12-31": "0.07000", "2011-09-30": "0.14000", "2011-06-30": "0.02000", "2011-03-31": "-0.24000", "2010-12-31": "0.12000", "2010-09-30": "0.22000", "2010-06-30": "0.24000", "2010-03-31": "0.04000", "2009-12-31": "0.11000", "2009-09-30": "0.24000", "2009-06-30": "0.27000", "2009-03-31": "0.15000", "2008-12-31": "0.26000", "2008-09-30": "0.36000", "2008-06-30": "0.18000", "2008-03-31": "0.12000", "2007-12-31": "0.50000", "2007-09-30": "0.73000", "2007-06-30": "0.77000", "2007-03-31": "0.76000", "2006-12-31": "0.83000", "2006-09-30": "1.32000", "2006-06-30": "1.16000", "2006-03-31": "0.85000", "2005-12-31": "0.73000", "2005-09-30": "0.80000", "2005-06-30": "0.64000", "2005-03-31": "0.80330"}}, "balance sheet": {"Cash On Hand": {"2020-03-31": "118.64800", "2019-03-31": "8.60100", "2018-03-31": "48.06800", "2017-03-31": "6.56100", "2016-03-31": "5.39100", "2015-03-31": "7.51400", "2014-03-31": "6.48200", "2013-03-31": "3.89700", "2012-03-31": "6.48100", "2011-03-31": "1.87400", "2010-03-31": "1.41600", "2009-03-31": "17.79800", "2008-03-31": "18.96000", "2007-03-31": "17.21500", "2006-03-31": "54.76600", "2005-03-31": "7.22100"}, "Receivables": {"2020-03-31": "280.19900", "2019-03-31": "134.20200", "2018-03-31": "147.43500", "2017-03-31": "136.31300", "2016-03-31": "125.84400", "2015-03-31": "113.57700", "2014-03-31": "102.91700", "2013-03-31": "89.98600", "2012-03-31": "57.33000", "2011-03-31": "52.94300", "2010-03-31": "49.72100", "2009-03-31": "44.26100", "2008-03-31": "62.94900", "2007-03-31": "77.48600", "2006-03-31": "93.44600", "2005-03-31": "70.95200"}, "Inventory": {"2020-03-31": "272.50800", "2019-03-31": "275.19400", "2018-03-31": "258.15900", "2017-03-31": "252.84600", "2016-03-31": "243.59500", "2015-03-31": "235.46400", "2014-03-31": "187.09600", "2013-03-31": "156.38000", "2012-03-31": "123.60600", "2011-03-31": "115.23700", "2010-03-31": "105.87100", "2009-03-31": "107.06300", "2008-03-31": "98.71700", "2007-03-31": "78.90800", "2006-03-31": "67.79900", "2005-03-31": "63.48200"}, "Pre-Paid Expenses": {"2020-03-31": "6.86200", "2019-03-31": "9.62400", "2018-03-31": "5.07300", "2017-03-31": "4.90400", "2016-03-31": "5.17300", "2015-03-31": "7.81500", "2014-03-31": "10.46500", "2013-03-31": "11.00800", "2012-03-31": "4.42400", "2011-03-31": "4.57200", "2010-03-31": "4.26600", "2009-03-31": "6.16100", "2008-03-31": "8.48000", "2007-03-31": "", "2006-03-31": "", "2005-03-31": ""}, "Other Current Assets": {"2020-03-31": "", "2019-03-31": "", "2018-03-31": "", "2017-03-31": "", "2016-03-31": "", "2015-03-31": "", "2014-03-31": "", "2013-03-31": "", "2012-03-31": "", "2011-03-31": "", "2010-03-31": "", "2009-03-31": "", "2008-03-31": "", "2007-03-31": "", "2006-03-31": "", "2005-03-31": ""}, "Total Current Assets": {"2020-03-31": "678.21700", "2019-03-31": "427.62100", "2018-03-31": "458.73500", "2017-03-31": "400.62400", "2016-03-31": "380.00300", "2015-03-31": "364.37000", "2014-03-31": "306.96000", "2013-03-31": "261.27100", "2012-03-31": "191.84100", "2011-03-31": "174.62600", "2010-03-31": "161.27400", "2009-03-31": "175.28300", "2008-03-31": "189.10600", "2007-03-31": "173.60900", "2006-03-31": "216.01100", "2005-03-31": "141.65500"}, "Property, Plant, And Equipment": {"2020-03-31": "1762.10900", "2019-03-31": "1426.93900", "2018-03-31": "1595.29900", "2017-03-31": "1546.83700", "2016-03-31": "1255.31100", "2015-03-31": "1221.81900", "2014-03-31": "984.05100", "2013-03-31": "985.72400", "2012-03-31": "580.50800", "2011-03-31": "602.83000", "2010-03-31": "632.46900", "2009-03-31": "668.92800", "2008-03-31": "705.55600", "2007-03-31": "653.18000", "2006-03-31": "557.56200", "2005-03-31": "524.35900"}, "Long-Term Investments": {"2020-03-31": "73.95800", "2019-03-31": "64.87300", "2018-03-31": "60.55800", "2017-03-31": "48.62000", "2016-03-31": "49.46500", "2015-03-31": "47.61400", "2014-03-31": "43.00800", "2013-03-31": "42.94600", "2012-03-31": "38.93900", "2011-03-31": "33.66100", "2010-03-31": "33.92800", "2009-03-31": "39.52100", "2008-03-31": "40.09500", "2007-03-31": "43.86200", "2006-03-31": "27.84700", "2005-03-31": "28.18100"}, "Goodwill And Intangible Assets": {"2020-03-31": "396.46300", "2019-03-31": "229.11500", "2018-03-31": "239.34200", "2017-03-31": "235.50500", "2016-03-31": "165.82700", "2015-03-31": "211.16700", "2014-03-31": "160.69000", "2013-03-31": "162.40000", "2012-03-31": "150.90200", "2011-03-31": "151.53900", "2010-03-31": "152.17500", "2009-03-31": "152.81200", "2008-03-31": "153.44900", "2007-03-31": "70.21800", "2006-03-31": "67.85400", "2005-03-31": "66.96000"}, "Other Long-Term Assets": {"2020-03-31": "10.60400", "2019-03-31": "17.71700", "2018-03-31": "13.95400", "2017-03-31": "14.72300", "2016-03-31": "30.35700", "2015-03-31": "32.50900", "2014-03-31": "13.75700", "2013-03-31": "19.99900", "2012-03-31": "19.51900", "2011-03-31": "17.82800", "2010-03-31": "23.34400", "2009-03-31": "23.82300", "2008-03-31": "22.22900", "2007-03-31": "22.27100", "2006-03-31": "19.02700", "2005-03-31": "18.84600"}, "Total Long-Term Assets": {"2020-03-31": "2282.80300", "2019-03-31": "1741.54200", "2018-03-31": "1909.26800", "2017-03-31": "1846.50000", "2016-03-31": "1503.63200", "2015-03-31": "1515.95600", "2014-03-31": "1204.56900", "2013-03-31": "1214.96200", "2012-03-31": "793.30400", "2011-03-31": "811.18400", "2010-03-31": "852.50200", "2009-03-31": "891.38500", "2008-03-31": "928.61500", "2007-03-31": "797.80100", "2006-03-31": "672.90500", "2005-03-31": "638.34610"}, "Total Assets": {"2020-03-31": "2961.02000", "2019-03-31": "2169.16300", "2018-03-31": "2368.00300", "2017-03-31": "2247.12400", "2016-03-31": "1883.63500", "2015-03-31": "1880.32600", "2014-03-31": "1511.52900", "2013-03-31": "1476.23300", "2012-03-31": "985.14500", "2011-03-31": "985.81000", "2010-03-31": "1013.77600", "2009-03-31": "1066.66800", "2008-03-31": "1117.72100", "2007-03-31": "971.41000", "2006-03-31": "888.91600", "2005-03-31": "780.00100"}, "Total Current Liabilities": {"2020-03-31": "169.69700", "2019-03-31": "179.33300", "2018-03-31": "179.32900", "2017-03-31": "229.51900", "2016-03-31": "120.58900", "2015-03-31": "184.57600", "2014-03-31": "108.82000", "2013-03-31": "100.22900", "2012-03-31": "77.04300", "2011-03-31": "69.52600", "2010-03-31": "71.88400", "2009-03-31": "64.24900", "2008-03-31": "105.17100", "2007-03-31": "108.02400", "2006-03-31": "104.69900", "2005-03-31": "121.86900"}, "Long Term Debt": {"2020-03-31": "1567.31500", "2019-03-31": "655.09200", "2018-03-31": "620.92200", "2017-03-31": "605.25300", "2016-03-31": "499.71400", "2015-03-31": "455.71400", "2014-03-31": "371.75900", "2013-03-31": "489.25900", "2012-03-31": "262.25900", "2011-03-31": "287.00000", "2010-03-31": "303.00000", "2009-03-31": "355.00000", "2008-03-31": "400.00000", "2007-03-31": "200.00000", "2006-03-31": "200.00000", "2005-03-31": "54.00000"}, "Other Non-Current Liabilities": {"2020-03-31": "39.68900", "2019-03-31": "34.49200", "2018-03-31": "31.09600", "2017-03-31": "42.87800", "2016-03-31": "61.12200", "2015-03-31": "69.05500", "2014-03-31": "53.67800", "2013-03-31": "51.54700", "2012-03-31": "39.46700", "2011-03-31": "38.63100", "2010-03-31": "67.94600", "2009-03-31": "97.10400", "2008-03-31": "86.44700", "2007-03-31": "", "2006-03-31": "", "2005-03-31": ""}, "Total Long Term Liabilities": {"2020-03-31": "1823.48000", "2019-03-31": "780.34300", "2018-03-31": "770.98400", "2017-03-31": "814.15500", "2016-03-31": "722.51500", "2015-03-31": "685.15700", "2014-03-31": "571.21000", "2013-03-31": "679.83400", "2012-03-31": "435.59100", "2011-03-31": "454.77000", "2010-03-31": "490.24500", "2009-03-31": "574.59200", "2008-03-31": "606.86300", "2007-03-31": "317.34000", "2006-03-31": "319.47900", "2005-03-31": "172.76400"}, "Total Liabilities": {"2020-03-31": "1993.17700", "2019-03-31": "959.67600", "2018-03-31": "950.31300", "2017-03-31": "1043.67400", "2016-03-31": "843.10400", "2015-03-31": "869.73300", "2014-03-31": "680.03000", "2013-03-31": "780.06300", "2012-03-31": "512.63400", "2011-03-31": "524.29600", "2010-03-31": "562.12900", "2009-03-31": "638.84100", "2008-03-31": "712.03400", "2007-03-31": "425.36400", "2006-03-31": "424.17800", "2005-03-31": "294.63300"}, "Common Stock Net": {"2020-03-31": "0.41600", "2019-03-31": "0.45100", "2018-03-31": "0.48300", "2017-03-31": "0.48500", "2016-03-31": "0.48500", "2015-03-31": "0.50200", "2014-03-31": "0.50100", "2013-03-31": "0.49500", "2012-03-31": "0.45300", "2011-03-31": "0.44400", "2010-03-31": "0.43800", "2009-03-31": "0.43600", "2008-03-31": "0.43400", "2007-03-31": "0.47900", "2006-03-31": "0.50300", "2005-03-31": "0.54700"}, "Retained Earnings (Accumulated Deficit)": {"2020-03-31": "960.06500", "2019-03-31": "1212.35200", "2018-03-31": "1298.84000", "2017-03-31": "1061.34700", "2016-03-31": "882.48600", "2015-03-31": "749.71700", "2014-03-31": "582.95700", "2013-03-31": "478.66400", "2012-03-31": "439.88200", "2011-03-31": "439.10400", "2010-03-31": "440.00400", "2009-03-31": "422.26500", "2008-03-31": "406.62100", "2007-03-31": "546.41700", "2006-03-31": "465.63900", "2005-03-31": "486.66300"}, "Comprehensive Income": {"2020-03-31": "-3.58100", "2019-03-31": "-3.31600", "2018-03-31": "-4.01200", "2017-03-31": "-7.39600", "2016-03-31": "-11.40900", "2015-03-31": "-12.06700", "2014-03-31": "-5.48300", "2013-03-31": "-7.04200", "2012-03-31": "-5.51600", "2011-03-31": "-2.89300", "2010-03-31": "-3.51800", "2009-03-31": "-6.04000", "2008-03-31": "-1.36800", "2007-03-31": "-0.85000", "2006-03-31": "-1.40400", "2005-03-31": "-1.84200"}, "Other Share Holders Equity": {"2020-03-31": "", "2019-03-31": "", "2018-03-31": "", "2017-03-31": "", "2016-03-31": "", "2015-03-31": "", "2014-03-31": "", "2013-03-31": "", "2012-03-31": "", "2011-03-31": "", "2010-03-31": "", "2009-03-31": "", "2008-03-31": "", "2007-03-31": "", "2006-03-31": "", "2005-03-31": ""}, "Share Holder Equity": {"2020-03-31": "967.84300", "2019-03-31": "1209.48700", "2018-03-31": "1417.69000", "2017-03-31": "1203.45000", "2016-03-31": "1040.53100", "2015-03-31": "1010.59300", "2014-03-31": "831.49900", "2013-03-31": "696.17000", "2012-03-31": "472.51100", "2011-03-31": "461.51400", "2010-03-31": "451.64700", "2009-03-31": "427.82700", "2008-03-31": "405.68700", "2007-03-31": "546.04600", "2006-03-31": "464.73800", "2005-03-31": "485.36800"}, "Total Liabilities And Share Holders Equity": {"2020-03-31": "2961.02000", "2019-03-31": "2169.16300", "2018-03-31": "2368.00300", "2017-03-31": "2247.12400", "2016-03-31": "1883.63500", "2015-03-31": "1880.32600", "2014-03-31": "1511.52900", "2013-03-31": "1476.23300", "2012-03-31": "985.14500", "2011-03-31": "985.81000", "2010-03-31": "1013.77600", "2009-03-31": "1066.66800", "2008-03-31": "1117.72100", "2007-03-31": "971.41000", "2006-03-31": "888.91600", "2005-03-31": "780.00100"}}, "balance sheet, quarterly": {"Cash On Hand": {"2020-12-31": "147.78400", "2020-09-30": "205.85800", "2020-06-30": "199.44100", "2020-03-31": "118.64800", "2019-12-31": "126.25500", "2019-09-30": "53.68400", "2019-06-30": "19.16200", "2019-03-31": "8.60100", "2018-12-31": "17.06000", "2018-09-30": "10.00200", "2018-06-30": "53.08700", "2018-03-31": "48.06800", "2017-12-31": "21.67600", "2017-09-30": "31.05600", "2017-06-30": "12.23300", "2017-03-31": "6.56100", "2016-12-31": "164.66500", "2016-09-30": "54.50600", "2016-06-30": "9.18000", "2016-03-31": "5.39100", "2015-12-31": "15.75600", "2015-09-30": "6.34800", "2015-06-30": "7.55100", "2015-03-31": "7.51400", "2014-12-31": "13.69700", "2014-09-30": "11.06300", "2014-06-30": "6.54100", "2014-03-31": "6.48200", "2013-12-31": "7.42400", "2013-09-30": "10.62800", "2013-06-30": "6.74400", "2013-03-31": "3.89700", "2012-12-31": "9.24700", "2012-09-30": "8.14900", "2012-06-30": "3.70700", "2012-03-31": "6.48100", "2011-12-31": "3.67900", "2011-09-30": "10.69200", "2011-06-30": "3.47800", "2011-03-31": "1.87400", "2010-12-31": "4.05300", "2010-09-30": "8.00100", "2010-06-30": "2.99700", "2010-03-31": "1.41600", "2009-12-31": "22.44200", "2009-09-30": "4.41100", "2009-06-30": "1.03900", "2009-03-31": "17.79800", "2008-12-31": "47.82400", "2008-09-30": "17.01800", "2008-06-30": "14.51900", "2008-03-31": "18.96000", "2007-12-31": "65.82000", "2007-09-30": "20.96500", "2007-06-30": "23.46300", "2007-03-31": "17.21500", "2006-12-31": "61.79700", "2006-09-30": "76.31700", "2006-06-30": "97.23300", "2006-03-31": "54.76600", "2005-12-31": "60.17400", "2005-09-30": "11.04500", "2005-06-30": "14.57800", "2005-03-31": "7.22100"}, "Receivables": {"2020-12-31": "144.36700", "2020-09-30": "205.80900", "2020-06-30": "318.27300", "2020-03-31": "274.22100", "2019-12-31": "140.28300", "2019-09-30": "182.68900", "2019-06-30": "174.27900", "2019-03-31": "134.20200", "2018-12-31": "134.18700", "2018-09-30": "180.47400", "2018-06-30": "191.39800", "2018-03-31": "147.43500", "2017-12-31": "143.66200", "2017-09-30": "169.12500", "2017-06-30": "175.00200", "2017-03-31": "136.31300", "2016-12-31": "115.27800", "2016-09-30": "156.28700", "2016-06-30": "142.29800", "2016-03-31": "125.84400", "2015-12-31": "109.17800", "2015-09-30": "154.95900", "2015-06-30": "135.69600", "2015-03-31": "113.57700", "2014-12-31": "136.82300", "2014-09-30": "132.82300", "2014-06-30": "134.10800", "2014-03-31": "102.91700", "2013-12-31": "96.35700", "2013-09-30": "119.74800", "2013-06-30": "117.83400", "2013-03-31": "89.98600", "2012-12-31": "86.58800", "2012-09-30": "74.06600", "2012-06-30": "73.30400", "2012-03-31": "57.33000", "2011-12-31": "63.60000", "2011-09-30": "71.13500", "2011-06-30": "59.56600", "2011-03-31": "52.94300", "2010-12-31": "42.25400", "2010-09-30": "57.11800", "2010-06-30": "53.57400", "2010-03-31": "49.72100", "2009-12-31": "38.26200", "2009-09-30": "58.91200", "2009-06-30": "56.89200", "2009-03-31": "44.26100", "2008-12-31": "50.61400", "2008-09-30": "72.68200", "2008-06-30": "72.35000", "2008-03-31": "62.94900", "2007-12-31": "53.21700", "2007-09-30": "76.86100", "2007-06-30": "84.67300", "2007-03-31": "77.48600", "2006-12-31": "69.36300", "2006-09-30": "97.56300", "2006-06-30": "105.78500", "2006-03-31": "93.44600", "2005-12-31": "80.23100", "2005-09-30": "92.05300", "2005-06-30": "85.86500", "2005-03-31": "70.95200"}, "Inventory": {"2020-12-31": "228.66700", "2020-09-30": "227.10600", "2020-06-30": "243.12500", "2020-03-31": "272.12100", "2019-12-31": "234.26400", "2019-09-30": "241.59900", "2019-06-30": "263.61200", "2019-03-31": "275.19400", "2018-12-31": "251.26000", "2018-09-30": "238.86900", "2018-06-30": "241.00000", "2018-03-31": "258.15900", "2017-12-31": "239.62800", "2017-09-30": "239.18900", "2017-06-30": "244.88600", "2017-03-31": "252.84600", "2016-12-31": "222.78300", "2016-09-30": "217.58200", "2016-06-30": "240.99900", "2016-03-31": "243.59500", "2015-12-31": "232.44700", "2015-09-30": "224.66700", "2015-06-30": "234.74100", "2015-03-31": "235.46400", "2014-12-31": "207.04300", "2014-09-30": "190.71100", "2014-06-30": "182.47000", "2014-03-31": "187.09600", "2013-12-31": "173.87100", "2013-09-30": "162.09400", "2013-06-30": "164.19700", "2013-03-31": "156.38000", "2012-12-31": "134.47300", "2012-09-30": "109.00400", "2012-06-30": "114.44100", "2012-03-31": "123.60600", "2011-12-31": "113.61300", "2011-09-30": "108.15600", "2011-06-30": "114.12400", "2011-03-31": "115.23700", "2010-12-31": "111.01200", "2010-09-30": "102.95200", "2010-06-30": "106.50500", "2010-03-31": "105.87100", "2009-12-31": "99.51500", "2009-09-30": "95.18000", "2009-06-30": "104.38300", "2009-03-31": "107.06300", "2008-12-31": "102.24600", "2008-09-30": "103.17300", "2008-06-30": "103.97200", "2008-03-31": "98.71700", "2007-12-31": "85.99800", "2007-09-30": "81.27300", "2007-06-30": "81.71800", "2007-03-31": "78.90800", "2006-12-31": "66.66300", "2006-09-30": "67.64100", "2006-06-30": "67.40100", "2006-03-31": "67.79900", "2005-12-31": "67.11100", "2005-09-30": "60.92700", "2005-06-30": "55.98100", "2005-03-31": "63.48200"}, "Pre-Paid Expenses": {"2020-12-31": "7.74000", "2020-09-30": "9.63400", "2020-06-30": "10.75400", "2020-03-31": "6.13500", "2019-12-31": "6.99700", "2019-09-30": "9.08300", "2019-06-30": "9.46400", "2019-03-31": "9.62400", "2018-12-31": "6.96600", "2018-09-30": "7.75100", "2018-06-30": "8.30400", "2018-03-31": "5.07300", "2017-12-31": "20.37800", "2017-09-30": "7.44000", "2017-06-30": "8.18100", "2017-03-31": "4.90400", "2016-12-31": "5.95900", "2016-09-30": "6.76100", "2016-06-30": "8.02000", "2016-03-31": "5.17300", "2015-12-31": "8.01300", "2015-09-30": "9.02600", "2015-06-30": "10.11000", "2015-03-31": "7.81500", "2014-12-31": "4.99500", "2014-09-30": "6.30900", "2014-06-30": "8.29000", "2014-03-31": "10.46500", "2013-12-31": "5.07400", "2013-09-30": "8.23500", "2013-06-30": "9.60600", "2013-03-31": "11.00800", "2012-12-31": "13.01500", "2012-09-30": "2.58800", "2012-06-30": "3.36600", "2012-03-31": "4.42400", "2011-12-31": "3.04500", "2011-09-30": "2.85600", "2011-06-30": "3.83600", "2011-03-31": "4.57200", "2010-12-31": "2.46400", "2010-09-30": "2.75800", "2010-06-30": "3.50800", "2010-03-31": "4.26600", "2009-12-31": "4.55300", "2009-09-30": "4.50700", "2009-06-30": "5.10500", "2009-03-31": "6.16100", "2008-12-31": "", "2008-09-30": "", "2008-06-30": "", "2008-03-31": "8.48000", "2007-12-31": "", "2007-09-30": "", "2007-06-30": "", "2007-03-31": "", "2006-12-31": "", "2006-09-30": "", "2006-06-30": "", "2006-03-31": "", "2005-12-31": "", "2005-09-30": "", "2005-06-30": "", "2005-03-31": ""}, "Other Current Assets": {"2020-12-31": "", "2020-09-30": "", "2020-06-30": "", "2020-03-31": "", "2019-12-31": "", "2019-09-30": "", "2019-06-30": "", "2019-03-31": "", "2018-12-31": "", "2018-09-30": "", "2018-06-30": "", "2018-03-31": "", "2017-12-31": "", "2017-09-30": "", "2017-06-30": "", "2017-03-31": "", "2016-12-31": "", "2016-09-30": "", "2016-06-30": "", "2016-03-31": "", "2015-12-31": "", "2015-09-30": "", "2015-06-30": "", "2015-03-31": "", "2014-12-31": "", "2014-09-30": "", "2014-06-30": "", "2014-03-31": "", "2013-12-31": "", "2013-09-30": "", "2013-06-30": "", "2013-03-31": "", "2012-12-31": "", "2012-09-30": "", "2012-06-30": "", "2012-03-31": "", "2011-12-31": "", "2011-09-30": "", "2011-06-30": "", "2011-03-31": "", "2010-12-31": "", "2010-09-30": "", "2010-06-30": "", "2010-03-31": "", "2009-12-31": "", "2009-09-30": "", "2009-06-30": "", "2009-03-31": "", "2008-12-31": "", "2008-09-30": "", "2008-06-30": "", "2008-03-31": "", "2007-12-31": "", "2007-09-30": "", "2007-06-30": "", "2007-03-31": "", "2006-12-31": "", "2006-09-30": "", "2006-06-30": "", "2006-03-31": "", "2005-12-31": "", "2005-09-30": "", "2005-06-30": "", "2005-03-31": ""}, "Total Current Assets": {"2020-12-31": "528.55800", "2020-09-30": "648.40700", "2020-06-30": "771.59300", "2020-03-31": "678.21700", "2019-12-31": "507.79900", "2019-09-30": "487.05500", "2019-06-30": "466.51700", "2019-03-31": "427.62100", "2018-12-31": "409.47300", "2018-09-30": "437.09600", "2018-06-30": "493.78900", "2018-03-31": "458.73500", "2017-12-31": "425.34400", "2017-09-30": "446.81000", "2017-06-30": "440.30200", "2017-03-31": "400.62400", "2016-12-31": "508.68500", "2016-09-30": "435.13600", "2016-06-30": "400.49700", "2016-03-31": "380.00300", "2015-12-31": "365.39400", "2015-09-30": "395.00000", "2015-06-30": "388.09800", "2015-03-31": "364.37000", "2014-12-31": "362.55800", "2014-09-30": "340.90600", "2014-06-30": "331.40900", "2014-03-31": "306.96000", "2013-12-31": "282.72600", "2013-09-30": "300.70500", "2013-06-30": "298.38100", "2013-03-31": "261.27100", "2012-12-31": "243.32300", "2012-09-30": "193.80700", "2012-06-30": "194.81800", "2012-03-31": "191.84100", "2011-12-31": "183.93700", "2011-09-30": "192.83900", "2011-06-30": "181.00400", "2011-03-31": "174.62600", "2010-12-31": "159.78300", "2010-09-30": "170.82900", "2010-06-30": "166.58400", "2010-03-31": "161.27400", "2009-12-31": "164.77200", "2009-09-30": "163.01000", "2009-06-30": "167.41900", "2009-03-31": "175.28300", "2008-12-31": "200.68400", "2008-09-30": "192.87300", "2008-06-30": "190.84100", "2008-03-31": "189.10600", "2007-12-31": "205.03500", "2007-09-30": "179.09900", "2007-06-30": "189.85400", "2007-03-31": "173.60900", "2006-12-31": "197.82300", "2006-09-30": "241.52100", "2006-06-30": "270.41900", "2006-03-31": "216.01100", "2005-12-31": "207.51600", "2005-09-30": "164.02500", "2005-06-30": "156.42400", "2005-03-31": "141.65500"}, "Property, Plant, And Equipment": {"2020-12-31": "1680.64600", "2020-09-30": "1706.20000", "2020-06-30": "1726.36300", "2020-03-31": "1756.41700", "2019-12-31": "1269.73300", "2019-09-30": "1456.05900", "2019-06-30": "1424.70300", "2019-03-31": "1426.93900", "2018-12-31": "1627.15200", "2018-09-30": "1624.73800", "2018-06-30": "1617.53500", "2018-03-31": "1595.29900", "2017-12-31": "1574.72400", "2017-09-30": "1568.40300", "2017-06-30": "1535.06800", "2017-03-31": "1546.83700", "2016-12-31": "1227.83600", "2016-09-30": "1234.35100", "2016-06-30": "1246.35000", "2016-03-31": "1255.31100", "2015-12-31": "1266.25100", "2015-09-30": "1262.23200", "2015-06-30": "1228.99200", "2015-03-31": "1221.81900", "2014-12-31": "1204.82600", "2014-09-30": "990.18400", "2014-06-30": "990.59700", "2014-03-31": "984.05100", "2013-12-31": "984.40400", "2013-09-30": "990.10200", "2013-06-30": "989.89100", "2013-03-31": "985.72400", "2012-12-31": "983.07200", "2012-09-30": "564.30200", "2012-06-30": "572.84400", "2012-03-31": "580.50800", "2011-12-31": "589.97700", "2011-09-30": "586.83800", "2011-06-30": "595.20300", "2011-03-31": "602.83000", "2010-12-31": "607.72400", "2010-09-30": "613.42800", "2010-06-30": "623.41800", "2010-03-31": "632.46900", "2009-12-31": "644.57400", "2009-09-30": "654.80900", "2009-06-30": "659.98700", "2009-03-31": "668.92800", "2008-12-31": "679.31200", "2008-09-30": "690.02100", "2008-06-30": "700.81700", "2008-03-31": "705.55600", "2007-12-31": "696.77500", "2007-09-30": "694.24300", "2007-06-30": "673.91500", "2007-03-31": "653.18000", "2006-12-31": "628.97500", "2006-09-30": "602.68200", "2006-06-30": "586.83200", "2006-03-31": "557.56200", "2005-12-31": "546.52100", "2005-09-30": "543.70400", "2005-06-30": "531.31100", "2005-03-31": "524.35900"}, "Long-Term Investments": {"2020-12-31": "74.91400", "2020-09-30": "74.33100", "2020-06-30": "72.25400", "2020-03-31": "73.95800", "2019-12-31": "71.86200", "2019-09-30": "71.66200", "2019-06-30": "71.30500", "2019-03-31": "64.87300", "2018-12-31": "61.98800", "2018-09-30": "60.48200", "2018-06-30": "60.30900", "2018-03-31": "60.55800", "2017-12-31": "55.33700", "2017-09-30": "52.96000", "2017-06-30": "53.75000", "2017-03-31": "48.62000", "2016-12-31": "47.60000", "2016-09-30": "47.85200", "2016-06-30": "48.70000", "2016-03-31": "49.46500", "2015-12-31": "50.37200", "2015-09-30": "49.88300", "2015-06-30": "49.19900", "2015-03-31": "47.61400", "2014-12-31": "47.16700", "2014-09-30": "45.48900", "2014-06-30": "44.43400", "2014-03-31": "43.00800", "2013-12-31": "41.17800", "2013-09-30": "40.07100", "2013-06-30": "41.07400", "2013-03-31": "42.94600", "2012-12-31": "41.76000", "2012-09-30": "39.90800", "2012-06-30": "39.40700", "2012-03-31": "38.93900", "2011-12-31": "37.57100", "2011-09-30": "35.54500", "2011-06-30": "34.10900", "2011-03-31": "33.66100", "2010-12-31": "31.54600", "2010-09-30": "30.35000", "2010-06-30": "33.19000", "2010-03-31": "33.92800", "2009-12-31": "33.79700", "2009-09-30": "34.88700", "2009-06-30": "38.07200", "2009-03-31": "39.52100", "2008-12-31": "38.01600", "2008-09-30": "39.08500", "2008-06-30": "38.98100", "2008-03-31": "40.09500", "2007-12-31": "39.16600", "2007-09-30": "41.31200", "2007-06-30": "42.03900", "2007-03-31": "43.86200", "2006-12-31": "42.69200", "2006-09-30": "35.09600", "2006-06-30": "27.59400", "2006-03-31": "27.84700", "2005-12-31": "25.64200", "2005-09-30": "26.34000", "2005-06-30": "26.70700", "2005-03-31": "28.18100"}, "Goodwill And Intangible Assets": {"2020-12-31": "393.45400", "2020-09-30": "394.52400", "2020-06-30": "395.67300", "2020-03-31": "396.46300", "2019-12-31": "230.09900", "2019-09-30": "230.77000", "2019-06-30": "228.31600", "2019-03-31": "229.11500", "2018-12-31": "236.93600", "2018-09-30": "237.73800", "2018-06-30": "238.54100", "2018-03-31": "239.34200", "2017-12-31": "240.14500", "2017-09-30": "240.94700", "2017-06-30": "234.70700", "2017-03-31": "235.50500", "2016-12-31": "161.76500", "2016-09-30": "162.50600", "2016-06-30": "163.29800", "2016-03-31": "165.82700", "2015-12-31": "174.91600", "2015-09-30": "177.06900", "2015-06-30": "207.04700", "2015-03-31": "211.16700", "2014-12-31": "206.20800", "2014-09-30": "159.83500", "2014-06-30": "160.26200", "2014-03-31": "160.69000", "2013-12-31": "161.11700", "2013-09-30": "161.43200", "2013-06-30": "161.91600", "2013-03-31": "162.40000", "2012-12-31": "163.80200", "2012-09-30": "150.58400", "2012-06-30": "150.74300", "2012-03-31": "150.90200", "2011-12-31": "151.06100", "2011-09-30": "151.22100", "2011-06-30": "151.38000", "2011-03-31": "151.53900", "2010-12-31": "151.69800", "2010-09-30": "151.85700", "2010-06-30": "152.01600", "2010-03-31": "152.17500", "2009-12-31": "152.33500", "2009-09-30": "152.49400", "2009-06-30": "152.65300", "2009-03-31": "152.81200", "2008-12-31": "152.97100", "2008-09-30": "153.13100", "2008-06-30": "153.29000", "2008-03-31": "153.44900", "2007-12-31": "69.74000", "2007-09-30": "69.90000", "2007-06-30": "70.05800", "2007-03-31": "70.21800", "2006-12-31": "67.37700", "2006-09-30": "67.53600", "2006-06-30": "67.69500", "2006-03-31": "67.85400", "2005-12-31": "68.01300", "2005-09-30": "68.55200", "2005-06-30": "66.87900", "2005-03-31": "66.96000"}, "Other Long-Term Assets": {"2020-12-31": "12.18600", "2020-09-30": "11.39500", "2020-06-30": "10.30900", "2020-03-31": "10.60400", "2019-12-31": "12.19400", "2019-09-30": "10.70300", "2019-06-30": "12.12100", "2019-03-31": "17.71700", "2018-12-31": "16.84500", "2018-09-30": "16.31400", "2018-06-30": "13.53500", "2018-03-31": "13.95400", "2017-12-31": "12.19700", "2017-09-30": "11.44500", "2017-06-30": "15.11000", "2017-03-31": "14.72300", "2016-12-31": "27.10100", "2016-09-30": "27.13200", "2016-06-30": "27.58800", "2016-03-31": "30.35700", "2015-12-31": "28.92100", "2015-09-30": "33.30600", "2015-06-30": "32.20900", "2015-03-31": "32.50900", "2014-12-31": "34.40200", "2014-09-30": "15.00700", "2014-06-30": "14.46800", "2014-03-31": "13.75700", "2013-12-31": "14.63100", "2013-09-30": "14.37700", "2013-06-30": "20.27800", "2013-03-31": "19.99900", "2012-12-31": "21.59000", "2012-09-30": "22.97100", "2012-06-30": "19.22400", "2012-03-31": "19.51900", "2011-12-31": "19.15500", "2011-09-30": "18.68500", "2011-06-30": "18.37600", "2011-03-31": "17.82800", "2010-12-31": "26.54200", "2010-09-30": "24.21400", "2010-06-30": "23.48000", "2010-03-31": "23.34400", "2009-12-31": "24.06500", "2009-09-30": "23.85200", "2009-06-30": "23.44600", "2009-03-31": "23.82300", "2008-12-31": "27.11500", "2008-09-30": "26.81000", "2008-06-30": "26.80100", "2008-03-31": "22.22900", "2007-12-31": "104.30400", "2007-09-30": "100.43400", "2007-06-30": "101.46000", "2007-03-31": "22.27100", "2006-12-31": "18.50300", "2006-09-30": "17.93000", "2006-06-30": "15.38400", "2006-03-31": "19.02700", "2005-12-31": "15.99200", "2005-09-30": "16.19100", "2005-06-30": "16.75200", "2005-03-31": "18.84600"}, "Total Long-Term Assets": {"2020-12-31": "2196.48000", "2020-09-30": "2222.87600", "2020-06-30": "2243.57100", "2020-03-31": "2282.80300", "2019-12-31": "1622.42600", "2019-09-30": "1839.15600", "2019-06-30": "1802.56100", "2019-03-31": "1741.54200", "2018-12-31": "1945.94300", "2018-09-30": "1942.41600", "2018-06-30": "1933.18600", "2018-03-31": "1909.26800", "2017-12-31": "1882.69900", "2017-09-30": "1874.23100", "2017-06-30": "1839.28800", "2017-03-31": "1846.50000", "2016-12-31": "1465.30400", "2016-09-30": "1472.99900", "2016-06-30": "1488.58800", "2016-03-31": "1503.63200", "2015-12-31": "1523.17600", "2015-09-30": "1525.25000", "2015-06-30": "1520.25000", "2015-03-31": "1515.95600", "2014-12-31": "1495.49300", "2014-09-30": "1213.48100", "2014-06-30": "1212.95800", "2014-03-31": "1204.56900", "2013-12-31": "1204.53800", "2013-09-30": "1209.47000", "2013-06-30": "1216.83600", "2013-03-31": "1214.96200", "2012-12-31": "1213.49700", "2012-09-30": "781.08100", "2012-06-30": "785.57790", "2012-03-31": "793.30400", "2011-12-31": "801.21200", "2011-09-30": "797.29400", "2011-06-30": "804.20700", "2011-03-31": "811.18400", "2010-12-31": "830.66000", "2010-09-30": "829.70590", "2010-06-30": "842.30500", "2010-03-31": "852.50200", "2009-12-31": "861.79500", "2009-09-30": "873.35710", "2009-06-30": "880.15800", "2009-03-31": "891.38500", "2008-12-31": "904.24200", "2008-09-30": "916.07300", "2008-06-30": "926.98900", "2008-03-31": "928.61500", "2007-12-31": "917.53110", "2007-09-30": "913.88100", "2007-06-30": "895.69600", "2007-03-31": "797.80100", "2006-12-31": "766.11200", "2006-09-30": "723.24400", "2006-06-30": "697.50490", "2006-03-31": "672.90500", "2005-12-31": "656.16800", "2005-09-30": "654.78700", "2005-06-30": "641.64900", "2005-03-31": "638.34610"}, "Total Assets": {"2020-12-31": "2725.03800", "2020-09-30": "2871.28300", "2020-06-30": "3015.16400", "2020-03-31": "2961.02000", "2019-12-31": "2130.22500", "2019-09-30": "2326.21100", "2019-06-30": "2269.07800", "2019-03-31": "2169.16300", "2018-12-31": "2355.41600", "2018-09-30": "2379.51200", "2018-06-30": "2426.97500", "2018-03-31": "2368.00300", "2017-12-31": "2308.04300", "2017-09-30": "2321.04100", "2017-06-30": "2279.59000", "2017-03-31": "2247.12400", "2016-12-31": "1973.98900", "2016-09-30": "1908.13500", "2016-06-30": "1889.08500", "2016-03-31": "1883.63500", "2015-12-31": "1888.57000", "2015-09-30": "1920.25000", "2015-06-30": "1908.34800", "2015-03-31": "1880.32600", "2014-12-31": "1858.05100", "2014-09-30": "1554.38700", "2014-06-30": "1544.36700", "2014-03-31": "1511.52900", "2013-12-31": "1487.26400", "2013-09-30": "1510.17500", "2013-06-30": "1515.21700", "2013-03-31": "1476.23300", "2012-12-31": "1456.82000", "2012-09-30": "974.88800", "2012-06-30": "980.39600", "2012-03-31": "985.14500", "2011-12-31": "985.14900", "2011-09-30": "990.13300", "2011-06-30": "985.21100", "2011-03-31": "985.81000", "2010-12-31": "990.44300", "2010-09-30": "1000.53500", "2010-06-30": "1008.88900", "2010-03-31": "1013.77600", "2009-12-31": "1026.56700", "2009-09-30": "1036.36700", "2009-06-30": "1047.57700", "2009-03-31": "1066.66800", "2008-12-31": "1104.92600", "2008-09-30": "1108.94600", "2008-06-30": "1117.83000", "2008-03-31": "1117.72100", "2007-12-31": "1122.56600", "2007-09-30": "1092.98000", "2007-06-30": "1085.55000", "2007-03-31": "971.41000", "2006-12-31": "963.93500", "2006-09-30": "964.76500", "2006-06-30": "967.92400", "2006-03-31": "888.91600", "2005-12-31": "863.68400", "2005-09-30": "818.81200", "2005-06-30": "798.07300", "2005-03-31": "780.00100"}, "Total Current Liabilities": {"2020-12-31": "163.06100", "2020-09-30": "163.08500", "2020-06-30": "200.03300", "2020-03-31": "169.69700", "2019-12-31": "163.32600", "2019-09-30": "194.77500", "2019-06-30": "192.95600", "2019-03-31": "179.33300", "2018-12-31": "181.03200", "2018-09-30": "154.70200", "2018-06-30": "189.09200", "2018-03-31": "179.32900", "2017-12-31": "174.63500", "2017-09-30": "221.40700", "2017-06-30": "239.72700", "2017-03-31": "229.51900", "2016-12-31": "207.92500", "2016-09-30": "124.27400", "2016-06-30": "119.75000", "2016-03-31": "120.58900", "2015-12-31": "116.07700", "2015-09-30": "182.80300", "2015-06-30": "166.06100", "2015-03-31": "184.57600", "2014-12-31": "172.28800", "2014-09-30": "132.90800", "2014-06-30": "122.15300", "2014-03-31": "108.82000", "2013-12-31": "103.54300", "2013-09-30": "101.69100", "2013-06-30": "102.20700", "2013-03-31": "100.22900", "2012-12-31": "110.45200", "2012-09-30": "93.46400", "2012-06-30": "77.66100", "2012-03-31": "77.04300", "2011-12-31": "83.86900", "2011-09-30": "78.22400", "2011-06-30": "64.86000", "2011-03-31": "69.52600", "2010-12-31": "66.38300", "2010-09-30": "84.12600", "2010-06-30": "79.63300", "2010-03-31": "71.88400", "2009-12-31": "58.36300", "2009-09-30": "71.95400", "2009-06-30": "68.38600", "2009-03-31": "64.24900", "2008-12-31": "74.51900", "2008-09-30": "91.91000", "2008-06-30": "101.04900", "2008-03-31": "105.17100", "2007-12-31": "104.62300", "2007-09-30": "166.59700", "2007-06-30": "152.37500", "2007-03-31": "108.02400", "2006-12-31": "111.21100", "2006-09-30": "121.59000", "2006-06-30": "131.69900", "2006-03-31": "104.69900", "2005-12-31": "114.77300", "2005-09-30": "146.92100", "2005-06-30": "145.75600", "2005-03-31": "121.86900"}, "Long Term Debt": {"2020-12-31": "1008.34500", "2020-09-30": "1252.71600", "2020-06-30": "1492.08800", "2020-03-31": "1567.31500", "2019-12-31": "930.59400", "2019-09-30": "930.42600", "2019-06-30": "840.25900", "2019-03-31": "655.09200", "2018-12-31": "589.92400", "2018-09-30": "631.25700", "2018-06-30": "651.09000", "2018-03-31": "620.92200", "2017-12-31": "565.75500", "2017-09-30": "575.58800", "2017-06-30": "580.42100", "2017-03-31": "605.25300", "2016-12-31": "380.13400", "2016-09-30": "461.18200", "2016-06-30": "490.71400", "2016-03-31": "499.71400", "2015-12-31": "492.71400", "2015-09-30": "452.71400", "2015-06-30": "466.71400", "2015-03-31": "455.71400", "2014-12-31": "460.71400", "2014-09-30": "302.75900", "2014-06-30": "358.75900", "2014-03-31": "371.75900", "2013-12-31": "382.75900", "2013-09-30": "455.25900", "2013-06-30": "497.25900", "2013-03-31": "489.25900", "2012-12-31": "483.25900", "2012-09-30": "212.25900", "2012-06-30": "249.25900", "2012-03-31": "262.25900", "2011-12-31": "276.25900", "2011-09-30": "285.00000", "2011-06-30": "296.00000", "2011-03-31": "287.00000", "2010-12-31": "290.00000", "2010-09-30": "285.00000", "2010-06-30": "285.00000", "2010-03-31": "303.00000", "2009-12-31": "300.00000", "2009-09-30": "300.00000", "2009-06-30": "325.00000", "2009-03-31": "355.00000", "2008-12-31": "400.00000", "2008-09-30": "400.00000", "2008-06-30": "410.00000", "2008-03-31": "400.00000", "2007-12-31": "400.00000", "2007-09-30": "320.00000", "2007-06-30": "200.00000", "2007-03-31": "200.00000", "2006-12-31": "200.00000", "2006-09-30": "200.00000", "2006-06-30": "200.00000", "2006-03-31": "200.00000", "2005-12-31": "200.00000", "2005-09-30": "45.00000", "2005-06-30": "55.00000", "2005-03-31": "54.00000"}, "Other Non-Current Liabilities": {"2020-12-31": "41.49500", "2020-09-30": "41.58600", "2020-06-30": "44.66700", "2020-03-31": "33.83200", "2019-12-31": "36.64800", "2019-09-30": "35.37100", "2019-06-30": "30.25700", "2019-03-31": "34.49200", "2018-12-31": "30.55400", "2018-09-30": "31.09900", "2018-06-30": "30.15800", "2018-03-31": "31.09600", "2017-12-31": "35.11200", "2017-09-30": "44.03800", "2017-06-30": "42.02600", "2017-03-31": "42.87800", "2016-12-31": "57.51400", "2016-09-30": "59.92200", "2016-06-30": "58.64200", "2016-03-31": "61.12200", "2015-12-31": "70.67300", "2015-09-30": "70.42500", "2015-06-30": "68.87600", "2015-03-31": "69.05500", "2014-12-31": "84.91100", "2014-09-30": "54.07000", "2014-06-30": "53.17700", "2014-03-31": "53.67800", "2013-12-31": "52.31700", "2013-09-30": "53.33400", "2013-06-30": "52.07900", "2013-03-31": "51.54700", "2012-12-31": "41.10400", "2012-09-30": "39.74700", "2012-06-30": "39.77400", "2012-03-31": "39.46700", "2011-12-31": "35.26800", "2011-09-30": "38.09700", "2011-06-30": "37.90500", "2011-03-31": "38.63100", "2010-12-31": "40.77800", "2010-09-30": "40.33000", "2010-06-30": "68.72600", "2010-03-31": "67.94600", "2009-12-31": "100.09000", "2009-09-30": "98.80300", "2009-06-30": "97.90300", "2009-03-31": "97.10400", "2008-12-31": "88.52100", "2008-09-30": "86.85900", "2008-06-30": "85.13400", "2008-03-31": "86.44700", "2007-12-31": "", "2007-09-30": "", "2007-06-30": "", "2007-03-31": "", "2006-12-31": "", "2006-09-30": "", "2006-06-30": "", "2006-03-31": "", "2005-12-31": "", "2005-09-30": "", "2005-06-30": "", "2005-03-31": ""}, "Total Long Term Liabilities": {"2020-12-31": "1300.79500", "2020-09-30": "1540.16700", "2020-06-30": "1747.17300", "2020-03-31": "1823.48000", "2019-12-31": "1069.57200", "2019-09-30": "1120.68100", "2019-06-30": "1020.85600", "2019-03-31": "780.34300", "2018-12-31": "754.04710", "2018-09-30": "792.20700", "2018-06-30": "806.40410", "2018-03-31": "770.98400", "2017-12-31": "717.21900", "2017-09-30": "786.96110", "2017-06-30": "784.77600", "2017-03-31": "814.15500", "2016-12-31": "602.48900", "2016-09-30": "685.13100", "2016-06-30": "712.89200", "2016-03-31": "722.51500", "2015-12-31": "723.17690", "2015-09-30": "667.75600", "2015-06-30": "694.06200", "2015-03-31": "685.15700", "2014-12-31": "712.74100", "2014-09-30": "499.08800", "2014-06-30": "554.03000", "2014-03-31": "571.21000", "2013-12-31": "578.29300", "2013-09-30": "644.16400", "2013-06-30": "687.55800", "2013-03-31": "679.83400", "2012-12-31": "658.82100", "2012-09-30": "379.31300", "2012-06-30": "418.79300", "2012-03-31": "435.59100", "2011-12-31": "439.08900", "2011-09-30": "450.17400", "2011-06-30": "461.59400", "2011-03-31": "454.77000", "2010-12-31": "455.28100", "2010-09-30": "450.09100", "2010-06-30": "476.15000", "2010-03-31": "490.24500", "2009-12-31": "518.98000", "2009-09-30": "517.97400", "2009-06-30": "542.37600", "2009-03-31": "574.59200", "2008-12-31": "605.16900", "2008-09-30": "601.02400", "2008-06-30": "610.44800", "2008-03-31": "606.86300", "2007-12-31": "583.21900", "2007-09-30": "506.74200", "2007-06-30": "388.63000", "2007-03-31": "317.34000", "2006-12-31": "315.44200", "2006-09-30": "315.28800", "2006-06-30": "317.99500", "2006-03-31": "319.47900", "2005-12-31": "315.82800", "2005-09-30": "160.46800", "2005-06-30": "170.40400", "2005-03-31": "172.76400"}, "Total Liabilities": {"2020-12-31": "1463.85600", "2020-09-30": "1703.25200", "2020-06-30": "1947.20600", "2020-03-31": "1993.17700", "2019-12-31": "1232.89800", "2019-09-30": "1315.45600", "2019-06-30": "1213.81200", "2019-03-31": "959.67600", "2018-12-31": "935.07900", "2018-09-30": "946.90900", "2018-06-30": "995.49600", "2018-03-31": "950.31300", "2017-12-31": "891.85400", "2017-09-30": "1008.36800", "2017-06-30": "1024.50300", "2017-03-31": "1043.67400", "2016-12-31": "810.41400", "2016-09-30": "809.40500", "2016-06-30": "832.64200", "2016-03-31": "843.10400", "2015-12-31": "839.25400", "2015-09-30": "850.55900", "2015-06-30": "860.12300", "2015-03-31": "869.73300", "2014-12-31": "885.02900", "2014-09-30": "631.99600", "2014-06-30": "676.18300", "2014-03-31": "680.03000", "2013-12-31": "681.83600", "2013-09-30": "745.85500", "2013-06-30": "789.76500", "2013-03-31": "780.06300", "2012-12-31": "769.27300", "2012-09-30": "472.77700", "2012-06-30": "496.45400", "2012-03-31": "512.63400", "2011-12-31": "522.95800", "2011-09-30": "528.39800", "2011-06-30": "526.45400", "2011-03-31": "524.29600", "2010-12-31": "521.66400", "2010-09-30": "534.21700", "2010-06-30": "555.78300", "2010-03-31": "562.12900", "2009-12-31": "577.34300", "2009-09-30": "589.92800", "2009-06-30": "610.76200", "2009-03-31": "638.84100", "2008-12-31": "679.68800", "2008-09-30": "692.93400", "2008-06-30": "711.49700", "2008-03-31": "712.03400", "2007-12-31": "687.84200", "2007-09-30": "673.33900", "2007-06-30": "541.00500", "2007-03-31": "425.36400", "2006-12-31": "426.65300", "2006-09-30": "436.87800", "2006-06-30": "449.69400", "2006-03-31": "424.17800", "2005-12-31": "430.60100", "2005-09-30": "307.38900", "2005-06-30": "316.16000", "2005-03-31": "294.63300"}, "Common Stock Net": {"2020-12-31": "0.41900", "2020-09-30": "0.41800", "2020-06-30": "0.41800", "2020-03-31": "0.41600", "2019-12-31": "0.41600", "2019-09-30": "0.41600", "2019-06-30": "0.42900", "2019-03-31": "0.45100", "2018-12-31": "0.46200", "2018-09-30": "0.47200", "2018-06-30": "0.47900", "2018-03-31": "0.48300", "2017-12-31": "0.48700", "2017-09-30": "0.48600", "2017-06-30": "0.48500", "2017-03-31": "0.48500", "2016-12-31": "0.48400", "2016-09-30": "0.48200", "2016-06-30": "0.48400", "2016-03-31": "0.48500", "2015-12-31": "0.49300", "2015-09-30": "0.50300", "2015-06-30": "0.50400", "2015-03-31": "0.50200", "2014-12-31": "0.50300", "2014-09-30": "0.50300", "2014-06-30": "0.50200", "2014-03-31": "0.50100", "2013-12-31": "0.50000", "2013-09-30": "0.49700", "2013-06-30": "0.49600", "2013-03-31": "0.49500", "2012-12-31": "0.49400", "2012-09-30": "0.45400", "2012-06-30": "0.45400", "2012-03-31": "0.45300", "2011-12-31": "0.44900", "2011-09-30": "0.44900", "2011-06-30": "0.44900", "2011-03-31": "0.44400", "2010-12-31": "0.44200", "2010-09-30": "0.44200", "2010-06-30": "0.44200", "2010-03-31": "0.43800", "2009-12-31": "0.43800", "2009-09-30": "0.43700", "2009-06-30": "0.43600", "2009-03-31": "0.43600", "2008-12-31": "0.43500", "2008-09-30": "0.43500", "2008-06-30": "0.43500", "2008-03-31": "0.43400", "2007-12-31": "0.44000", "2007-09-30": "0.44400", "2007-06-30": "0.48000", "2007-03-31": "0.47900", "2006-12-31": "0.48300", "2006-09-30": "0.49100", "2006-06-30": "0.50400", "2006-03-31": "0.50300", "2005-12-31": "0.50400", "2005-09-30": "0.17700", "2005-06-30": "0.17800", "2005-03-31": "0.54700"}, "Retained Earnings (Accumulated Deficit)": {"2020-12-31": "1233.49800", "2020-09-30": "1152.30500", "2020-06-30": "1056.27100", "2020-03-31": "960.06500", "2019-12-31": "891.80100", "2019-09-30": "1010.59700", "2019-06-30": "1058.12000", "2019-03-31": "1212.35200", "2018-12-31": "1423.71900", "2018-09-30": "1428.27900", "2018-06-30": "1360.38800", "2018-03-31": "1298.84000", "2017-12-31": "1265.67300", "2017-09-30": "1169.16000", "2017-06-30": "1110.66000", "2017-03-31": "1061.34700", "2016-12-31": "1029.94100", "2016-09-30": "978.39500", "2016-06-30": "922.98000", "2016-03-31": "882.48600", "2015-12-31": "848.15100", "2015-09-30": "807.24400", "2015-06-30": "782.44300", "2015-03-31": "749.71700", "2014-12-31": "707.94800", "2014-09-30": "660.94700", "2014-06-30": "615.65200", "2014-03-31": "582.95700", "2013-12-31": "565.34400", "2013-09-30": "538.71900", "2013-06-30": "503.80900", "2013-03-31": "478.66400", "2012-12-31": "475.78100", "2012-09-30": "462.73300", "2012-06-30": "449.32400", "2012-03-31": "439.88200", "2011-12-31": "435.40000", "2011-09-30": "437.29700", "2011-06-30": "435.76200", "2011-03-31": "439.10400", "2010-12-31": "452.40500", "2010-09-30": "451.32800", "2010-06-30": "439.83000", "2010-03-31": "440.00400", "2009-12-31": "437.94800", "2009-09-30": "437.64500", "2009-06-30": "429.82400", "2009-03-31": "422.26500", "2008-12-31": "419.59500", "2008-09-30": "412.69000", "2008-06-30": "405.75400", "2008-03-31": "406.62100", "2007-12-31": "435.13400", "2007-09-30": "420.04700", "2007-06-30": "540.91200", "2007-03-31": "546.41700", "2006-12-31": "538.20300", "2006-09-30": "528.80000", "2006-06-30": "515.91000", "2006-03-31": "465.63900", "2005-12-31": "434.42100", "2005-09-30": "513.08800", "2005-06-30": "483.57700", "2005-03-31": "486.66300"}, "Comprehensive Income": {"2020-12-31": "-3.25100", "2020-09-30": "-3.27600", "2020-06-30": "-3.30200", "2020-03-31": "-3.58100", "2019-12-31": "-3.21500", "2019-09-30": "-3.24800", "2019-06-30": "-3.28300", "2019-03-31": "-3.31600", "2018-12-31": "-3.84400", "2018-09-30": "-3.90000", "2018-06-30": "-3.95600", "2018-03-31": "-4.01200", "2017-12-31": "-6.80500", "2017-09-30": "-7.00200", "2017-06-30": "-7.19900", "2017-03-31": "-7.39600", "2016-12-31": "-10.47300", "2016-09-30": "-10.78500", "2016-06-30": "-11.09700", "2016-03-31": "-11.40900", "2015-12-31": "-11.10900", "2015-09-30": "-11.42800", "2015-06-30": "-11.74800", "2015-03-31": "-12.06700", "2014-12-31": "-5.16500", "2014-09-30": "-5.27100", "2014-06-30": "-5.37700", "2014-03-31": "-5.48300", "2013-12-31": "-6.57700", "2013-09-30": "-6.73200", "2013-06-30": "-6.88700", "2013-03-31": "-7.04200", "2012-12-31": "-5.16800", "2012-09-30": "-5.28400", "2012-06-30": "-5.40000", "2012-03-31": "-5.51600", "2011-12-31": "-2.89300", "2011-09-30": "-2.89300", "2011-06-30": "-2.89300", "2011-03-31": "-2.89300", "2010-12-31": "-3.51800", "2010-09-30": "-3.51800", "2010-06-30": "-3.51800", "2010-03-31": "-3.51800", "2009-12-31": "-6.04000", "2009-09-30": "-6.04000", "2009-06-30": "-6.04000", "2009-03-31": "-6.04000", "2008-12-31": "-1.36800", "2008-09-30": "-1.36800", "2008-06-30": "-1.36800", "2008-03-31": "-1.36800", "2007-12-31": "-0.85000", "2007-09-30": "-0.85000", "2007-06-30": "-0.85000", "2007-03-31": "-0.85000", "2006-12-31": "-1.40400", "2006-09-30": "-1.40400", "2006-06-30": "-1.40400", "2006-03-31": "-1.40400", "2005-12-31": "-1.84200", "2005-09-30": "-1.84200", "2005-06-30": "-1.84200", "2005-03-31": "-1.84200"}, "Other Share Holders Equity": {"2020-12-31": "", "2020-09-30": "", "2020-06-30": "", "2020-03-31": "", "2019-12-31": "", "2019-09-30": "", "2019-06-30": "", "2019-03-31": "", "2018-12-31": "", "2018-09-30": "", "2018-06-30": "", "2018-03-31": "", "2017-12-31": "", "2017-09-30": "", "2017-06-30": "", "2017-03-31": "", "2016-12-31": "", "2016-09-30": "", "2016-06-30": "", "2016-03-31": "", "2015-12-31": "", "2015-09-30": "", "2015-06-30": "", "2015-03-31": "", "2014-12-31": "", "2014-09-30": "", "2014-06-30": "", "2014-03-31": "", "2013-12-31": "", "2013-09-30": "", "2013-06-30": "", "2013-03-31": "", "2012-12-31": "", "2012-09-30": "", "2012-06-30": "", "2012-03-31": "", "2011-12-31": "", "2011-09-30": "", "2011-06-30": "", "2011-03-31": "", "2010-12-31": "", "2010-09-30": "", "2010-06-30": "", "2010-03-31": "", "2009-12-31": "", "2009-09-30": "", "2009-06-30": "", "2009-03-31": "", "2008-12-31": "", "2008-09-30": "", "2008-06-30": "", "2008-03-31": "", "2007-12-31": "", "2007-09-30": "", "2007-06-30": "", "2007-03-31": "", "2006-12-31": "", "2006-09-30": "", "2006-06-30": "", "2006-03-31": "", "2005-12-31": "", "2005-09-30": "", "2005-06-30": "", "2005-03-31": ""}, "Share Holder Equity": {"2020-12-31": "1261.18200", "2020-09-30": "1168.03100", "2020-06-30": "1067.95800", "2020-03-31": "967.84300", "2019-12-31": "897.32700", "2019-09-30": "1010.75500", "2019-06-30": "1055.26600", "2019-03-31": "1209.48700", "2018-12-31": "1420.33700", "2018-09-30": "1432.60300", "2018-06-30": "1431.47900", "2018-03-31": "1417.69000", "2017-12-31": "1416.18900", "2017-09-30": "1312.67300", "2017-06-30": "1255.08700", "2017-03-31": "1203.45000", "2016-12-31": "1163.57500", "2016-09-30": "1098.73000", "2016-06-30": "1056.44300", "2016-03-31": "1040.53100", "2015-12-31": "1049.31600", "2015-09-30": "1069.69100", "2015-06-30": "1048.22500", "2015-03-31": "1010.59300", "2014-12-31": "973.02200", "2014-09-30": "922.39100", "2014-06-30": "868.18400", "2014-03-31": "831.49900", "2013-12-31": "805.42800", "2013-09-30": "764.32000", "2013-06-30": "725.45200", "2013-03-31": "696.17000", "2012-12-31": "687.54700", "2012-09-30": "502.11100", "2012-06-30": "483.94200", "2012-03-31": "472.51100", "2011-12-31": "462.19100", "2011-09-30": "461.73500", "2011-06-30": "458.75700", "2011-03-31": "461.51400", "2010-12-31": "468.77900", "2010-09-30": "466.31800", "2010-06-30": "453.10600", "2010-03-31": "451.64700", "2009-12-31": "449.22400", "2009-09-30": "446.43900", "2009-06-30": "436.81500", "2009-03-31": "427.82700", "2008-12-31": "425.23800", "2008-09-30": "416.01200", "2008-06-30": "406.33300", "2008-03-31": "405.68700", "2007-12-31": "434.72400", "2007-09-30": "419.64100", "2007-06-30": "544.54500", "2007-03-31": "546.04600", "2006-12-31": "537.28200", "2006-09-30": "527.88700", "2006-06-30": "518.23000", "2006-03-31": "464.73800", "2005-12-31": "433.08300", "2005-09-30": "511.42300", "2005-06-30": "481.91300", "2005-03-31": "485.36800"}, "Total Liabilities And Share Holders Equity": {"2020-12-31": "2725.03800", "2020-09-30": "2871.28300", "2020-06-30": "3015.16400", "2020-03-31": "2961.02000", "2019-12-31": "2130.22500", "2019-09-30": "2326.21100", "2019-06-30": "2269.07800", "2019-03-31": "2169.16300", "2018-12-31": "2355.41600", "2018-09-30": "2379.51200", "2018-06-30": "2426.97500", "2018-03-31": "2368.00300", "2017-12-31": "2308.04300", "2017-09-30": "2321.04100", "2017-06-30": "2279.59000", "2017-03-31": "2247.12400", "2016-12-31": "1973.98900", "2016-09-30": "1908.13500", "2016-06-30": "1889.08500", "2016-03-31": "1883.63500", "2015-12-31": "1888.57000", "2015-09-30": "1920.25000", "2015-06-30": "1908.34800", "2015-03-31": "1880.32600", "2014-12-31": "1858.05100", "2014-09-30": "1554.38700", "2014-06-30": "1544.36700", "2014-03-31": "1511.52900", "2013-12-31": "1487.26400", "2013-09-30": "1510.17500", "2013-06-30": "1515.21700", "2013-03-31": "1476.23300", "2012-12-31": "1456.82000", "2012-09-30": "974.88800", "2012-06-30": "980.39600", "2012-03-31": "985.14500", "2011-12-31": "985.14900", "2011-09-30": "990.13300", "2011-06-30": "985.21100", "2011-03-31": "985.81000", "2010-12-31": "990.44300", "2010-09-30": "1000.53500", "2010-06-30": "1008.88900", "2010-03-31": "1013.77600", "2009-12-31": "1026.56700", "2009-09-30": "1036.36700", "2009-06-30": "1047.57700", "2009-03-31": "1066.66800", "2008-12-31": "1104.92600", "2008-09-30": "1108.94600", "2008-06-30": "1117.83000", "2008-03-31": "1117.72100", "2007-12-31": "1122.56600", "2007-09-30": "1092.98000", "2007-06-30": "1085.55000", "2007-03-31": "971.41000", "2006-12-31": "963.93500", "2006-09-30": "964.76500", "2006-06-30": "967.92400", "2006-03-31": "888.91600", "2005-12-31": "863.68400", "2005-09-30": "818.81200", "2005-06-30": "798.07300", "2005-03-31": "780.00100"}}, "cash flow statement": {"Net Income/Loss": {"2020-03-31": "70.89400", "2019-03-31": "68.86000", "2018-03-31": "256.63200", "2017-03-31": "198.21900", "2016-03-31": "152.59200", "2015-03-31": "186.85300", "2014-03-31": "124.24300", "2013-03-31": "57.74400", "2012-03-31": "18.73200", "2011-03-31": "14.84900", "2010-03-31": "28.95000", "2009-03-31": "41.76400", "2008-03-31": "97.76800", "2007-03-31": "202.66400", "2006-03-31": "160.98400", "2005-03-31": "106.68700"}, "Total Depreciation And Amortization - Cash Flow": {"2020-03-31": "113.51800", "2019-03-31": "122.53500", "2018-03-31": "114.01500", "2017-03-31": "91.79100", "2016-03-31": "97.10500", "2015-03-31": "76.29900", "2014-03-31": "70.02100", "2013-03-31": "56.85000", "2012-03-31": "50.12400", "2011-03-31": "49.21200", "2010-03-31": "50.78100", "2009-03-31": "51.23200", "2008-03-31": "44.85000", "2007-03-31": "40.04000", "2006-03-31": "38.59900", "2005-03-31": "34.49600"}, "Other Non-Cash Items": {"2020-03-31": "310.99200", "2019-03-31": "202.68800", "2018-03-31": "-47.19400", "2017-03-31": "11.27900", "2016-03-31": "42.81100", "2015-03-31": "8.50000", "2014-03-31": "7.75400", "2013-03-31": "4.65700", "2012-03-31": "0.85100", "2011-03-31": "20.78300", "2010-03-31": "8.89600", "2009-03-31": "7.58100", "2008-03-31": "8.28300", "2007-03-31": "-4.82200", "2006-03-31": "2.37900", "2005-03-31": "23.40800"}, "Total Non-Cash Items": {"2020-03-31": "424.51000", "2019-03-31": "325.22300", "2018-03-31": "66.82100", "2017-03-31": "103.07000", "2016-03-31": "139.91600", "2015-03-31": "84.79900", "2014-03-31": "77.77500", "2013-03-31": "61.50700", "2012-03-31": "50.97500", "2011-03-31": "69.99500", "2010-03-31": "59.67700", "2009-03-31": "58.81300", "2008-03-31": "53.13300", "2007-03-31": "35.21800", "2006-03-31": "40.97800", "2005-03-31": "57.90400"}, "Change In Accounts Receivable": {"2020-03-31": "-25.00500", "2019-03-31": "10.18000", "2018-03-31": "-2.56000", "2017-03-31": "-14.23500", "2016-03-31": "-4.55300", "2015-03-31": "4.19600", "2014-03-31": "-12.87600", "2013-03-31": "-7.77100", "2012-03-31": "-10.45200", "2011-03-31": "11.12600", "2010-03-31": "-7.00800", "2009-03-31": "19.67300", "2008-03-31": "15.52100", "2007-03-31": "8.30500", "2006-03-31": "-23.10900", "2005-03-31": "-12.48300"}, "Change In Inventories": {"2020-03-31": "26.72900", "2019-03-31": "-19.01600", "2018-03-31": "-5.11400", "2017-03-31": "-6.63600", "2016-03-31": "-15.12200", "2015-03-31": "-38.74100", "2014-03-31": "-32.71400", "2013-03-31": "-14.18600", "2012-03-31": "-8.36900", "2011-03-31": "-9.36600", "2010-03-31": "1.19200", "2009-03-31": "-8.34600", "2008-03-31": "-19.80900", "2007-03-31": "-11.10900", "2006-03-31": "-4.31700", "2005-03-31": "-6.94800"}, "Change In Accounts Payable": {"2020-03-31": "", "2019-03-31": "", "2018-03-31": "", "2017-03-31": "", "2016-03-31": "", "2015-03-31": "", "2014-03-31": "", "2013-03-31": "", "2012-03-31": "", "2011-03-31": "", "2010-03-31": "", "2009-03-31": "", "2008-03-31": "", "2007-03-31": "", "2006-03-31": "", "2005-03-31": ""}, "Change In Assets/Liabilities": {"2020-03-31": "7.84100", "2019-03-31": "-3.28400", "2018-03-31": "4.19600", "2017-03-31": "0.78800", "2016-03-31": "4.46800", "2015-03-31": "0.52000", "2014-03-31": "-3.51100", "2013-03-31": "-2.67900", "2012-03-31": "-2.42300", "2011-03-31": "-4.39900", "2010-03-31": "-1.86600", "2009-03-31": "-1.96500", "2008-03-31": "-3.50800", "2007-03-31": "-3.03700", "2006-03-31": "2.11900", "2005-03-31": "0.86800"}, "Total Change In Assets/Liabilities": {"2020-03-31": "-96.10300", "2019-03-31": "-43.79900", "2018-03-31": "14.21200", "2017-03-31": "30.30900", "2016-03-31": "-26.74100", "2015-03-31": "-37.53100", "2014-03-31": "-31.38500", "2013-03-31": "5.15600", "2012-03-31": "-8.85500", "2011-03-31": "-40.76100", "2010-03-31": "-24.06100", "2009-03-31": "-21.19200", "2008-03-31": "-46.14900", "2007-03-31": "4.54100", "2006-03-31": "-13.71600", "2005-03-31": "-7.38900"}, "Cash Flow From Operating Activities": {"2020-03-31": "399.30100", "2019-03-31": "350.28400", "2018-03-31": "337.66500", "2017-03-31": "331.59800", "2016-03-31": "265.76700", "2015-03-31": "234.12100", "2014-03-31": "170.63300", "2013-03-31": "124.40700", "2012-03-31": "60.85200", "2011-03-31": "44.08300", "2010-03-31": "64.56600", "2009-03-31": "79.38500", "2008-03-31": "104.75200", "2007-03-31": "242.42300", "2006-03-31": "188.24600", "2005-03-31": "157.20200"}, "Net Change In Property, Plant, And Equipment": {"2020-03-31": "-131.71900", "2019-03-31": "-166.59200", "2018-03-31": "-131.95700", "2017-03-31": "-56.93800", "2016-03-31": "-89.56300", "2015-03-31": "-111.57300", "2014-03-31": "-59.49000", "2013-03-31": "-53.01100", "2012-03-31": "-26.09900", "2011-03-31": "-16.62400", "2010-03-31": "-13.77900", "2009-03-31": "-12.08200", "2008-03-31": "-96.85700", "2007-03-31": "-136.86900", "2006-03-31": "-72.92900", "2005-03-31": "-22.37300"}, "Net Change In Intangible Assets": {"2020-03-31": "", "2019-03-31": "", "2018-03-31": "", "2017-03-31": "", "2016-03-31": "", "2015-03-31": "", "2014-03-31": "", "2013-03-31": "", "2012-03-31": "", "2011-03-31": "", "2010-03-31": "", "2009-03-31": "", "2008-03-31": "", "2007-03-31": "", "2006-03-31": "", "2005-03-31": ""}, "Net Acquisitions/Divestitures": {"2020-03-31": "-699.36100", "2019-03-31": "", "2018-03-31": "-36.76100", "2017-03-31": "-400.48800", "2016-03-31": "-32.42700", "2015-03-31": "-237.17100", "2014-03-31": "", "2013-03-31": "-453.42000", "2012-03-31": "", "2011-03-31": "", "2010-03-31": "", "2009-03-31": "", "2008-03-31": "", "2007-03-31": "", "2006-03-31": "", "2005-03-31": "1.38200"}, "Net Change In Short-term Investments": {"2020-03-31": "", "2019-03-31": "", "2018-03-31": "", "2017-03-31": "", "2016-03-31": "", "2015-03-31": "", "2014-03-31": "", "2013-03-31": "", "2012-03-31": "", "2011-03-31": "", "2010-03-31": "", "2009-03-31": "", "2008-03-31": "", "2007-03-31": "", "2006-03-31": "", "2005-03-31": ""}, "Net Change In Long-Term Investments": {"2020-03-31": "", "2019-03-31": "", "2018-03-31": "", "2017-03-31": "", "2016-03-31": "", "2015-03-31": "", "2014-03-31": "", "2013-03-31": "", "2012-03-31": "", "2011-03-31": "", "2010-03-31": "", "2009-03-31": "", "2008-03-31": "", "2007-03-31": "-15.25000", "2006-03-31": "", "2005-03-31": "-72.00000"}, "Net Change In Investments - Total": {"2020-03-31": "", "2019-03-31": "", "2018-03-31": "", "2017-03-31": "", "2016-03-31": "", "2015-03-31": "", "2014-03-31": "", "2013-03-31": "", "2012-03-31": "", "2011-03-31": "", "2010-03-31": "", "2009-03-31": "", "2008-03-31": "", "2007-03-31": "-15.25000", "2006-03-31": "", "2005-03-31": "-72.00000"}, "Investing Activities - Other": {"2020-03-31": "", "2019-03-31": "", "2018-03-31": "", "2017-03-31": "", "2016-03-31": "", "2015-03-31": "", "2014-03-31": "", "2013-03-31": "", "2012-03-31": "", "2011-03-31": "", "2010-03-31": "", "2009-03-31": "", "2008-03-31": "", "2007-03-31": "", "2006-03-31": "", "2005-03-31": ""}, "Cash Flow From Investing Activities": {"2020-03-31": "-831.08000", "2019-03-31": "-166.59200", "2018-03-31": "-168.71800", "2017-03-31": "-457.42600", "2016-03-31": "-121.99000", "2015-03-31": "-348.74400", "2014-03-31": "-59.49000", "2013-03-31": "-506.43100", "2012-03-31": "-26.09900", "2011-03-31": "-16.62400", "2010-03-31": "-13.77900", "2009-03-31": "-12.08200", "2008-03-31": "-96.85700", "2007-03-31": "-152.11900", "2006-03-31": "-72.92900", "2005-03-31": "-92.99100"}, "Net Long-Term Debt": {"2020-03-31": "915.00000", "2019-03-31": "70.00000", "2018-03-31": "15.00000", "2017-03-31": "193.00000", "2016-03-31": "-5.04500", "2015-03-31": "141.00000", "2014-03-31": "-108.00000", "2013-03-31": "222.32300", "2012-03-31": "-20.06400", "2011-03-31": "-16.00000", "2010-03-31": "-52.00000", "2009-03-31": "-40.00000", "2008-03-31": "200.00000", "2007-03-31": "", "2006-03-31": "146.00000", "2005-03-31": "-4.78000"}, "Net Current Debt": {"2020-03-31": "-36.50000", "2019-03-31": "", "2018-03-31": "-81.21400", "2017-03-31": "-8.00000", "2016-03-31": "", "2015-03-31": "-9.50000", "2014-03-31": "", "2013-03-31": "", "2012-03-31": "", "2011-03-31": "", "2010-03-31": "", "2009-03-31": "", "2008-03-31": "", "2007-03-31": "", "2006-03-31": "-30.80000", "2005-03-31": "6.70000"}, "Debt Issuance/Retirement Net - Total": {"2020-03-31": "878.50000", "2019-03-31": "70.00000", "2018-03-31": "-66.21400", "2017-03-31": "185.00000", "2016-03-31": "-5.04500", "2015-03-31": "131.50000", "2014-03-31": "-108.00000", "2013-03-31": "222.32300", "2012-03-31": "-20.06400", "2011-03-31": "-16.00000", "2010-03-31": "-52.00000", "2009-03-31": "-40.00000", "2008-03-31": "200.00000", "2007-03-31": "", "2006-03-31": "115.20000", "2005-03-31": "1.92000"}, "Net Common Equity Issued/Repurchased": {"2020-03-31": "-314.65200", "2019-03-31": "-274.23200", "2018-03-31": "-41.78800", "2017-03-31": "-42.37300", "2016-03-31": "-124.93700", "2015-03-31": "0.14500", "2014-03-31": "11.27400", "2013-03-31": "170.90800", "2012-03-31": "6.22600", "2011-03-31": "4.84900", "2010-03-31": "1.54100", "2009-03-31": "1.32100", "2008-03-31": "-173.39800", "2007-03-31": "-97.33100", "2006-03-31": "-163.32200", "2005-03-31": "-40.24300"}, "Net Total Equity Issued/Repurchased": {"2020-03-31": "-314.65200", "2019-03-31": "-274.23200", "2018-03-31": "-41.78800", "2017-03-31": "-42.37300", "2016-03-31": "-124.93700", "2015-03-31": "0.14500", "2014-03-31": "11.27400", "2013-03-31": "170.90800", "2012-03-31": "6.22600", "2011-03-31": "4.84900", "2010-03-31": "1.54100", "2009-03-31": "1.32100", "2008-03-31": "-173.39800", "2007-03-31": "-97.33100", "2006-03-31": "-163.32200", "2005-03-31": "-40.24300"}, "Total Common And Preferred Stock Dividends Paid": {"2020-03-31": "-17.14200", "2019-03-31": "-18.92700", "2018-03-31": "-19.43800", "2017-03-31": "-19.34100", "2016-03-31": "-20.02000", "2015-03-31": "-20.07200", "2014-03-31": "-19.89900", "2013-03-31": "-18.53300", "2012-03-31": "-17.87600", "2011-03-31": "-17.63400", "2010-03-31": "-17.47100", "2009-03-31": "-30.44100", "2008-03-31": "-35.60000", "2007-03-31": "-34.66500", "2006-03-31": "-21.31200", "2005-03-31": "-22.20300"}, "Financial Activities - Other": {"2020-03-31": "-4.88000", "2019-03-31": "", "2018-03-31": "", "2017-03-31": "3.71200", "2016-03-31": "4.10200", "2015-03-31": "4.08200", "2014-03-31": "8.06700", "2013-03-31": "4.74200", "2012-03-31": "1.56800", "2011-03-31": "1.78400", "2010-03-31": "0.76100", "2009-03-31": "0.65500", "2008-03-31": "2.84800", "2007-03-31": "4.14100", "2006-03-31": "1.66200", "2005-03-31": ""}, "Cash Flow From Financial Activities": {"2020-03-31": "541.82600", "2019-03-31": "-223.15900", "2018-03-31": "-127.44000", "2017-03-31": "126.99800", "2016-03-31": "-145.90000", "2015-03-31": "115.65500", "2014-03-31": "-108.55800", "2013-03-31": "379.44000", "2012-03-31": "-30.14600", "2011-03-31": "-27.00100", "2010-03-31": "-67.16900", "2009-03-31": "-68.46500", "2008-03-31": "-6.15000", "2007-03-31": "-127.85500", "2006-03-31": "-67.77200", "2005-03-31": "-60.52600"}, "Net Cash Flow": {"2020-03-31": "110.04700", "2019-03-31": "-39.46700", "2018-03-31": "41.50700", "2017-03-31": "1.17000", "2016-03-31": "-2.12300", "2015-03-31": "1.03200", "2014-03-31": "2.58500", "2013-03-31": "-2.58400", "2012-03-31": "4.60700", "2011-03-31": "0.45800", "2010-03-31": "-16.38200", "2009-03-31": "-1.16200", "2008-03-31": "1.74500", "2007-03-31": "-37.55100", "2006-03-31": "47.54500", "2005-03-31": "3.68500"}, "Stock-Based Compensation": {"2020-03-31": "19.82300", "2019-03-31": "15.10900", "2018-03-31": "14.07900", "2017-03-31": "12.06900", "2016-03-31": "17.34600", "2015-03-31": "13.03000", "2014-03-31": "10.13600", "2013-03-31": "9.00200", "2012-03-31": "5.50900", "2011-03-31": "3.58700", "2010-03-31": "2.82500", "2009-03-31": "9.19200", "2008-03-31": "5.94900", "2007-03-31": "5.52100", "2006-03-31": "2.82000", "2005-03-31": "1.47000"}, "Common Stock Dividends Paid": {"2020-03-31": "-17.14200", "2019-03-31": "-18.92700", "2018-03-31": "-19.43800", "2017-03-31": "-19.34100", "2016-03-31": "-20.02000", "2015-03-31": "-20.07200", "2014-03-31": "-19.89900", "2013-03-31": "-18.53300", "2012-03-31": "-17.87600", "2011-03-31": "-17.63400", "2010-03-31": "-17.47100", "2009-03-31": "-30.44100", "2008-03-31": "-35.60000", "2007-03-31": "-34.66500", "2006-03-31": "-21.31200", "2005-03-31": "-22.20300"}}, "cash flow statement, quarterly": {"Net Income/Loss": {"2020-12-31": 81.193, "2020-09-30": 96.034, "2020-06-30": "96.20600", "2020-03-31": 72.429, "2019-12-31": -114.632, "2019-09-30": 71.793, "2019-06-30": "41.30400", "2019-03-31": -127.797, "2018-12-31": 57.715, "2018-09-30": 72.603, "2018-06-30": "66.33900", "2018-03-31": 37.008, "2017-12-31": 101.38, "2017-09-30": 63.362, "2017-06-30": "54.88200", "2017-03-31": 36.251, "2016-12-31": 56.387, "2016-09-30": 60.237, "2016-06-30": "45.34400", "2016-03-31": 39.163, "2015-12-31": 45.848, "2015-09-30": 29.819, "2015-06-30": "37.76200", "2015-03-31": 46.794, "2014-12-31": 52.03, "2014-09-30": 50.319, "2014-06-30": "37.71000", "2014-03-31": 22.618, "2013-12-31": 31.621, "2013-09-30": 39.903, "2013-06-30": "30.10100", "2013-03-31": 7.833, "2012-12-31": 17.98, "2012-09-30": 17.953, "2012-06-30": "13.97800", "2012-03-31": 9.003, "2011-12-31": 2.897, "2011-09-30": 6.025, "2011-06-30": "0.80700", "2011-03-31": -10.804, "2010-12-31": 5.496, "2010-09-30": 9.63, "2010-06-30": "10.52700", "2010-03-31": 1.924, "2009-12-31": 4.684, "2009-09-30": 10.422, "2009-06-30": "11.92000", "2009-03-31": 7.03, "2008-12-31": 11.259, "2008-09-30": 15.645, "2008-06-30": "7.83000", "2008-03-31": 1.912, "2007-12-31": 23.793, "2007-09-30": 34.538, "2007-06-30": "37.52500", "2007-03-31": 36.56, "2006-12-31": 40.917, "2006-09-30": 66.095, "2006-06-30": "59.09200", "2006-03-31": 43.767, "2005-12-31": 38.987, "2005-09-30": 43.322, "2005-06-30": "34.90800", "2005-03-31": 106.687}, "Total Depreciation And Amortization - Cash Flow": {"2020-12-31": 32.08, "2020-09-30": 32.262, "2020-06-30": "31.93700", "2020-03-31": 28.574, "2019-12-31": 28.611, "2019-09-30": 28.373, "2019-06-30": "27.96000", "2019-03-31": 30.574, "2018-12-31": 29.785, "2018-09-30": 32.326, "2018-06-30": "29.85000", "2018-03-31": 26.112, "2017-12-31": 28.65, "2017-09-30": 30.306, "2017-06-30": "28.94700", "2017-03-31": 23.897, "2016-12-31": 22.645, "2016-09-30": 22.386, "2016-06-30": "22.86300", "2016-03-31": 22.86, "2015-12-31": 25.211, "2015-09-30": 24.77, "2015-06-30": "24.26400", "2015-03-31": 21.747, "2014-12-31": 19.688, "2014-09-30": 17.574, "2014-06-30": "17.29000", "2014-03-31": 17.706, "2013-12-31": 17.691, "2013-09-30": 17.403, "2013-06-30": "17.22100", "2013-03-31": 17.07, "2012-12-31": 14.336, "2012-09-30": 12.783, "2012-06-30": "12.66100", "2012-03-31": 12.77, "2011-12-31": 12.671, "2011-09-30": 12.363, "2011-06-30": "12.32000", "2011-03-31": 12.246, "2010-12-31": 12.127, "2010-09-30": 12.389, "2010-06-30": "12.45000", "2010-03-31": 12.527, "2009-12-31": 12.801, "2009-09-30": 12.634, "2009-06-30": "12.81900", "2009-03-31": 12.699, "2008-12-31": 12.739, "2008-09-30": 13.072, "2008-06-30": "12.72200", "2008-03-31": 12.496, "2007-12-31": 10.919, "2007-09-30": 10.753, "2007-06-30": "10.68200", "2007-03-31": 10.359, "2006-12-31": 9.851, "2006-09-30": 9.894, "2006-06-30": "9.93600", "2006-03-31": 9.784, "2005-12-31": 9.829, "2005-09-30": 9.451, "2005-06-30": "9.53500", "2005-03-31": 34.496}, "Other Non-Cash Items": {"2020-12-31": 9.812, "2020-09-30": 37.723, "2020-06-30": "-49.24500", "2020-03-31": 117.703, "2019-12-31": 180.421, "2019-09-30": 7.394, "2019-06-30": "5.47400", "2019-03-31": 177.958, "2018-12-31": 6.244, "2018-09-30": 8.571, "2018-06-30": "9.91500", "2018-03-31": -1.358, "2017-12-31": -49.817, "2017-09-30": 9.52, "2017-06-30": "-5.53900", "2017-03-31": -2.364, "2016-12-31": 0.739, "2016-09-30": 11.017, "2016-06-30": "1.88700", "2016-03-31": 4.507, "2015-12-31": 15.405, "2015-09-30": 25.977, "2015-06-30": "-3.07800", "2015-03-31": 5.163, "2014-12-31": 5.934, "2014-09-30": 0.126, "2014-06-30": "-2.72300", "2014-03-31": -0.822, "2013-12-31": 5.532, "2013-09-30": 1.023, "2013-06-30": "2.02100", "2013-03-31": 3.837, "2012-12-31": 4.481, "2012-09-30": -0.561, "2012-06-30": "-3.10000", "2012-03-31": 2.61, "2011-12-31": -1.126, "2011-09-30": -0.051, "2011-06-30": "-0.58200", "2011-03-31": 12.794, "2010-12-31": -0.947, "2010-09-30": 11.453, "2010-06-30": "-2.51700", "2010-03-31": 6.058, "2009-12-31": -0.367, "2009-09-30": 3.85, "2009-06-30": "-0.64500", "2009-03-31": 5.689, "2008-12-31": 5.664, "2008-09-30": -2.386, "2008-06-30": "-1.38600", "2008-03-31": 6.785, "2007-12-31": 0.139, "2007-09-30": 1.043, "2007-06-30": "0.31600", "2007-03-31": 11.839, "2006-12-31": -6.213, "2006-09-30": -8.995, "2006-06-30": "-1.45300", "2006-03-31": 0.23, "2005-12-31": 0.643, "2005-09-30": 2.836, "2005-06-30": "-1.33000", "2005-03-31": 23.408}, "Total Non-Cash Items": {"2020-12-31": 41.892, "2020-09-30": 69.985, "2020-06-30": "-17.30800", "2020-03-31": 146.277, "2019-12-31": 209.032, "2019-09-30": 35.767, "2019-06-30": "33.43400", "2019-03-31": 208.532, "2018-12-31": 36.029, "2018-09-30": 40.897, "2018-06-30": "39.76500", "2018-03-31": 24.754, "2017-12-31": -21.167, "2017-09-30": 39.826, "2017-06-30": "23.40800", "2017-03-31": 21.533, "2016-12-31": 23.384, "2016-09-30": 33.403, "2016-06-30": "24.75000", "2016-03-31": 27.367, "2015-12-31": 40.616, "2015-09-30": 50.747, "2015-06-30": "21.18600", "2015-03-31": 26.91, "2014-12-31": 25.622, "2014-09-30": 17.7, "2014-06-30": "14.56700", "2014-03-31": 16.884, "2013-12-31": 23.223, "2013-09-30": 18.426, "2013-06-30": "19.24200", "2013-03-31": 20.907, "2012-12-31": 18.817, "2012-09-30": 12.222, "2012-06-30": "9.56100", "2012-03-31": 15.38, "2011-12-31": 11.545, "2011-09-30": 12.312, "2011-06-30": "11.73800", "2011-03-31": 25.04, "2010-12-31": 11.18, "2010-09-30": 23.842, "2010-06-30": "9.93300", "2010-03-31": 18.585, "2009-12-31": 12.434, "2009-09-30": 16.484, "2009-06-30": "12.17400", "2009-03-31": 18.388, "2008-12-31": 18.403, "2008-09-30": 10.686, "2008-06-30": "11.33600", "2008-03-31": 19.281, "2007-12-31": 11.058, "2007-09-30": 11.796, "2007-06-30": "10.99800", "2007-03-31": 22.198, "2006-12-31": 3.638, "2006-09-30": 0.899, "2006-06-30": "8.48300", "2006-03-31": 10.014, "2005-12-31": 10.472, "2005-09-30": 12.287, "2005-06-30": "8.20500", "2005-03-31": 57.904}, "Change In Accounts Receivable": {"2020-12-31": 34.605, "2020-09-30": 18.132, "2020-06-30": "-45.87800", "2020-03-31": -12.834, "2019-12-31": 39.071, "2019-09-30": -5.811, "2019-06-30": "-45.43100", "2019-03-31": 5.275, "2018-12-31": 40.799, "2018-09-30": 9.655, "2018-06-30": "-45.54900", "2018-03-31": 2.158, "2017-12-31": 25.643, "2017-09-30": 8.166, "2017-06-30": "-38.52700", "2017-03-31": -20.848, "2016-12-31": 40.119, "2016-09-30": -11.449, "2016-06-30": "-22.05700", "2016-03-31": -16.318, "2015-12-31": 51.144, "2015-09-30": -17.304, "2015-06-30": "-22.07500", "2015-03-31": 23.289, "2014-12-31": 10.716, "2014-09-30": 1.516, "2014-06-30": "-31.32500", "2014-03-31": -6.415, "2013-12-31": 23.671, "2013-09-30": -0.057, "2013-06-30": "-30.07500", "2013-03-31": -2.817, "2012-12-31": 12.795, "2012-09-30": -0.718, "2012-06-30": "-17.03100", "2012-03-31": -1.694, "2011-12-31": 11.513, "2011-09-30": -10.121, "2011-06-30": "-10.15000", "2011-03-31": 6.223, "2010-12-31": 9.197, "2010-09-30": -0.826, "2010-06-30": "-3.46800", "2010-03-31": -12.284, "2009-12-31": 20.941, "2009-09-30": -3.335, "2009-06-30": "-12.33000", "2009-03-31": 6.88, "2008-12-31": 22.266, "2008-09-30": -0.258, "2008-06-30": "-9.21500", "2008-03-31": -9.472, "2007-12-31": 24.09, "2007-09-30": 8.045, "2007-06-30": "-7.14200", "2007-03-31": -7.828, "2006-12-31": 19.635, "2006-09-30": 8.222, "2006-06-30": "-11.72400", "2006-03-31": -13.83, "2005-12-31": 11.822, "2005-09-30": -6.188, "2005-06-30": "-14.91300", "2005-03-31": -12.483}, "Change In Inventories": {"2020-12-31": -1.561, "2020-09-30": 15.554, "2020-06-30": "23.09100", "2020-03-31": -9.866, "2019-12-31": 1.033, "2019-09-30": 23.98, "2019-06-30": "11.58200", "2019-03-31": -25.915, "2018-12-31": -12.391, "2018-09-30": 2.131, "2018-06-30": "17.15900", "2018-03-31": -18.531, "2017-12-31": -0.439, "2017-09-30": 5.896, "2017-06-30": "7.96000", "2017-03-31": -18.956, "2016-12-31": -5.201, "2016-09-30": 14.925, "2016-06-30": "2.59600", "2016-03-31": -11.148, "2015-12-31": -7.78, "2015-09-30": 3.083, "2015-06-30": "0.72300", "2015-03-31": -28.462, "2014-12-31": -6.664, "2014-09-30": -8.241, "2014-06-30": "4.62600", "2014-03-31": -13.225, "2013-12-31": -11.777, "2013-09-30": 0.105, "2013-06-30": "-7.81700", "2013-03-31": -21.907, "2012-12-31": -6.881, "2012-09-30": 5.437, "2012-06-30": "9.16500", "2012-03-31": -9.993, "2011-12-31": -5.457, "2011-09-30": 5.968, "2011-06-30": "1.11300", "2011-03-31": -4.225, "2010-12-31": -8.06, "2010-09-30": 3.553, "2010-06-30": "-0.63400", "2010-03-31": -6.356, "2009-12-31": -4.335, "2009-09-30": 9.203, "2009-06-30": "2.68000", "2009-03-31": -4.817, "2008-12-31": 0.927, "2008-09-30": 0.799, "2008-06-30": "-5.25500", "2008-03-31": -12.719, "2007-12-31": -4.725, "2007-09-30": 0.445, "2007-06-30": "-2.81000", "2007-03-31": -12.245, "2006-12-31": 0.978, "2006-09-30": -0.24, "2006-06-30": "0.39800", "2006-03-31": -0.688, "2005-12-31": -6.184, "2005-09-30": -4.946, "2005-06-30": "7.50100", "2005-03-31": -6.948}, "Change In Accounts Payable": {"2020-12-31": 0, "2020-09-30": 0, "2020-06-30": "", "2020-03-31": 0, "2019-12-31": 0, "2019-09-30": 0, "2019-06-30": "", "2019-03-31": 0, "2018-12-31": 0, "2018-09-30": 0, "2018-06-30": "", "2018-03-31": 0, "2017-12-31": 0, "2017-09-30": 0, "2017-06-30": "", "2017-03-31": 0, "2016-12-31": 0, "2016-09-30": 0, "2016-06-30": "", "2016-03-31": 0, "2015-12-31": 0, "2015-09-30": 0, "2015-06-30": "", "2015-03-31": 0, "2014-12-31": 0, "2014-09-30": 0, "2014-06-30": "", "2014-03-31": 0, "2013-12-31": 0, "2013-09-30": 0, "2013-06-30": "", "2013-03-31": 0, "2012-12-31": 0, "2012-09-30": 0, "2012-06-30": "", "2012-03-31": 0, "2011-12-31": 0, "2011-09-30": 0, "2011-06-30": "", "2011-03-31": 0, "2010-12-31": 0, "2010-09-30": 0, "2010-06-30": "", "2010-03-31": 0, "2009-12-31": 0, "2009-09-30": 0, "2009-06-30": "", "2009-03-31": 0, "2008-12-31": 0, "2008-09-30": 0, "2008-06-30": "", "2008-03-31": 0, "2007-12-31": 0, "2007-09-30": 0, "2007-06-30": "", "2007-03-31": 0, "2006-12-31": 0, "2006-09-30": 0, "2006-06-30": "", "2006-03-31": 0, "2005-12-31": 0, "2005-09-30": 0, "2005-06-30": "", "2005-03-31": 0}, "Change In Assets/Liabilities": {"2020-12-31": 1.166, "2020-09-30": -1.149, "2020-06-30": "-2.03000", "2020-03-31": 3.838, "2019-12-31": -5.241, "2019-09-30": 2.758, "2019-06-30": "6.48600", "2019-03-31": -1.76, "2018-12-31": 2.027, "2018-09-30": -0.414, "2018-06-30": "-3.13700", "2018-03-31": 16.085, "2017-12-31": -14.091, "2017-09-30": 5.922, "2017-06-30": "-3.72000", "2017-03-31": 0.375, "2016-12-31": 1.418, "2016-09-30": 1.473, "2016-06-30": "-2.47800", "2016-03-31": 5.952, "2015-12-31": -2.018, "2015-09-30": 0.459, "2015-06-30": "0.07500", "2015-03-31": -3.396, "2014-12-31": 1.118, "2014-09-30": 1.561, "2014-06-30": "1.23700", "2014-03-31": -5.161, "2013-12-31": 2.853, "2013-09-30": -2.659, "2013-06-30": "1.45600", "2013-03-31": 6.484, "2012-12-31": -7.068, "2012-09-30": -3.109, "2012-06-30": "1.01400", "2012-03-31": -1.532, "2011-12-31": -3.293, "2011-09-30": 0.536, "2011-06-30": "1.86600", "2011-03-31": -2.891, "2010-12-31": 0.356, "2010-09-30": -2.371, "2010-06-30": "0.50700", "2010-03-31": -5.727, "2009-12-31": 0.84, "2009-09-30": 2.759, "2009-06-30": "0.26200", "2009-03-31": -0.531, "2008-12-31": -0.364, "2008-09-30": -0.129, "2008-06-30": "-0.94100", "2008-03-31": -2.607, "2007-12-31": -3.315, "2007-09-30": -0.049, "2007-06-30": "2.46300", "2007-03-31": -3.74, "2006-12-31": -0.652, "2006-09-30": -0.608, "2006-06-30": "1.96300", "2006-03-31": -0.049, "2005-12-31": 0.491, "2005-09-30": 0.374, "2005-06-30": "1.30300", "2005-03-31": 0.868}, "Total Change In Assets/Liabilities": {"2020-12-31": 60.555, "2020-09-30": 97.045, "2020-06-30": "16.41500", "2020-03-31": -140.024, "2019-12-31": 41.523, "2019-09-30": 26.438, "2019-06-30": "-24.04000", "2019-03-31": -24.551, "2018-12-31": 25.48, "2018-09-30": -20.533, "2018-06-30": "-24.19500", "2018-03-31": 0.763, "2017-12-31": 42.179, "2017-09-30": -4.11, "2017-06-30": "-24.62000", "2017-03-31": -15.054, "2016-12-31": 48.945, "2016-09-30": 12.429, "2016-06-30": "-16.01100", "2016-03-31": -17.053, "2015-12-31": 22.237, "2015-09-30": 6.408, "2015-06-30": "-38.33300", "2015-03-31": -22.726, "2014-12-31": -12.16, "2014-09-30": 9.334, "2014-06-30": "-11.97900", "2014-03-31": -12.881, "2013-12-31": 9.913, "2013-09-30": 2.065, "2013-06-30": "-30.48200", "2013-03-31": -11.286, "2012-12-31": 3.396, "2012-09-30": 17.493, "2012-06-30": "-4.44700", "2012-03-31": -7.273, "2011-12-31": 1.756, "2011-09-30": 8.066, "2011-06-30": "-11.40400", "2011-03-31": -8.265, "2010-12-31": -5.527, "2010-09-30": -22.127, "2010-06-30": "-4.84200", "2010-03-31": -37.642, "2009-12-31": 5.536, "2009-09-30": 12.375, "2009-06-30": "-4.33000", "2009-03-31": -8.096, "2008-12-31": 11.541, "2008-09-30": -6.704, "2008-06-30": "-17.93300", "2008-03-31": -17.946, "2007-12-31": -35.972, "2007-09-30": 13.567, "2007-06-30": "-5.79800", "2007-03-31": -23.901, "2006-12-31": 9.979, "2006-09-30": -2.081, "2006-06-30": "20.54400", "2006-03-31": -29.473, "2005-12-31": 23.775, "2005-09-30": -19.759, "2005-06-30": "11.74100", "2005-03-31": -7.389}, "Cash Flow From Operating Activities": {"2020-12-31": 183.64, "2020-09-30": 263.064, "2020-06-30": "95.31300", "2020-03-31": 78.682, "2019-12-31": 135.923, "2019-09-30": 133.998, "2019-06-30": "50.69800", "2019-03-31": 56.184, "2018-12-31": 119.224, "2018-09-30": 92.967, "2018-06-30": "81.90900", "2018-03-31": 62.525, "2017-12-31": 122.392, "2017-09-30": 99.078, "2017-06-30": "53.67000", "2017-03-31": 42.73, "2016-12-31": 128.716, "2016-09-30": 106.069, "2016-06-30": "54.08300", "2016-03-31": 49.477, "2015-12-31": 108.701, "2015-09-30": 86.974, "2015-06-30": "20.61500", "2015-03-31": 50.978, "2014-12-31": 65.492, "2014-09-30": 77.353, "2014-06-30": "40.29800", "2014-03-31": 26.621, "2013-12-31": 64.757, "2013-09-30": 60.394, "2013-06-30": "18.86100", "2013-03-31": 17.454, "2012-12-31": 40.193, "2012-09-30": 47.668, "2012-06-30": "19.09200", "2012-03-31": 17.11, "2011-12-31": 16.198, "2011-09-30": 26.403, "2011-06-30": "1.14100", "2011-03-31": 5.971, "2010-12-31": 11.149, "2010-09-30": 11.345, "2010-06-30": "15.61800", "2010-03-31": -17.133, "2009-12-31": 22.654, "2009-09-30": 39.281, "2009-06-30": "19.76400", "2009-03-31": 17.322, "2008-12-31": 41.203, "2008-09-30": 19.627, "2008-06-30": "1.23300", "2008-03-31": 3.247, "2007-12-31": -1.121, "2007-09-30": 59.901, "2007-06-30": "42.72500", "2007-03-31": 34.857, "2006-12-31": 54.534, "2006-09-30": 64.913, "2006-06-30": "88.11900", "2006-03-31": 24.308, "2005-12-31": 73.234, "2005-09-30": 35.85, "2005-06-30": "54.85400", "2005-03-31": 157.202}, "Net Change In Property, Plant, And Equipment": {"2020-12-31": -4.865, "2020-09-30": -14.685, "2020-06-30": "-25.99100", "2020-03-31": -47.663, "2019-12-31": -24.049, "2019-09-30": -38.194, "2019-06-30": "-21.81300", "2019-03-31": -42.427, "2018-12-31": -33.002, "2018-09-30": -40.371, "2018-06-30": "-50.79200", "2018-03-31": -48.259, "2017-12-31": -38.847, "2017-09-30": -28.691, "2017-06-30": "-16.16000", "2017-03-31": -22.895, "2016-12-31": -15.812, "2016-09-30": -9.253, "2016-06-30": "-8.97800", "2016-03-31": -14.027, "2015-12-31": -19.667, "2015-09-30": -28.747, "2015-06-30": "-27.12200", "2015-03-31": -46.614, "2014-12-31": -24.92, "2014-09-30": -16.858, "2014-06-30": "-23.18100", "2014-03-31": -16.282, "2013-12-31": -11.625, "2013-09-30": -10.346, "2013-06-30": "-21.23700", "2013-03-31": -24.179, "2012-12-31": -20.204, "2012-09-30": -3.943, "2012-06-30": "-4.68500", "2012-03-31": -3.155, "2011-12-31": -15.428, "2011-09-30": -3.704, "2011-06-30": "-3.81200", "2011-03-31": -5.481, "2010-12-31": -6.276, "2010-09-30": -2.227, "2010-06-30": "-2.64000", "2010-03-31": -1.578, "2009-12-31": -2.337, "2009-09-30": -7.316, "2009-06-30": "-2.54800", "2009-03-31": -3.232, "2008-12-31": -1.811, "2008-09-30": 0.599, "2008-06-30": "-7.63800", "2008-03-31": -20.92, "2007-12-31": -13.847, "2007-09-30": -30.965, "2007-06-30": "-31.12500", "2007-03-31": -34.527, "2006-12-31": -35.861, "2006-09-30": -27.499, "2006-06-30": "-38.98200", "2006-03-31": -20.973, "2005-12-31": -12.34, "2005-09-30": -23.445, "2005-06-30": "-16.17100", "2005-03-31": -22.373}, "Net Change In Intangible Assets": {"2020-12-31": 0, "2020-09-30": 0, "2020-06-30": "", "2020-03-31": 0, "2019-12-31": 0, "2019-09-30": 0, "2019-06-30": "", "2019-03-31": 0, "2018-12-31": 0, "2018-09-30": 0, "2018-06-30": "", "2018-03-31": 0, "2017-12-31": 0, "2017-09-30": 0, "2017-06-30": "", "2017-03-31": 0, "2016-12-31": 0, "2016-09-30": 0, "2016-06-30": "", "2016-03-31": 0, "2015-12-31": 0, "2015-09-30": 0, "2015-06-30": "", "2015-03-31": 0, "2014-12-31": 0, "2014-09-30": 0, "2014-06-30": "", "2014-03-31": 0, "2013-12-31": 0, "2013-09-30": 0, "2013-06-30": "", "2013-03-31": 0, "2012-12-31": 0, "2012-09-30": 0, "2012-06-30": "", "2012-03-31": 0, "2011-12-31": 0, "2011-09-30": 0, "2011-06-30": "", "2011-03-31": 0, "2010-12-31": 0, "2010-09-30": 0, "2010-06-30": "", "2010-03-31": 0, "2009-12-31": 0, "2009-09-30": 0, "2009-06-30": "", "2009-03-31": 0, "2008-12-31": 0, "2008-09-30": 0, "2008-06-30": "", "2008-03-31": 0, "2007-12-31": 0, "2007-09-30": 0, "2007-06-30": "", "2007-03-31": 0, "2006-12-31": 0, "2006-09-30": 0, "2006-06-30": "", "2006-03-31": 0, "2005-12-31": 0, "2005-09-30": 0, "2005-06-30": "", "2005-03-31": 0}, "Net Acquisitions/Divestitures": {"2020-12-31": 0, "2020-09-30": -2.46, "2020-06-30": "93.48200", "2020-03-31": -668.937, "2019-12-31": 0.448, "2019-09-30": -30.872, "2019-06-30": "", "2019-03-31": 0, "2018-12-31": 0, "2018-09-30": 0, "2018-06-30": "", "2018-03-31": 0, "2017-12-31": 0, "2017-09-30": -36.761, "2017-06-30": "", "2017-03-31": -400.488, "2016-12-31": 0, "2016-09-30": 0, "2016-06-30": "", "2016-03-31": 0, "2015-12-31": 0, "2015-09-30": -32.427, "2015-06-30": "", "2015-03-31": 0, "2014-12-31": -237.171, "2014-09-30": 0, "2014-06-30": "", "2014-03-31": 0, "2013-12-31": 0, "2013-09-30": 0, "2013-06-30": "", "2013-03-31": -5, "2012-12-31": -448.42, "2012-09-30": 0, "2012-06-30": "", "2012-03-31": 0, "2011-12-31": 0, "2011-09-30": 0, "2011-06-30": "", "2011-03-31": 0, "2010-12-31": 0, "2010-09-30": 0, "2010-06-30": "", "2010-03-31": 0, "2009-12-31": 0, "2009-09-30": 0, "2009-06-30": "", "2009-03-31": 0, "2008-12-31": 0, "2008-09-30": 0, "2008-06-30": "", "2008-03-31": 0, "2007-12-31": 0, "2007-09-30": 0, "2007-06-30": "", "2007-03-31": 0, "2006-12-31": 0, "2006-09-30": 0, "2006-06-30": "", "2006-03-31": 0, "2005-12-31": 0, "2005-09-30": 0, "2005-06-30": "", "2005-03-31": 1.382}, "Net Change In Short-term Investments": {"2020-12-31": 0, "2020-09-30": 0, "2020-06-30": "", "2020-03-31": 0, "2019-12-31": 0, "2019-09-30": 0, "2019-06-30": "", "2019-03-31": 0, "2018-12-31": 0, "2018-09-30": 0, "2018-06-30": "", "2018-03-31": 0, "2017-12-31": 0, "2017-09-30": 0, "2017-06-30": "", "2017-03-31": 0, "2016-12-31": 0, "2016-09-30": 0, "2016-06-30": "", "2016-03-31": 0, "2015-12-31": 0, "2015-09-30": 0, "2015-06-30": "", "2015-03-31": 0, "2014-12-31": 0, "2014-09-30": 0, "2014-06-30": "", "2014-03-31": 0, "2013-12-31": 0, "2013-09-30": 0, "2013-06-30": "", "2013-03-31": 0, "2012-12-31": 0, "2012-09-30": 0, "2012-06-30": "", "2012-03-31": 0, "2011-12-31": 0, "2011-09-30": 0, "2011-06-30": "", "2011-03-31": 0, "2010-12-31": 0, "2010-09-30": 0, "2010-06-30": "", "2010-03-31": 0, "2009-12-31": 0, "2009-09-30": 0, "2009-06-30": "", "2009-03-31": 0, "2008-12-31": 0, "2008-09-30": 0, "2008-06-30": "", "2008-03-31": 0, "2007-12-31": 0, "2007-09-30": 0, "2007-06-30": "", "2007-03-31": 0, "2006-12-31": 0, "2006-09-30": 0, "2006-06-30": "", "2006-03-31": 0, "2005-12-31": 0, "2005-09-30": 0, "2005-06-30": "", "2005-03-31": 0}, "Net Change In Long-Term Investments": {"2020-12-31": 0, "2020-09-30": 0, "2020-06-30": "", "2020-03-31": 0, "2019-12-31": 0, "2019-09-30": 0, "2019-06-30": "", "2019-03-31": 0, "2018-12-31": 0, "2018-09-30": 0, "2018-06-30": "", "2018-03-31": 0, "2017-12-31": 0, "2017-09-30": 0, "2017-06-30": "", "2017-03-31": 0, "2016-12-31": 0, "2016-09-30": 0, "2016-06-30": "", "2016-03-31": 0, "2015-12-31": 0, "2015-09-30": 0, "2015-06-30": "", "2015-03-31": 0, "2014-12-31": 0, "2014-09-30": 0, "2014-06-30": "", "2014-03-31": 0, "2013-12-31": 0, "2013-09-30": 0, "2013-06-30": "", "2013-03-31": 0, "2012-12-31": 0, "2012-09-30": 0, "2012-06-30": "", "2012-03-31": 0, "2011-12-31": 0, "2011-09-30": 0, "2011-06-30": "", "2011-03-31": 0, "2010-12-31": 0, "2010-09-30": 0, "2010-06-30": "", "2010-03-31": 0, "2009-12-31": 0, "2009-09-30": 0, "2009-06-30": "", "2009-03-31": 0, "2008-12-31": 0, "2008-09-30": 0, "2008-06-30": "", "2008-03-31": 0, "2007-12-31": 0, "2007-09-30": 0, "2007-06-30": "", "2007-03-31": -15.25, "2006-12-31": 0, "2006-09-30": 0, "2006-06-30": "", "2006-03-31": 0, "2005-12-31": 0, "2005-09-30": 0, "2005-06-30": "", "2005-03-31": -72}, "Net Change In Investments - Total": {"2020-12-31": 0, "2020-09-30": 0, "2020-06-30": "", "2020-03-31": 0, "2019-12-31": 0, "2019-09-30": 0, "2019-06-30": "", "2019-03-31": 0, "2018-12-31": 0, "2018-09-30": 0, "2018-06-30": "", "2018-03-31": 0, "2017-12-31": 0, "2017-09-30": 0, "2017-06-30": "", "2017-03-31": 0, "2016-12-31": 0, "2016-09-30": 0, "2016-06-30": "", "2016-03-31": 0, "2015-12-31": 0, "2015-09-30": 0, "2015-06-30": "", "2015-03-31": 0, "2014-12-31": 0, "2014-09-30": 0, "2014-06-30": "", "2014-03-31": 0, "2013-12-31": 0, "2013-09-30": 0, "2013-06-30": "", "2013-03-31": 0, "2012-12-31": 0, "2012-09-30": 0, "2012-06-30": "", "2012-03-31": 0, "2011-12-31": 0, "2011-09-30": 0, "2011-06-30": "", "2011-03-31": 0, "2010-12-31": 0, "2010-09-30": 0, "2010-06-30": "", "2010-03-31": 0, "2009-12-31": 0, "2009-09-30": 0, "2009-06-30": "", "2009-03-31": 0, "2008-12-31": 0, "2008-09-30": 0, "2008-06-30": "", "2008-03-31": 0, "2007-12-31": 0, "2007-09-30": 0, "2007-06-30": "", "2007-03-31": -15.25, "2006-12-31": 0, "2006-09-30": 0, "2006-06-30": "", "2006-03-31": 0, "2005-12-31": 0, "2005-09-30": 0, "2005-06-30": "", "2005-03-31": -72}, "Investing Activities - Other": {"2020-12-31": 0, "2020-09-30": 0, "2020-06-30": "", "2020-03-31": 0, "2019-12-31": 0, "2019-09-30": 0, "2019-06-30": "", "2019-03-31": 0, "2018-12-31": 0, "2018-09-30": 0, "2018-06-30": "", "2018-03-31": 0, "2017-12-31": 0, "2017-09-30": 0, "2017-06-30": "", "2017-03-31": 0, "2016-12-31": 0, "2016-09-30": 0, "2016-06-30": "", "2016-03-31": 0, "2015-12-31": 0, "2015-09-30": 0, "2015-06-30": "", "2015-03-31": 0, "2014-12-31": 0, "2014-09-30": 0, "2014-06-30": "", "2014-03-31": 0, "2013-12-31": 0, "2013-09-30": 0, "2013-06-30": "", "2013-03-31": 0, "2012-12-31": 0, "2012-09-30": 0, "2012-06-30": "", "2012-03-31": 0, "2011-12-31": 0, "2011-09-30": 0, "2011-06-30": "", "2011-03-31": 0, "2010-12-31": 0, "2010-09-30": 0, "2010-06-30": "", "2010-03-31": 0, "2009-12-31": 0, "2009-09-30": 0, "2009-06-30": "", "2009-03-31": 0, "2008-12-31": 0, "2008-09-30": 0, "2008-06-30": "", "2008-03-31": 0, "2007-12-31": 0, "2007-09-30": 0, "2007-06-30": "", "2007-03-31": 0, "2006-12-31": 0, "2006-09-30": 0, "2006-06-30": "", "2006-03-31": 0, "2005-12-31": 0, "2005-09-30": 0, "2005-06-30": "", "2005-03-31": 0}, "Cash Flow From Investing Activities": {"2020-12-31": -4.865, "2020-09-30": -17.145, "2020-06-30": "67.49100", "2020-03-31": -716.6, "2019-12-31": -23.601, "2019-09-30": -69.066, "2019-06-30": "-21.81300", "2019-03-31": -42.427, "2018-12-31": -33.002, "2018-09-30": -40.371, "2018-06-30": "-50.79200", "2018-03-31": -48.259, "2017-12-31": -38.847, "2017-09-30": -65.452, "2017-06-30": "-16.16000", "2017-03-31": -423.383, "2016-12-31": -15.812, "2016-09-30": -9.253, "2016-06-30": "-8.97800", "2016-03-31": -14.027, "2015-12-31": -19.667, "2015-09-30": -61.174, "2015-06-30": "-27.12200", "2015-03-31": -46.614, "2014-12-31": -262.091, "2014-09-30": -16.858, "2014-06-30": "-23.18100", "2014-03-31": -16.282, "2013-12-31": -11.625, "2013-09-30": -10.346, "2013-06-30": "-21.23700", "2013-03-31": -29.179, "2012-12-31": -468.624, "2012-09-30": -3.943, "2012-06-30": "-4.68500", "2012-03-31": -3.155, "2011-12-31": -15.428, "2011-09-30": -3.704, "2011-06-30": "-3.81200", "2011-03-31": -5.481, "2010-12-31": -6.276, "2010-09-30": -2.227, "2010-06-30": "-2.64000", "2010-03-31": -1.578, "2009-12-31": -2.337, "2009-09-30": -7.316, "2009-06-30": "-2.54800", "2009-03-31": -3.232, "2008-12-31": -1.811, "2008-09-30": 0.599, "2008-06-30": "-7.63800", "2008-03-31": -20.92, "2007-12-31": -13.847, "2007-09-30": -30.965, "2007-06-30": "-31.12500", "2007-03-31": -49.777, "2006-12-31": -35.861, "2006-09-30": -27.499, "2006-06-30": "-38.98200", "2006-03-31": -20.973, "2005-12-31": -12.34, "2005-09-30": -23.445, "2005-06-30": "-16.17100", "2005-03-31": -92.991}, "Net Long-Term Debt": {"2020-12-31": -245, "2020-09-30": -240, "2020-06-30": "-75.00000", "2020-03-31": 676.5, "2019-12-31": -36.5, "2019-09-30": 90, "2019-06-30": "185.00000", "2019-03-31": 65, "2018-12-31": -5, "2018-09-30": -20, "2018-06-30": "30.00000", "2018-03-31": 136.214, "2017-12-31": -91.214, "2017-09-30": -5, "2017-06-30": "-25.00000", "2017-03-31": 233, "2016-12-31": -8, "2016-09-30": -23, "2016-06-30": "-9.00000", "2016-03-31": 7, "2015-12-31": -12.045, "2015-09-30": -11, "2015-06-30": "11.00000", "2015-03-31": 4.5, "2014-12-31": 205.5, "2014-09-30": -56, "2014-06-30": "-13.00000", "2014-03-31": -11, "2013-12-31": -63, "2013-09-30": -42, "2013-06-30": "8.00000", "2013-03-31": 6, "2012-12-31": 266.323, "2012-09-30": -37, "2012-06-30": "-13.00000", "2012-03-31": -14, "2011-12-31": -4.064, "2011-09-30": -11, "2011-06-30": "9.00000", "2011-03-31": -3, "2010-12-31": -5, "2010-09-30": 0, "2010-06-30": "-8.00000", "2010-03-31": 3, "2009-12-31": 0, "2009-09-30": -55, "2009-06-30": "", "2009-03-31": -40, "2008-12-31": 0, "2008-09-30": 0, "2008-06-30": "", "2008-03-31": 0, "2007-12-31": 80, "2007-09-30": 120, "2007-06-30": "", "2007-03-31": 0, "2006-12-31": 0, "2006-09-30": 0, "2006-06-30": "", "2006-03-31": 0, "2005-12-31": 155, "2005-09-30": -10, "2005-06-30": "1.00000", "2005-03-31": -4.78}, "Net Current Debt": {"2020-12-31": 0, "2020-09-30": 0, "2020-06-30": "", "2020-03-31": -36.5, "2019-12-31": 0, "2019-09-30": 0, "2019-06-30": "", "2019-03-31": 0, "2018-12-31": 0, "2018-09-30": 0, "2018-06-30": "", "2018-03-31": -81.214, "2017-12-31": 0, "2017-09-30": 0, "2017-06-30": "", "2017-03-31": -8, "2016-12-31": 0, "2016-09-30": 0, "2016-06-30": "", "2016-03-31": 0, "2015-12-31": 3, "2015-09-30": -3, "2015-06-30": "", "2015-03-31": -9.5, "2014-12-31": 0, "2014-09-30": 0, "2014-06-30": "", "2014-03-31": 0, "2013-12-31": 0, "2013-09-30": 0, "2013-06-30": "", "2013-03-31": 0, "2012-12-31": 0, "2012-09-30": 0, "2012-06-30": "", "2012-03-31": 0, "2011-12-31": 0, "2011-09-30": 0, "2011-06-30": "", "2011-03-31": 0, "2010-12-31": 0, "2010-09-30": 0, "2010-06-30": "", "2010-03-31": 0, "2009-12-31": 0, "2009-09-30": 30, "2009-06-30": "-30.00000", "2009-03-31": 0, "2008-12-31": 0, "2008-09-30": -10, "2008-06-30": "10.00000", "2008-03-31": 0, "2007-12-31": 0, "2007-09-30": 0, "2007-06-30": "", "2007-03-31": 0, "2006-12-31": 0, "2006-09-30": 0, "2006-06-30": "", "2006-03-31": 0, "2005-12-31": -48.2, "2005-09-30": 8.8, "2005-06-30": "8.60000", "2005-03-31": 6.7}, "Debt Issuance/Retirement Net - Total": {"2020-12-31": -245, "2020-09-30": -240, "2020-06-30": "-75.00000", "2020-03-31": 640, "2019-12-31": -36.5, "2019-09-30": 90, "2019-06-30": "185.00000", "2019-03-31": 65, "2018-12-31": -5, "2018-09-30": -20, "2018-06-30": "30.00000", "2018-03-31": 55, "2017-12-31": -91.214, "2017-09-30": -5, "2017-06-30": "-25.00000", "2017-03-31": 225, "2016-12-31": -8, "2016-09-30": -23, "2016-06-30": "-9.00000", "2016-03-31": 7, "2015-12-31": -9.045, "2015-09-30": -14, "2015-06-30": "11.00000", "2015-03-31": -5, "2014-12-31": 205.5, "2014-09-30": -56, "2014-06-30": "-13.00000", "2014-03-31": -11, "2013-12-31": -63, "2013-09-30": -42, "2013-06-30": "8.00000", "2013-03-31": 6, "2012-12-31": 266.323, "2012-09-30": -37, "2012-06-30": "-13.00000", "2012-03-31": -14, "2011-12-31": -4.064, "2011-09-30": -11, "2011-06-30": "9.00000", "2011-03-31": -3, "2010-12-31": -5, "2010-09-30": 0, "2010-06-30": "-8.00000", "2010-03-31": 3, "2009-12-31": 0, "2009-09-30": -25, "2009-06-30": "-30.00000", "2009-03-31": -40, "2008-12-31": 0, "2008-09-30": -10, "2008-06-30": "10.00000", "2008-03-31": 0, "2007-12-31": 80, "2007-09-30": 120, "2007-06-30": "", "2007-03-31": 0, "2006-12-31": 0, "2006-09-30": 0, "2006-06-30": "", "2006-03-31": 0, "2005-12-31": 106.8, "2005-09-30": -1.2, "2005-06-30": "9.60000", "2005-03-31": 1.92}, "Net Common Equity Issued/Repurchased": {"2020-12-31": 8.151, "2020-09-30": 0.498, "2020-06-30": "-1.13000", "2020-03-31": -0.798, "2019-12-31": 1.065, "2019-09-30": -116.094, "2019-06-30": "-198.82500", "2019-03-31": -82.582, "2018-12-31": -69.453, "2018-09-30": -71.845, "2018-06-30": "-50.35200", "2018-03-31": -38.007, "2017-12-31": 3.151, "2017-09-30": -4.947, "2017-06-30": "-1.98500", "2017-03-31": 0.587, "2016-12-31": 7.026, "2016-09-30": -19.199, "2016-06-30": "-30.78700", "2016-03-31": -49.471, "2015-12-31": -65.574, "2015-09-30": -9.319, "2015-06-30": "-0.57300", "2015-03-31": -2.769, "2014-12-31": 0.121, "2014-09-30": 2.338, "2014-06-30": "0.45500", "2014-03-31": 1.267, "2013-12-31": 8.091, "2013-09-30": 0.503, "2013-06-30": "1.41300", "2013-03-31": 2.275, "2012-12-31": 166.189, "2012-09-30": 2.125, "2012-06-30": "0.31900", "2012-03-31": 5.887, "2011-12-31": 0.604, "2011-09-30": -0.036, "2011-06-30": "-0.22900", "2011-03-31": 3.619, "2010-12-31": 0.319, "2010-09-30": 0.186, "2010-06-30": "0.72500", "2010-03-31": 0.071, "2009-12-31": 0.52, "2009-09-30": 0.7, "2009-06-30": "0.25000", "2009-03-31": 0.186, "2008-12-31": 0.037, "2008-09-30": 0.719, "2008-06-30": "0.37900", "2008-03-31": -21.993, "2007-12-31": -11.371, "2007-09-30": -141.947, "2007-06-30": "1.91300", "2007-03-31": -23.379, "2006-12-31": -24.875, "2006-09-30": -49.927, "2006-06-30": "0.85000", "2006-03-31": -5.284, "2005-12-31": -113.242, "2005-09-30": -9.35, "2005-06-30": "-35.44600", "2005-03-31": -40.243}, "Net Total Equity Issued/Repurchased": {"2020-12-31": 8.151, "2020-09-30": 0.498, "2020-06-30": "-1.13000", "2020-03-31": -0.798, "2019-12-31": 1.065, "2019-09-30": -116.094, "2019-06-30": "-198.82500", "2019-03-31": -82.582, "2018-12-31": -69.453, "2018-09-30": -71.845, "2018-06-30": "-50.35200", "2018-03-31": -38.007, "2017-12-31": 3.151, "2017-09-30": -4.947, "2017-06-30": "-1.98500", "2017-03-31": 0.587, "2016-12-31": 7.026, "2016-09-30": -19.199, "2016-06-30": "-30.78700", "2016-03-31": -49.471, "2015-12-31": -65.574, "2015-09-30": -9.319, "2015-06-30": "-0.57300", "2015-03-31": -2.769, "2014-12-31": 0.121, "2014-09-30": 2.338, "2014-06-30": "0.45500", "2014-03-31": 1.267, "2013-12-31": 8.091, "2013-09-30": 0.503, "2013-06-30": "1.41300", "2013-03-31": 2.275, "2012-12-31": 166.189, "2012-09-30": 2.125, "2012-06-30": "0.31900", "2012-03-31": 5.887, "2011-12-31": 0.604, "2011-09-30": -0.036, "2011-06-30": "-0.22900", "2011-03-31": 3.619, "2010-12-31": 0.319, "2010-09-30": 0.186, "2010-06-30": "0.72500", "2010-03-31": 0.071, "2009-12-31": 0.52, "2009-09-30": 0.7, "2009-06-30": "0.25000", "2009-03-31": 0.186, "2008-12-31": 0.037, "2008-09-30": 0.719, "2008-06-30": "0.37900", "2008-03-31": -21.993, "2007-12-31": -11.371, "2007-09-30": -141.947, "2007-06-30": "1.91300", "2007-03-31": -23.379, "2006-12-31": -24.875, "2006-09-30": -49.927, "2006-06-30": "0.85000", "2006-03-31": -5.284, "2005-12-31": -113.242, "2005-09-30": -9.35, "2005-06-30": "-35.44600", "2005-03-31": -40.243}, "Total Common And Preferred Stock Dividends Paid": {"2020-12-31": 0, "2020-09-30": 0, "2020-06-30": "-4.16300", "2020-03-31": -4.011, "2019-12-31": -4.316, "2019-09-30": -4.316, "2019-06-30": "-4.49900", "2019-03-31": -4.634, "2018-12-31": -4.711, "2018-09-30": -4.792, "2018-06-30": "-4.79000", "2018-03-31": -4.867, "2017-12-31": -4.862, "2017-09-30": -4.856, "2017-06-30": "-4.85300", "2017-03-31": -4.841, "2016-12-31": -4.823, "2016-09-30": -4.849, "2016-06-30": "-4.82800", "2016-03-31": -4.942, "2015-12-31": -5.017, "2015-09-30": -5.036, "2015-06-30": "-5.02500", "2015-03-31": -5.028, "2014-12-31": -5.025, "2014-09-30": -5.014, "2014-06-30": "-5.00500", "2014-03-31": -4.996, "2013-12-31": -4.993, "2013-09-30": -4.956, "2013-06-30": "-4.95400", "2013-03-31": -4.932, "2012-12-31": -4.544, "2012-09-30": -4.536, "2012-06-30": "-4.52100", "2012-03-31": -4.452, "2011-12-31": -4.449, "2011-09-30": -4.449, "2011-06-30": "-4.52600", "2011-03-31": -4.42, "2010-12-31": -4.417, "2010-09-30": -4.416, "2010-06-30": "-4.38100", "2010-03-31": -4.381, "2009-12-31": -4.375, "2009-09-30": -4.361, "2009-06-30": "-4.35400", "2009-03-31": -4.354, "2008-12-31": -8.709, "2008-09-30": -8.697, "2008-06-30": "-8.68100", "2008-03-31": -8.807, "2007-12-31": -8.806, "2007-09-30": -9.606, "2007-06-30": "-8.38100", "2007-03-31": -8.455, "2006-12-31": -8.585, "2006-09-30": -8.821, "2006-06-30": "-8.80400", "2006-03-31": -5.121, "2005-12-31": -5.323, "2005-09-30": -5.388, "2005-06-30": "-5.48000", "2005-03-31": -22.203}, "Financial Activities - Other": {"2020-12-31": 0, "2020-09-30": 0, "2020-06-30": "-1.71800", "2020-03-31": -4.88, "2019-12-31": 0, "2019-09-30": 0, "2019-06-30": "", "2019-03-31": 0, "2018-12-31": 0, "2018-09-30": 0.956, "2018-06-30": "-0.95600", "2018-03-31": 0, "2017-12-31": 0, "2017-09-30": 0, "2017-06-30": "", "2017-03-31": 1.803, "2016-12-31": 3.052, "2016-09-30": -4.442, "2016-06-30": "3.29900", "2016-03-31": 1.598, "2015-12-31": 0.01, "2015-09-30": 1.352, "2015-06-30": "1.14200", "2015-03-31": 2.25, "2014-12-31": -1.363, "2014-09-30": 2.703, "2014-06-30": "0.49200", "2014-03-31": 3.448, "2013-12-31": 3.566, "2013-09-30": 0.289, "2013-06-30": "0.76400", "2013-03-31": 3.032, "2012-12-31": 1.561, "2012-09-30": 0.128, "2012-06-30": "0.02100", "2012-03-31": 1.412, "2011-12-31": 0.126, "2011-09-30": 0, "2011-06-30": "0.03000", "2011-03-31": 1.132, "2010-12-31": 0.277, "2010-09-30": 0.116, "2010-06-30": "0.25900", "2010-03-31": -1.005, "2009-12-31": 1.569, "2009-09-30": 0.068, "2009-06-30": "0.12900", "2009-03-31": 0.052, "2008-12-31": 0.086, "2008-09-30": 0.251, "2008-06-30": "0.26600", "2008-03-31": 1.613, "2007-12-31": 0, "2007-09-30": 0.119, "2007-06-30": "1.11600", "2007-03-31": 2.172, "2006-12-31": 0.267, "2006-09-30": 0.418, "2006-06-30": "1.28400", "2006-03-31": 1.662, "2005-12-31": 0, "2005-09-30": 0, "2005-06-30": "", "2005-03-31": 0}, "Cash Flow From Financial Activities": {"2020-12-31": -236.849, "2020-09-30": -239.502, "2020-06-30": "-82.01100", "2020-03-31": 630.311, "2019-12-31": -39.751, "2019-09-30": -30.41, "2019-06-30": "-18.32400", "2019-03-31": -22.216, "2018-12-31": -79.164, "2018-09-30": -95.681, "2018-06-30": "-26.09800", "2018-03-31": 12.126, "2017-12-31": -92.925, "2017-09-30": -14.803, "2017-06-30": "-31.83800", "2017-03-31": 222.549, "2016-12-31": -2.745, "2016-09-30": -51.49, "2016-06-30": "-41.31600", "2016-03-31": -45.815, "2015-12-31": -79.626, "2015-09-30": -27.003, "2015-06-30": "6.54400", "2015-03-31": -10.547, "2014-12-31": 199.233, "2014-09-30": -55.973, "2014-06-30": "-17.05800", "2014-03-31": -11.281, "2013-12-31": -56.336, "2013-09-30": -46.164, "2013-06-30": "5.22300", "2013-03-31": 6.375, "2012-12-31": 429.529, "2012-09-30": -39.283, "2012-06-30": "-17.18100", "2012-03-31": -11.153, "2011-12-31": -7.783, "2011-09-30": -15.485, "2011-06-30": "4.27500", "2011-03-31": -2.669, "2010-12-31": -8.821, "2010-09-30": -4.114, "2010-06-30": "-11.39700", "2010-03-31": -2.315, "2009-12-31": -2.286, "2009-09-30": -28.593, "2009-06-30": "-33.97500", "2009-03-31": -44.116, "2008-12-31": -8.586, "2008-09-30": -17.727, "2008-06-30": "1.96400", "2008-03-31": -29.187, "2007-12-31": 59.823, "2007-09-30": -31.434, "2007-06-30": "-5.35200", "2007-03-31": -29.662, "2006-12-31": -33.193, "2006-09-30": -58.33, "2006-06-30": "-6.67000", "2006-03-31": -8.743, "2005-12-31": -11.765, "2005-09-30": -15.938, "2005-06-30": "-31.32600", "2005-03-31": -60.526}, "Net Cash Flow": {"2020-12-31": -58.074, "2020-09-30": 6.417, "2020-06-30": "80.79300", "2020-03-31": -7.607, "2019-12-31": 72.571, "2019-09-30": 34.522, "2019-06-30": "10.56100", "2019-03-31": -8.459, "2018-12-31": 7.058, "2018-09-30": -43.085, "2018-06-30": "5.01900", "2018-03-31": 26.392, "2017-12-31": -9.38, "2017-09-30": 18.823, "2017-06-30": "5.67200", "2017-03-31": -158.104, "2016-12-31": 110.159, "2016-09-30": 45.326, "2016-06-30": "3.78900", "2016-03-31": -10.365, "2015-12-31": 9.408, "2015-09-30": -1.203, "2015-06-30": "0.03700", "2015-03-31": -6.183, "2014-12-31": 2.634, "2014-09-30": 4.522, "2014-06-30": "0.05900", "2014-03-31": -0.942, "2013-12-31": -3.204, "2013-09-30": 3.884, "2013-06-30": "2.84700", "2013-03-31": -5.35, "2012-12-31": 1.098, "2012-09-30": 4.442, "2012-06-30": "-2.77400", "2012-03-31": 2.802, "2011-12-31": -7.013, "2011-09-30": 7.214, "2011-06-30": "1.60400", "2011-03-31": -2.179, "2010-12-31": -3.948, "2010-09-30": 5.004, "2010-06-30": "1.58100", "2010-03-31": -21.026, "2009-12-31": 18.031, "2009-09-30": 3.372, "2009-06-30": "-16.75900", "2009-03-31": -30.026, "2008-12-31": 30.806, "2008-09-30": 2.499, "2008-06-30": "-4.44100", "2008-03-31": -46.86, "2007-12-31": 44.855, "2007-09-30": -2.498, "2007-06-30": "6.24800", "2007-03-31": -44.582, "2006-12-31": -14.52, "2006-09-30": -20.916, "2006-06-30": "42.46700", "2006-03-31": -5.408, "2005-12-31": 49.129, "2005-09-30": -3.533, "2005-06-30": "7.35700", "2005-03-31": 3.685}, "Stock-Based Compensation": {"2020-12-31": 3.782, "2020-09-30": 3.515, "2020-06-30": "4.76000", "2020-03-31": 3.416, "2019-12-31": 4.27, "2019-09-30": 3.918, "2019-06-30": "8.21900", "2019-03-31": 3.5, "2018-12-31": 4.05, "2018-09-30": 4.066, "2018-06-30": "3.49300", "2018-03-31": 3.189, "2017-12-31": 3.655, "2017-09-30": 3.836, "2017-06-30": "3.39900", "2017-03-31": 3.002, "2016-12-31": 2.909, "2016-09-30": 3.564, "2016-06-30": "2.59400", "2016-03-31": 5.053, "2015-12-31": 3.963, "2015-09-30": 4.312, "2015-06-30": "4.01800", "2015-03-31": 3.223, "2014-12-31": 3.105, "2014-09-30": 3.766, "2014-06-30": "2.93600", "2014-03-31": 2.649, "2013-12-31": 2.671, "2013-09-30": 3.011, "2013-06-30": "1.80500", "2013-03-31": 2.307, "2012-12-31": 2.556, "2012-09-30": 2.576, "2012-06-30": "1.56300", "2012-03-31": 1.467, "2011-12-31": 1.749, "2011-09-30": 1.458, "2011-06-30": "0.83500", "2011-03-31": 0.742, "2010-12-31": 0.784, "2010-09-30": 1.412, "2010-06-30": "0.64900", "2010-03-31": 0.347, "2009-12-31": 0.393, "2009-09-30": 1.035, "2009-06-30": "1.05000", "2009-03-31": 4.353, "2008-12-31": 2.198, "2008-09-30": 1.773, "2008-06-30": "0.86800", "2008-03-31": 1.135, "2007-12-31": 1.516, "2007-09-30": 2.324, "2007-06-30": "0.97400", "2007-03-31": 1.314, "2006-12-31": 1.513, "2006-09-30": 1.632, "2006-06-30": "1.06200", "2006-03-31": 0.682, "2005-12-31": -0.823, "2005-09-30": 2.404, "2005-06-30": "0.55700", "2005-03-31": 1.47}, "Common Stock Dividends Paid": {"2020-12-31": 0, "2020-09-30": 0, "2020-06-30": "-4.16300", "2020-03-31": -4.011, "2019-12-31": -4.316, "2019-09-30": -4.316, "2019-06-30": "-4.49900", "2019-03-31": -4.634, "2018-12-31": -4.711, "2018-09-30": -4.792, "2018-06-30": "-4.79000", "2018-03-31": -4.867, "2017-12-31": -4.862, "2017-09-30": -4.856, "2017-06-30": "-4.85300", "2017-03-31": -4.841, "2016-12-31": -4.823, "2016-09-30": -4.849, "2016-06-30": "-4.82800", "2016-03-31": -4.942, "2015-12-31": -5.017, "2015-09-30": -5.036, "2015-06-30": "-5.02500", "2015-03-31": -5.028, "2014-12-31": -5.025, "2014-09-30": -5.014, "2014-06-30": "-5.00500", "2014-03-31": -4.996, "2013-12-31": -4.993, "2013-09-30": -4.956, "2013-06-30": "-4.95400", "2013-03-31": -4.932, "2012-12-31": -4.544, "2012-09-30": -4.536, "2012-06-30": "-4.52100", "2012-03-31": -4.452, "2011-12-31": -4.449, "2011-09-30": -4.449, "2011-06-30": "-4.52600", "2011-03-31": -4.42, "2010-12-31": -4.417, "2010-09-30": -4.416, "2010-06-30": "-4.38100", "2010-03-31": -4.381, "2009-12-31": -4.375, "2009-09-30": -4.361, "2009-06-30": "-4.35400", "2009-03-31": -4.354, "2008-12-31": -8.709, "2008-09-30": -8.697, "2008-06-30": "-8.68100", "2008-03-31": -8.807, "2007-12-31": -8.806, "2007-09-30": -9.606, "2007-06-30": "-8.38100", "2007-03-31": -8.455, "2006-12-31": -8.585, "2006-09-30": -8.821, "2006-06-30": "-8.80400", "2006-03-31": -5.121, "2005-12-31": -5.323, "2005-09-30": -5.388, "2005-06-30": "-5.48000", "2005-03-31": -22.203}}, "financial ratios": {"Current Ratio": {"2020-03-31": "3.99660", "2019-03-31": "2.38450", "2018-03-31": "2.55810", "2017-03-31": "1.74550", "2016-03-31": "3.15120", "2015-03-31": "1.97410", "2014-03-31": "2.82080", "2013-03-31": "2.60670", "2012-03-31": "2.49010", "2011-03-31": "2.51170", "2010-03-31": "2.24350", "2009-03-31": "2.72820", "2008-03-31": "1.79810", "2007-03-31": "1.60710", "2006-03-31": "2.06320", "2005-03-31": "1.16240"}, "Long-term Debt / Capital": {"2020-03-31": "0.61820", "2019-03-31": "0.35130", "2018-03-31": "0.30460", "2017-03-31": "0.33460", "2016-03-31": "0.32440", "2015-03-31": "0.31080", "2014-03-31": "0.30900", "2013-03-31": "0.41270", "2012-03-31": "0.35690", "2011-03-31": "0.38340", "2010-03-31": "0.40150", "2009-03-31": "0.45350", "2008-03-31": "0.49650", "2007-03-31": "0.26810", "2006-03-31": "0.30090", "2005-03-31": "0.10010"}, "Debt/Equity Ratio": {"2020-03-31": "1.61940", "2019-03-31": "0.57180", "2018-03-31": "0.43800", "2017-03-31": "0.57040", "2016-03-31": "0.48790", "2015-03-31": "0.50740", "2014-03-31": "0.45850", "2013-03-31": "0.70280", "2012-03-31": "0.56490", "2011-03-31": "0.62190", "2010-03-31": "0.67090", "2009-03-31": "0.82980", "2008-03-31": "0.98600", "2007-03-31": "0.36630", "2006-03-31": "0.43040", "2005-03-31": "0.17470"}, "Gross Margin": {"2020-03-31": "22.83280", "2019-03-31": "23.43950", "2018-03-31": "24.43210", "2017-03-31": "25.76290", "2016-03-31": "20.25520", "2015-03-31": "23.83160", "2014-03-31": "20.64340", "2013-03-31": "16.06770", "2012-03-31": "8.17680", "2011-03-31": "7.69770", "2010-03-31": "11.08620", "2009-03-31": "12.02450", "2008-03-31": "19.87930", "2007-03-31": "32.23070", "2006-03-31": "27.55140", "2005-03-31": "23.47580"}, "Operating Margin": {"2020-03-31": "21.25960", "2019-03-31": "23.52520", "2018-03-31": "24.59180", "2017-03-31": "26.46020", "2016-03-31": "20.42050", "2015-03-31": "24.81980", "2014-03-31": "22.27150", "2013-03-31": "15.55010", "2012-03-31": "10.04880", "2011-03-31": "7.20110", "2010-03-31": "16.92460", "2009-03-31": "18.04340", "2008-03-31": "22.11940", "2007-03-31": "30.02510", "2006-03-31": "25.64730", "2005-03-31": "21.80840"}, "EBIT Margin": {"2020-03-31": "21.25960", "2019-03-31": "23.52520", "2018-03-31": "24.59180", "2017-03-31": "26.46020", "2016-03-31": "20.42050", "2015-03-31": "24.81980", "2014-03-31": "22.27150", "2013-03-31": "15.55010", "2012-03-31": "10.04880", "2011-03-31": "7.20110", "2010-03-31": "16.92460", "2009-03-31": "18.04340", "2008-03-31": "22.11940", "2007-03-31": "30.02510", "2006-03-31": "25.64730", "2005-03-31": "21.80840"}, "EBITDA Margin": {"2020-03-31": "29.08400", "2019-03-31": "32.32010", "2018-03-31": "32.81490", "2017-03-31": "34.03860", "2016-03-31": "28.91250", "2015-03-31": "31.97480", "2014-03-31": "30.06550", "2013-03-31": "24.39750", "2012-03-31": "20.17440", "2011-03-31": "17.84890", "2010-03-31": "27.77740", "2009-03-31": "26.60230", "2008-03-31": "28.11520", "2007-03-31": "34.36600", "2006-03-31": "30.13710", "2005-03-31": "27.40350"}, "Pre-Tax Profit Margin": {"2020-03-31": "3.15160", "2019-03-31": "5.72300", "2018-03-31": "19.61470", "2017-03-31": "24.31590", "2016-03-31": "19.17390", "2015-03-31": "23.71860", "2014-03-31": "20.23650", "2013-03-31": "13.08760", "2012-03-31": "4.42650", "2011-03-31": "3.62670", "2010-03-31": "8.39850", "2009-03-31": "10.38840", "2008-03-31": "19.30210", "2007-03-31": "32.98870", "2006-03-31": "28.04060", "2005-03-31": "25.64130"}, "Net Profit Margin": {"2020-03-31": "4.88650", "2019-03-31": "4.94240", "2018-03-31": "18.50910", "2017-03-31": "16.36520", "2016-03-31": "13.34440", "2015-03-31": "17.52240", "2014-03-31": "13.82940", "2013-03-31": "8.98650", "2012-03-31": "3.78410", "2011-03-31": "3.21280", "2010-03-31": "6.18720", "2009-03-31": "6.97720", "2008-03-31": "13.07020", "2007-03-31": "21.97140", "2006-03-31": "18.72560", "2005-03-31": "17.30410"}, "Asset Turnover": {"2020-03-31": "0.49000", "2019-03-31": "0.64230", "2018-03-31": "0.58550", "2017-03-31": "0.53900", "2016-03-31": "0.60710", "2015-03-31": "0.56710", "2014-03-31": "0.59440", "2013-03-31": "0.43530", "2012-03-31": "0.50250", "2011-03-31": "0.46880", "2010-03-31": "0.46150", "2009-03-31": "0.56120", "2008-03-31": "0.66920", "2007-03-31": "0.94950", "2006-03-31": "0.96710", "2005-03-31": "0.79040"}, "Inventory Turnover Ratio": {"2020-03-31": "4.10830", "2019-03-31": "3.87610", "2018-03-31": "4.05860", "2017-03-31": "3.55620", "2016-03-31": "3.74340", "2015-03-31": "3.44950", "2014-03-31": "3.81050", "2013-03-31": "3.44880", "2012-03-31": "3.67740", "2011-03-31": "3.70200", "2010-03-31": "3.92960", "2009-03-31": "4.91860", "2008-03-31": "6.07110", "2007-03-31": "7.92190", "2006-03-31": "9.18660", "2005-03-31": "7.43210"}, "Receiveable Turnover": {"2020-03-31": "5.17780", "2019-03-31": "10.38170", "2018-03-31": "9.40430", "2017-03-31": "8.88560", "2016-03-31": "9.08660", "2015-03-31": "9.38890", "2014-03-31": "8.72930", "2013-03-31": "7.14070", "2012-03-31": "8.63460", "2011-03-31": "8.72980", "2010-03-31": "9.41060", "2009-03-31": "13.52390", "2008-03-31": "11.88300", "2007-03-31": "11.90410", "2006-03-31": "9.20000", "2005-03-31": "8.68960"}, "Days Sales In Receivables": {"2020-03-31": "70.49330", "2019-03-31": "35.15810", "2018-03-31": "38.81210", "2017-03-31": "41.07780", "2016-03-31": "40.16910", "2015-03-31": "38.87550", "2014-03-31": "41.81310", "2013-03-31": "51.11550", "2012-03-31": "42.27170", "2011-03-31": "41.81100", "2010-03-31": "38.78600", "2009-03-31": "26.98930", "2008-03-31": "30.71620", "2007-03-31": "30.66170", "2006-03-31": "39.67400", "2005-03-31": "42.00450"}, "ROE - Return On Equity": {"2020-03-31": "7.32490", "2019-03-31": "5.69330", "2018-03-31": "18.10210", "2017-03-31": "16.47090", "2016-03-31": "14.66480", "2015-03-31": "18.48940", "2014-03-31": "14.94210", "2013-03-31": "8.29450", "2012-03-31": "3.96440", "2011-03-31": "3.21750", "2010-03-31": "6.40990", "2009-03-31": "9.76190", "2008-03-31": "24.09940", "2007-03-31": "37.11480", "2006-03-31": "34.63970", "2005-03-31": "21.98060"}, "Return On Tangible Equity": {"2020-03-31": "12.40750", "2019-03-31": "7.02390", "2018-03-31": "21.77900", "2017-03-31": "20.47830", "2016-03-31": "17.44500", "2015-03-31": "23.37340", "2014-03-31": "18.52140", "2013-03-31": "10.81810", "2012-03-31": "5.82450", "2011-03-31": "4.79040", "2010-03-31": "9.66700", "2009-03-31": "15.18610", "2008-03-31": "38.76020", "2007-03-31": "42.59190", "2006-03-31": "40.56200", "2005-03-31": "25.49830"}, "ROA - Return On Assets": {"2020-03-31": "2.39420", "2019-03-31": "3.17450", "2018-03-31": "10.83750", "2017-03-31": "8.82100", "2016-03-31": "8.10090", "2015-03-31": "9.93730", "2014-03-31": "8.21970", "2013-03-31": "3.91160", "2012-03-31": "1.90140", "2011-03-31": "1.50630", "2010-03-31": "2.85570", "2009-03-31": "3.91540", "2008-03-31": "8.74710", "2007-03-31": "20.86290", "2006-03-31": "18.11020", "2005-03-31": "13.67780"}, "ROI - Return On Investment": {"2020-03-31": "2.79640", "2019-03-31": "3.69310", "2018-03-31": "12.58860", "2017-03-31": "10.95920", "2016-03-31": "9.90700", "2015-03-31": "12.74310", "2014-03-31": "10.32560", "2013-03-31": "4.87110", "2012-03-31": "2.54940", "2011-03-31": "1.98380", "2010-03-31": "3.83620", "2009-03-31": "5.33500", "2008-03-31": "12.13470", "2007-03-31": "27.16510", "2006-03-31": "24.21770", "2005-03-31": "19.78000"}, "Book Value Per Share": {"2020-03-31": "23.23810", "2019-03-31": "26.80780", "2018-03-31": "29.36210", "2017-03-31": "24.83750", "2016-03-31": "21.44230", "2015-03-31": "20.11330", "2014-03-31": "16.61240", "2013-03-31": "14.06320", "2012-03-31": "10.43790", "2011-03-31": "10.38350", "2010-03-31": "10.30430", "2009-03-31": "9.81480", "2008-03-31": "9.34120", "2007-03-31": "11.39760", "2006-03-31": "9.23580", "2005-03-31": "8.87720"}, "Operating Cash Flow Per Share": {"2020-03-31": 1.9794, "2019-03-31": 0.5224, "2018-03-31": 0.0846, "2017-03-31": 1.5489, "2016-03-31": 0.66, "2015-03-31": 1.231, "2014-03-31": 0.7889, "2013-03-31": 1.2609, "2012-03-31": 0.3708, "2011-03-31": -0.4699, "2010-03-31": -0.3431, "2009-03-31": -0.4609, "2008-03-31": -2.5991, "2007-03-31": 1.3394, "2006-03-31": 0.7167, "2005-03-31": 2.8131}, "Free Cash Flow Per Share": {"2020-03-31": 2.4141, "2019-03-31": -0.3147, "2018-03-31": -1.4507, "2017-03-31": 2.1603, "2016-03-31": 1.0862, "2015-03-31": 0.2073, "2014-03-31": 0.7174, "2013-03-31": 0.7275, "2012-03-31": 0.1602, "2011-03-31": -0.5328, "2010-03-31": -0.3805, "2009-03-31": 1.3627, "2008-03-31": -1.949, "2007-03-31": -0.0422, "2006-03-31": -0.2504, "2005-03-31": 2.4127}}, "financial ratios, quarterly": {"Current Ratio": {"2020-12-31": "3.24150", "2020-09-30": "3.97590", "2020-06-30": "3.85730", "2020-03-31": "3.99660", "2019-12-31": "3.10910", "2019-09-30": "2.50060", "2019-06-30": "2.41770", "2019-03-31": "2.38450", "2018-12-31": "2.26190", "2018-09-30": "2.82540", "2018-06-30": "2.61140", "2018-03-31": "2.55810", "2017-12-31": "2.43560", "2017-09-30": "2.01800", "2017-06-30": "1.83670", "2017-03-31": "1.74550", "2016-12-31": "2.44650", "2016-09-30": "3.50140", "2016-06-30": "3.34440", "2016-03-31": "3.15120", "2015-12-31": "3.14790", "2015-09-30": "2.16080", "2015-06-30": "2.33710", "2015-03-31": "1.97410", "2014-12-31": "2.10440", "2014-09-30": "2.56500", "2014-06-30": "2.71310", "2014-03-31": "2.82080", "2013-12-31": "2.73050", "2013-09-30": "2.95700", "2013-06-30": "2.91940", "2013-03-31": "2.60670", "2012-12-31": "2.20300", "2012-09-30": "2.07360", "2012-06-30": "2.50860", "2012-03-31": "2.49010", "2011-12-31": "2.19310", "2011-09-30": "2.46520", "2011-06-30": "2.79070", "2011-03-31": "2.51170", "2010-12-31": "2.40700", "2010-09-30": "2.03060", "2010-06-30": "2.09190", "2010-03-31": "2.24350", "2009-12-31": "2.82320", "2009-09-30": "2.26550", "2009-06-30": "2.44810", "2009-03-31": "2.72820", "2008-12-31": "2.69310", "2008-09-30": "2.09850", "2008-06-30": "1.88860", "2008-03-31": "1.79810", "2007-12-31": "1.95980", "2007-09-30": "1.07500", "2007-06-30": "1.24600", "2007-03-31": "1.60710", "2006-12-31": "1.77880", "2006-09-30": "1.98640", "2006-06-30": "2.05330", "2006-03-31": "2.06320", "2005-12-31": "1.80810", "2005-09-30": "1.11640", "2005-06-30": "1.07320", "2005-03-31": "1.16240"}, "Long-term Debt / Capital": {"2020-12-31": "0.44430", "2020-09-30": "0.51750", "2020-06-30": "0.58280", "2020-03-31": "0.61820", "2019-12-31": "0.50910", "2019-09-30": "0.47930", "2019-06-30": "0.44330", "2019-03-31": "0.35130", "2018-12-31": "0.29350", "2018-09-30": "0.30590", "2018-06-30": "0.31260", "2018-03-31": "0.30460", "2017-12-31": "0.28550", "2017-09-30": "0.30480", "2017-06-30": "0.31620", "2017-03-31": "0.33460", "2016-12-31": "0.24620", "2016-09-30": "0.29560", "2016-06-30": "0.31720", "2016-03-31": "0.32440", "2015-12-31": "0.31950", "2015-09-30": "0.29740", "2015-06-30": "0.30810", "2015-03-31": "0.31080", "2014-12-31": "0.32130", "2014-09-30": "0.24710", "2014-06-30": "0.29240", "2014-03-31": "0.30900", "2013-12-31": "0.32210", "2013-09-30": "0.37330", "2013-06-30": "0.40670", "2013-03-31": "0.41270", "2012-12-31": "0.41280", "2012-09-30": "0.29710", "2012-06-30": "0.34000", "2012-03-31": "0.35690", "2011-12-31": "0.37410", "2011-09-30": "0.38170", "2011-06-30": "0.39220", "2011-03-31": "0.38340", "2010-12-31": "0.38220", "2010-09-30": "0.37930", "2010-06-30": "0.38610", "2010-03-31": "0.40150", "2009-12-31": "0.40040", "2009-09-30": "0.40190", "2009-06-30": "0.42660", "2009-03-31": "0.45350", "2008-12-31": "0.48470", "2008-09-30": "0.49020", "2008-06-30": "0.50220", "2008-03-31": "0.49650", "2007-12-31": "0.47920", "2007-09-30": "0.43260", "2007-06-30": "0.26860", "2007-03-31": "0.26810", "2006-12-31": "0.27130", "2006-09-30": "0.27480", "2006-06-30": "0.27850", "2006-03-31": "0.30090", "2005-12-31": "0.31590", "2005-09-30": "0.08090", "2005-06-30": "0.10240", "2005-03-31": "0.10010"}, "Debt/Equity Ratio": {"2020-12-31": "0.79950", "2020-09-30": "1.07250", "2020-06-30": "1.39710", "2020-03-31": "1.61940", "2019-12-31": "1.03710", "2019-09-30": "0.95660", "2019-06-30": "0.83080", "2019-03-31": "0.57180", "2018-12-31": "0.44100", "2018-09-30": "0.44060", "2018-06-30": "0.45480", "2018-03-31": "0.43800", "2017-12-31": "0.39950", "2017-09-30": "0.50040", "2017-06-30": "0.52720", "2017-03-31": "0.57040", "2016-12-31": "0.39650", "2016-09-30": "0.42700", "2016-06-30": "0.47210", "2016-03-31": "0.48790", "2015-12-31": "0.47720", "2015-09-30": "0.47650", "2015-06-30": "0.49970", "2015-03-31": "0.50740", "2014-12-31": "0.53210", "2014-09-30": "0.33850", "2014-06-30": "0.42420", "2014-03-31": "0.45850", "2013-12-31": "0.48700", "2013-09-30": "0.59560", "2013-06-30": "0.68540", "2013-03-31": "0.70280", "2012-12-31": "0.70290", "2012-09-30": "0.43200", "2012-06-30": "0.52470", "2012-03-31": "0.56490", "2011-12-31": "0.60780", "2011-09-30": "0.61720", "2011-06-30": "0.64520", "2011-03-31": "0.62190", "2010-12-31": "0.61860", "2010-09-30": "0.63260", "2010-06-30": "0.65110", "2010-03-31": "0.67090", "2009-12-31": "0.66780", "2009-09-30": "0.67200", "2009-06-30": "0.74400", "2009-03-31": "0.82980", "2008-12-31": "0.94060", "2008-09-30": "0.96150", "2008-06-30": "1.00900", "2008-03-31": "0.98600", "2007-12-31": "0.92010", "2007-09-30": "0.76260", "2007-06-30": "0.36730", "2007-03-31": "0.36630", "2006-12-31": "0.37220", "2006-09-30": "0.37890", "2006-06-30": "0.38590", "2006-03-31": "0.43040", "2005-12-31": "0.46180", "2005-09-30": "0.18220", "2005-06-30": "0.19590", "2005-03-31": "0.17470"}, "Gross Margin": {"2020-12-31": "28.01790", "2020-09-30": "27.44100", "2020-06-30": "23.59210", "2020-03-31": "15.94980", "2019-12-31": "27.18050", "2019-09-30": "27.21630", "2019-06-30": "20.32640", "2019-03-31": "19.87420", "2018-12-31": "24.12980", "2018-09-30": "25.67010", "2018-06-30": "23.27180", "2018-03-31": "21.55750", "2017-12-31": "26.31430", "2017-09-30": "25.71090", "2017-06-30": "23.50560", "2017-03-31": "22.06970", "2016-12-31": "28.89600", "2016-09-30": "27.41860", "2016-06-30": "24.18620", "2016-03-31": "22.75040", "2015-12-31": "24.82440", "2015-09-30": "13.46370", "2015-06-30": "21.44030", "2015-03-31": "19.44860", "2014-12-31": "27.14960", "2014-09-30": "26.35490", "2014-06-30": "21.18340", "2014-03-31": "15.54970", "2013-12-31": "21.78560", "2013-09-30": "23.54240", "2013-06-30": "20.52640", "2013-03-31": "10.43130", "2012-12-31": "18.97560", "2012-09-30": "19.73110", "2012-06-30": "14.86410", "2012-03-31": "12.77040", "2011-12-31": "10.09010", "2011-09-30": "6.46570", "2011-06-30": "3.65000", "2011-03-31": "-2.35160", "2010-12-31": "7.54790", "2010-09-30": "10.25390", "2010-06-30": "12.56250", "2010-03-31": "8.48990", "2009-12-31": "7.95190", "2009-09-30": "11.26170", "2009-06-30": "15.43840", "2009-03-31": "9.30350", "2008-12-31": "15.00410", "2008-09-30": "14.77310", "2008-06-30": "8.53600", "2008-03-31": "5.68390", "2007-12-31": "18.68790", "2007-09-30": "24.11070", "2007-06-30": "25.98160", "2007-03-31": "27.44660", "2006-12-31": "28.20910", "2006-09-30": "36.82330", "2006-06-30": "34.54230", "2006-03-31": "29.37080", "2005-12-31": "27.59950", "2005-09-30": "28.99350", "2005-06-30": "23.97140", "2005-03-31": "23.66180"}, "Operating Margin": {"2020-12-31": "28.27810", "2020-09-30": "27.30210", "2020-06-30": "33.37040", "2020-03-31": "13.48060", "2019-12-31": "26.48880", "2019-09-30": "27.08750", "2019-06-30": "17.19040", "2019-03-31": "20.01360", "2018-12-31": "24.15950", "2018-09-30": "25.84800", "2018-06-30": "23.27660", "2018-03-31": "30.89570", "2017-12-31": "16.15070", "2017-09-30": "28.88780", "2017-06-30": "23.55940", "2017-03-31": "19.82030", "2016-12-31": "32.75620", "2016-09-30": "28.56660", "2016-06-30": "23.92470", "2016-03-31": "18.02350", "2015-12-31": "29.02250", "2015-09-30": "14.34160", "2015-06-30": "21.18560", "2015-03-31": "16.68830", "2014-12-31": "28.11620", "2014-09-30": "27.55470", "2014-06-30": "25.11920", "2014-03-31": "15.17320", "2013-12-31": "23.29770", "2013-09-30": "25.12730", "2013-06-30": "23.99620", "2013-03-31": "9.73880", "2012-12-31": "18.90030", "2012-09-30": "17.98080", "2012-06-30": "15.37180", "2012-03-31": "21.43050", "2011-12-31": "5.49610", "2011-09-30": "9.12040", "2011-06-30": "4.69420", "2011-03-31": "-11.98350", "2010-12-31": "10.86550", "2010-09-30": "10.19340", "2010-06-30": "15.25830", "2010-03-31": "44.08850", "2009-12-31": "5.02440", "2009-09-30": "11.20090", "2009-06-30": "12.14740", "2009-03-31": "57.04760", "2008-12-31": "11.27480", "2008-09-30": "12.02620", "2008-06-30": "6.24250", "2008-03-31": "27.41810", "2007-12-31": "16.20240", "2007-09-30": "21.38050", "2007-06-30": "24.01680", "2007-03-31": "24.67780", "2006-12-31": "25.58420", "2006-09-30": "34.82190", "2006-06-30": "32.89640", "2006-03-31": "27.05940", "2005-12-31": "25.62180", "2005-09-30": "27.20670", "2005-06-30": "22.45680", "2005-03-31": "22.42070"}, "EBIT Margin": {"2020-12-31": "28.27810", "2020-09-30": "27.30210", "2020-06-30": "33.37040", "2020-03-31": "13.48060", "2019-12-31": "26.48880", "2019-09-30": "27.08750", "2019-06-30": "17.19040", "2019-03-31": "20.01360", "2018-12-31": "24.15950", "2018-09-30": "25.84800", "2018-06-30": "23.27660", "2018-03-31": "30.89570", "2017-12-31": "16.15070", "2017-09-30": "28.88780", "2017-06-30": "23.55940", "2017-03-31": "19.82040", "2016-12-31": "32.75620", "2016-09-30": "28.56660", "2016-06-30": "23.92470", "2016-03-31": "18.02350", "2015-12-31": "29.02250", "2015-09-30": "14.34160", "2015-06-30": "21.18560", "2015-03-31": "16.68830", "2014-12-31": "28.11620", "2014-09-30": "27.55470", "2014-06-30": "25.11920", "2014-03-31": "15.17320", "2013-12-31": "23.29770", "2013-09-30": "25.12730", "2013-06-30": "23.99620", "2013-03-31": "9.73870", "2012-12-31": "18.90030", "2012-09-30": "17.98080", "2012-06-30": "15.37180", "2012-03-31": "21.43050", "2011-12-31": "5.49610", "2011-09-30": "9.12040", "2011-06-30": "4.69420", "2011-03-31": "-11.98350", "2010-12-31": "10.86550", "2010-09-30": "10.19340", "2010-06-30": "15.25830", "2010-03-31": "44.08850", "2009-12-31": "5.02440", "2009-09-30": "11.20090", "2009-06-30": "12.14740", "2009-03-31": "57.04760", "2008-12-31": "11.27480", "2008-09-30": "12.02620", "2008-06-30": "6.24250", "2008-03-31": "27.41810", "2007-12-31": "16.20240", "2007-09-30": "21.38050", "2007-06-30": "24.01680", "2007-03-31": "24.67780", "2006-12-31": "25.58420", "2006-09-30": "34.82190", "2006-06-30": "32.89640", "2006-03-31": "27.05940", "2005-12-31": "25.62180", "2005-09-30": "27.20670", "2005-06-30": "22.45680", "2005-03-31": "22.42070"}, "EBITDA Margin": {"2020-12-31": "", "2020-09-30": "", "2020-06-30": "", "2020-03-31": "", "2019-12-31": "", "2019-09-30": "", "2019-06-30": "", "2019-03-31": "", "2018-12-31": "", "2018-09-30": "", "2018-06-30": "", "2018-03-31": "", "2017-12-31": "", "2017-09-30": "", "2017-06-30": "", "2017-03-31": "", "2016-12-31": "", "2016-09-30": "", "2016-06-30": "", "2016-03-31": "", "2015-12-31": "", "2015-09-30": "", "2015-06-30": "", "2015-03-31": "", "2014-12-31": "", "2014-09-30": "", "2014-06-30": "", "2014-03-31": "", "2013-12-31": "", "2013-09-30": "", "2013-06-30": "", "2013-03-31": "", "2012-12-31": "", "2012-09-30": "", "2012-06-30": "", "2012-03-31": "", "2011-12-31": "", "2011-09-30": "", "2011-06-30": "", "2011-03-31": "", "2010-12-31": "", "2010-09-30": "", "2010-06-30": "", "2010-03-31": "", "2009-12-31": "", "2009-09-30": "", "2009-06-30": "", "2009-03-31": "", "2008-12-31": "", "2008-09-30": "", "2008-06-30": "", "2008-03-31": "", "2007-12-31": "", "2007-09-30": "", "2007-06-30": "", "2007-03-31": "", "2006-12-31": "", "2006-09-30": "", "2006-06-30": "", "2006-03-31": "", "2005-12-31": "", "2005-09-30": "", "2005-06-30": "", "2005-03-31": ""}, "Pre-Tax Profit Margin": {"2020-12-31": "25.96510", "2020-09-30": "24.49740", "2020-06-30": "30.09000", "2020-03-31": "-48.60100", "2019-12-31": "16.37690", "2019-09-30": "24.55680", "2019-06-30": "14.80340", "2019-03-31": "-60.27270", "2018-12-31": "22.35860", "2018-09-30": "24.06110", "2018-06-30": "21.59230", "2018-03-31": "17.11370", "2017-12-31": "14.29940", "2017-09-30": "24.53240", "2017-06-30": "21.72230", "2017-03-31": "19.44320", "2016-12-31": "27.67540", "2016-09-30": "26.86630", "2016-06-30": "22.61350", "2016-03-31": "20.75180", "2015-12-31": "24.58640", "2015-09-30": "13.02180", "2015-06-30": "19.61130", "2015-03-31": "19.97410", "2014-12-31": "26.70950", "2014-09-30": "26.18500", "2014-06-30": "20.95240", "2014-03-31": "15.67560", "2013-12-31": "21.34200", "2013-09-30": "23.22930", "2013-06-30": "19.60680", "2013-03-31": "6.75980", "2012-12-31": "16.57190", "2012-09-30": "15.86610", "2012-06-30": "12.92760", "2012-03-31": "10.82610", "2011-12-31": "0.39560", "2011-09-30": "5.74030", "2011-06-30": "0.86720", "2011-03-31": "-15.56500", "2010-12-31": "6.37340", "2010-09-30": "7.81100", "2010-06-30": "11.21380", "2010-03-31": "1.74050", "2009-12-31": "5.23010", "2009-09-30": "10.81300", "2009-06-30": "13.45250", "2009-03-31": "11.86220", "2008-12-31": "12.00760", "2008-09-30": "12.43140", "2008-06-30": "6.18320", "2008-03-31": "4.59330", "2007-12-31": "18.53940", "2007-09-30": "23.76240", "2007-06-30": "25.18390", "2007-03-31": "28.15150", "2006-12-31": "28.64470", "2006-09-30": "38.67620", "2006-06-30": "34.52500", "2006-03-31": "29.91310", "2005-12-31": "27.83070", "2005-09-30": "29.63650", "2005-06-30": "24.50320", "2005-03-31": "25.26670"}, "Net Profit Margin": {"2020-12-31": "20.06420", "2020-09-30": "21.45130", "2020-06-30": "22.47700", "2020-03-31": "21.50860", "2019-12-31": "-33.42980", "2019-09-30": "17.92280", "2019-06-30": "11.14530", "2019-03-31": "-44.88820", "2018-12-31": "17.31700", "2018-09-30": "19.03100", "2018-06-30": "16.84770", "2018-03-31": "12.99840", "2017-12-31": "28.21040", "2017-09-30": "16.83750", "2017-06-30": "14.99010", "2017-03-31": "13.00890", "2016-12-31": "18.64680", "2016-09-30": "18.10780", "2016-06-30": "15.24150", "2016-03-31": "15.53270", "2015-12-31": "16.52720", "2015-09-30": "9.06390", "2015-06-30": "13.25150", "2015-03-31": "20.91070", "2014-12-31": "17.84730", "2014-09-30": "17.66770", "2014-06-30": "14.16330", "2014-03-31": "11.91090", "2013-12-31": "13.81960", "2013-09-30": "15.79400", "2013-06-30": "13.25780", "2013-03-31": "4.92280", "2012-12-31": "10.91400", "2012-09-30": "10.90310", "2012-06-30": "9.07410", "2012-03-31": "7.70800", "2011-12-31": "2.34390", "2011-09-30": "4.46900", "2011-06-30": "0.67360", "2011-03-31": "-11.32720", "2010-12-31": "5.29120", "2010-09-30": "7.28800", "2010-06-30": "8.04850", "2010-03-31": "1.97560", "2009-12-31": "4.48110", "2009-09-30": "7.54210", "2009-06-30": "9.32670", "2009-03-31": "6.69430", "2008-12-31": "8.16880", "2008-09-30": "8.74340", "2008-06-30": "4.42870", "2008-03-31": "2.26490", "2007-12-31": "12.98170", "2007-09-30": "16.41050", "2007-06-30": "16.96150", "2007-03-31": "19.06350", "2006-12-31": "19.10410", "2006-09-30": "25.77130", "2006-06-30": "22.73000", "2006-03-31": "19.75000", "2005-12-31": "18.43230", "2005-09-30": "19.53340", "2005-06-30": "17.04510", "2005-03-31": "17.92660"}, "Asset Turnover": {"2020-12-31": "0.14850", "2020-09-30": "0.15590", "2020-06-30": "0.14200", "2020-03-31": "0.11370", "2019-12-31": "0.16100", "2019-09-30": "0.17220", "2019-06-30": "0.16330", "2019-03-31": "0.13120", "2018-12-31": "0.14150", "2018-09-30": "0.16030", "2018-06-30": "0.16220", "2018-03-31": "0.12020", "2017-12-31": "0.15570", "2017-09-30": "0.16210", "2017-06-30": "0.16060", "2017-03-31": "0.12400", "2016-12-31": "0.15320", "2016-09-30": "0.17430", "2016-06-30": "0.15750", "2016-03-31": "0.13390", "2015-12-31": "0.14690", "2015-09-30": "0.17130", "2015-06-30": "0.14930", "2015-03-31": "0.11900", "2014-12-31": "0.15690", "2014-09-30": "0.18320", "2014-06-30": "0.17240", "2014-03-31": "0.12560", "2013-12-31": "0.15380", "2013-09-30": "0.16730", "2013-06-30": "0.14980", "2013-03-31": "0.10780", "2012-12-31": "0.11310", "2012-09-30": "0.16890", "2012-06-30": "0.15710", "2012-03-31": "0.11860", "2011-12-31": "0.12550", "2011-09-30": "0.13620", "2011-06-30": "0.12160", "2011-03-31": "0.09680", "2010-12-31": "0.10490", "2010-09-30": "0.13210", "2010-06-30": "0.12960", "2010-03-31": "0.09610", "2009-12-31": "0.10180", "2009-09-30": "0.13330", "2009-06-30": "0.12200", "2009-03-31": "0.09850", "2008-12-31": "0.12470", "2008-09-30": "0.16140", "2008-06-30": "0.15820", "2008-03-31": "0.12820", "2007-12-31": "0.15410", "2007-09-30": "0.19260", "2007-06-30": "0.20380", "2007-03-31": "0.19740", "2006-12-31": "0.22220", "2006-09-30": "0.26580", "2006-06-30": "0.26860", "2006-03-31": "0.24930", "2005-12-31": "0.24490", "2005-09-30": "0.27090", "2005-06-30": "0.25660", "2005-03-31": "0.19660"}, "Inventory Turnover Ratio": {"2020-12-31": "1.27390", "2020-09-30": "1.43030", "2020-06-30": "1.34520", "2020-03-31": "1.04010", "2019-12-31": "1.06590", "2019-09-30": "1.20670", "2019-06-30": "1.12010", "2019-03-31": "0.82890", "2018-12-31": "1.00640", "2018-09-30": "1.18710", "2018-06-30": "1.25360", "2018-03-31": "0.86510", "2017-12-31": "1.10510", "2017-09-30": "1.16880", "2017-06-30": "1.14360", "2017-03-31": "0.85890", "2016-12-31": "0.96510", "2016-09-30": "1.10970", "2016-06-30": "0.93590", "2016-03-31": "0.79960", "2015-12-31": "0.89720", "2015-09-30": "1.26720", "2015-06-30": "0.95370", "2015-03-31": "0.76550", "2014-12-31": "1.02580", "2014-09-30": "1.09980", "2014-06-30": "1.15010", "2014-03-31": "0.85710", "2013-12-31": "1.02930", "2013-09-30": "1.19170", "2013-06-30": "1.09890", "2013-03-31": "0.91140", "2012-12-31": "0.99260", "2012-09-30": "1.21250", "2012-06-30": "1.14600", "2012-03-31": "0.82430", "2011-12-31": "0.97810", "2011-09-30": "1.16590", "2011-06-30": "1.01150", "2011-03-31": "0.84720", "2010-12-31": "0.86500", "2010-09-30": "1.15190", "2010-06-30": "1.07380", "2010-03-31": "0.84180", "2009-12-31": "0.96690", "2009-09-30": "1.28830", "2009-06-30": "1.03540", "2009-03-31": "0.88960", "2008-12-31": "1.14580", "2008-09-30": "1.47810", "2008-06-30": "1.55530", "2008-03-31": "1.36930", "2007-12-31": "1.63580", "2007-09-30": "1.96520", "2007-06-30": "2.00390", "2007-03-31": "1.76340", "2006-12-31": "2.30650", "2006-09-30": "2.39540", "2006-06-30": "2.52480", "2006-03-31": "2.30860", "2005-12-31": "2.28190", "2005-09-30": "2.58470", "2005-06-30": "2.78140", "2005-03-31": "1.84390"}, "Receiveable Turnover": {"2020-12-31": "2.80300", "2020-09-30": "2.17520", "2020-06-30": "1.34480", "2020-03-31": "1.22800", "2019-12-31": "2.44440", "2019-09-30": "2.19260", "2019-06-30": "2.12650", "2019-03-31": "2.12140", "2018-12-31": "2.48370", "2018-09-30": "2.11390", "2018-06-30": "2.05730", "2018-03-31": "1.93110", "2017-12-31": "2.50150", "2017-09-30": "2.22510", "2017-06-30": "2.09210", "2017-03-31": "2.04430", "2016-12-31": "2.62320", "2016-09-30": "2.12850", "2016-06-30": "2.09070", "2016-03-31": "2.00350", "2015-12-31": "2.54090", "2015-09-30": "2.12310", "2015-06-30": "2.10000", "2015-03-31": "1.97030", "2014-12-31": "2.13070", "2014-09-30": "2.14430", "2014-06-30": "1.98530", "2014-03-31": "1.84510", "2013-12-31": "2.37460", "2013-09-30": "2.10980", "2013-06-30": "1.92680", "2013-03-31": "1.76830", "2012-12-31": "1.90260", "2012-09-30": "2.22310", "2012-06-30": "2.10140", "2012-03-31": "2.03730", "2011-12-31": "1.94330", "2011-09-30": "1.89530", "2011-06-30": "2.01130", "2011-03-31": "1.80160", "2010-12-31": "2.45820", "2010-09-30": "2.31340", "2010-06-30": "2.44140", "2010-03-31": "1.95860", "2009-12-31": "2.73190", "2009-09-30": "2.34560", "2009-06-30": "2.24640", "2009-03-31": "2.37260", "2008-12-31": "2.72310", "2008-09-30": "2.46190", "2008-06-30": "2.44370", "2008-03-31": "2.27670", "2007-12-31": "3.25090", "2007-09-30": "2.73820", "2007-06-30": "2.61280", "2007-03-31": "2.47500", "2006-12-31": "3.08780", "2006-09-30": "2.62870", "2006-06-30": "2.45760", "2006-03-31": "2.37150", "2005-12-31": "2.63630", "2005-09-30": "2.40930", "2005-06-30": "2.38510", "2005-03-31": "2.16110"}, "Days Sales In Receivables": {"2020-12-31": "32.10800", "2020-09-30": "41.37470", "2020-06-30": "66.92340", "2020-03-31": "73.28980", "2019-12-31": "36.81930", "2019-09-30": "41.04660", "2019-06-30": "42.32390", "2019-03-31": "42.42410", "2018-12-31": "36.23570", "2018-09-30": "42.57590", "2018-06-30": "43.74750", "2018-03-31": "46.60540", "2017-12-31": "35.97840", "2017-09-30": "40.44820", "2017-06-30": "43.01910", "2017-03-31": "44.02510", "2016-12-31": "34.30950", "2016-09-30": "42.28320", "2016-06-30": "43.04760", "2016-03-31": "44.92080", "2015-12-31": "35.42070", "2015-09-30": "42.39160", "2015-06-30": "42.85690", "2015-03-31": "45.67850", "2014-12-31": "42.23960", "2014-09-30": "41.97240", "2014-06-30": "45.33210", "2014-03-31": "48.77740", "2013-12-31": "37.90070", "2013-09-30": "42.65780", "2013-06-30": "46.70930", "2013-03-31": "50.89770", "2012-12-31": "47.30350", "2012-09-30": "40.48330", "2012-06-30": "42.82830", "2012-03-31": "44.17510", "2011-12-31": "46.31220", "2011-09-30": "47.48700", "2011-06-30": "44.74650", "2011-03-31": "49.95620", "2010-12-31": "36.61170", "2010-09-30": "38.90430", "2010-06-30": "36.86450", "2010-03-31": "45.95000", "2009-12-31": "32.94380", "2009-09-30": "38.36940", "2009-06-30": "40.06320", "2009-03-31": "37.93290", "2008-12-31": "33.05010", "2008-09-30": "36.55750", "2008-06-30": "36.82910", "2008-03-31": "39.53040", "2007-12-31": "27.68430", "2007-09-30": "32.86800", "2007-06-30": "34.44530", "2007-03-31": "36.36320", "2006-12-31": "29.14700", "2006-09-30": "34.23690", "2006-06-30": "36.62160", "2006-03-31": "37.95100", "2005-12-31": "34.13840", "2005-09-30": "37.35510", "2005-06-30": "37.73400", "2005-03-31": "41.64500"}, "ROE - Return On Equity": {"2020-12-31": "6.43780", "2020-09-30": "7.69420", "2020-06-30": "9.00840", "2020-03-31": "-9.19030", "2019-12-31": "4.84480", "2019-09-30": "7.42650", "2019-06-30": "3.91410", "2019-03-31": "-10.56620", "2018-12-31": "4.06350", "2018-09-30": "5.06790", "2018-06-30": "4.63430", "2018-03-31": "2.61040", "2017-12-31": "7.15870", "2017-09-30": "4.82690", "2017-06-30": "4.37280", "2017-03-31": "3.01230", "2016-12-31": "4.84600", "2016-09-30": "5.48240", "2016-06-30": "4.29210", "2016-03-31": "3.76380", "2015-12-31": "4.36930", "2015-09-30": "2.78760", "2015-06-30": "3.60250", "2015-03-31": "4.63040", "2014-12-31": "5.34730", "2014-09-30": "5.45530", "2014-06-30": "4.34350", "2014-03-31": "2.72010", "2013-12-31": "3.92600", "2013-09-30": "5.22070", "2013-06-30": "4.14930", "2013-03-31": "1.12520", "2012-12-31": "2.61510", "2012-09-30": "3.57550", "2012-06-30": "2.88840", "2012-03-31": "1.90540", "2011-12-31": "0.62680", "2011-09-30": "1.30490", "2011-06-30": "0.17590", "2011-03-31": "-2.34100", "2010-12-31": "1.17240", "2010-09-30": "2.06510", "2010-06-30": "2.32330", "2010-03-31": "0.42600", "2009-12-31": "1.04270", "2009-09-30": "2.33450", "2009-06-30": "2.72880", "2009-03-31": "1.64320", "2008-12-31": "2.64770", "2008-09-30": "3.76070", "2008-06-30": "1.92700", "2008-03-31": "0.80010", "2007-12-31": "5.16630", "2007-09-30": "8.23040", "2007-06-30": "6.89110", "2007-03-31": "6.69540", "2006-12-31": "7.61560", "2006-09-30": "12.52070", "2006-06-30": "11.40270", "2006-03-31": "9.41760", "2005-12-31": "9.00220", "2005-09-30": "8.47090", "2005-06-30": "7.24360", "2005-03-31": "5.66330"}, "Return On Tangible Equity": {"2020-12-31": "9.35700", "2020-09-30": "11.61860", "2020-06-30": "14.31030", "2020-03-31": "-15.56720", "2019-12-31": "6.51560", "2019-09-30": "9.62380", "2019-06-30": "4.99470", "2019-03-31": "-13.03560", "2018-12-31": "4.87700", "2018-09-30": "6.07630", "2018-06-30": "5.56100", "2018-03-31": "3.14070", "2017-12-31": "8.62040", "2017-09-30": "5.91210", "2017-06-30": "5.37860", "2017-03-31": "3.74520", "2016-12-31": "5.62850", "2016-09-30": "6.43400", "2016-06-30": "5.07690", "2016-03-31": "4.47730", "2015-12-31": "5.24340", "2015-09-30": "3.34060", "2015-06-30": "4.48920", "2015-03-31": "5.85340", "2014-12-31": "6.78520", "2014-09-30": "6.59870", "2014-06-30": "5.32690", "2014-03-31": "3.37170", "2013-12-31": "4.90770", "2013-09-30": "6.61860", "2013-06-30": "5.34150", "2013-03-31": "1.46750", "2012-12-31": "3.43300", "2012-09-30": "5.10710", "2012-06-30": "4.19510", "2012-03-31": "2.79940", "2011-12-31": "0.93110", "2011-09-30": "1.94030", "2011-06-30": "0.26250", "2011-03-31": "-3.48540", "2010-12-31": "1.73330", "2010-09-30": "3.06240", "2010-06-30": "3.49630", "2010-03-31": "0.64250", "2009-12-31": "1.57770", "2009-09-30": "3.54560", "2009-06-30": "4.19480", "2009-03-31": "2.55620", "2008-12-31": "4.13530", "2008-09-30": "5.95140", "2008-06-30": "3.09430", "2008-03-31": "1.28690", "2007-12-31": "6.15340", "2007-09-30": "9.87530", "2007-06-30": "7.90850", "2007-03-31": "7.68350", "2006-12-31": "8.70750", "2006-09-30": "14.35750", "2006-06-30": "13.11600", "2006-03-31": "11.02770", "2005-12-31": "10.67930", "2005-09-30": "9.78210", "2005-06-30": "8.41090", "2005-03-31": "6.56970"}, "ROA - Return On Assets": {"2020-12-31": "2.97950", "2020-09-30": "3.13000", "2020-06-30": "3.19070", "2020-03-31": "-3.00400", "2019-12-31": "2.04080", "2019-09-30": "3.22690", "2019-06-30": "1.82030", "2019-03-31": "-5.89150", "2018-12-31": "2.45030", "2018-09-30": "3.05120", "2018-06-30": "2.73340", "2018-03-31": "1.56280", "2017-12-31": "4.39250", "2017-09-30": "2.72990", "2017-06-30": "2.40750", "2017-03-31": "1.61320", "2016-12-31": "2.85650", "2016-09-30": "3.15690", "2016-06-30": "2.40030", "2016-03-31": "2.07910", "2015-12-31": "2.42770", "2015-09-30": "1.55290", "2015-06-30": "1.97880", "2015-03-31": "2.48860", "2014-12-31": "2.80020", "2014-09-30": "3.23720", "2014-06-30": "2.44180", "2014-03-31": "1.49640", "2013-12-31": "2.12610", "2013-09-30": "2.64230", "2013-06-30": "1.98660", "2013-03-31": "0.53060", "2012-12-31": "1.23420", "2012-09-30": "1.84150", "2012-06-30": "1.42580", "2012-03-31": "0.91390", "2011-12-31": "0.29410", "2011-09-30": "0.60850", "2011-06-30": "0.08190", "2011-03-31": "-1.09600", "2010-12-31": "0.55490", "2010-09-30": "0.96250", "2010-06-30": "1.04340", "2010-03-31": "0.18980", "2009-12-31": "0.45630", "2009-09-30": "1.00560", "2009-06-30": "1.13790", "2009-03-31": "0.65910", "2008-12-31": "1.01900", "2008-09-30": "1.41080", "2008-06-30": "0.70050", "2008-03-31": "0.29040", "2007-12-31": "2.00070", "2007-09-30": "3.16000", "2007-06-30": "3.45680", "2007-03-31": "3.76360", "2006-12-31": "4.24480", "2006-09-30": "6.85090", "2006-06-30": "6.10500", "2006-03-31": "4.92360", "2005-12-31": "4.51400", "2005-09-30": "5.29080", "2005-06-30": "4.37400", "2005-03-31": "3.52410"}, "ROI - Return On Investment": {"2020-12-31": "3.57750", "2020-09-30": "3.71250", "2020-06-30": "3.75800", "2020-03-31": "-3.50860", "2019-12-31": "2.37830", "2019-09-30": "3.86690", "2019-06-30": "2.17900", "2019-03-31": "-6.85390", "2018-12-31": "2.87100", "2018-09-30": "3.51780", "2018-06-30": "3.18540", "2018-03-31": "1.81540", "2017-12-31": "5.11520", "2017-09-30": "3.35560", "2017-06-30": "2.99000", "2017-03-31": "2.00430", "2016-12-31": "3.65270", "2016-09-30": "3.86160", "2016-06-30": "2.93080", "2016-03-31": "2.54260", "2015-12-31": "2.97320", "2015-09-30": "1.95870", "2015-06-30": "2.49260", "2015-03-31": "3.19130", "2014-12-31": "3.62900", "2014-09-30": "4.10720", "2014-06-30": "3.07350", "2014-03-31": "1.87970", "2013-12-31": "2.66130", "2013-09-30": "3.27190", "2013-06-30": "2.46180", "2013-03-31": "0.66080", "2012-12-31": "1.53570", "2012-09-30": "2.51310", "2012-06-30": "1.90640", "2012-03-31": "1.22530", "2011-12-31": "0.39230", "2011-09-30": "0.80680", "2011-06-30": "0.10690", "2011-03-31": "-1.44340", "2010-12-31": "0.72430", "2010-09-30": "1.28170", "2010-06-30": "1.42620", "2010-03-31": "0.25500", "2009-12-31": "0.62520", "2009-09-30": "1.39620", "2009-06-30": "1.56470", "2009-03-31": "0.89800", "2008-12-31": "1.36430", "2008-09-30": "1.91730", "2008-06-30": "0.95920", "2008-03-31": "0.40290", "2007-12-31": "2.69060", "2007-09-30": "4.66960", "2007-06-30": "5.04000", "2007-03-31": "4.90050", "2006-12-31": "5.54970", "2006-09-30": "9.08040", "2006-06-30": "8.22740", "2006-03-31": "6.58410", "2005-12-31": "6.15830", "2005-09-30": "7.78580", "2005-06-30": "6.50160", "2005-03-31": "5.09630"}, "Book Value Per Share": {"2020-12-31": "30.07180", "2020-09-30": "27.93200", "2020-06-30": "25.57550", "2020-03-31": "23.23810", "2019-12-31": "21.54760", "2019-09-30": "24.28180", "2019-06-30": "24.58450", "2019-03-31": "26.80780", "2018-12-31": "30.71730", "2018-09-30": "30.35880", "2018-06-30": "29.87730", "2018-03-31": "29.36210", "2017-12-31": "29.10080", "2017-09-30": "26.99640", "2017-06-30": "25.85250", "2017-03-31": "24.83750", "2016-12-31": "24.03630", "2016-09-30": "22.78390", "2016-06-30": "21.83090", "2016-03-31": "21.44230", "2015-12-31": "21.28210", "2015-09-30": "21.27170", "2015-06-30": "20.81590", "2015-03-31": "20.11330", "2014-12-31": "19.35320", "2014-09-30": "18.35020", "2014-06-30": "17.31040", "2014-03-31": "16.61240", "2013-12-31": "16.11980", "2013-09-30": "15.38640", "2013-06-30": "14.63990", "2013-03-31": "14.06320", "2012-12-31": "13.93150", "2012-09-30": "11.05020", "2012-06-30": "10.66840", "2012-03-31": "10.43790", "2011-12-31": "10.28370", "2011-09-30": "10.28390", "2011-06-30": "10.21590", "2011-03-31": "10.38350", "2010-12-31": "10.60660", "2010-09-30": "10.55540", "2010-06-30": "10.26100", "2010-03-31": "10.30430", "2009-12-31": "10.25390", "2009-09-30": "10.20710", "2009-06-30": "10.01850", "2009-03-31": "9.81480", "2008-12-31": "9.76460", "2008-09-30": "9.55380", "2008-06-30": "9.34420", "2008-03-31": "9.34120", "2007-12-31": "9.87220", "2007-09-30": "9.46160", "2007-06-30": "11.33780", "2007-03-31": "11.39760", "2006-12-31": "11.12020", "2006-09-30": "10.76050", "2006-06-30": "10.28110", "2006-03-31": "9.23580", "2005-12-31": "2.86450", "2005-09-30": "9.60740", "2005-06-30": "9.00490", "2005-03-31": "8.87720"}, "Operating Cash Flow Per Share": {"2020-12-31": 4.3514, "2020-09-30": 6.3115, "2020-06-30": "2.29320", "2020-03-31": 1.7387, "2019-12-31": 3.2894, "2019-09-30": 3.2667, "2019-06-30": "1.14830", "2019-03-31": 1.1384, "2018-12-31": 2.6487, "2018-09-30": 1.9753, "2018-06-30": "1.70130", "2018-03-31": 1.2983, "2017-12-31": 2.4939, "2017-09-30": 2.046, "2017-06-30": "1.10310", "2017-03-31": 0.8757, "2016-12-31": 2.6603, "2016-09-30": 2.2061, "2016-06-30": "1.11460", "2016-03-31": 0.962, "2015-12-31": 2.2141, "2015-09-30": 1.7231, "2015-06-30": "0.40860", "2015-03-31": 1.0148, "2014-12-31": 1.2999, "2014-09-30": 1.5317, "2014-06-30": "0.80140", "2014-03-31": 0.5459, "2013-12-31": 1.2813, "2013-09-30": 1.2109, "2013-06-30": "0.37870", "2013-03-31": 0.4563, "2012-12-31": 0.6996, "2012-09-30": 1.0485, "2012-06-30": "0.42350", "2012-03-31": 0.3817, "2011-12-31": 0.3639, "2011-09-30": 0.5959, "2011-06-30": "0.02550", "2011-03-31": 0.1339, "2010-12-31": 0.2518, "2010-09-30": 0.2573, "2010-06-30": "0.35320", "2010-03-31": -0.3868, "2009-12-31": 0.5113, "2009-09-30": 0.8924, "2009-06-30": "0.44920", "2009-03-31": 0.3931, "2008-12-31": 0.9402, "2008-09-30": 0.4478, "2008-06-30": "0.02810", "2008-03-31": -0.006, "2007-12-31": 0.1081, "2007-09-30": 1.2888, "2007-06-30": "0.87920", "2007-03-31": 0.6341, "2006-12-31": 1.188, "2006-09-30": 1.3246, "2006-06-30": "1.72250", "2006-03-31": 0.4505, "2005-12-31": 1.3998, "2005-09-30": 0.6815, "2005-06-30": "0.99800", "2005-03-31": 2.8131}, "Free Cash Flow Per Share": {"2020-12-31": 4.2394, "2020-09-30": 5.9602, "2020-06-30": "1.66790", "2020-03-31": 0.6435, "2019-12-31": 2.704, "2019-09-30": 2.3264, "2019-06-30": "0.65420", "2019-03-31": 0.2592, "2018-12-31": 1.8948, "2018-09-30": 1.1137, "2018-06-30": "0.64630", "2018-03-31": 0.3023, "2017-12-31": 1.7019, "2017-09-30": 1.4536, "2017-06-30": "0.77090", "2017-03-31": 0.4033, "2016-12-31": 2.3335, "2016-09-30": 2.013, "2016-06-30": "0.92960", "2016-03-31": 0.691, "2015-12-31": 1.8033, "2015-09-30": 1.1538, "2015-06-30": "-0.12900", "2015-03-31": 0.0885, "2014-12-31": 0.8053, "2014-09-30": 1.1987, "2014-06-30": "0.34040", "2014-03-31": 0.2161, "2013-12-31": 1.0534, "2013-09-30": 1.0038, "2013-06-30": "-0.04770", "2013-03-31": -0.078, "2012-12-31": 0.3045, "2012-09-30": 0.9621, "2012-06-30": "0.31960", "2012-03-31": 0.3122, "2011-12-31": 0.0167, "2011-09-30": 0.5115, "2011-06-30": "-0.05970", "2011-03-31": 0.0103, "2010-12-31": 0.1099, "2010-09-30": 0.2068, "2010-06-30": "0.29350", "2010-03-31": -0.4229, "2009-12-31": 0.4588, "2009-09-30": 0.7261, "2009-06-30": "0.39130", "2009-03-31": 0.3196, "2008-12-31": 0.8989, "2008-09-30": 0.4612, "2008-06-30": "-0.14590", "2008-03-31": -0.4022, "2007-12-31": -0.283, "2007-09-30": 0.6176, "2007-06-30": "0.23870", "2007-03-31": -0.0268, "2006-12-31": 0.4235, "2006-09-30": 0.7629, "2006-06-30": "0.96050", "2006-03-31": 0.0589, "2005-12-31": 1.1574, "2005-09-30": 0.2422, "2005-06-30": "0.70380", "2005-03-31": 2.4127}}, "revenue": {"Eagle Materials Inc Annual Revenue (Millions of US $)": {"2020": "$1,451", "2019": "$1,393", "2018": "$1,387", "2017": "$1,211", "2016": "$1,143", "2015": "$1,066", "2014": "$898", "2013": "$643", "2012": "$495", "2011": "$462", "2010": "$468", "2009": "$599", "2008": "$748", "2007": "$922", "2006": "$860", "2005": "$617"}, "Eagle Materials Inc Quarterly Revenue (Millions of US $)": {"2020-12-31": "$405", "2020-09-30": "$448", "2020-06-30": "$428", "2020-03-31": "$337", "2019-12-31": "$343", "2019-09-30": "$401", "2019-06-30": "$371", "2019-03-31": "$285", "2018-12-31": "$333", "2018-09-30": "$381", "2018-06-30": "$394", "2018-03-31": "$285", "2017-12-31": "$359", "2017-09-30": "$376", "2017-06-30": "$366", "2017-03-31": "$279", "2016-12-31": "$302", "2016-09-30": "$333", "2016-06-30": "$298", "2016-03-31": "$252", "2015-12-31": "$277", "2015-09-30": "$329", "2015-06-30": "$285", "2015-03-31": "$224", "2014-12-31": "$292", "2014-09-30": "$285", "2014-06-30": "$266", "2014-03-31": "$190", "2013-12-31": "$229", "2013-09-30": "$253", "2013-06-30": "$227", "2013-03-31": "$159", "2012-12-31": "$165", "2012-09-30": "$165", "2012-06-30": "$154", "2012-03-31": "$117", "2011-12-31": "$124", "2011-09-30": "$135", "2011-06-30": "$120", "2011-03-31": "$95", "2010-12-31": "$104", "2010-09-30": "$132", "2010-06-30": "$131", "2010-03-31": "$97", "2009-12-31": "$105", "2009-09-30": "$138", "2009-06-30": "$128", "2009-03-31": "$105", "2008-12-31": "$138", "2008-09-30": "$179", "2008-06-30": "$177", "2008-03-31": "$143", "2007-12-31": "$173", "2007-09-30": "$210", "2007-06-30": "$221", "2007-03-31": "$192", "2006-12-31": "$214", "2006-09-30": "$256", "2006-06-30": "$260", "2006-03-31": "$222", "2005-12-31": "$212", "2005-09-30": "$222", "2005-06-30": "$205", "2005-03-31": "$153"}}, "gross-profit": {"Eagle Materials Inc Annual Gross Profit (Millions of US $)": {"2020": "$331", "2019": "$327", "2018": "$339", "2017": "$312", "2016": "$232", "2015": "$254", "2014": "$185", "2013": "$103", "2012": "$40", "2011": "$36", "2010": "$52", "2009": "$72", "2008": "$149", "2007": "$297", "2006": "$237", "2005": "$145"}, "Eagle Materials Inc Quarterly Gross Profit (Millions of US $)": {"2020-12-31": "$113", "2020-09-30": "$123", "2020-06-30": "$101", "2020-03-31": "$54", "2019-12-31": "$93", "2019-09-30": "$109", "2019-06-30": "$75", "2019-03-31": "$57", "2018-12-31": "$80", "2018-09-30": "$98", "2018-06-30": "$92", "2018-03-31": "$61", "2017-12-31": "$95", "2017-09-30": "$97", "2017-06-30": "$86", "2017-03-31": "$62", "2016-12-31": "$87", "2016-09-30": "$91", "2016-06-30": "$72", "2016-03-31": "$57", "2015-12-31": "$69", "2015-09-30": "$44", "2015-06-30": "$61", "2015-03-31": "$44", "2014-12-31": "$79", "2014-09-30": "$75", "2014-06-30": "$56", "2014-03-31": "$30", "2013-12-31": "$50", "2013-09-30": "$59", "2013-06-30": "$47", "2013-03-31": "$17", "2012-12-31": "$31", "2012-09-30": "$32", "2012-06-30": "$23", "2012-03-31": "$15", "2011-12-31": "$12", "2011-09-30": "$9", "2011-06-30": "$4", "2011-03-31": "$-2", "2010-12-31": "$8", "2010-09-30": "$14", "2010-06-30": "$16", "2010-03-31": "$8", "2009-12-31": "$8", "2009-09-30": "$16", "2009-06-30": "$20", "2009-03-31": "$10", "2008-12-31": "$21", "2008-09-30": "$26", "2008-06-30": "$15", "2008-03-31": "$8", "2007-12-31": "$32", "2007-09-30": "$51", "2007-06-30": "$57", "2007-03-31": "$53", "2006-12-31": "$60", "2006-09-30": "$94", "2006-06-30": "$90", "2006-03-31": "$65", "2005-12-31": "$58", "2005-09-30": "$64", "2005-06-30": "$49", "2005-03-31": "$36"}}, "operating-income": {"Eagle Materials Inc Annual Operating Income (Millions of US $)": {"2020": "$308", "2019": "$328", "2018": "$341", "2017": "$320", "2016": "$234", "2015": "$265", "2014": "$200", "2013": "$100", "2012": "$50", "2011": "$33", "2010": "$79", "2009": "$108", "2008": "$165", "2007": "$277", "2006": "$220", "2005": "$134"}, "Eagle Materials Inc Quarterly Operating Income (Millions of US $)": {"2020-12-31": "$114", "2020-09-30": "$122", "2020-06-30": "$143", "2020-03-31": "$45", "2019-12-31": "$91", "2019-09-30": "$109", "2019-06-30": "$64", "2019-03-31": "$57", "2018-12-31": "$81", "2018-09-30": "$99", "2018-06-30": "$92", "2018-03-31": "$88", "2017-12-31": "$58", "2017-09-30": "$109", "2017-06-30": "$86", "2017-03-31": "$55", "2016-12-31": "$99", "2016-09-30": "$95", "2016-06-30": "$71", "2016-03-31": "$45", "2015-12-31": "$81", "2015-09-30": "$47", "2015-06-30": "$60", "2015-03-31": "$37", "2014-12-31": "$82", "2014-09-30": "$78", "2014-06-30": "$67", "2014-03-31": "$29", "2013-12-31": "$53", "2013-09-30": "$63", "2013-06-30": "$54", "2013-03-31": "$15", "2012-12-31": "$31", "2012-09-30": "$30", "2012-06-30": "$24", "2012-03-31": "$25", "2011-12-31": "$7", "2011-09-30": "$12", "2011-06-30": "$6", "2011-03-31": "$-11", "2010-12-31": "$11", "2010-09-30": "$13", "2010-06-30": "$20", "2010-03-31": "$43", "2009-12-31": "$5", "2009-09-30": "$15", "2009-06-30": "$16", "2009-03-31": "$60", "2008-12-31": "$16", "2008-09-30": "$22", "2008-06-30": "$11", "2008-03-31": "$39", "2007-12-31": "$28", "2007-09-30": "$45", "2007-06-30": "$53", "2007-03-31": "$47", "2006-12-31": "$55", "2006-09-30": "$89", "2006-06-30": "$86", "2006-03-31": "$60", "2005-12-31": "$54", "2005-09-30": "$60", "2005-06-30": "$46", "2005-03-31": "$34"}}, "ebitda": {"Eagle Materials Inc Annual EBITDA (Millions of US $)": {"2020": "$422", "2019": "$450", "2018": "$455", "2017": "$412", "2016": "$331", "2015": "$341", "2014": "$270", "2013": "$157", "2012": "$100", "2011": "$82", "2010": "$130", "2009": "$159", "2008": "$210", "2007": "$317", "2006": "$259", "2005": "$169"}, "Eagle Materials Inc Quarterly EBITDA (Millions of US $)": {"2020-12-31": "$147", "2020-09-30": "$154", "2020-06-30": "$175", "2020-03-31": "$74", "2019-12-31": "$119", "2019-09-30": "$137", "2019-06-30": "$92", "2019-03-31": "$88", "2018-12-31": "$110", "2018-09-30": "$131", "2018-06-30": "$122", "2018-03-31": "$114", "2017-12-31": "$87", "2017-09-30": "$139", "2017-06-30": "$115", "2017-03-31": "$79", "2016-12-31": "$122", "2016-09-30": "$117", "2016-06-30": "$94", "2016-03-31": "$68", "2015-12-31": "$106", "2015-09-30": "$72", "2015-06-30": "$85", "2015-03-31": "$59", "2014-12-31": "$102", "2014-09-30": "$96", "2014-06-30": "$84", "2014-03-31": "$47", "2013-12-31": "$71", "2013-09-30": "$81", "2013-06-30": "$72", "2013-03-31": "$33", "2012-12-31": "$45", "2012-09-30": "$42", "2012-06-30": "$36", "2012-03-31": "$38", "2011-12-31": "$19", "2011-09-30": "$25", "2011-06-30": "$18", "2011-03-31": "$1", "2010-12-31": "$23", "2010-09-30": "$26", "2010-06-30": "$32", "2010-03-31": "$55", "2009-12-31": "$18", "2009-09-30": "$28", "2009-06-30": "$28", "2009-03-31": "$73", "2008-12-31": "$28", "2008-09-30": "$35", "2008-06-30": "$24", "2008-03-31": "$52", "2007-12-31": "$39", "2007-09-30": "$56", "2007-06-30": "$64", "2007-03-31": "$58", "2006-12-31": "$65", "2006-09-30": "$99", "2006-06-30": "$95", "2006-03-31": "$70", "2005-12-31": "$64", "2005-09-30": "$70", "2005-06-30": "$56", "2005-03-31": "$44"}}, "net-income": {"Eagle Materials Inc Annual Net Income (Millions of US $)": {"2020": "$71", "2019": "$69", "2018": "$257", "2017": "$198", "2016": "$153", "2015": "$187", "2014": "$124", "2013": "$58", "2012": "$19", "2011": "$15", "2010": "$29", "2009": "$42", "2008": "$98", "2007": "$203", "2006": "$161", "2005": "$107"}, "Eagle Materials Inc Quarterly Net Income (Millions of US $)": {"2020-12-31": "$81", "2020-09-30": "$96", "2020-06-30": "$96", "2020-03-31": "$72", "2019-12-31": "$-115", "2019-09-30": "$72", "2019-06-30": "$41", "2019-03-31": "$-128", "2018-12-31": "$58", "2018-09-30": "$73", "2018-06-30": "$66", "2018-03-31": "$37", "2017-12-31": "$101", "2017-09-30": "$63", "2017-06-30": "$55", "2017-03-31": "$36", "2016-12-31": "$56", "2016-09-30": "$60", "2016-06-30": "$45", "2016-03-31": "$39", "2015-12-31": "$46", "2015-09-30": "$30", "2015-06-30": "$38", "2015-03-31": "$47", "2014-12-31": "$52", "2014-09-30": "$50", "2014-06-30": "$38", "2014-03-31": "$23", "2013-12-31": "$32", "2013-09-30": "$40", "2013-06-30": "$30", "2013-03-31": "$8", "2012-12-31": "$18", "2012-09-30": "$18", "2012-06-30": "$14", "2012-03-31": "$9", "2011-12-31": "$3", "2011-09-30": "$6", "2011-06-30": "$1", "2011-03-31": "$-11", "2010-12-31": "$5", "2010-09-30": "$10", "2010-06-30": "$11", "2010-03-31": "$2", "2009-12-31": "$5", "2009-09-30": "$10", "2009-06-30": "$12", "2009-03-31": "$7", "2008-12-31": "$11", "2008-09-30": "$16", "2008-06-30": "$8", "2008-03-31": "$3", "2007-12-31": "$22", "2007-09-30": "$35", "2007-06-30": "$38", "2007-03-31": "$37", "2006-12-31": "$41", "2006-09-30": "$66", "2006-06-30": "$59", "2006-03-31": "$44", "2005-12-31": "$39", "2005-09-30": "$43", "2005-06-30": "$35", "2005-03-31": "$27"}}, "eps-earnings-per-share-diluted": {"Eagle Materials Inc Annual EPS": {"2020": "$1.68", "2019": "$1.47", "2018": "$5.28", "2017": "$4.10", "2016": "$3.05", "2015": "$3.71", "2014": "$2.49", "2013": "$1.22", "2012": "$0.42", "2011": "$0.34", "2010": "$0.66", "2009": "$0.95", "2008": "$2.12", "2007": "$4.07", "2006": "$3.02", "2005": "$1.91"}, "Eagle Materials Inc Quarterly EPS": {"2020-12-31": "$1.94", "2020-09-30": "$2.31", "2020-06-30": "$2.31", "2020-03-31": "$1.78", "2019-12-31": "$-2.76", "2019-09-30": "$1.72", "2019-06-30": "$0.94", "2019-03-31": "$-2.68", "2018-12-31": "$1.24", "2018-09-30": "$1.53", "2018-06-30": "$1.38", "2018-03-31": "$0.76", "2017-12-31": "$2.08", "2017-09-30": "$1.31", "2017-06-30": "$1.13", "2017-03-31": "$0.75", "2016-12-31": "$1.17", "2016-09-30": "$1.25", "2016-06-30": "$0.93", "2016-03-31": "$0.79", "2015-12-31": "$0.92", "2015-09-30": "$0.59", "2015-06-30": "$0.75", "2015-03-31": "$0.93", "2014-12-31": "$1.03", "2014-09-30": "$1.00", "2014-06-30": "$0.75", "2014-03-31": "$0.46", "2013-12-31": "$0.63", "2013-09-30": "$0.80", "2013-06-30": "$0.60", "2013-03-31": "$0.14", "2012-12-31": "$0.37", "2012-09-30": "$0.40", "2012-06-30": "$0.31", "2012-03-31": "$0.19", "2011-12-31": "$0.07", "2011-09-30": "$0.14", "2011-06-30": "$0.02", "2011-03-31": "$-0.24", "2010-12-31": "$0.12", "2010-09-30": "$0.22", "2010-06-30": "$0.24", "2010-03-31": "$0.04", "2009-12-31": "$0.11", "2009-09-30": "$0.24", "2009-06-30": "$0.27", "2009-03-31": "$0.15", "2008-12-31": "$0.26", "2008-09-30": "$0.36", "2008-06-30": "$0.18", "2008-03-31": "$0.12", "2007-12-31": "$0.50", "2007-09-30": "$0.73", "2007-06-30": "$0.77", "2007-03-31": "$0.76", "2006-12-31": "$0.83", "2006-09-30": "$1.32", "2006-06-30": "$1.16", "2006-03-31": "$0.85", "2005-12-31": "$0.73", "2005-09-30": "$0.80", "2005-06-30": "$0.64", "2005-03-31": "$0.80"}}, "shares-outstanding": {"Eagle Materials Inc Annual Shares Outstanding (Millions of Shares)": {"2020": "42", "2019": "47", "2018": "49", "2017": "48", "2016": "50", "2015": "50", "2014": "50", "2013": "47", "2012": "45", "2011": "44", "2010": "44", "2009": "44", "2008": "46", "2007": "50", "2006": "53", "2005": "56"}, "Eagle Materials Inc Quarterly Shares Outstanding (Millions of Shares)": {"2020-12-31": "42", "2020-09-30": "42", "2020-06-30": "42", "2020-03-31": "42", "2019-12-31": "42", "2019-09-30": "42", "2019-06-30": "44", "2019-03-31": "47", "2018-12-31": "46", "2018-09-30": "48", "2018-06-30": "48", "2018-03-31": "49", "2017-12-31": "49", "2017-09-30": "49", "2017-06-30": "49", "2017-03-31": "48", "2016-12-31": "48", "2016-09-30": "48", "2016-06-30": "49", "2016-03-31": "50", "2015-12-31": "50", "2015-09-30": "50", "2015-06-30": "50", "2015-03-31": "50", "2014-12-31": "50", "2014-09-30": "50", "2014-06-30": "50", "2014-03-31": "50", "2013-12-31": "50", "2013-09-30": "50", "2013-06-30": "50", "2013-03-31": "47", "2012-12-31": "49", "2012-09-30": "45", "2012-06-30": "45", "2012-03-31": "45", "2011-12-31": "44", "2011-09-30": "44", "2011-06-30": "45", "2011-03-31": "44", "2010-12-31": "44", "2010-09-30": "44", "2010-06-30": "44", "2010-03-31": "44", "2009-12-31": "44", "2009-09-30": "44", "2009-06-30": "44", "2009-03-31": "44", "2008-12-31": "44", "2008-09-30": "44", "2008-06-30": "44", "2008-03-31": "46", "2007-12-31": "45", "2007-09-30": "47", "2007-06-30": "49", "2007-03-31": "50", "2006-12-31": "49", "2006-09-30": "50", "2006-06-30": "51", "2006-03-31": "53", "2005-12-31": "53", "2005-09-30": "54", "2005-06-30": "55", "2005-03-31": "56"}}, "total-assets": {"Eagle Materials Inc Annual Total Assets (Millions of US $)": {"2020": "$2,961", "2019": "$2,169", "2018": "$2,368", "2017": "$2,247", "2016": "$1,884", "2015": "$1,880", "2014": "$1,512", "2013": "$1,476", "2012": "$985", "2011": "$986", "2010": "$1,014", "2009": "$1,067", "2008": "$1,118", "2007": "$971", "2006": "$889", "2005": "$780"}, "Eagle Materials Inc Quarterly Total Assets (Millions of US $)": {"2020-12-31": "$2,725", "2020-09-30": "$2,871", "2020-06-30": "$3,015", "2020-03-31": "$2,961", "2019-12-31": "$2,130", "2019-09-30": "$2,326", "2019-06-30": "$2,269", "2019-03-31": "$2,169", "2018-12-31": "$2,355", "2018-09-30": "$2,380", "2018-06-30": "$2,427", "2018-03-31": "$2,368", "2017-12-31": "$2,308", "2017-09-30": "$2,321", "2017-06-30": "$2,280", "2017-03-31": "$2,247", "2016-12-31": "$1,974", "2016-09-30": "$1,908", "2016-06-30": "$1,889", "2016-03-31": "$1,884", "2015-12-31": "$1,889", "2015-09-30": "$1,920", "2015-06-30": "$1,908", "2015-03-31": "$1,880", "2014-12-31": "$1,858", "2014-09-30": "$1,554", "2014-06-30": "$1,544", "2014-03-31": "$1,512", "2013-12-31": "$1,487", "2013-09-30": "$1,510", "2013-06-30": "$1,515", "2013-03-31": "$1,476", "2012-12-31": "$1,457", "2012-09-30": "$975", "2012-06-30": "$980", "2012-03-31": "$985", "2011-12-31": "$985", "2011-09-30": "$990", "2011-06-30": "$985", "2011-03-31": "$986", "2010-12-31": "$990", "2010-09-30": "$1,001", "2010-06-30": "$1,009", "2010-03-31": "$1,014", "2009-12-31": "$1,027", "2009-09-30": "$1,036", "2009-06-30": "$1,048", "2009-03-31": "$1,067", "2008-12-31": "$1,105", "2008-09-30": "$1,109", "2008-06-30": "$1,118", "2008-03-31": "$1,118", "2007-12-31": "$1,123", "2007-09-30": "$1,093", "2007-06-30": "$1,086", "2007-03-31": "$971", "2006-12-31": "$964", "2006-09-30": "$965", "2006-06-30": "$968", "2006-03-31": "$889", "2005-12-31": "$864", "2005-09-30": "$819", "2005-06-30": "$798", "2005-03-31": "$780"}}, "cash-on-hand": {"Eagle Materials Inc Annual Cash on Hand (Millions of US $)": {"2020": "$119", "2019": "$9", "2018": "$48", "2017": "$7", "2016": "$5", "2015": "$8", "2014": "$6", "2013": "$4", "2012": "$6", "2011": "$2", "2010": "$1", "2009": "$18", "2008": "$19", "2007": "$17", "2006": "$55", "2005": "$7"}, "Eagle Materials Inc Quarterly Cash on Hand (Millions of US $)": {"2020-12-31": "$148", "2020-09-30": "$206", "2020-06-30": "$199", "2020-03-31": "$119", "2019-12-31": "$126", "2019-09-30": "$54", "2019-06-30": "$19", "2019-03-31": "$9", "2018-12-31": "$17", "2018-09-30": "$10", "2018-06-30": "$53", "2018-03-31": "$48", "2017-12-31": "$22", "2017-09-30": "$31", "2017-06-30": "$12", "2017-03-31": "$7", "2016-12-31": "$165", "2016-09-30": "$55", "2016-06-30": "$9", "2016-03-31": "$5", "2015-12-31": "$16", "2015-09-30": "$6", "2015-06-30": "$8", "2015-03-31": "$8", "2014-12-31": "$14", "2014-09-30": "$11", "2014-06-30": "$7", "2014-03-31": "$6", "2013-12-31": "$7", "2013-09-30": "$11", "2013-06-30": "$7", "2013-03-31": "$4", "2012-12-31": "$9", "2012-09-30": "$8", "2012-06-30": "$4", "2012-03-31": "$6", "2011-12-31": "$4", "2011-09-30": "$11", "2011-06-30": "$3", "2011-03-31": "$2", "2010-12-31": "$4", "2010-09-30": "$8", "2010-06-30": "$3", "2010-03-31": "$1", "2009-12-31": "$22", "2009-09-30": "$4", "2009-06-30": "$1", "2009-03-31": "$18", "2008-12-31": "$48", "2008-09-30": "$17", "2008-06-30": "$15", "2008-03-31": "$19", "2007-12-31": "$66", "2007-09-30": "$21", "2007-06-30": "$23", "2007-03-31": "$17", "2006-12-31": "$62", "2006-09-30": "$76", "2006-06-30": "$97", "2006-03-31": "$55", "2005-12-31": "$60", "2005-09-30": "$11", "2005-06-30": "$15", "2005-03-31": "$7"}}, "long-term-debt": {"Eagle Materials Inc Annual Long Term Debt (Millions of US $)": {"2020": "$1,567", "2019": "$655", "2018": "$621", "2017": "$605", "2016": "$500", "2015": "$456", "2014": "$372", "2013": "$489", "2012": "$262", "2011": "$287", "2010": "$303", "2009": "$355", "2008": "$400", "2007": "$200", "2006": "$200", "2005": "$54"}, "Eagle Materials Inc Quarterly Long Term Debt (Millions of US $)": {"2020-12-31": "$1,008", "2020-09-30": "$1,253", "2020-06-30": "$1,492", "2020-03-31": "$1,567", "2019-12-31": "$931", "2019-09-30": "$930", "2019-06-30": "$840", "2019-03-31": "$655", "2018-12-31": "$590", "2018-09-30": "$631", "2018-06-30": "$651", "2018-03-31": "$621", "2017-12-31": "$566", "2017-09-30": "$576", "2017-06-30": "$580", "2017-03-31": "$605", "2016-12-31": "$380", "2016-09-30": "$461", "2016-06-30": "$491", "2016-03-31": "$500", "2015-12-31": "$493", "2015-09-30": "$453", "2015-06-30": "$467", "2015-03-31": "$456", "2014-12-31": "$461", "2014-09-30": "$303", "2014-06-30": "$359", "2014-03-31": "$372", "2013-12-31": "$383", "2013-09-30": "$455", "2013-06-30": "$497", "2013-03-31": "$489", "2012-12-31": "$483", "2012-09-30": "$212", "2012-06-30": "$249", "2012-03-31": "$262", "2011-12-31": "$276", "2011-09-30": "$285", "2011-06-30": "$296", "2011-03-31": "$287", "2010-12-31": "$290", "2010-09-30": "$285", "2010-06-30": "$285", "2010-03-31": "$303", "2009-12-31": "$300", "2009-09-30": "$300", "2009-06-30": "$325", "2009-03-31": "$355", "2008-12-31": "$400", "2008-09-30": "$400", "2008-06-30": "$410", "2008-03-31": "$400", "2007-12-31": "$400", "2007-09-30": "$320", "2007-06-30": "$200", "2007-03-31": "$200", "2006-12-31": "$200", "2006-09-30": "$200", "2006-06-30": "$200", "2006-03-31": "$200", "2005-12-31": "$200", "2005-09-30": "$45", "2005-06-30": "$55", "2005-03-31": "$54"}}, "total-liabilities": {"Eagle Materials Inc Annual Total Liabilities (Millions of US $)": {"2020": "$1,993", "2019": "$960", "2018": "$950", "2017": "$1,044", "2016": "$843", "2015": "$870", "2014": "$680", "2013": "$780", "2012": "$513", "2011": "$524", "2010": "$562", "2009": "$639", "2008": "$712", "2007": "$425", "2006": "$424", "2005": "$295"}, "Eagle Materials Inc Quarterly Total Liabilities (Millions of US $)": {"2020-12-31": "$1,464", "2020-09-30": "$1,703", "2020-06-30": "$1,947", "2020-03-31": "$1,993", "2019-12-31": "$1,233", "2019-09-30": "$1,315", "2019-06-30": "$1,214", "2019-03-31": "$960", "2018-12-31": "$935", "2018-09-30": "$947", "2018-06-30": "$995", "2018-03-31": "$950", "2017-12-31": "$892", "2017-09-30": "$1,008", "2017-06-30": "$1,025", "2017-03-31": "$1,044", "2016-12-31": "$810", "2016-09-30": "$809", "2016-06-30": "$833", "2016-03-31": "$843", "2015-12-31": "$839", "2015-09-30": "$851", "2015-06-30": "$860", "2015-03-31": "$870", "2014-12-31": "$885", "2014-09-30": "$632", "2014-06-30": "$676", "2014-03-31": "$680", "2013-12-31": "$682", "2013-09-30": "$746", "2013-06-30": "$790", "2013-03-31": "$780", "2012-12-31": "$769", "2012-09-30": "$473", "2012-06-30": "$496", "2012-03-31": "$513", "2011-12-31": "$523", "2011-09-30": "$528", "2011-06-30": "$526", "2011-03-31": "$524", "2010-12-31": "$522", "2010-09-30": "$534", "2010-06-30": "$556", "2010-03-31": "$562", "2009-12-31": "$577", "2009-09-30": "$590", "2009-06-30": "$611", "2009-03-31": "$639", "2008-12-31": "$680", "2008-09-30": "$693", "2008-06-30": "$711", "2008-03-31": "$712", "2007-12-31": "$688", "2007-09-30": "$673", "2007-06-30": "$541", "2007-03-31": "$425", "2006-12-31": "$427", "2006-09-30": "$437", "2006-06-30": "$450", "2006-03-31": "$424", "2005-12-31": "$431", "2005-09-30": "$307", "2005-06-30": "$316", "2005-03-31": "$295"}}, "total-share-holder-equity": {"Eagle Materials Inc Annual Share Holder Equity (Millions of US $)": {"2020": "$968", "2019": "$1,209", "2018": "$1,418", "2017": "$1,203", "2016": "$1,041", "2015": "$1,011", "2014": "$831", "2013": "$696", "2012": "$473", "2011": "$462", "2010": "$452", "2009": "$428", "2008": "$406", "2007": "$546", "2006": "$465", "2005": "$485"}, "Eagle Materials Inc Quarterly Share Holder Equity (Millions of US $)": {"2020-12-31": "$1,261", "2020-09-30": "$1,168", "2020-06-30": "$1,068", "2020-03-31": "$968", "2019-12-31": "$897", "2019-09-30": "$1,011", "2019-06-30": "$1,055", "2019-03-31": "$1,209", "2018-12-31": "$1,420", "2018-09-30": "$1,433", "2018-06-30": "$1,431", "2018-03-31": "$1,418", "2017-12-31": "$1,416", "2017-09-30": "$1,313", "2017-06-30": "$1,255", "2017-03-31": "$1,203", "2016-12-31": "$1,164", "2016-09-30": "$1,099", "2016-06-30": "$1,056", "2016-03-31": "$1,041", "2015-12-31": "$1,049", "2015-09-30": "$1,070", "2015-06-30": "$1,048", "2015-03-31": "$1,011", "2014-12-31": "$973", "2014-09-30": "$922", "2014-06-30": "$868", "2014-03-31": "$831", "2013-12-31": "$805", "2013-09-30": "$764", "2013-06-30": "$725", "2013-03-31": "$696", "2012-12-31": "$688", "2012-09-30": "$502", "2012-06-30": "$484", "2012-03-31": "$473", "2011-12-31": "$462", "2011-09-30": "$462", "2011-06-30": "$459", "2011-03-31": "$462", "2010-12-31": "$469", "2010-09-30": "$466", "2010-06-30": "$453", "2010-03-31": "$452", "2009-12-31": "$449", "2009-09-30": "$446", "2009-06-30": "$437", "2009-03-31": "$428", "2008-12-31": "$425", "2008-09-30": "$416", "2008-06-30": "$406", "2008-03-31": "$406", "2007-12-31": "$435", "2007-09-30": "$420", "2007-06-30": "$545", "2007-03-31": "$546", "2006-12-31": "$537", "2006-09-30": "$528", "2006-06-30": "$518", "2006-03-31": "$465", "2005-12-31": "$433", "2005-09-30": "$511", "2005-06-30": "$482", "2005-03-31": "$485"}}, "profit-margins": {"current": "21.67%"}, "gross margin": {"2020-12-31": "24.17%", "2020-09-30": "23.84%", "2020-06-30": "23.66%", "2020-03-31": "22.80%", "2019-12-31": "23.86%", "2019-09-30": "23.09%", "2019-06-30": "22.63%", "2019-03-31": "23.47%", "2018-12-31": "23.76%", "2018-09-30": "24.38%", "2018-06-30": "24.40%", "2018-03-31": "24.46%", "2017-12-31": "24.64%", "2017-09-30": "25.09%", "2017-06-30": "25.47%", "2017-03-31": "25.74%", "2016-12-31": "25.91%", "2016-09-30": "24.91%", "2016-06-30": "20.93%", "2016-03-31": "20.21%", "2015-12-31": "19.55%", "2015-09-30": "20.18%", "2015-06-30": "23.85%", "2015-03-31": "23.81%", "2014-12-31": "23.23%", "2014-09-30": "21.75%", "2014-06-30": "20.79%", "2014-03-31": "20.69%", "2013-12-31": "19.93%", "2013-09-30": "19.15%", "2013-06-30": "17.74%", "2013-03-31": "16.02%", "2012-12-31": "16.81%", "2012-09-30": "14.64%", "2012-06-30": "11.13%", "2012-03-31": "8.06%", "2011-12-31": "4.85%", "2011-09-30": "4.19%", "2011-06-30": "5.32%", "2011-03-31": "7.79%", "2010-12-31": "9.91%", "2010-09-30": "9.89%", "2010-06-30": "10.19%", "2010-03-31": "11.11%", "2009-12-31": "11.34%", "2009-09-30": "13.16%", "2009-06-30": "14.00%", "2009-03-31": "12.02%", "2008-12-31": "10.99%", "2008-09-30": "12.05%", "2008-06-30": "15.08%", "2008-03-31": "19.81%", "2007-12-31": "24.25%", "2007-09-30": "26.40%", "2007-06-30": "29.90%", "2007-03-31": "32.21%", "2006-12-31": "32.46%", "2006-09-30": "32.32%", "2006-06-30": "30.24%", "2006-03-31": "27.41%", "2005-12-31": "26.14%"}, "operating margin": {"2020-12-31": "26.21%", "2020-09-30": "25.77%", "2020-06-30": "25.71%", "2020-03-31": "21.28%", "2019-12-31": "22.93%", "2019-09-30": "22.37%", "2019-06-30": "21.97%", "2019-03-31": "23.62%", "2018-12-31": "25.84%", "2018-09-30": "23.75%", "2018-06-30": "24.54%", "2018-03-31": "24.60%", "2017-12-31": "22.32%", "2017-09-30": "26.38%", "2017-06-30": "26.17%", "2017-03-31": "26.40%", "2016-12-31": "26.16%", "2016-09-30": "25.17%", "2016-06-30": "21.11%", "2016-03-31": "20.38%", "2015-12-31": "20.18%", "2015-09-30": "20.00%", "2015-06-30": "23.66%", "2015-03-31": "24.74%", "2014-12-31": "24.78%", "2014-09-30": "23.40%", "2014-06-30": "22.60%", "2014-03-31": "22.14%", "2013-12-31": "21.31%", "2013-09-30": "20.27%", "2013-06-30": "18.16%", "2013-03-31": "15.55%", "2012-12-31": "18.30%", "2012-09-30": "15.36%", "2012-06-30": "12.83%", "2012-03-31": "10.08%", "2011-12-31": "2.95%", "2011-09-30": "3.96%", "2011-06-30": "4.21%", "2011-03-31": "7.14%", "2010-12-31": "18.75%", "2010-09-30": "17.42%", "2010-06-30": "17.62%", "2010-03-31": "16.88%", "2009-12-31": "20.17%", "2009-09-30": "21.02%", "2009-06-30": "20.73%", "2009-03-31": "18.20%", "2008-12-31": "13.81%", "2008-09-30": "14.88%", "2008-06-30": "17.50%", "2008-03-31": "22.09%", "2007-12-31": "21.73%", "2007-09-30": "23.89%", "2007-06-30": "27.63%", "2007-03-31": "30.04%", "2006-12-31": "30.46%", "2006-09-30": "30.42%", "2006-06-30": "28.38%", "2006-03-31": "25.55%", "2005-12-31": "24.49%"}, "ebitda margin": {"2020-12-31": "33.99%", "2020-09-30": "33.55%", "2020-06-30": "33.47%", "2020-03-31": "29.06%", "2019-12-31": "31.14%", "2019-09-30": "30.72%", "2019-06-30": "30.73%", "2019-03-31": "32.38%", "2018-12-31": "34.24%", "2018-09-30": "31.99%", "2018-06-30": "32.67%", "2018-03-31": "32.83%", "2017-12-31": "30.43%", "2017-09-30": "34.39%", "2017-06-30": "33.83%", "2017-03-31": "33.99%", "2016-12-31": "33.84%", "2016-09-30": "33.19%", "2016-06-30": "29.41%", "2016-03-31": "28.96%", "2015-12-31": "28.88%", "2015-09-30": "28.14%", "2015-06-30": "31.49%", "2015-03-31": "31.96%", "2014-12-31": "31.85%", "2014-09-30": "30.72%", "2014-06-30": "30.17%", "2014-03-31": "30.14%", "2013-12-31": "29.61%", "2013-09-30": "28.73%", "2013-06-30": "26.82%", "2013-03-31": "24.26%", "2012-12-31": "26.79%", "2012-09-30": "24.11%", "2012-06-30": "22.26%", "2012-03-31": "20.16%", "2011-12-31": "13.29%", "2011-09-30": "14.76%", "2011-06-30": "15.08%", "2011-03-31": "17.75%", "2010-12-31": "29.31%", "2010-09-30": "28.17%", "2010-06-30": "28.24%", "2010-03-31": "27.56%", "2009-12-31": "30.88%", "2009-09-30": "30.84%", "2009-06-30": "29.82%", "2009-03-31": "26.71%", "2008-12-31": "21.82%", "2008-09-30": "22.32%", "2008-06-30": "24.32%", "2008-03-31": "28.25%", "2007-12-31": "27.26%", "2007-09-30": "29.03%", "2007-06-30": "32.39%", "2007-03-31": "34.38%", "2006-12-31": "34.56%", "2006-09-30": "34.53%", "2006-06-30": "32.64%", "2006-03-31": "30.20%", "2005-12-31": "29.55%"}, "pre tax profit margin": {"2020-12-31": "11.12%", "2020-09-30": "8.42%", "2020-06-30": "7.89%", "2020-03-31": "3.10%", "2019-12-31": "2.64%", "2019-09-30": "4.03%", "2019-06-30": "3.65%", "2019-03-31": "5.74%", "2018-12-31": "21.61%", "2018-09-30": "19.52%", "2018-06-30": "19.59%", "2018-03-31": "19.62%", "2017-12-31": "20.07%", "2017-09-30": "23.43%", "2017-06-30": "23.98%", "2017-03-31": "24.26%", "2016-12-31": "24.64%", "2016-09-30": "23.79%", "2016-06-30": "19.90%", "2016-03-31": "19.16%", "2015-12-31": "19.01%", "2015-09-30": "19.65%", "2015-06-30": "23.39%", "2015-03-31": "23.81%", "2014-12-31": "23.14%", "2014-09-30": "21.65%", "2014-06-30": "20.68%", "2014-03-31": "20.36%", "2013-12-31": "18.89%", "2013-09-30": "17.66%", "2013-06-30": "15.22%", "2013-03-31": "13.06%", "2012-12-31": "14.31%", "2012-09-30": "10.54%", "2012-06-30": "7.74%", "2012-03-31": "4.44%", "2011-12-31": "-1.27%", "2011-09-30": "0.22%", "2011-06-30": "0.67%", "2011-03-31": "3.68%", "2010-12-31": "7.33%", "2010-09-30": "6.88%", "2010-06-30": "7.86%", "2010-03-31": "8.33%", "2009-12-31": "10.29%", "2009-09-30": "11.98%", "2009-06-30": "12.36%", "2009-03-31": "10.35%", "2008-12-31": "8.95%", "2008-09-30": "10.71%", "2008-06-30": "14.22%", "2008-03-31": "19.41%", "2007-12-31": "24.12%", "2007-09-30": "26.40%", "2007-06-30": "30.58%", "2007-03-31": "32.97%", "2006-12-31": "33.19%", "2006-09-30": "33.05%", "2006-06-30": "30.68%", "2006-03-31": "27.99%", "2005-12-31": "27.02%"}, "net profit margin": {"2020-12-31": "21.32%", "2020-09-30": "9.58%", "2020-06-30": "8.28%", "2020-03-31": "4.82%", "2019-12-31": "-9.29%", "2019-09-30": "3.09%", "2019-06-30": "3.21%", "2019-03-31": "4.95%", "2018-12-31": "16.80%", "2018-09-30": "19.52%", "2018-06-30": "18.88%", "2018-03-31": "18.47%", "2017-12-31": "18.48%", "2017-09-30": "15.87%", "2017-06-30": "16.17%", "2017-03-31": "16.25%", "2016-12-31": "16.88%", "2016-09-30": "16.38%", "2016-06-30": "13.84%", "2016-03-31": "13.39%", "2015-12-31": "14.44%", "2015-09-30": "14.78%", "2015-06-30": "17.22%", "2015-03-31": "17.53%", "2014-12-31": "15.78%", "2014-09-30": "14.74%", "2014-06-30": "14.18%", "2014-03-31": "13.90%", "2013-12-31": "12.67%", "2013-09-30": "11.94%", "2013-06-30": "10.34%", "2013-03-31": "9.02%", "2012-12-31": "9.82%", "2012-09-30": "7.86%", "2012-06-30": "6.04%", "2012-03-31": "3.83%", "2011-12-31": "-0.21%", "2011-09-30": "0.22%", "2011-06-30": "1.11%", "2011-03-31": "3.25%", "2010-12-31": "6.03%", "2010-09-30": "6.02%", "2010-06-30": "5.94%", "2010-03-31": "6.20%", "2009-12-31": "7.14%", "2009-09-30": "7.86%", "2009-06-30": "8.36%", "2009-03-31": "7.01%", "2008-12-31": "5.97%", "2008-09-30": "7.29%", "2008-06-30": "9.67%", "2008-03-31": "13.12%", "2007-12-31": "16.58%", "2007-09-30": "18.04%", "2007-06-30": "20.61%", "2007-03-31": "22.02%", "2006-12-31": "22.06%", "2006-09-30": "21.89%", "2006-06-30": "20.20%", "2006-03-31": "18.70%", "2005-12-31": "18.18%"}, "pe ratio": {"current": "17.23", "2021-02-05": "18.45", "2020-12-31": "15.94", "2020-09-30": "24.04", "2020-06-30": "23.41", "2020-03-31": "35.79", "2019-12-31": "0.00", "2019-09-30": "83.03", "2019-06-30": "103.77", "2019-03-31": "63.00", "2018-12-31": "12.35", "2018-09-30": "14.69", "2018-06-30": "18.81", "2018-03-31": "19.31", "2017-12-31": "21.27", "2017-09-30": "24.16", "2017-06-30": "21.22", "2017-03-31": "23.35", "2016-12-31": "23.39", "2016-09-30": "19.49", "2016-06-30": "23.41", "2016-03-31": "22.46", "2015-12-31": "18.57", "2015-09-30": "20.27", "2015-06-30": "20.11", "2015-03-31": "21.96", "2014-12-31": "22.95", "2014-09-30": "35.00", "2014-06-30": "34.87", "2014-03-31": "34.70", "2013-12-31": "34.32", "2013-09-30": "36.39", "2013-06-30": "41.93", "2013-03-31": "51.86", "2012-12-31": "44.11", "2012-09-30": "45.48", "2012-06-30": "49.86", "2012-03-31": "69.19", "2011-12-31": "817.44", "2011-09-30": "198.04", "2011-06-30": "164.76", "2011-03-31": "86.42", "2010-12-31": "42.80", "2010-09-30": "36.21", "2010-06-30": "36.07", "2010-03-31": "35.21", "2009-12-31": "29.38", "2009-09-30": "27.05", "2009-06-30": "22.07", "2009-03-31": "23.09", "2008-12-31": "19.26", "2008-09-30": "18.06", "2008-06-30": "15.34", "2008-03-31": "15.07", "2007-12-31": "11.30", "2007-09-30": "10.06", "2007-06-30": "11.61", "2007-03-31": "9.58", "2006-12-31": "9.00"}, "price sales": {"2021-02-05": "3.03", "2020-12-31": "2.62", "2020-09-30": "2.32", "2020-06-30": "1.95", "2020-03-31": "1.71", "2019-12-31": "2.80", "2019-09-30": "2.87", "2019-06-30": "3.11", "2019-03-31": "2.85", "2018-12-31": "2.08", "2018-09-30": "2.87", "2018-06-30": "3.57", "2018-03-31": "3.58", "2017-12-31": "3.94", "2017-09-30": "3.86", "2017-06-30": "3.45", "2017-03-31": "3.82", "2016-12-31": "3.99", "2016-09-30": "3.21", "2016-06-30": "3.26", "2016-03-31": "3.02", "2015-12-31": "2.67", "2015-09-30": "2.99", "2015-06-30": "3.47", "2015-03-31": "3.85", "2014-12-31": "3.61", "2014-09-30": "5.13", "2014-06-30": "4.90", "2014-03-31": "4.78", "2013-12-31": "4.28", "2013-09-30": "4.30", "2013-06-30": "4.31", "2013-03-31": "4.68", "2012-12-31": "4.34", "2012-09-30": "3.58", "2012-06-30": "3.03", "2012-03-31": "2.98", "2011-12-31": "2.30", "2011-09-30": "1.55", "2011-06-30": "2.59", "2011-03-31": "2.73", "2010-12-31": "2.52", "2010-09-30": "2.10", "2010-06-30": "2.26", "2010-03-31": "2.32", "2009-12-31": "2.23", "2009-09-30": "2.27", "2009-06-30": "1.85", "2009-03-31": "1.62", "2008-12-31": "1.17", "2008-09-30": "1.33", "2008-06-30": "1.47", "2008-03-31": "1.98", "2007-12-31": "1.88", "2007-09-30": "1.82", "2007-06-30": "2.40", "2007-03-31": "2.11", "2006-12-31": "2.01"}, "price book": {"current": "3.91", "2021-02-05": "3.90", "2020-12-31": "3.37", "2020-09-30": "3.09", "2020-06-30": "2.75", "2020-03-31": "2.51", "2019-12-31": "4.20", "2019-09-30": "3.69", "2019-06-30": "3.76", "2019-03-31": "3.13", "2018-12-31": "1.97", "2018-09-30": "2.78", "2018-06-30": "3.48", "2018-03-31": "3.47", "2017-12-31": "3.85", "2017-09-30": "3.90", "2017-06-30": "3.53", "2017-03-31": "3.85", "2016-12-31": "4.04", "2016-09-30": "3.34", "2016-06-30": "3.47", "2016-03-31": "3.21", "2015-12-31": "2.78", "2015-09-30": "3.14", "2015-06-30": "3.58", "2015-03-31": "4.05", "2014-12-31": "3.83", "2014-09-30": "5.40", "2014-06-30": "5.30", "2014-03-31": "5.18", "2013-12-31": "4.66", "2013-09-30": "4.56", "2013-06-30": "4.38", "2013-03-31": "4.57", "2012-12-31": "4.05", "2012-09-30": "4.03", "2012-06-30": "3.36", "2012-03-31": "3.18", "2011-12-31": "2.38", "2011-09-30": "1.54", "2011-06-30": "2.58", "2011-03-31": "2.75", "2010-12-31": "2.50", "2010-09-30": "2.09", "2010-06-30": "2.36", "2010-03-31": "2.39", "2009-12-31": "2.35", "2009-09-30": "2.57", "2009-06-30": "2.31", "2009-03-31": "2.26", "2008-12-31": "1.72", "2008-09-30": "2.10", "2008-06-30": "2.43", "2008-03-31": "3.39", "2007-12-31": "3.18", "2007-09-30": "3.31", "2007-06-30": "3.79", "2007-03-31": "3.41", "2006-12-31": "3.38", "2006-09-30": "2.69", "2006-06-30": "3.98", "2006-03-31": "5.91"}, "price fcf": {"2021-02-05": "", "2020-12-31": "$12.51", "2020-09-30": "$10.98", "2020-06-30": "$7.34", "2020-03-31": "$6.33", "2019-12-31": "$5.94", "2019-09-30": "$5.13", "2019-06-30": "$3.92", "2019-03-31": "$3.91", "2018-12-31": "$3.96", "2018-09-30": "$3.76", "2018-06-30": "$4.10", "2018-03-31": "$4.23", "2017-12-31": "$4.33", "2017-09-30": "$4.96", "2017-06-30": "$5.52", "2017-03-31": "$5.68", "2016-12-31": "$5.97", "2016-09-30": "$5.44", "2016-06-30": "$4.58", "2016-03-31": "$3.52", "2015-12-31": "$2.92", "2015-09-30": "$1.92", "2015-06-30": "$1.96", "2015-03-31": "$2.43", "2014-12-31": "$2.56", "2014-09-30": "$2.81", "2014-06-30": "$2.61", "2014-03-31": "$2.23", "2013-12-31": "$1.93", "2013-09-30": "$1.18", "2013-06-30": "$1.14", "2013-03-31": "$1.51", "2012-12-31": "$1.90", "2012-09-30": "$1.61", "2012-06-30": "$1.16", "2012-03-31": "$0.78", "2011-12-31": "$0.48", "2011-09-30": "$0.57", "2011-06-30": "$0.27", "2011-03-31": "$0.62", "2010-12-31": "$0.19", "2010-09-30": "$0.54", "2010-06-30": "$1.06", "2010-03-31": "$1.15", "2009-12-31": "$1.90", "2009-09-30": "$2.34", "2009-06-30": "$2.07", "2009-03-31": "$1.53", "2008-12-31": "$0.81", "2008-09-30": "$-0.37", "2008-06-30": "$-0.21", "2008-03-31": "$0.17", "2007-12-31": "$0.55", "2007-09-30": "$1.25", "2007-06-30": "$1.40", "2007-03-31": "$2.12", "2006-12-31": "$4.31"}, "net worth": {"value": "$4.93B"}, "current ratio": {"2020-12-31": "3.24", "2020-09-30": "3.98", "2020-06-30": "3.86", "2020-03-31": "4.00", "2019-12-31": "3.11", "2019-09-30": "2.50", "2019-06-30": "2.42", "2019-03-31": "2.39", "2018-12-31": "2.26", "2018-09-30": "2.83", "2018-06-30": "2.61", "2018-03-31": "2.56", "2017-12-31": "2.44", "2017-09-30": "2.02", "2017-06-30": "1.84", "2017-03-31": "1.75", "2016-12-31": "2.45", "2016-09-30": "3.50", "2016-06-30": "3.34", "2016-03-31": "3.15", "2015-12-31": "3.15", "2015-09-30": "2.16", "2015-06-30": "2.34", "2015-03-31": "1.97", "2014-12-31": "2.10", "2014-09-30": "2.57", "2014-06-30": "2.71", "2014-03-31": "2.82", "2013-12-31": "2.73", "2013-09-30": "2.96", "2013-06-30": "2.92", "2013-03-31": "2.61", "2012-12-31": "2.20", "2012-09-30": "2.07", "2012-06-30": "2.51", "2012-03-31": "2.49", "2011-12-31": "2.19", "2011-09-30": "2.47", "2011-06-30": "2.79", "2011-03-31": "2.51", "2010-12-31": "2.41", "2010-09-30": "2.03", "2010-06-30": "2.09", "2010-03-31": "2.24", "2009-12-31": "2.82", "2009-09-30": "2.27", "2009-06-30": "2.45", "2009-03-31": "2.73", "2008-12-31": "2.69", "2008-09-30": "2.10", "2008-06-30": "1.89", "2008-03-31": "1.80", "2007-12-31": "1.96", "2007-09-30": "1.08", "2007-06-30": "1.25", "2007-03-31": "1.61", "2006-12-31": "1.78", "2006-09-30": "1.99", "2006-06-30": "2.05", "2006-03-31": "2.06", "2005-12-31": "1.81", "2005-09-30": "1.12", "2005-06-30": "1.07", "2005-03-31": "1.16"}, "quick ratio": {"2020-12-31": "1.84", "2020-09-30": "2.58", "2020-06-30": "2.64", "2020-03-31": "2.39", "2019-12-31": "1.68", "2019-09-30": "1.26", "2019-06-30": "1.05", "2019-03-31": "0.85", "2018-12-31": "0.87", "2018-09-30": "1.28", "2018-06-30": "1.34", "2018-03-31": "1.12", "2017-12-31": "1.06", "2017-09-30": "0.94", "2017-06-30": "0.82", "2017-03-31": "0.64", "2016-12-31": "1.38", "2016-09-30": "1.75", "2016-06-30": "1.33", "2016-03-31": "1.13", "2015-12-31": "1.15", "2015-09-30": "0.93", "2015-06-30": "0.92", "2015-03-31": "0.70", "2014-12-31": "0.90", "2014-09-30": "1.13", "2014-06-30": "1.22", "2014-03-31": "1.10", "2013-12-31": "1.05", "2013-09-30": "1.36", "2013-06-30": "1.31", "2013-03-31": "1.05", "2012-12-31": "0.99", "2012-09-30": "0.91", "2012-06-30": "1.04", "2012-03-31": "0.89", "2011-12-31": "0.84", "2011-09-30": "1.08", "2011-06-30": "1.03", "2011-03-31": "0.85", "2010-12-31": "0.74", "2010-09-30": "0.81", "2010-06-30": "0.75", "2010-03-31": "0.77", "2009-12-31": "1.12", "2009-09-30": "0.94", "2009-06-30": "0.92", "2009-03-31": "1.06", "2008-12-31": "1.32", "2008-09-30": "0.98", "2008-06-30": "0.86", "2008-03-31": "0.86", "2007-12-31": "1.14", "2007-09-30": "0.59", "2007-06-30": "0.71", "2007-03-31": "0.88", "2006-12-31": "1.18", "2006-09-30": "1.43", "2006-06-30": "1.54", "2006-03-31": "1.42", "2005-12-31": "1.22", "2005-09-30": "0.70", "2005-06-30": "0.69", "2005-03-31": "0.64"}, "debt equity ratio": {"current": "0.80", "2020-12-31": "1.16", "2020-09-30": "1.46", "2020-06-30": "1.82", "2020-03-31": "2.06", "2019-12-31": "1.37", "2019-09-30": "1.30", "2019-06-30": "1.15", "2019-03-31": "0.79", "2018-12-31": "0.66", "2018-09-30": "0.66", "2018-06-30": "0.70", "2018-03-31": "0.67", "2017-12-31": "0.63", "2017-09-30": "0.77", "2017-06-30": "0.82", "2017-03-31": "0.87", "2016-12-31": "0.70", "2016-09-30": "0.74", "2016-06-30": "0.79", "2016-03-31": "0.81", "2015-12-31": "0.80", "2015-09-30": "0.80", "2015-06-30": "0.82", "2015-03-31": "0.86", "2014-12-31": "0.91", "2014-09-30": "0.69", "2014-06-30": "0.78", "2014-03-31": "0.82", "2013-12-31": "0.85", "2013-09-30": "0.98", "2013-06-30": "1.09", "2013-03-31": "1.12", "2012-12-31": "1.12", "2012-09-30": "0.94", "2012-06-30": "1.03", "2012-03-31": "1.09", "2011-12-31": "1.13", "2011-09-30": "1.14", "2011-06-30": "1.15", "2011-03-31": "1.14", "2010-12-31": "1.11", "2010-09-30": "1.15", "2010-06-30": "1.23", "2010-03-31": "1.25", "2009-12-31": "1.29", "2009-09-30": "1.32", "2009-06-30": "1.40", "2009-03-31": "1.49", "2008-12-31": "1.60", "2008-09-30": "1.67", "2008-06-30": "1.75", "2008-03-31": "1.76", "2007-12-31": "1.58", "2007-09-30": "1.61", "2007-06-30": "0.99", "2007-03-31": "0.78", "2006-12-31": "0.79", "2006-09-30": "0.83", "2006-06-30": "0.87", "2006-03-31": "0.91", "2005-12-31": "0.99", "2005-09-30": "0.60", "2005-06-30": "0.66", "2005-03-31": "0.61"}, "return on equity": {"2020-12-31": "30.91%", "2020-09-30": "14.53%", "2020-06-30": "12.68%", "2020-03-31": "7.12%", "2019-12-31": "-12.46%", "2019-09-30": "3.66%", "2019-06-30": "3.44%", "2019-03-31": "5.02%", "2018-12-31": "16.42%", "2018-09-30": "19.45%", "2018-06-30": "19.15%", "2018-03-31": "18.96%", "2017-12-31": "19.66%", "2017-09-30": "17.02%", "2017-06-30": "17.54%", "2017-03-31": "17.43%", "2016-12-31": "18.35%", "2016-09-30": "17.90%", "2016-06-30": "15.18%", "2016-03-31": "14.54%", "2015-12-31": "15.41%", "2015-09-30": "16.28%", "2015-06-30": "18.92%", "2015-03-31": "19.82%", "2014-12-31": "18.14%", "2014-09-30": "16.70%", "2014-06-30": "16.28%", "2014-03-31": "16.00%", "2013-12-31": "14.72%", "2013-09-30": "13.37%", "2013-06-30": "11.34%", "2013-03-31": "9.79%", "2012-12-31": "10.99%", "2012-09-30": "9.16%", "2012-06-30": "6.80%", "2012-03-31": "4.09%", "2011-12-31": "-0.22%", "2011-09-30": "0.22%", "2011-06-30": "1.08%", "2011-03-31": "3.24%", "2010-12-31": "6.09%", "2010-09-30": "6.15%", "2010-06-30": "6.22%", "2010-03-31": "6.50%", "2009-12-31": "7.73%", "2009-09-30": "9.22%", "2009-06-30": "10.79%", "2009-03-31": "10.03%", "2008-12-31": "9.20%", "2008-09-30": "11.79%", "2008-06-30": "16.32%", "2008-03-31": "21.71%", "2007-12-31": "27.13%", "2007-09-30": "29.49%", "2007-06-30": "33.77%", "2007-03-31": "38.14%", "2006-12-31": "41.02%", "2006-09-30": "42.80%", "2006-06-30": "38.40%", "2006-03-31": "34.06%", "2005-12-31": "30.14%"}, "return on assets": {"2020-12-31": "11.93%", "2020-09-30": "5.43%", "2020-06-30": "4.79%", "2020-03-31": "2.89%", "2019-12-31": "-5.85%", "2019-09-30": "1.89%", "2019-06-30": "1.92%", "2019-03-31": "2.96%", "2018-12-31": "9.82%", "2018-09-30": "11.68%", "2018-06-30": "11.33%", "2018-03-31": "11.04%", "2017-12-31": "11.14%", "2017-09-30": "9.52%", "2017-06-30": "9.85%", "2017-03-31": "9.83%", "2016-12-31": "10.45%", "2016-09-30": "10.04%", "2016-06-30": "8.44%", "2016-03-31": "8.05%", "2015-12-31": "8.48%", "2015-09-30": "8.83%", "2015-06-30": "10.39%", "2015-03-31": "10.94%", "2014-12-31": "10.08%", "2014-09-30": "9.38%", "2014-06-30": "8.79%", "2014-03-31": "8.30%", "2013-12-31": "7.35%", "2013-09-30": "6.45%", "2013-06-30": "5.46%", "2013-03-31": "4.75%", "2012-12-31": "5.37%", "2012-09-30": "4.48%", "2012-06-30": "3.25%", "2012-03-31": "1.93%", "2011-12-31": "-0.10%", "2011-09-30": "0.10%", "2011-06-30": "0.50%", "2011-03-31": "1.51%", "2010-12-31": "2.79%", "2010-09-30": "2.76%", "2010-06-30": "2.74%", "2010-03-31": "2.81%", "2009-12-31": "3.26%", "2009-09-30": "3.76%", "2009-06-30": "4.25%", "2009-03-31": "3.82%", "2008-12-31": "3.42%", "2008-09-30": "4.39%", "2008-06-30": "6.11%", "2008-03-31": "8.87%", "2007-12-31": "12.36%", "2007-09-30": "14.68%", "2007-06-30": "18.26%", "2007-03-31": "20.99%", "2006-12-31": "22.19%", "2006-09-30": "22.57%", "2006-06-30": "20.90%", "2006-03-31": "19.11%", "2005-12-31": "17.66%"}, "return on investments": {"2020-12-31": "17.33%", "2020-09-30": "17.17%", "2020-06-30": "17.51%", "2020-03-31": "15.07%", "2019-12-31": "17.05%", "2019-09-30": "16.13%", "2019-06-30": "15.37%", "2019-03-31": "16.40%", "2018-12-31": "17.57%", "2018-09-30": "16.50%", "2018-06-30": "17.37%", "2018-03-31": "17.61%", "2017-12-31": "16.39%", "2017-09-30": "19.73%", "2017-06-30": "19.85%", "2017-03-31": "19.81%", "2016-12-31": "20.03%", "2016-09-30": "18.87%", "2016-06-30": "15.87%", "2016-03-31": "15.23%", "2015-12-31": "14.89%", "2015-09-30": "15.23%", "2015-06-30": "18.23%", "2015-03-31": "19.73%", "2014-12-31": "20.12%", "2014-09-30": "18.75%", "2014-06-30": "17.53%", "2014-03-31": "16.47%", "2013-12-31": "15.37%", "2013-09-30": "13.59%", "2013-06-30": "12.11%", "2013-03-31": "10.52%", "2012-12-31": "13.12%", "2012-09-30": "11.78%", "2012-06-30": "9.21%", "2012-03-31": "6.72%", "2011-12-31": "1.87%", "2011-09-30": "2.39%", "2011-06-30": "2.52%", "2011-03-31": "4.40%", "2010-12-31": "11.59%", "2010-09-30": "10.83%", "2010-06-30": "11.11%", "2010-03-31": "10.49%", "2009-12-31": "12.63%", "2009-09-30": "13.74%", "2009-06-30": "14.31%", "2009-03-31": "13.46%", "2008-12-31": "10.79%", "2008-09-30": "12.22%", "2008-06-30": "15.39%", "2008-03-31": "21.11%", "2007-12-31": "22.57%", "2007-09-30": "26.95%", "2007-06-30": "33.02%", "2007-03-31": "37.83%", "2006-12-31": "40.73%", "2006-09-30": "42.13%", "2006-06-30": "40.44%", "2006-03-31": "36.80%", "2005-12-31": "34.26%"}, "return on tangible equity": {"2020-12-31": "47.83%", "2020-09-30": "22.21%", "2020-06-30": "18.59%", "2020-03-31": "9.84%", "2019-12-31": "-15.98%", "2019-09-30": "4.56%", "2019-06-30": "4.21%", "2019-03-31": "6.06%", "2018-12-31": "19.71%", "2018-09-30": "23.37%", "2018-06-30": "23.12%", "2018-03-31": "23.03%", "2017-12-31": "24.08%", "2017-09-30": "20.68%", "2017-06-30": "21.09%", "2017-03-31": "20.74%", "2016-12-31": "21.59%", "2016-09-30": "21.24%", "2016-06-30": "18.10%", "2016-03-31": "17.57%", "2015-12-31": "18.90%", "2015-09-30": "20.24%", "2015-06-30": "23.60%", "2015-03-31": "24.63%", "2014-12-31": "22.41%", "2014-09-30": "20.53%", "2014-06-30": "20.26%", "2014-03-31": "20.15%", "2013-12-31": "18.76%", "2013-09-30": "17.26%", "2013-06-30": "14.99%", "2013-03-31": "13.31%", "2012-12-31": "15.41%", "2012-09-30": "13.35%", "2012-06-30": "10.02%", "2012-03-31": "6.08%", "2011-12-31": "-0.32%", "2011-09-30": "0.32%", "2011-06-30": "1.60%", "2011-03-31": "4.83%", "2010-12-31": "9.10%", "2010-09-30": "9.25%", "2010-06-30": "9.40%", "2010-03-31": "9.88%", "2009-12-31": "11.83%", "2009-09-30": "14.22%", "2009-06-30": "16.82%", "2009-03-31": "15.80%", "2008-12-31": "14.62%", "2008-09-30": "17.30%", "2008-06-30": "22.30%", "2008-03-31": "27.20%", "2007-12-31": "31.71%", "2007-09-30": "34.12%", "2007-06-30": "38.72%", "2007-03-31": "43.73%", "2006-12-31": "47.24%", "2006-09-30": "49.73%", "2006-06-30": "44.69%", "2006-03-31": "39.75%", "2005-12-31": "35.10%"}, "dividend yield history": {"last payout": "$0.00", "last yield": "0.00%"}}