{"ticker": "EWBC", "price": {"title": "East West Bancorp Historical Annual Stock Price Data", "value": 64.63, "historical": {"2021": {"Average Stock Price": "60.5017", "Year Open": "51.1400", "Year High": "64.7800", "Year Low": "51.1400", "Year Close": "64.6300", "Annual % Change": "27.45%"}, "2020": {"Average Stock Price": "38.1833", "Year Open": "49.5600", "Year High": "51.1600", "Year Low": "22.7800", "Year Close": "50.7100", "Annual % Change": "4.13%"}, "2019": {"Average Stock Price": "46.9461", "Year Open": "44.3000", "Year High": "55.6700", "Year Low": "37.8300", "Year Close": "48.7000", "Annual % Change": "11.88%"}, "2018": {"Average Stock Price": "62.3223", "Year Open": "61.3200", "Year High": "73.0200", "Year Low": "40.4500", "Year Close": "43.5300", "Annual % Change": "-28.44%"}, "2017": {"Average Stock Price": "55.9927", "Year Open": "50.7600", "Year High": "62.1800", "Year Low": "49.1100", "Year Close": "60.8300", "Annual % Change": "19.67%"}, "2016": {"Average Stock Price": "37.1141", "Year Open": "40.5700", "Year High": "51.5500", "Year Low": "27.5200", "Year Close": "50.8300", "Annual % Change": "22.31%"}, "2015": {"Average Stock Price": "41.3560", "Year Open": "38.4100", "Year High": "45.8800", "Year Low": "35.9400", "Year Close": "41.5600", "Annual % Change": "7.36%"}, "2014": {"Average Stock Price": "35.2119", "Year Open": "34.4100", "Year High": "39.3100", "Year Low": "31.6450", "Year Close": "38.7100", "Annual % Change": "10.69%"}, "2013": {"Average Stock Price": "28.5133", "Year Open": "22.2900", "Year High": "35.1500", "Year Low": "22.2900", "Year Close": "34.9700", "Annual % Change": "62.73%"}, "2012": {"Average Stock Price": "21.9894", "Year Open": "19.9500", "Year High": "24.2200", "Year Low": "19.7100", "Year Close": "21.4900", "Annual % Change": "8.81%"}, "2011": {"Average Stock Price": "19.5455", "Year Open": "19.7300", "Year High": "23.6400", "Year Low": "14.2300", "Year Close": "19.7500", "Annual % Change": "1.02%"}, "2010": {"Average Stock Price": "17.1372", "Year Open": "16.0400", "Year High": "20.1500", "Year Low": "14.2200", "Year Close": "19.5500", "Annual % Change": "23.73%"}, "2009": {"Average Stock Price": "9.0164", "Year Open": "16.0400", "Year High": "17.1900", "Year Low": "3.2400", "Year Close": "15.8000", "Annual % Change": "-1.06%"}, "2008": {"Average Stock Price": "15.1714", "Year Open": "23.3700", "Year High": "25.6400", "Year Low": "7.0600", "Year Close": "15.9700", "Annual % Change": "-34.09%"}, "2007": {"Average Stock Price": "35.9087", "Year Open": "35.5600", "Year High": "41.8600", "Year Low": "24.1300", "Year Close": "24.2300", "Annual % Change": "-31.59%"}, "2006": {"Average Stock Price": "37.9800", "Year Open": "37.1000", "Year High": "40.9100", "Year Low": "34.4900", "Year Close": "35.4200", "Annual % Change": "-2.93%"}, "2005": {"Average Stock Price": "35.6378", "Year Open": "41.5100", "Year High": "41.5100", "Year Low": "31.3900", "Year Close": "36.4900", "Annual % Change": "-13.04%"}, "2004": {"Average Stock Price": "32.2153", "Year Open": "26.4050", "Year High": "43.3000", "Year Low": "24.7500", "Year Close": "41.9600", "Annual % Change": "56.33%"}, "2003": {"Average Stock Price": "20.1623", "Year Open": "18.4000", "Year High": "27.5000", "Year Low": "14.8800", "Year Close": "26.8400", "Annual % Change": "48.78%"}, "2002": {"Average Stock Price": "16.1916", "Year Open": "12.7400", "Year High": "18.8900", "Year Low": "12.5550", "Year Close": "18.0400", "Annual % Change": "40.12%"}, "2001": {"Average Stock Price": "11.5714", "Year Open": "12.0300", "Year High": "13.5000", "Year Low": "8.3150", "Year Close": "12.8750", "Annual % Change": "3.25%"}, "2000": {"Average Stock Price": "7.7532", "Year Open": "5.4400", "Year High": "13.1250", "Year Low": "5.1250", "Year Close": "12.4700", "Annual % Change": "118.01%"}}}, "market cap": {"value": "$9.15B"}, "income statement": {"Revenue": {"2020-12-31": "1830.58900", "2019-12-31": "2091.67700", "2018-12-31": "1862.61200", "2017-12-31": "1582.86700", "2016-12-31": "1319.75900", "2015-12-31": "1237.19800", "2014-12-31": "1141.98400", "2013-12-31": "976.21700", "2012-12-31": "1045.47700", "2011-12-31": "1091.37200", "2010-12-31": "1135.10100", "2009-12-31": "1113.77100", "2008-12-31": "639.79600", "2007-12-31": "823.12700", "2006-12-31": "693.97000", "2005-12-31": "441.04800"}, "Cost Of Goods Sold": {"2020-12-31": "217.84900", "2019-12-31": "414.48700", "2018-12-31": "265.19500", "2017-12-31": "140.05000", "2016-12-31": "104.84300", "2015-12-31": "103.37600", "2014-12-31": "112.82000", "2013-12-31": "112.49200", "2012-12-31": "132.16800", "2011-12-31": "177.42200", "2010-12-31": "201.11700", "2009-12-31": "237.12900", "2008-12-31": "309.69400", "2007-12-31": "365.61300", "2006-12-31": "292.56800", "2005-12-31": "131.28400"}, "Gross Profit": {"2020-12-31": "1612.74000", "2019-12-31": "1677.19000", "2018-12-31": "1597.41700", "2017-12-31": "1442.81700", "2016-12-31": "1214.91600", "2015-12-31": "1133.82200", "2014-12-31": "1029.16400", "2013-12-31": "863.72500", "2012-12-31": "913.30900", "2011-12-31": "913.95000", "2010-12-31": "933.98410", "2009-12-31": "876.64200", "2008-12-31": "330.10200", "2007-12-31": "457.51400", "2006-12-31": "401.40200", "2005-12-31": "309.76400"}, "Research And Development Expenses": {"2020-12-31": "", "2019-12-31": "", "2018-12-31": "", "2017-12-31": "", "2016-12-31": "", "2015-12-31": "", "2014-12-31": "", "2013-12-31": "", "2012-12-31": "", "2011-12-31": "", "2010-12-31": "", "2009-12-31": "", "2008-12-31": "", "2007-12-31": "", "2006-12-31": "", "2005-12-31": ""}, "SG&A Expenses": {"2020-12-31": "856.89300", "2019-12-31": "747.75790", "2018-12-31": "689.09300", "2017-12-31": "619.76700", "2016-12-31": "559.28200", "2015-12-31": "509.74700", "2014-12-31": "527.84500", "2013-12-31": "401.24100", "2012-12-31": "458.75300", "2011-12-31": "500.96500", "2010-12-31": "654.76000", "2009-12-31": "758.57500", "2008-12-31": "412.72800", "2007-12-31": "183.45100", "2006-12-31": "155.06200", "2005-12-31": "129.02100"}, "Other Operating Income Or Expenses": {"2020-12-31": "", "2019-12-31": "", "2018-12-31": "", "2017-12-31": "", "2016-12-31": "", "2015-12-31": "", "2014-12-31": "", "2013-12-31": "", "2012-12-31": "", "2011-12-31": "", "2010-12-31": "", "2009-12-31": "", "2008-12-31": "", "2007-12-31": "", "2006-12-31": "", "2005-12-31": ""}, "Operating Expenses": {"2020-12-31": "1144.82400", "2019-12-31": "1247.76000", "2018-12-31": "1043.91600", "2017-12-31": "847.76700", "2016-12-31": "747.57100", "2015-12-31": "658.47700", "2014-12-31": "694.96090", "2013-12-31": "529.07100", "2012-12-31": "619.88500", "2011-12-31": "708.03800", "2010-12-31": "879.19200", "2009-12-31": "1009.04900", "2008-12-31": "736.96400", "2007-12-31": "560.86800", "2006-12-31": "460.18900", "2005-12-31": "270.68700"}, "Operating Income": {"2020-12-31": "685.76500", "2019-12-31": "843.91700", "2018-12-31": "818.69600", "2017-12-31": "735.10000", "2016-12-31": "572.18790", "2015-12-31": "578.72100", "2014-12-31": "447.02310", "2013-12-31": "447.14600", "2012-12-31": "425.59190", "2011-12-31": "383.33390", "2010-12-31": "255.90910", "2009-12-31": "104.72200", "2008-12-31": "-97.16800", "2007-12-31": "262.25900", "2006-12-31": "233.78100", "2005-12-31": "170.36100"}, "Total Non-Operating Income/Expense": {"2020-12-31": "", "2019-12-31": "", "2018-12-31": "", "2017-12-31": "", "2016-12-31": "", "2015-12-31": "", "2014-12-31": "", "2013-12-31": "", "2012-12-31": "", "2011-12-31": "", "2010-12-31": "", "2009-12-31": "", "2008-12-31": "", "2007-12-31": "", "2006-12-31": "", "2005-12-31": ""}, "Pre-Tax Income": {"2020-12-31": "685.76500", "2019-12-31": "843.91700", "2018-12-31": "818.69600", "2017-12-31": "735.10000", "2016-12-31": "572.18800", "2015-12-31": "578.72100", "2014-12-31": "447.02300", "2013-12-31": "447.14600", "2012-12-31": "425.59200", "2011-12-31": "383.33400", "2010-12-31": "255.90900", "2009-12-31": "104.72200", "2008-12-31": "-97.16800", "2007-12-31": "262.25900", "2006-12-31": "233.78100", "2005-12-31": "170.36100"}, "Income Taxes": {"2020-12-31": "117.96800", "2019-12-31": "169.88200", "2018-12-31": "114.99500", "2017-12-31": "229.47600", "2016-12-31": "140.51100", "2015-12-31": "194.04400", "2014-12-31": "101.14500", "2013-12-31": "153.82200", "2012-12-31": "143.94200", "2011-12-31": "138.10000", "2010-12-31": "91.34500", "2009-12-31": "22.71400", "2008-12-31": "-47.48500", "2007-12-31": "101.09200", "2006-12-31": "90.41200", "2005-12-31": "61.98100"}, "Income After Taxes": {"2020-12-31": "567.79700", "2019-12-31": "674.03500", "2018-12-31": "703.70100", "2017-12-31": "505.62400", "2016-12-31": "431.67700", "2015-12-31": "384.67700", "2014-12-31": "345.87800", "2013-12-31": "293.32400", "2012-12-31": "281.65000", "2011-12-31": "245.23400", "2010-12-31": "164.56400", "2009-12-31": "82.00800", "2008-12-31": "-49.68300", "2007-12-31": "161.16700", "2006-12-31": "143.36900", "2005-12-31": "108.38000"}, "Other Income": {"2020-12-31": "", "2019-12-31": "", "2018-12-31": "", "2017-12-31": "", "2016-12-31": "", "2015-12-31": "", "2014-12-31": "", "2013-12-31": "", "2012-12-31": "", "2011-12-31": "", "2010-12-31": "", "2009-12-31": "", "2008-12-31": "", "2007-12-31": "", "2006-12-31": "", "2005-12-31": ""}, "Income From Continuous Operations": {"2020-12-31": "567.79700", "2019-12-31": "674.03500", "2018-12-31": "703.70100", "2017-12-31": "505.62400", "2016-12-31": "431.67700", "2015-12-31": "384.67700", "2014-12-31": "345.87800", "2013-12-31": "293.32400", "2012-12-31": "281.65000", "2011-12-31": "245.23400", "2010-12-31": "164.56400", "2009-12-31": "82.00800", "2008-12-31": "-49.68300", "2007-12-31": "161.16700", "2006-12-31": "143.36900", "2005-12-31": "108.38000"}, "Income From Discontinued Operations": {"2020-12-31": "", "2019-12-31": "", "2018-12-31": "", "2017-12-31": "", "2016-12-31": "", "2015-12-31": "", "2014-12-31": "", "2013-12-31": "", "2012-12-31": "", "2011-12-31": "", "2010-12-31": "", "2009-12-31": "", "2008-12-31": "", "2007-12-31": "", "2006-12-31": "", "2005-12-31": ""}, "Net Income": {"2020-12-31": "567.79700", "2019-12-31": "674.03500", "2018-12-31": "703.70100", "2017-12-31": "505.62400", "2016-12-31": "431.67700", "2015-12-31": "384.67400", "2014-12-31": "345.37200", "2013-12-31": "288.21400", "2012-12-31": "274.79300", "2011-12-31": "238.37700", "2010-12-31": "121.43800", "2009-12-31": "27.52700", "2008-12-31": "-59.15700", "2007-12-31": "161.16700", "2006-12-31": "143.36900", "2005-12-31": "108.38000"}, "EBITDA": {"2020-12-31": "", "2019-12-31": "", "2018-12-31": "", "2017-12-31": "", "2016-12-31": "", "2015-12-31": "", "2014-12-31": "", "2013-12-31": "", "2012-12-31": "", "2011-12-31": "", "2010-12-31": "", "2009-12-31": "", "2008-12-31": "", "2007-12-31": "", "2006-12-31": "", "2005-12-31": ""}, "EBIT": {"2020-12-31": "", "2019-12-31": "", "2018-12-31": "", "2017-12-31": "", "2016-12-31": "", "2015-12-31": "", "2014-12-31": "", "2013-12-31": "", "2012-12-31": "", "2011-12-31": "", "2010-12-31": "", "2009-12-31": "", "2008-12-31": "", "2007-12-31": "", "2006-12-31": "", "2005-12-31": ""}, "Basic Shares Outstanding": {"2020-12-31": "142.33600", "2019-12-31": "145.49700", "2018-12-31": "144.86200", "2017-12-31": "144.44400", "2016-12-31": "144.08700", "2015-12-31": "143.81800", "2014-12-31": "142.95200", "2013-12-31": "137.34200", "2012-12-31": "141.45700", "2011-12-31": "147.09300", "2010-12-31": "137.47800", "2009-12-31": "78.77000", "2008-12-31": "62.67300", "2007-12-31": "61.18000", "2006-12-31": "59.60500", "2005-12-31": "53.45400"}, "Shares Outstanding": {"2020-12-31": "142.99100", "2019-12-31": "146.17900", "2018-12-31": "146.16900", "2017-12-31": "145.91300", "2016-12-31": "145.17200", "2015-12-31": "144.51200", "2014-12-31": "143.56300", "2013-12-31": "139.57400", "2012-12-31": "147.17500", "2011-12-31": "153.46700", "2010-12-31": "147.10200", "2009-12-31": "84.52300", "2008-12-31": "62.67300", "2007-12-31": "62.09300", "2006-12-31": "60.90900", "2005-12-31": "55.03400"}, "Basic EPS": {"2020-12-31": "3.99000", "2019-12-31": "4.63000", "2018-12-31": "4.86000", "2017-12-31": "3.50000", "2016-12-31": "3.00000", "2015-12-31": "2.67000", "2014-12-31": "2.42000", "2013-12-31": "2.10000", "2012-12-31": "1.92000", "2011-12-31": "1.62000", "2010-12-31": "0.88000", "2009-12-31": "0.35000", "2008-12-31": "-0.94000", "2007-12-31": "2.63000", "2006-12-31": "2.40000", "2005-12-31": "2.03000"}, "EPS - Earnings Per Share": {"2020-12-31": "3.97000", "2019-12-31": "4.61000", "2018-12-31": "4.81000", "2017-12-31": "3.47000", "2016-12-31": "2.97000", "2015-12-31": "2.66000", "2014-12-31": "2.41000", "2013-12-31": "2.09000", "2012-12-31": "1.89000", "2011-12-31": "1.60000", "2010-12-31": "0.83000", "2009-12-31": "0.33000", "2008-12-31": "-0.94000", "2007-12-31": "2.60000", "2006-12-31": "2.35000", "2005-12-31": "1.97000"}}, "income statement, quarterly": {"Revenue": {"2020-12-31": "451.18000", "2020-09-30": "415.30800", "2020-06-30": "457.41300", "2020-03-31": "503.23900", "2019-12-31": "530.24600", "2019-09-30": "528.38600", "2019-06-30": "527.60300", "2019-03-31": "505.44200", "2018-12-31": "499.02910", "2018-09-30": "468.68700", "2018-06-30": "448.57900", "2018-03-31": "446.31700", "2017-12-31": "404.97090", "2017-09-30": "389.38000", "2017-06-30": "370.01900", "2017-03-31": "418.49700", "2016-12-31": "350.28690", "2016-09-30": "329.65800", "2016-06-30": "323.12900", "2016-03-31": "316.68500", "2015-12-31": "314.96010", "2015-09-30": "318.81300", "2015-06-30": "296.03800", "2015-03-31": "307.38700", "2014-12-31": "294.94000", "2014-09-30": "296.29000", "2014-06-30": "279.49700", "2014-03-31": "271.25700", "2013-12-31": "256.60910", "2013-09-30": "240.28500", "2013-06-30": "242.99900", "2013-03-31": "236.32400", "2012-12-31": "258.06690", "2012-09-30": "256.91300", "2012-06-30": "254.70700", "2012-03-31": "275.79000", "2011-12-31": "269.84100", "2011-09-30": "269.19600", "2011-06-30": "286.95900", "2011-03-31": "265.37600", "2010-12-31": "274.91610", "2010-09-30": "260.71500", "2010-06-30": "289.21800", "2010-03-31": "310.25200", "2009-12-31": "698.87600", "2009-09-30": "136.04400", "2009-06-30": "120.13400", "2009-03-31": "158.71700", "2008-12-31": "149.04390", "2008-09-30": "116.31200", "2008-06-30": "171.34300", "2008-03-31": "203.09700", "2007-12-31": "214.08300", "2007-09-30": "212.35600", "2007-06-30": "198.01600", "2007-03-31": "198.67200", "2006-12-31": "195.03200", "2006-09-30": "185.41500", "2006-06-30": "167.36300", "2006-03-31": "146.16000", "2005-12-31": "133.94500", "2005-09-30": "114.11400", "2005-06-30": "101.73300", "2005-03-31": "91.25600"}, "Cost Of Goods Sold": {"2020-12-31": "34.76700", "2020-09-30": "41.59800", "2020-06-30": "55.00100", "2020-03-31": "86.48300", "2019-12-31": "99.01400", "2019-09-30": "107.10500", "2019-06-30": "107.51800", "2019-03-31": "100.85000", "2018-12-31": "87.91800", "2018-09-30": "73.46500", "2018-06-30": "58.63200", "2018-03-31": "45.18000", "2017-12-31": "40.06400", "2017-09-30": "36.75500", "2017-06-30": "32.68400", "2017-03-31": "30.54700", "2016-12-31": "29.42500", "2016-09-30": "26.16900", "2016-06-30": "25.28100", "2016-03-31": "23.96800", "2015-12-31": "23.53600", "2015-09-30": "24.34300", "2015-06-30": "27.95300", "2015-03-31": "27.54400", "2014-12-31": "27.64700", "2014-09-30": "28.97400", "2014-06-30": "27.99200", "2014-03-31": "28.20700", "2013-12-31": "28.19500", "2013-09-30": "27.45600", "2013-06-30": "27.70900", "2013-03-31": "29.13200", "2012-12-31": "31.57700", "2012-09-30": "32.25400", "2012-06-30": "33.20500", "2012-03-31": "35.13200", "2011-12-31": "39.83000", "2011-09-30": "44.95900", "2011-06-30": "47.13200", "2011-03-31": "45.50100", "2010-12-31": "45.63300", "2010-09-30": "48.59500", "2010-06-30": "49.91000", "2010-03-31": "56.97900", "2009-12-31": "61.77000", "2009-09-30": "52.04400", "2009-06-30": "58.07300", "2009-03-31": "65.24200", "2008-12-31": "73.05300", "2008-09-30": "73.34700", "2008-06-30": "75.72900", "2008-03-31": "87.56500", "2007-12-31": "94.84000", "2007-09-30": "94.91400", "2007-06-30": "88.28500", "2007-03-31": "87.57400", "2006-12-31": "88.81500", "2006-09-30": "81.89500", "2006-06-30": "67.60400", "2006-03-31": "54.25400", "2005-12-31": "45.23600", "2005-09-30": "34.70500", "2005-06-30": "28.80900", "2005-03-31": "22.53400"}, "Gross Profit": {"2020-12-31": "416.41300", "2020-09-30": "373.71000", "2020-06-30": "402.41200", "2020-03-31": "416.75600", "2019-12-31": "431.23200", "2019-09-30": "421.28100", "2019-06-30": "420.08500", "2019-03-31": "404.59200", "2018-12-31": "411.11110", "2018-09-30": "395.22200", "2018-06-30": "389.94700", "2018-03-31": "401.13700", "2017-12-31": "364.90700", "2017-09-30": "352.62500", "2017-06-30": "337.33500", "2017-03-31": "387.95000", "2016-12-31": "320.86190", "2016-09-30": "303.48900", "2016-06-30": "297.84800", "2016-03-31": "292.71700", "2015-12-31": "291.42400", "2015-09-30": "294.47000", "2015-06-30": "268.08500", "2015-03-31": "279.84300", "2014-12-31": "267.29300", "2014-09-30": "267.31600", "2014-06-30": "251.50500", "2014-03-31": "243.05000", "2013-12-31": "228.41410", "2013-09-30": "212.82900", "2013-06-30": "215.29000", "2013-03-31": "207.19200", "2012-12-31": "226.48990", "2012-09-30": "224.65900", "2012-06-30": "221.50200", "2012-03-31": "240.65800", "2011-12-31": "230.01100", "2011-09-30": "224.23700", "2011-06-30": "239.82700", "2011-03-31": "219.87500", "2010-12-31": "229.28310", "2010-09-30": "212.12000", "2010-06-30": "239.30800", "2010-03-31": "253.27300", "2009-12-31": "637.10600", "2009-09-30": "84.00000", "2009-06-30": "62.06100", "2009-03-31": "93.47500", "2008-12-31": "75.99090", "2008-09-30": "42.96500", "2008-06-30": "95.61400", "2008-03-31": "115.53200", "2007-12-31": "119.24300", "2007-09-30": "117.44200", "2007-06-30": "109.73100", "2007-03-31": "111.09800", "2006-12-31": "106.21700", "2006-09-30": "103.52000", "2006-06-30": "99.75900", "2006-03-31": "91.90600", "2005-12-31": "88.70900", "2005-09-30": "79.40900", "2005-06-30": "72.92400", "2005-03-31": "68.72200"}, "Research And Development Expenses": {"2020-12-31": "", "2020-09-30": "", "2020-06-30": "", "2020-03-31": "", "2019-12-31": "", "2019-09-30": "", "2019-06-30": "", "2019-03-31": "", "2018-12-31": "", "2018-09-30": "", "2018-06-30": "", "2018-03-31": "", "2017-12-31": "", "2017-09-30": "", "2017-06-30": "", "2017-03-31": "", "2016-12-31": "", "2016-09-30": "", "2016-06-30": "", "2016-03-31": "", "2015-12-31": "", "2015-09-30": "", "2015-06-30": "", "2015-03-31": "", "2014-12-31": "", "2014-09-30": "", "2014-06-30": "", "2014-03-31": "", "2013-12-31": "", "2013-09-30": "", "2013-06-30": "", "2013-03-31": "", "2012-12-31": "", "2012-09-30": "", "2012-06-30": "", "2012-03-31": "", "2011-12-31": "", "2011-09-30": "", "2011-06-30": "", "2011-03-31": "", "2010-12-31": "", "2010-09-30": "", "2010-06-30": "", "2010-03-31": "", "2009-12-31": "", "2009-09-30": "", "2009-06-30": "", "2009-03-31": "", "2008-12-31": "", "2008-09-30": "", "2008-06-30": "", "2008-03-31": "", "2007-12-31": "", "2007-09-30": "", "2007-06-30": "", "2007-03-31": "", "2006-12-31": "", "2006-09-30": "", "2006-06-30": "", "2006-03-31": "", "2005-12-31": "", "2005-09-30": "", "2005-06-30": "", "2005-03-31": ""}, "SG&A Expenses": {"2020-12-31": "190.72800", "2020-09-30": "165.36400", "2020-06-30": "265.38000", "2020-03-31": "235.42100", "2019-12-31": "184.91200", "2019-09-30": "198.08100", "2019-06-30": "180.16900", "2019-03-31": "184.59600", "2018-12-31": "175.09810", "2018-09-30": "169.56800", "2018-06-30": "172.47400", "2018-03-31": "171.95300", "2017-12-31": "168.88900", "2017-09-30": "153.51400", "2017-06-30": "151.77800", "2017-03-31": "145.58600", "2016-12-31": "143.23500", "2016-09-30": "145.38400", "2016-06-30": "138.87600", "2016-03-31": "131.78700", "2015-12-31": "118.70700", "2015-09-30": "140.90200", "2015-06-30": "118.33000", "2015-03-31": "124.32700", "2014-12-31": "131.85400", "2014-09-30": "152.67100", "2014-06-30": "120.42500", "2014-03-31": "122.89500", "2013-12-31": "115.51500", "2013-09-30": "96.88300", "2013-06-30": "95.98100", "2013-03-31": "93.99000", "2012-12-31": "87.69100", "2012-09-30": "113.34400", "2012-06-30": "109.84500", "2012-03-31": "125.52400", "2011-12-31": "120.83400", "2011-09-30": "118.19800", "2011-06-30": "136.34800", "2011-03-31": "125.58500", "2010-12-31": "137.42500", "2010-09-30": "133.79900", "2010-06-30": "174.62600", "2010-03-31": "208.91000", "2009-12-31": "222.93400", "2009-09-30": "202.53000", "2009-06-30": "206.59000", "2009-03-31": "126.52100", "2008-12-31": "85.18100", "2008-09-30": "87.78700", "2008-06-30": "136.32200", "2008-03-31": "103.43800", "2007-12-31": "56.47700", "2007-09-30": "46.95400", "2007-06-30": "40.50200", "2007-03-31": "39.51800", "2006-12-31": "38.76300", "2006-09-30": "42.20000", "2006-06-30": "36.55200", "2006-03-31": "37.09400", "2005-12-31": "36.18500", "2005-09-30": "32.44300", "2005-06-30": "30.58900", "2005-03-31": "29.80400"}, "Other Operating Income Or Expenses": {"2020-12-31": "", "2020-09-30": "", "2020-06-30": "", "2020-03-31": "", "2019-12-31": "", "2019-09-30": "", "2019-06-30": "", "2019-03-31": "", "2018-12-31": "", "2018-09-30": "", "2018-06-30": "", "2018-03-31": "", "2017-12-31": "", "2017-09-30": "", "2017-06-30": "", "2017-03-31": "", "2016-12-31": "", "2016-09-30": "", "2016-06-30": "", "2016-03-31": "", "2015-12-31": "", "2015-09-30": "", "2015-06-30": "", "2015-03-31": "", "2014-12-31": "", "2014-09-30": "", "2014-06-30": "", "2014-03-31": "", "2013-12-31": "", "2013-09-30": "", "2013-06-30": "", "2013-03-31": "", "2012-12-31": "", "2012-09-30": "", "2012-06-30": "", "2012-03-31": "", "2011-12-31": "", "2011-09-30": "", "2011-06-30": "", "2011-03-31": "", "2010-12-31": "", "2010-09-30": "", "2010-06-30": "", "2010-03-31": "", "2009-12-31": "", "2009-09-30": "", "2009-06-30": "", "2009-03-31": "", "2008-12-31": "", "2008-09-30": "", "2008-06-30": "", "2008-03-31": "", "2007-12-31": "", "2007-09-30": "", "2007-06-30": "", "2007-03-31": "", "2006-12-31": "", "2006-09-30": "", "2006-06-30": "", "2006-03-31": "", "2005-12-31": "", "2005-09-30": "", "2005-06-30": "", "2005-03-31": ""}, "Operating Expenses": {"2020-12-31": "237.75800", "2020-09-30": "219.24800", "2020-06-30": "345.14000", "2020-03-31": "339.22900", "2019-12-31": "310.96400", "2019-09-30": "322.01900", "2019-06-30": "304.42600", "2019-03-31": "310.35100", "2018-12-31": "293.97410", "2018-09-30": "263.82200", "2018-06-30": "251.58700", "2018-03-31": "234.53300", "2017-12-31": "230.84400", "2017-09-30": "214.09600", "2017-06-30": "212.33400", "2017-03-31": "190.49300", "2016-12-31": "189.15000", "2016-09-30": "206.19400", "2016-06-30": "180.21300", "2016-03-31": "172.01400", "2015-12-31": "158.99400", "2015-09-30": "179.82400", "2015-06-30": "151.61700", "2015-03-31": "160.56100", "2014-12-31": "172.34500", "2014-09-30": "210.99100", "2014-06-30": "156.53100", "2014-03-31": "155.09400", "2013-12-31": "137.87700", "2013-09-30": "131.37900", "2013-06-30": "131.12900", "2013-03-31": "129.81400", "2012-12-31": "127.51800", "2012-09-30": "151.71000", "2012-06-30": "150.31300", "2012-03-31": "167.99500", "2011-12-31": "166.50200", "2011-09-30": "171.51100", "2011-06-30": "191.22900", "2011-03-31": "178.79600", "2010-12-31": "189.21000", "2010-09-30": "187.18800", "2010-06-30": "230.48400", "2010-03-31": "272.31000", "2009-12-31": "289.64200", "2009-09-30": "257.35200", "2009-06-30": "267.40700", "2009-03-31": "194.64800", "2008-12-31": "160.25200", "2008-09-30": "164.87300", "2008-06-30": "216.38400", "2008-03-31": "195.45500", "2007-12-31": "154.77600", "2007-09-30": "144.65200", "2007-06-30": "131.54800", "2007-03-31": "129.89200", "2006-12-31": "130.54800", "2006-09-30": "127.34100", "2006-06-30": "107.46900", "2006-03-31": "94.37800", "2005-12-31": "84.84400", "2005-09-30": "69.51100", "2005-06-30": "61.71000", "2005-03-31": "54.62200"}, "Operating Income": {"2020-12-31": "213.42200", "2020-09-30": "196.06000", "2020-06-30": "112.27300", "2020-03-31": "164.01000", "2019-12-31": "219.28200", "2019-09-30": "206.36700", "2019-06-30": "223.17700", "2019-03-31": "195.09100", "2018-12-31": "205.05500", "2018-09-30": "204.86500", "2018-06-30": "196.99200", "2018-03-31": "211.78400", "2017-12-31": "174.12700", "2017-09-30": "175.28400", "2017-06-30": "157.68500", "2017-03-31": "228.00400", "2016-12-31": "161.13690", "2016-09-30": "123.46400", "2016-06-30": "142.91600", "2016-03-31": "144.67100", "2015-12-31": "155.96610", "2015-09-30": "138.98900", "2015-06-30": "144.42100", "2015-03-31": "146.82600", "2014-12-31": "122.59500", "2014-09-30": "85.29900", "2014-06-30": "122.96600", "2014-03-31": "116.16300", "2013-12-31": "118.73210", "2013-09-30": "108.90600", "2013-06-30": "111.87000", "2013-03-31": "106.51000", "2012-12-31": "130.54890", "2012-09-30": "105.20300", "2012-06-30": "104.39400", "2012-03-31": "107.79500", "2011-12-31": "103.33900", "2011-09-30": "97.68500", "2011-06-30": "95.73000", "2011-03-31": "86.58000", "2010-12-31": "85.70610", "2010-09-30": "73.52700", "2010-06-30": "58.73400", "2010-03-31": "37.94200", "2009-12-31": "409.23400", "2009-09-30": "-121.30800", "2009-06-30": "-147.27300", "2009-03-31": "-35.93100", "2008-12-31": "-11.20810", "2008-09-30": "-48.56100", "2008-06-30": "-45.04100", "2008-03-31": "7.64200", "2007-12-31": "59.30700", "2007-09-30": "67.70400", "2007-06-30": "66.46800", "2007-03-31": "68.78000", "2006-12-31": "64.48400", "2006-09-30": "58.07400", "2006-06-30": "59.89400", "2006-03-31": "51.78200", "2005-12-31": "49.10100", "2005-09-30": "44.60300", "2005-06-30": "40.02300", "2005-03-31": "36.63400"}, "Total Non-Operating Income/Expense": {"2020-12-31": "", "2020-09-30": "", "2020-06-30": "", "2020-03-31": "", "2019-12-31": "", "2019-09-30": "", "2019-06-30": "", "2019-03-31": "", "2018-12-31": "", "2018-09-30": "", "2018-06-30": "", "2018-03-31": "", "2017-12-31": "", "2017-09-30": "", "2017-06-30": "", "2017-03-31": "", "2016-12-31": "", "2016-09-30": "", "2016-06-30": "", "2016-03-31": "", "2015-12-31": "", "2015-09-30": "", "2015-06-30": "", "2015-03-31": "", "2014-12-31": "", "2014-09-30": "", "2014-06-30": "", "2014-03-31": "", "2013-12-31": "", "2013-09-30": "", "2013-06-30": "", "2013-03-31": "", "2012-12-31": "", "2012-09-30": "", "2012-06-30": "", "2012-03-31": "", "2011-12-31": "", "2011-09-30": "", "2011-06-30": "", "2011-03-31": "", "2010-12-31": "", "2010-09-30": "", "2010-06-30": "", "2010-03-31": "", "2009-12-31": "", "2009-09-30": "", "2009-06-30": "", "2009-03-31": "", "2008-12-31": "", "2008-09-30": "", "2008-06-30": "", "2008-03-31": "", "2007-12-31": "", "2007-09-30": "", "2007-06-30": "", "2007-03-31": "", "2006-12-31": "", "2006-09-30": "", "2006-06-30": "", "2006-03-31": "", "2005-12-31": "", "2005-09-30": "", "2005-06-30": "", "2005-03-31": ""}, "Pre-Tax Income": {"2020-12-31": "213.42200", "2020-09-30": "196.06000", "2020-06-30": "112.27300", "2020-03-31": "164.01000", "2019-12-31": "219.28200", "2019-09-30": "206.36700", "2019-06-30": "223.17700", "2019-03-31": "195.09100", "2018-12-31": "205.05500", "2018-09-30": "204.86500", "2018-06-30": "196.99200", "2018-03-31": "211.78400", "2017-12-31": "174.12700", "2017-09-30": "175.28400", "2017-06-30": "157.68500", "2017-03-31": "228.00400", "2016-12-31": "161.13700", "2016-09-30": "123.46400", "2016-06-30": "142.91600", "2016-03-31": "144.67100", "2015-12-31": "148.48500", "2015-09-30": "138.98900", "2015-06-30": "144.42100", "2015-03-31": "146.82600", "2014-12-31": "122.59500", "2014-09-30": "85.29900", "2014-06-30": "122.96600", "2014-03-31": "116.16300", "2013-12-31": "119.86000", "2013-09-30": "108.90600", "2013-06-30": "111.87000", "2013-03-31": "106.51000", "2012-12-31": "108.20000", "2012-09-30": "105.20300", "2012-06-30": "104.39400", "2012-03-31": "107.79500", "2011-12-31": "103.33900", "2011-09-30": "97.68500", "2011-06-30": "95.73000", "2011-03-31": "86.58000", "2010-12-31": "85.70600", "2010-09-30": "73.52700", "2010-06-30": "58.73400", "2010-03-31": "37.94200", "2009-12-31": "409.23400", "2009-09-30": "-121.30800", "2009-06-30": "-147.27300", "2009-03-31": "-35.93100", "2008-12-31": "-11.20800", "2008-09-30": "-48.56100", "2008-06-30": "-45.04100", "2008-03-31": "7.64200", "2007-12-31": "59.30700", "2007-09-30": "67.70400", "2007-06-30": "66.46800", "2007-03-31": "68.78000", "2006-12-31": "64.03100", "2006-09-30": "58.07400", "2006-06-30": "59.89400", "2006-03-31": "51.78200", "2005-12-31": "49.10100", "2005-09-30": "44.60300", "2005-06-30": "40.02300", "2005-03-31": "36.63400"}, "Income Taxes": {"2020-12-31": "49.33800", "2020-09-30": "36.52300", "2020-06-30": "12.92100", "2020-03-31": "19.18600", "2019-12-31": "31.06700", "2019-09-30": "34.95100", "2019-06-30": "72.79700", "2019-03-31": "31.06700", "2018-12-31": "32.03700", "2018-09-30": "33.56300", "2018-06-30": "24.64300", "2018-03-31": "24.75200", "2017-12-31": "89.22900", "2017-09-30": "42.62400", "2017-06-30": "39.35500", "2017-03-31": "58.26800", "2016-12-31": "50.40300", "2016-09-30": "13.32100", "2016-06-30": "39.63200", "2016-03-31": "37.15500", "2015-12-31": "56.68000", "2015-09-30": "44.89200", "2015-06-30": "45.67300", "2015-03-31": "46.79900", "2014-12-31": "27.09300", "2014-09-30": "-6.60100", "2014-06-30": "38.66100", "2014-03-31": "41.99200", "2013-12-31": "45.79900", "2013-09-30": "35.74900", "2013-06-30": "37.85500", "2013-03-31": "34.41900", "2012-12-31": "36.30000", "2012-09-30": "34.09300", "2012-06-30": "33.83700", "2012-03-31": "39.71200", "2011-12-31": "37.13300", "2011-09-30": "35.25300", "2011-06-30": "35.20500", "2011-03-31": "30.50900", "2010-12-31": "29.35700", "2010-09-30": "26.57600", "2010-06-30": "22.38600", "2010-03-31": "13.02600", "2009-12-31": "149.50400", "2009-09-30": "-52.77700", "2009-06-30": "-60.54800", "2009-03-31": "-13.46500", "2008-12-31": "-13.57400", "2008-09-30": "-17.35500", "2008-06-30": "-19.15400", "2008-03-31": "2.59800", "2007-12-31": "22.06200", "2007-09-30": "26.36800", "2007-06-30": "25.97800", "2007-03-31": "26.68400", "2006-12-31": "24.92000", "2006-09-30": "22.51200", "2006-06-30": "23.24900", "2006-03-31": "19.73100", "2005-12-31": "18.28600", "2005-09-30": "16.02000", "2005-06-30": "14.56000", "2005-03-31": "13.11500"}, "Income After Taxes": {"2020-12-31": "164.08400", "2020-09-30": "159.53700", "2020-06-30": "99.35200", "2020-03-31": "144.82400", "2019-12-31": "188.21500", "2019-09-30": "171.41600", "2019-06-30": "150.38000", "2019-03-31": "164.02400", "2018-12-31": "173.01800", "2018-09-30": "171.30200", "2018-06-30": "172.34900", "2018-03-31": "187.03200", "2017-12-31": "84.89800", "2017-09-30": "132.66000", "2017-06-30": "118.33000", "2017-03-31": "169.73600", "2016-12-31": "110.73400", "2016-09-30": "110.14300", "2016-06-30": "103.28400", "2016-03-31": "107.51600", "2015-12-31": "91.80500", "2015-09-30": "94.09700", "2015-06-30": "98.74800", "2015-03-31": "100.02700", "2014-12-31": "95.50200", "2014-09-30": "91.90000", "2014-06-30": "84.30500", "2014-03-31": "74.17100", "2013-12-31": "74.06100", "2013-09-30": "73.15700", "2013-06-30": "74.01500", "2013-03-31": "72.09100", "2012-12-31": "71.90000", "2012-09-30": "71.11000", "2012-06-30": "70.55700", "2012-03-31": "68.08300", "2011-12-31": "66.20600", "2011-09-30": "62.43200", "2011-06-30": "60.52500", "2011-03-31": "56.07100", "2010-12-31": "56.34900", "2010-09-30": "46.95100", "2010-06-30": "36.34800", "2010-03-31": "24.91600", "2009-12-31": "259.73000", "2009-09-30": "-68.53100", "2009-06-30": "-86.72500", "2009-03-31": "-22.46600", "2008-12-31": "2.36600", "2008-09-30": "-31.20600", "2008-06-30": "-25.88700", "2008-03-31": "5.04400", "2007-12-31": "37.24500", "2007-09-30": "41.33600", "2007-06-30": "40.49000", "2007-03-31": "42.09600", "2006-12-31": "39.11100", "2006-09-30": "35.56200", "2006-06-30": "36.64500", "2006-03-31": "32.05100", "2005-12-31": "30.81500", "2005-09-30": "28.58300", "2005-06-30": "25.46300", "2005-03-31": "23.51900"}, "Other Income": {"2020-12-31": "", "2020-09-30": "", "2020-06-30": "", "2020-03-31": "", "2019-12-31": "", "2019-09-30": "", "2019-06-30": "", "2019-03-31": "", "2018-12-31": "", "2018-09-30": "", "2018-06-30": "", "2018-03-31": "", "2017-12-31": "", "2017-09-30": "", "2017-06-30": "", "2017-03-31": "", "2016-12-31": "", "2016-09-30": "", "2016-06-30": "", "2016-03-31": "", "2015-12-31": "", "2015-09-30": "", "2015-06-30": "", "2015-03-31": "", "2014-12-31": "", "2014-09-30": "", "2014-06-30": "", "2014-03-31": "", "2013-12-31": "", "2013-09-30": "", "2013-06-30": "", "2013-03-31": "", "2012-12-31": "", "2012-09-30": "", "2012-06-30": "", "2012-03-31": "", "2011-12-31": "", "2011-09-30": "", "2011-06-30": "", "2011-03-31": "", "2010-12-31": "", "2010-09-30": "", "2010-06-30": "", "2010-03-31": "", "2009-12-31": "", "2009-09-30": "", "2009-06-30": "", "2009-03-31": "", "2008-12-31": "", "2008-09-30": "", "2008-06-30": "", "2008-03-31": "", "2007-12-31": "", "2007-09-30": "", "2007-06-30": "", "2007-03-31": "", "2006-12-31": "", "2006-09-30": "", "2006-06-30": "", "2006-03-31": "", "2005-12-31": "", "2005-09-30": "", "2005-06-30": "", "2005-03-31": ""}, "Income From Continuous Operations": {"2020-12-31": "164.08400", "2020-09-30": "159.53700", "2020-06-30": "99.35200", "2020-03-31": "144.82400", "2019-12-31": "188.21500", "2019-09-30": "171.41600", "2019-06-30": "150.38000", "2019-03-31": "164.02400", "2018-12-31": "173.01800", "2018-09-30": "171.30200", "2018-06-30": "172.34900", "2018-03-31": "187.03200", "2017-12-31": "84.89800", "2017-09-30": "132.66000", "2017-06-30": "118.33000", "2017-03-31": "169.73600", "2016-12-31": "110.73400", "2016-09-30": "110.14300", "2016-06-30": "103.28400", "2016-03-31": "107.51600", "2015-12-31": "91.80500", "2015-09-30": "94.09700", "2015-06-30": "98.74800", "2015-03-31": "100.02700", "2014-12-31": "95.50200", "2014-09-30": "91.90000", "2014-06-30": "84.30500", "2014-03-31": "74.17100", "2013-12-31": "74.06100", "2013-09-30": "73.15700", "2013-06-30": "74.01500", "2013-03-31": "72.09100", "2012-12-31": "71.90000", "2012-09-30": "71.11000", "2012-06-30": "70.55700", "2012-03-31": "68.08300", "2011-12-31": "66.20600", "2011-09-30": "62.43200", "2011-06-30": "60.52500", "2011-03-31": "56.07100", "2010-12-31": "56.34900", "2010-09-30": "46.95100", "2010-06-30": "36.34800", "2010-03-31": "24.91600", "2009-12-31": "259.73000", "2009-09-30": "-68.53100", "2009-06-30": "-86.72500", "2009-03-31": "-22.46600", "2008-12-31": "2.36600", "2008-09-30": "-31.20600", "2008-06-30": "-25.88700", "2008-03-31": "5.04400", "2007-12-31": "37.24500", "2007-09-30": "41.33600", "2007-06-30": "40.49000", "2007-03-31": "42.09600", "2006-12-31": "39.11100", "2006-09-30": "35.56200", "2006-06-30": "36.64500", "2006-03-31": "32.05100", "2005-12-31": "30.81500", "2005-09-30": "28.58300", "2005-06-30": "25.46300", "2005-03-31": "23.51900"}, "Income From Discontinued Operations": {"2020-12-31": "", "2020-09-30": "", "2020-06-30": "", "2020-03-31": "", "2019-12-31": "", "2019-09-30": "", "2019-06-30": "", "2019-03-31": "", "2018-12-31": "", "2018-09-30": "", "2018-06-30": "", "2018-03-31": "", "2017-12-31": "", "2017-09-30": "", "2017-06-30": "", "2017-03-31": "", "2016-12-31": "", "2016-09-30": "", "2016-06-30": "", "2016-03-31": "", "2015-12-31": "", "2015-09-30": "", "2015-06-30": "", "2015-03-31": "", "2014-12-31": "", "2014-09-30": "", "2014-06-30": "", "2014-03-31": "", "2013-12-31": "", "2013-09-30": "", "2013-06-30": "", "2013-03-31": "", "2012-12-31": "", "2012-09-30": "", "2012-06-30": "", "2012-03-31": "", "2011-12-31": "", "2011-09-30": "", "2011-06-30": "", "2011-03-31": "", "2010-12-31": "", "2010-09-30": "", "2010-06-30": "", "2010-03-31": "", "2009-12-31": "", "2009-09-30": "", "2009-06-30": "", "2009-03-31": "", "2008-12-31": "", "2008-09-30": "", "2008-06-30": "", "2008-03-31": "", "2007-12-31": "", "2007-09-30": "", "2007-06-30": "", "2007-03-31": "", "2006-12-31": "", "2006-09-30": "", "2006-06-30": "", "2006-03-31": "", "2005-12-31": "", "2005-09-30": "", "2005-06-30": "", "2005-03-31": ""}, "Net Income": {"2020-12-31": "164.08400", "2020-09-30": "159.53700", "2020-06-30": "99.35200", "2020-03-31": "144.82400", "2019-12-31": "188.21500", "2019-09-30": "171.41600", "2019-06-30": "150.38000", "2019-03-31": "164.02400", "2018-12-31": "173.01800", "2018-09-30": "171.30200", "2018-06-30": "172.34900", "2018-03-31": "187.03200", "2017-12-31": "84.89800", "2017-09-30": "132.66000", "2017-06-30": "118.33000", "2017-03-31": "169.73600", "2016-12-31": "110.73400", "2016-09-30": "110.14300", "2016-06-30": "103.28400", "2016-03-31": "107.51600", "2015-12-31": "91.80500", "2015-09-30": "94.09700", "2015-06-30": "98.74800", "2015-03-31": "100.02400", "2014-12-31": "95.27600", "2014-09-30": "91.90000", "2014-06-30": "84.18500", "2014-03-31": "74.01100", "2013-12-31": "72.37900", "2013-09-30": "73.15700", "2013-06-30": "72.30100", "2013-03-31": "70.37700", "2012-12-31": "71.04400", "2012-09-30": "69.39600", "2012-06-30": "67.98400", "2012-03-31": "66.36900", "2011-12-31": "64.49200", "2011-09-30": "60.71800", "2011-06-30": "58.81100", "2011-03-31": "54.35600", "2010-12-31": "32.24000", "2010-09-30": "40.21900", "2010-06-30": "30.20100", "2010-03-31": "18.77800", "2009-12-31": "253.60100", "2009-09-30": "-79.15100", "2009-06-30": "-115.71400", "2009-03-31": "-31.20900", "2008-12-31": "-3.01900", "2008-09-30": "-35.29500", "2008-06-30": "-25.88700", "2008-03-31": "5.04400", "2007-12-31": "37.24500", "2007-09-30": "41.33600", "2007-06-30": "40.49000", "2007-03-31": "42.09600", "2006-12-31": "39.11100", "2006-09-30": "35.56200", "2006-06-30": "36.64500", "2006-03-31": "32.05100", "2005-12-31": "30.81500", "2005-09-30": "28.58300", "2005-06-30": "25.46300", "2005-03-31": "23.51900"}, "EBITDA": {"2020-12-31": "", "2020-09-30": "", "2020-06-30": "", "2020-03-31": "", "2019-12-31": "", "2019-09-30": "", "2019-06-30": "", "2019-03-31": "", "2018-12-31": "", "2018-09-30": "", "2018-06-30": "", "2018-03-31": "", "2017-12-31": "", "2017-09-30": "", "2017-06-30": "", "2017-03-31": "", "2016-12-31": "", "2016-09-30": "", "2016-06-30": "", "2016-03-31": "", "2015-12-31": "", "2015-09-30": "", "2015-06-30": "", "2015-03-31": "", "2014-12-31": "", "2014-09-30": "", "2014-06-30": "", "2014-03-31": "", "2013-12-31": "", "2013-09-30": "", "2013-06-30": "", "2013-03-31": "", "2012-12-31": "", "2012-09-30": "", "2012-06-30": "", "2012-03-31": "", "2011-12-31": "", "2011-09-30": "", "2011-06-30": "", "2011-03-31": "", "2010-12-31": "", "2010-09-30": "", "2010-06-30": "", "2010-03-31": "", "2009-12-31": "", "2009-09-30": "", "2009-06-30": "", "2009-03-31": "", "2008-12-31": "", "2008-09-30": "", "2008-06-30": "", "2008-03-31": "", "2007-12-31": "", "2007-09-30": "", "2007-06-30": "", "2007-03-31": "", "2006-12-31": "", "2006-09-30": "", "2006-06-30": "", "2006-03-31": "", "2005-12-31": "", "2005-09-30": "", "2005-06-30": "", "2005-03-31": ""}, "EBIT": {"2020-12-31": "", "2020-09-30": "", "2020-06-30": "", "2020-03-31": "", "2019-12-31": "", "2019-09-30": "", "2019-06-30": "", "2019-03-31": "", "2018-12-31": "", "2018-09-30": "", "2018-06-30": "", "2018-03-31": "", "2017-12-31": "", "2017-09-30": "", "2017-06-30": "", "2017-03-31": "", "2016-12-31": "", "2016-09-30": "", "2016-06-30": "", "2016-03-31": "", "2015-12-31": "", "2015-09-30": "", "2015-06-30": "", "2015-03-31": "", "2014-12-31": "", "2014-09-30": "", "2014-06-30": "", "2014-03-31": "", "2013-12-31": "", "2013-09-30": "", "2013-06-30": "", "2013-03-31": "", "2012-12-31": "", "2012-09-30": "", "2012-06-30": "", "2012-03-31": "", "2011-12-31": "", "2011-09-30": "", "2011-06-30": "", "2011-03-31": "", "2010-12-31": "", "2010-09-30": "", "2010-06-30": "", "2010-03-31": "", "2009-12-31": "", "2009-09-30": "", "2009-06-30": "", "2009-03-31": "", "2008-12-31": "", "2008-09-30": "", "2008-06-30": "", "2008-03-31": "", "2007-12-31": "", "2007-09-30": "", "2007-06-30": "", "2007-03-31": "", "2006-12-31": "", "2006-09-30": "", "2006-06-30": "", "2006-03-31": "", "2005-12-31": "", "2005-09-30": "", "2005-06-30": "", "2005-03-31": ""}, "Basic Shares Outstanding": {"2020-12-31": "141.56400", "2020-09-30": "141.49800", "2020-06-30": "141.48600", "2020-03-31": "144.81400", "2019-12-31": "145.49700", "2019-09-30": "145.55900", "2019-06-30": "145.54600", "2019-03-31": "145.25600", "2018-12-31": "144.86200", "2018-09-30": "144.92100", "2018-06-30": "144.89900", "2018-03-31": "144.66400", "2017-12-31": "144.44400", "2017-09-30": "144.49800", "2017-06-30": "144.48500", "2017-03-31": "144.24900", "2016-12-31": "144.08700", "2016-09-30": "144.12200", "2016-06-30": "144.10100", "2016-03-31": "143.95800", "2015-12-31": "143.81800", "2015-09-30": "143.86100", "2015-06-30": "143.84600", "2015-03-31": "143.65500", "2014-12-31": "142.95200", "2014-09-30": "143.21000", "2014-06-30": "143.18700", "2014-03-31": "141.96200", "2013-12-31": "137.34200", "2013-09-30": "137.03600", "2013-06-30": "137.53600", "2013-03-31": "137.64800", "2012-12-31": "141.45700", "2012-09-30": "139.62100", "2012-06-30": "142.10700", "2012-03-31": "145.34700", "2011-12-31": "147.09300", "2011-09-30": "147.16200", "2011-06-30": "147.01100", "2011-03-31": "146.83700", "2010-12-31": "137.47800", "2010-09-30": "146.45400", "2010-06-30": "146.37200", "2010-03-31": "109.96100", "2009-12-31": "78.77000", "2009-09-30": "86.53800", "2009-06-30": "63.10500", "2009-03-31": "62.99800", "2008-12-31": "62.67300", "2008-09-30": "62.67500", "2008-06-30": "62.59900", "2008-03-31": "62.48500", "2007-12-31": "61.18000", "2007-09-30": "61.23200", "2007-06-30": "60.38100", "2007-03-31": "60.64900", "2006-12-31": "59.60500", "2006-09-30": "60.53600", "2006-06-30": "60.27000", "2006-03-31": "56.80700", "2005-12-31": "53.45400", "2005-09-30": "53.26100", "2005-06-30": "52.33800", "2005-03-31": "52.24500"}, "Shares Outstanding": {"2020-12-31": "142.52900", "2020-09-30": "142.04300", "2020-06-30": "141.82700", "2020-03-31": "145.28500", "2019-12-31": "146.17900", "2019-09-30": "146.12000", "2019-06-30": "146.05200", "2019-03-31": "145.92100", "2018-12-31": "146.16900", "2018-09-30": "146.17300", "2018-06-30": "146.09100", "2018-03-31": "145.93900", "2017-12-31": "145.91300", "2017-09-30": "145.88200", "2017-06-30": "145.74000", "2017-03-31": "145.73200", "2016-12-31": "145.17200", "2016-09-30": "145.23800", "2016-06-30": "145.07800", "2016-03-31": "144.80300", "2015-12-31": "144.51200", "2015-09-30": "144.59000", "2015-06-30": "144.48000", "2015-03-31": "144.34900", "2014-12-31": "143.56300", "2014-09-30": "143.81000", "2014-06-30": "143.68900", "2014-03-31": "142.63200", "2013-12-31": "139.57400", "2013-09-30": "137.46700", "2013-06-30": "137.81600", "2013-03-31": "143.51900", "2012-12-31": "147.17500", "2012-09-30": "145.35800", "2012-06-30": "147.78600", "2012-03-31": "151.99600", "2011-12-31": "153.46700", "2011-09-30": "153.45300", "2011-06-30": "153.34700", "2011-03-31": "153.33400", "2010-12-31": "147.10200", "2010-09-30": "147.11300", "2010-06-30": "147.13100", "2010-03-31": "146.86500", "2009-12-31": "84.52300", "2009-09-30": "86.53800", "2009-06-30": "63.10500", "2009-03-31": "62.99800", "2008-12-31": "62.67300", "2008-09-30": "62.67500", "2008-06-30": "62.59900", "2008-03-31": "62.94900", "2007-12-31": "62.09300", "2007-09-30": "62.08800", "2007-06-30": "61.34600", "2007-03-31": "61.70000", "2006-12-31": "60.90900", "2006-09-30": "61.79700", "2006-06-30": "61.61900", "2006-03-31": "58.29300", "2005-12-31": "55.03400", "2005-09-30": "54.82200", "2005-06-30": "53.87800", "2005-03-31": "53.96300"}, "Basic EPS": {"2020-12-31": "1.16000", "2020-09-30": "1.13000", "2020-06-30": "0.70000", "2020-03-31": "1.00000", "2019-12-31": "1.29000", "2019-09-30": "1.18000", "2019-06-30": "1.03000", "2019-03-31": "1.13000", "2018-12-31": "1.20000", "2018-09-30": "1.18000", "2018-06-30": "1.19000", "2018-03-31": "1.29000", "2017-12-31": "0.58000", "2017-09-30": "0.92000", "2017-06-30": "0.82000", "2017-03-31": "1.18000", "2016-12-31": "0.77000", "2016-09-30": "0.76000", "2016-06-30": "0.72000", "2016-03-31": "0.75000", "2015-12-31": "0.63000", "2015-09-30": "0.65000", "2015-06-30": "0.69000", "2015-03-31": "0.70000", "2014-12-31": "0.67000", "2014-09-30": "0.64000", "2014-06-30": "0.59000", "2014-03-31": "0.52000", "2013-12-31": "0.54000", "2013-09-30": "0.53000", "2013-06-30": "0.52000", "2013-03-31": "0.51000", "2012-12-31": "0.49000", "2012-09-30": "0.49000", "2012-06-30": "0.48000", "2012-03-31": "0.46000", "2011-12-31": "0.44000", "2011-09-30": "0.41000", "2011-06-30": "0.40000", "2011-03-31": "0.37000", "2010-12-31": "0.23000", "2010-09-30": "0.27000", "2010-06-30": "0.21000", "2010-03-31": "0.17000", "2009-12-31": "3.59000", "2009-09-30": "-0.91000", "2009-06-30": "-1.83000", "2009-03-31": "-0.50000", "2008-12-31": "-0.05000", "2008-09-30": "-0.56000", "2008-06-30": "-0.41000", "2008-03-31": "0.08000", "2007-12-31": "0.59000", "2007-09-30": "0.68000", "2007-06-30": "0.67000", "2007-03-31": "0.69000", "2006-12-31": "0.64000", "2006-09-30": "0.59000", "2006-06-30": "0.61000", "2006-03-31": "0.56000", "2005-12-31": "0.55000", "2005-09-30": "0.54000", "2005-06-30": "0.49000", "2005-03-31": "0.45000"}, "EPS - Earnings Per Share": {"2020-12-31": "1.15000", "2020-09-30": "1.12000", "2020-06-30": "0.70000", "2020-03-31": "1.00000", "2019-12-31": "1.29000", "2019-09-30": "1.17000", "2019-06-30": "1.03000", "2019-03-31": "1.12000", "2018-12-31": "1.18000", "2018-09-30": "1.17000", "2018-06-30": "1.18000", "2018-03-31": "1.28000", "2017-12-31": "0.59000", "2017-09-30": "0.91000", "2017-06-30": "0.81000", "2017-03-31": "1.16000", "2016-12-31": "0.76000", "2016-09-30": "0.76000", "2016-06-30": "0.71000", "2016-03-31": "0.74000", "2015-12-31": "0.64000", "2015-09-30": "0.65000", "2015-06-30": "0.68000", "2015-03-31": "0.69000", "2014-12-31": "0.66000", "2014-09-30": "0.64000", "2014-06-30": "0.59000", "2014-03-31": "0.52000", "2013-12-31": "0.54000", "2013-09-30": "0.53000", "2013-06-30": "0.52000", "2013-03-31": "0.50000", "2012-12-31": "0.49000", "2012-09-30": "0.48000", "2012-06-30": "0.47000", "2012-03-31": "0.45000", "2011-12-31": "0.43000", "2011-09-30": "0.41000", "2011-06-30": "0.39000", "2011-03-31": "0.37000", "2010-12-31": "0.22000", "2010-09-30": "0.27000", "2010-06-30": "0.21000", "2010-03-31": "0.13000", "2009-12-31": "3.57000", "2009-09-30": "-0.91000", "2009-06-30": "-1.83000", "2009-03-31": "-0.50000", "2008-12-31": "-0.05000", "2008-09-30": "-0.56000", "2008-06-30": "-0.41000", "2008-03-31": "0.08000", "2007-12-31": "0.59000", "2007-09-30": "0.67000", "2007-06-30": "0.66000", "2007-03-31": "0.68000", "2006-12-31": "0.63000", "2006-09-30": "0.58000", "2006-06-30": "0.59000", "2006-03-31": "0.55000", "2005-12-31": "0.54000", "2005-09-30": "0.52000", "2005-06-30": "0.47000", "2005-03-31": "0.44000"}}, "balance sheet": {"Cash On Hand": {"2020-12-31": "5477.97100", "2019-12-31": "4317.31000", "2018-12-31": "4407.37700", "2017-12-31": "3623.01400", "2016-12-31": "4201.65100", "2015-12-31": "3260.80300", "2014-12-31": "2603.59900", "2013-12-31": "2453.29300", "2012-12-31": "3139.48400", "2011-12-31": "2279.45300", "2010-12-31": "1977.50900", "2009-12-31": "1573.37300", "2008-12-31": "1157.29400", "2007-12-31": "310.34700", "2006-12-31": "292.55900", "2005-12-31": "201.19200"}, "Receivables": {"2020-12-31": "", "2019-12-31": "", "2018-12-31": "", "2017-12-31": "", "2016-12-31": "", "2015-12-31": "", "2014-12-31": "", "2013-12-31": "", "2012-12-31": "", "2011-12-31": "", "2010-12-31": "", "2009-12-31": "", "2008-12-31": "", "2007-12-31": "", "2006-12-31": "", "2005-12-31": ""}, "Inventory": {"2020-12-31": "", "2019-12-31": "", "2018-12-31": "", "2017-12-31": "", "2016-12-31": "", "2015-12-31": "", "2014-12-31": "", "2013-12-31": "", "2012-12-31": "", "2011-12-31": "", "2010-12-31": "", "2009-12-31": "", "2008-12-31": "", "2007-12-31": "", "2006-12-31": "", "2005-12-31": ""}, "Pre-Paid Expenses": {"2020-12-31": "", "2019-12-31": "", "2018-12-31": "", "2017-12-31": "", "2016-12-31": "", "2015-12-31": "", "2014-12-31": "", "2013-12-31": "", "2012-12-31": "", "2011-12-31": "", "2010-12-31": "", "2009-12-31": "", "2008-12-31": "", "2007-12-31": "", "2006-12-31": "", "2005-12-31": ""}, "Other Current Assets": {"2020-12-31": "", "2019-12-31": "", "2018-12-31": "", "2017-12-31": "", "2016-12-31": "", "2015-12-31": "", "2014-12-31": "", "2013-12-31": "", "2012-12-31": "", "2011-12-31": "", "2010-12-31": "", "2009-12-31": "", "2008-12-31": "", "2007-12-31": "", "2006-12-31": "", "2005-12-31": ""}, "Total Current Assets": {"2020-12-31": "43250.73000", "2019-12-31": "38738.00000", "2018-12-31": "36481.52000", "2017-12-31": "32311.69000", "2016-12-31": "29467.35000", "2015-12-31": "26671.55000", "2014-12-31": "24117.82000", "2013-12-31": "20258.87000", "2012-12-31": "18083.04000", "2011-12-31": "16831.45000", "2010-12-31": "15584.52000", "2009-12-31": "15541.13000", "2008-12-31": "9278.43900", "2007-12-31": "9228.87300", "2006-12-31": "8604.12900", "2005-12-31": "7013.65900"}, "Property, Plant, And Equipment": {"2020-12-31": "", "2019-12-31": "118.36400", "2018-12-31": "119.18000", "2017-12-31": "121.20900", "2016-12-31": "159.92300", "2015-12-31": "166.99300", "2014-12-31": "180.90000", "2013-12-31": "177.71000", "2012-12-31": "107.51700", "2011-12-31": "118.92600", "2010-12-31": "135.91900", "2009-12-31": "59.09900", "2008-12-31": "", "2007-12-31": "64.94300", "2006-12-31": "43.92200", "2005-12-31": "38.57900"}, "Long-Term Investments": {"2020-12-31": "6917.51200", "2019-12-31": "3856.97100", "2018-12-31": "3232.42400", "2017-12-31": "3477.64800", "2016-12-31": "3909.73800", "2015-12-31": "4238.36200", "2014-12-31": "2891.26900", "2013-12-31": "3009.23600", "2012-12-31": "2947.95200", "2011-12-31": "3401.43200", "2010-12-31": "3241.10500", "2009-12-31": "2865.91600", "2008-12-31": "2210.65200", "2007-12-31": "2038.00300", "2006-12-31": "1778.94300", "2005-12-31": "958.83500"}, "Goodwill And Intangible Assets": {"2020-12-31": "465.69700", "2019-12-31": "465.69700", "2018-12-31": "465.54700", "2017-12-31": "469.43300", "2016-12-31": "469.43300", "2015-12-31": "469.43300", "2014-12-31": "469.43300", "2013-12-31": "384.35800", "2012-12-31": "393.72300", "2011-12-31": "404.62800", "2010-12-31": "416.95600", "2009-12-31": "427.17300", "2008-12-31": "358.62800", "2007-12-31": "363.82500", "2006-12-31": "264.64200", "2005-12-31": "162.10700"}, "Other Long-Term Assets": {"2020-12-31": "1427.51300", "2019-12-31": "917.09500", "2018-12-31": "743.68600", "2017-12-31": "741.58400", "2016-12-31": "782.40000", "2015-12-31": "804.58400", "2014-12-31": "1084.17100", "2013-12-31": "899.88800", "2012-12-31": "1003.88300", "2011-12-31": "1212.23500", "2010-12-31": "1322.03200", "2009-12-31": "1665.89100", "2008-12-31": "575.09700", "2007-12-31": "90.15800", "2006-12-31": "93.38400", "2005-12-31": "82.49000"}, "Total Long-Term Assets": {"2020-12-31": "8810.72200", "2019-12-31": "5358.12700", "2018-12-31": "4560.83700", "2017-12-31": "4809.87400", "2016-12-31": "5321.49400", "2015-12-31": "5679.37300", "2014-12-31": "4625.77300", "2013-12-31": "4471.19200", "2012-12-31": "4453.07500", "2011-12-31": "5137.22100", "2010-12-31": "5116.01200", "2009-12-31": "5018.07900", "2008-12-31": "3144.37700", "2007-12-31": "2623.33900", "2006-12-31": "2219.58200", "2005-12-31": "1264.59700"}, "Total Assets": {"2020-12-31": "52156.91000", "2019-12-31": "44196.10000", "2018-12-31": "41042.36000", "2017-12-31": "37121.56000", "2016-12-31": "34788.84000", "2015-12-31": "32350.92000", "2014-12-31": "28743.59000", "2013-12-31": "24730.07000", "2012-12-31": "22536.11000", "2011-12-31": "21968.67000", "2010-12-31": "20700.54000", "2009-12-31": "20559.21000", "2008-12-31": "12422.82000", "2007-12-31": "11852.21000", "2006-12-31": "10823.71000", "2005-12-31": "8278.25600"}, "Total Current Liabilities": {"2020-12-31": "45980.56000", "2019-12-31": "38172.21000", "2018-12-31": "36145.38000", "2017-12-31": "32784.14000", "2016-12-31": "30853.13000", "2015-12-31": "28002.46000", "2014-12-31": "25344.39000", "2013-12-31": "21823.88000", "2012-12-31": "19683.83000", "2011-12-31": "18989.50000", "2010-12-31": "17136.89000", "2009-12-31": "16233.60000", "2008-12-31": "9283.17300", "2007-12-31": "8636.40000", "2006-12-31": "8483.43200", "2005-12-31": "6773.34100"}, "Long Term Debt": {"2020-12-31": "804.35100", "2019-12-31": "898.18500", "2018-12-31": "473.00700", "2017-12-31": "495.46800", "2016-12-31": "507.97000", "2015-12-31": "1225.50800", "2014-12-31": "543.08900", "2013-12-31": "541.96000", "2012-12-31": "470.15300", "2011-12-31": "667.42900", "2010-12-31": "1449.71800", "2009-12-31": "2040.95700", "2008-12-31": "1588.87700", "2007-12-31": "2043.98900", "2006-12-31": "1320.88900", "2005-12-31": "770.77700"}, "Other Non-Current Liabilities": {"2020-12-31": "", "2019-12-31": "", "2018-12-31": "", "2017-12-31": "", "2016-12-31": "", "2015-12-31": "", "2014-12-31": "", "2013-12-31": "", "2012-12-31": "", "2011-12-31": "", "2010-12-31": "", "2009-12-31": "", "2008-12-31": "", "2007-12-31": "", "2006-12-31": "", "2005-12-31": ""}, "Total Long Term Liabilities": {"2020-12-31": "804.35100", "2019-12-31": "898.18500", "2018-12-31": "473.00700", "2017-12-31": "495.46800", "2016-12-31": "507.97000", "2015-12-31": "1225.50800", "2014-12-31": "543.08900", "2013-12-31": "541.96000", "2012-12-31": "470.15300", "2011-12-31": "667.42900", "2010-12-31": "1449.71800", "2009-12-31": "2040.95700", "2008-12-31": "1588.87700", "2007-12-31": "2043.98900", "2006-12-31": "1320.88900", "2005-12-31": "770.77700"}, "Total Liabilities": {"2020-12-31": "46887.74000", "2019-12-31": "39178.48000", "2018-12-31": "36618.38000", "2017-12-31": "33279.61000", "2016-12-31": "31361.10000", "2015-12-31": "29227.97000", "2014-12-31": "25887.48000", "2013-12-31": "22365.84000", "2012-12-31": "20153.99000", "2011-12-31": "19656.92000", "2010-12-31": "18586.61000", "2009-12-31": "18274.55000", "2008-12-31": "10872.05000", "2007-12-31": "10680.39000", "2006-12-31": "9804.32100", "2005-12-31": "7544.11800"}, "Common Stock Net": {"2020-12-31": "", "2019-12-31": "0.16700", "2018-12-31": "0.16600", "2017-12-31": "0.16500", "2016-12-31": "0.16400", "2015-12-31": "0.16400", "2014-12-31": "0.16400", "2013-12-31": "0.16300", "2012-12-31": "0.15700", "2011-12-31": "0.15700", "2010-12-31": "0.15600", "2009-12-31": "0.11700", "2008-12-31": "0.07000", "2007-12-31": "0.07000", "2006-12-31": "0.06600", "2005-12-31": "0.06100"}, "Retained Earnings (Accumulated Deficit)": {"2020-12-31": "", "2019-12-31": "3689.37700", "2018-12-31": "3160.13200", "2017-12-31": "2576.30200", "2016-12-31": "2187.67600", "2015-12-31": "1872.59400", "2014-12-31": "1604.14100", "2013-12-31": "1360.13000", "2012-12-31": "1151.82800", "2011-12-31": "934.61700", "2010-12-31": "720.11600", "2009-12-31": "604.22300", "2008-12-31": "572.17200", "2007-12-31": "657.18300", "2006-12-31": "525.24700", "2005-12-31": "393.84600"}, "Comprehensive Income": {"2020-12-31": "", "2019-12-31": "-18.40800", "2018-12-31": "-58.17400", "2017-12-31": "-37.51900", "2016-12-31": "-48.14600", "2015-12-31": "-14.94100", "2014-12-31": "4.23700", "2013-12-31": "-30.45900", "2012-12-31": "4.66900", "2011-12-31": "-33.94000", "2010-12-31": "-12.41400", "2009-12-31": "0.59900", "2008-12-31": "-86.49100", "2007-12-31": "-38.80200", "2006-12-31": "-10.08700", "2005-12-31": "-2.62600"}, "Other Share Holders Equity": {"2020-12-31": "", "2019-12-31": "", "2018-12-31": "", "2017-12-31": "", "2016-12-31": "", "2015-12-31": "", "2014-12-31": "", "2013-12-31": "", "2012-12-31": "", "2011-12-31": "", "2010-12-31": "", "2009-12-31": "", "2008-12-31": "", "2007-12-31": "", "2006-12-31": "", "2005-12-31": ""}, "Share Holder Equity": {"2020-12-31": "5269.17500", "2019-12-31": "5017.61700", "2018-12-31": "4423.97400", "2017-12-31": "3841.95100", "2016-12-31": "3427.74100", "2015-12-31": "3122.95000", "2014-12-31": "2856.11100", "2013-12-31": "2364.22500", "2012-12-31": "2382.12200", "2011-12-31": "2311.74300", "2010-12-31": "2113.93100", "2009-12-31": "2284.65900", "2008-12-31": "1550.76600", "2007-12-31": "1171.82300", "2006-12-31": "1019.39000", "2005-12-31": "734.13800"}, "Total Liabilities And Share Holders Equity": {"2020-12-31": "52156.91000", "2019-12-31": "44196.10000", "2018-12-31": "41042.36000", "2017-12-31": "37121.56000", "2016-12-31": "34788.84000", "2015-12-31": "32350.92000", "2014-12-31": "28743.59000", "2013-12-31": "24730.07000", "2012-12-31": "22536.11000", "2011-12-31": "21968.67000", "2010-12-31": "20700.54000", "2009-12-31": "20559.21000", "2008-12-31": "12422.82000", "2007-12-31": "11852.21000", "2006-12-31": "10823.71000", "2005-12-31": "8278.25600"}}, "balance sheet, quarterly": {"Cash On Hand": {"2020-12-31": "5477.97100", "2020-09-30": "6416.40600", "2020-06-30": "6325.09300", "2020-03-31": "4233.55100", "2019-12-31": "4317.31000", "2019-09-30": "4062.70400", "2019-06-30": "4781.88700", "2019-03-31": "4954.32500", "2018-12-31": "4407.37700", "2018-09-30": "3654.68700", "2018-06-30": "3633.37100", "2018-03-31": "3843.80900", "2017-12-31": "3623.01400", "2017-09-30": "3391.69500", "2017-06-30": "4349.15500", "2017-03-31": "4334.49200", "2016-12-31": "4201.65100", "2016-09-30": "3474.30500", "2016-06-30": "3672.77500", "2016-03-31": "4370.84500", "2015-12-31": "3260.80300", "2015-09-30": "3533.73100", "2015-06-30": "3252.75200", "2015-03-31": "3761.54900", "2014-12-31": "2603.59900", "2014-09-30": "2927.17200", "2014-06-30": "2807.17400", "2014-03-31": "3408.12100", "2013-12-31": "2453.29300", "2013-09-30": "2915.47500", "2013-06-30": "2830.65200", "2013-03-31": "3515.89400", "2012-12-31": "3139.48400", "2012-09-30": "3283.37300", "2012-06-30": "3389.32800", "2012-03-31": "2493.43000", "2011-12-31": "2279.45300", "2011-09-30": "2153.72100", "2011-06-30": "2496.25800", "2011-03-31": "2401.87600", "2010-12-31": "1977.50900", "2010-09-30": "1666.49300", "2010-06-30": "1863.11200", "2010-03-31": "2017.91900", "2009-12-31": "1573.37300", "2009-09-30": "989.09400", "2009-06-30": "1202.40700", "2009-03-31": "920.35400", "2008-12-31": "1157.29400", "2008-09-30": "577.96900", "2008-06-30": "474.93800", "2008-03-31": "315.01900", "2007-12-31": "310.34700", "2007-09-30": "317.28200", "2007-06-30": "390.53800", "2007-03-31": "346.97700", "2006-12-31": "292.55900", "2006-09-30": "272.45600", "2006-06-30": "237.97200", "2006-03-31": "234.78500", "2005-12-31": "201.19200", "2005-09-30": "186.83400", "2005-06-30": "117.27800", "2005-03-31": "105.05200"}, "Receivables": {"2020-12-31": "", "2020-09-30": "", "2020-06-30": "", "2020-03-31": "", "2019-12-31": "", "2019-09-30": "", "2019-06-30": "", "2019-03-31": "", "2018-12-31": "", "2018-09-30": "", "2018-06-30": "", "2018-03-31": "", "2017-12-31": "", "2017-09-30": "", "2017-06-30": "", "2017-03-31": "", "2016-12-31": "", "2016-09-30": "", "2016-06-30": "", "2016-03-31": "", "2015-12-31": "", "2015-09-30": "", "2015-06-30": "", "2015-03-31": "", "2014-12-31": "", "2014-09-30": "", "2014-06-30": "", "2014-03-31": "", "2013-12-31": "", "2013-09-30": "", "2013-06-30": "", "2013-03-31": "", "2012-12-31": "", "2012-09-30": "", "2012-06-30": "", "2012-03-31": "", "2011-12-31": "", "2011-09-30": "", "2011-06-30": "", "2011-03-31": "", "2010-12-31": "", "2010-09-30": "", "2010-06-30": "", "2010-03-31": "", "2009-12-31": "", "2009-09-30": "", "2009-06-30": "", "2009-03-31": "", "2008-12-31": "", "2008-09-30": "", "2008-06-30": "", "2008-03-31": "", "2007-12-31": "", "2007-09-30": "", "2007-06-30": "", "2007-03-31": "", "2006-12-31": "", "2006-09-30": "", "2006-06-30": "", "2006-03-31": "", "2005-12-31": "", "2005-09-30": "", "2005-06-30": "", "2005-03-31": ""}, "Inventory": {"2020-12-31": "", "2020-09-30": "", "2020-06-30": "", "2020-03-31": "", "2019-12-31": "", "2019-09-30": "", "2019-06-30": "", "2019-03-31": "", "2018-12-31": "", "2018-09-30": "", "2018-06-30": "", "2018-03-31": "", "2017-12-31": "", "2017-09-30": "", "2017-06-30": "", "2017-03-31": "", "2016-12-31": "", "2016-09-30": "", "2016-06-30": "", "2016-03-31": "", "2015-12-31": "", "2015-09-30": "", "2015-06-30": "", "2015-03-31": "", "2014-12-31": "", "2014-09-30": "", "2014-06-30": "", "2014-03-31": "", "2013-12-31": "", "2013-09-30": "", "2013-06-30": "", "2013-03-31": "", "2012-12-31": "", "2012-09-30": "", "2012-06-30": "", "2012-03-31": "", "2011-12-31": "", "2011-09-30": "", "2011-06-30": "", "2011-03-31": "", "2010-12-31": "", "2010-09-30": "", "2010-06-30": "", "2010-03-31": "", "2009-12-31": "", "2009-09-30": "", "2009-06-30": "", "2009-03-31": "", "2008-12-31": "", "2008-09-30": "", "2008-06-30": "", "2008-03-31": "", "2007-12-31": "", "2007-09-30": "", "2007-06-30": "", "2007-03-31": "", "2006-12-31": "", "2006-09-30": "", "2006-06-30": "", "2006-03-31": "", "2005-12-31": "", "2005-09-30": "", "2005-06-30": "", "2005-03-31": ""}, "Pre-Paid Expenses": {"2020-12-31": "", "2020-09-30": "", "2020-06-30": "", "2020-03-31": "", "2019-12-31": "", "2019-09-30": "", "2019-06-30": "", "2019-03-31": "", "2018-12-31": "", "2018-09-30": "", "2018-06-30": "", "2018-03-31": "", "2017-12-31": "", "2017-09-30": "", "2017-06-30": "", "2017-03-31": "", "2016-12-31": "", "2016-09-30": "", "2016-06-30": "", "2016-03-31": "", "2015-12-31": "", "2015-09-30": "", "2015-06-30": "", "2015-03-31": "", "2014-12-31": "", "2014-09-30": "", "2014-06-30": "", "2014-03-31": "", "2013-12-31": "", "2013-09-30": "", "2013-06-30": "", "2013-03-31": "", "2012-12-31": "", "2012-09-30": "", "2012-06-30": "", "2012-03-31": "", "2011-12-31": "", "2011-09-30": "", "2011-06-30": "", "2011-03-31": "", "2010-12-31": "", "2010-09-30": "", "2010-06-30": "", "2010-03-31": "", "2009-12-31": "", "2009-09-30": "", "2009-06-30": "", "2009-03-31": "", "2008-12-31": "", "2008-09-30": "", "2008-06-30": "", "2008-03-31": "", "2007-12-31": "", "2007-09-30": "", "2007-06-30": "", "2007-03-31": "", "2006-12-31": "", "2006-09-30": "", "2006-06-30": "", "2006-03-31": "", "2005-12-31": "", "2005-09-30": "", "2005-06-30": "", "2005-03-31": ""}, "Other Current Assets": {"2020-12-31": "", "2020-09-30": "", "2020-06-30": "", "2020-03-31": "", "2019-12-31": "", "2019-09-30": "", "2019-06-30": "", "2019-03-31": "", "2018-12-31": "", "2018-09-30": "", "2018-06-30": "", "2018-03-31": "", "2017-12-31": "", "2017-09-30": "", "2017-06-30": "", "2017-03-31": "", "2016-12-31": "", "2016-09-30": "", "2016-06-30": "", "2016-03-31": "", "2015-12-31": "", "2015-09-30": "", "2015-06-30": "", "2015-03-31": "", "2014-12-31": "", "2014-09-30": "", "2014-06-30": "", "2014-03-31": "", "2013-12-31": "", "2013-09-30": "", "2013-06-30": "", "2013-03-31": "", "2012-12-31": "", "2012-09-30": "", "2012-06-30": "", "2012-03-31": "", "2011-12-31": "", "2011-09-30": "", "2011-06-30": "", "2011-03-31": "", "2010-12-31": "", "2010-09-30": "", "2010-06-30": "", "2010-03-31": "", "2009-12-31": "", "2009-09-30": "", "2009-06-30": "", "2009-03-31": "", "2008-12-31": "", "2008-09-30": "", "2008-06-30": "", "2008-03-31": "", "2007-12-31": "", "2007-09-30": "", "2007-06-30": "", "2007-03-31": "", "2006-12-31": "", "2006-09-30": "", "2006-06-30": "", "2006-03-31": "", "2005-12-31": "", "2005-09-30": "", "2005-06-30": "", "2005-03-31": ""}, "Total Current Assets": {"2020-12-31": "43250.73000", "2020-09-30": "43239.43000", "2020-06-30": "42926.31000", "2020-03-31": "39571.54000", "2019-12-31": "38738.00000", "2019-09-30": "37742.39000", "2019-06-30": "38185.52000", "2019-03-31": "37499.72000", "2018-12-31": "36481.52000", "2018-09-30": "34557.95000", "2018-06-30": "33576.86000", "2018-03-31": "33147.59000", "2017-12-31": "32311.69000", "2017-09-30": "31631.30000", "2017-06-30": "31295.15000", "2017-03-31": "30561.62000", "2016-12-31": "29467.35000", "2016-09-30": "27998.17000", "2016-06-30": "27693.66000", "2016-03-31": "27893.77000", "2015-12-31": "26671.55000", "2015-09-30": "26264.41000", "2015-06-30": "25145.62000", "2015-03-31": "25074.59000", "2014-12-31": "24117.82000", "2014-09-30": "24021.50000", "2014-06-30": "23214.40000", "2014-03-31": "23192.93000", "2013-12-31": "20258.87000", "2013-09-30": "19985.86000", "2013-06-30": "18975.60000", "2013-03-31": "18740.75000", "2012-12-31": "18083.04000", "2012-09-30": "17655.39000", "2012-06-30": "17616.73000", "2012-03-31": "16998.00000", "2011-12-31": "16831.45000", "2011-09-30": "16442.82000", "2011-06-30": "16584.31000", "2011-03-31": "16022.32000", "2010-12-31": "15584.52000", "2010-09-30": "15096.26000", "2010-06-30": "15440.41000", "2010-03-31": "15619.52000", "2009-12-31": "15541.13000", "2009-09-30": "9375.42000", "2009-06-30": "9671.15200", "2009-03-31": "8929.35900", "2008-12-31": "9278.43900", "2008-09-30": "8811.15700", "2008-06-30": "9093.53800", "2008-03-31": "9180.84100", "2007-12-31": "9228.87300", "2007-09-30": "8963.26000", "2007-06-30": "8487.18000", "2007-03-31": "8419.24800", "2006-12-31": "8604.12900", "2006-09-30": "8760.65700", "2006-06-30": "8134.55900", "2006-03-31": "7907.19100", "2005-12-31": "7013.65900", "2005-09-30": "6830.06600", "2005-06-30": "5769.50500", "2005-03-31": "5523.07600"}, "Property, Plant, And Equipment": {"2020-12-31": "", "2020-09-30": "107.50600", "2020-06-30": "110.70900", "2020-03-31": "115.39300", "2019-12-31": "118.36400", "2019-09-30": "120.85900", "2019-06-30": "121.49800", "2019-03-31": "124.30000", "2018-12-31": "119.18000", "2018-09-30": "120.26500", "2018-06-30": "122.07200", "2018-03-31": "119.73300", "2017-12-31": "121.20900", "2017-09-30": "131.31100", "2017-06-30": "128.28200", "2017-03-31": "128.00200", "2016-12-31": "159.92300", "2016-09-30": "162.48200", "2016-06-30": "163.42300", "2016-03-31": "165.23400", "2015-12-31": "166.99300", "2015-09-30": "169.77100", "2015-06-30": "173.33300", "2015-03-31": "176.43800", "2014-12-31": "180.90000", "2014-09-30": "181.99900", "2014-06-30": "183.49800", "2014-03-31": "185.21400", "2013-12-31": "177.71000", "2013-09-30": "185.13000", "2013-06-30": "111.76200", "2013-03-31": "109.48500", "2012-12-31": "107.51700", "2012-09-30": "114.62700", "2012-06-30": "115.56000", "2012-03-31": "116.26600", "2011-12-31": "118.92600", "2011-09-30": "119.03500", "2011-06-30": "116.74600", "2011-03-31": "133.79400", "2010-12-31": "135.91900", "2010-09-30": "138.47400", "2010-06-30": "134.15800", "2010-03-31": "135.16800", "2009-12-31": "59.09900", "2009-09-30": "55.01100", "2009-06-30": "56.77500", "2009-03-31": "58.47900", "2008-12-31": "", "2008-09-30": "61.67400", "2008-06-30": "62.40200", "2008-03-31": "64.30200", "2007-12-31": "64.94300", "2007-09-30": "66.20500", "2007-06-30": "44.23400", "2007-03-31": "45.73300", "2006-12-31": "43.92200", "2006-09-30": "43.64700", "2006-06-30": "43.67100", "2006-03-31": "43.71700", "2005-12-31": "38.57900", "2005-09-30": "31.13700", "2005-06-30": "19.79200", "2005-03-31": "19.98900"}, "Long-Term Investments": {"2020-12-31": "6917.51200", "2020-09-30": "5065.75700", "2020-06-30": "4416.74300", "2020-03-31": "4241.67100", "2019-12-31": "3856.97100", "2019-09-30": "3763.97100", "2019-06-30": "3079.85900", "2019-03-31": "3129.80900", "2018-12-31": "3232.42400", "2018-09-30": "3130.53000", "2018-06-30": "3176.11900", "2018-03-31": "3291.96000", "2017-12-31": "3477.64800", "2017-09-30": "3412.20000", "2017-06-30": "3375.53700", "2017-03-31": "3521.53800", "2016-12-31": "3909.73800", "2016-09-30": "3636.73500", "2016-06-30": "3652.57100", "2016-03-31": "3625.60800", "2015-12-31": "4238.36200", "2015-09-30": "3195.43200", "2015-06-30": "3231.54200", "2015-03-31": "3106.96300", "2014-12-31": "2891.26900", "2014-09-30": "2861.28800", "2014-06-30": "2803.54300", "2014-03-31": "2766.52700", "2013-12-31": "3009.23600", "2013-09-30": "3188.02300", "2013-06-30": "2978.01000", "2013-03-31": "2915.75200", "2012-12-31": "2947.95200", "2012-09-30": "2416.81000", "2012-06-30": "2055.59700", "2012-03-31": "2867.39200", "2011-12-31": "3401.43200", "2011-09-30": "3451.99900", "2011-06-30": "3383.62400", "2011-03-31": "3092.76400", "2010-12-31": "3241.10500", "2010-09-30": "3060.29300", "2010-06-30": "2197.75400", "2010-03-31": "2293.36400", "2009-12-31": "2865.91600", "2009-09-30": "2422.41400", "2009-06-30": "2348.29100", "2009-03-31": "2902.40000", "2008-12-31": "2210.65200", "2008-09-30": "2202.80500", "2008-06-30": "1990.09300", "2008-03-31": "1910.87200", "2007-12-31": "2038.00300", "2007-09-30": "2097.14200", "2007-06-30": "1902.88100", "2007-03-31": "1802.92800", "2006-12-31": "1778.94300", "2006-09-30": "1613.31400", "2006-06-30": "1446.99600", "2006-03-31": "947.44700", "2005-12-31": "958.83500", "2005-09-30": "811.55100", "2005-06-30": "778.44400", "2005-03-31": "694.74500"}, "Goodwill And Intangible Assets": {"2020-12-31": "465.69700", "2020-09-30": "465.69700", "2020-06-30": "465.69700", "2020-03-31": "465.69700", "2019-12-31": "465.69700", "2019-09-30": "465.69700", "2019-06-30": "465.69700", "2019-03-31": "465.69700", "2018-12-31": "465.54700", "2018-09-30": "465.54700", "2018-06-30": "465.54700", "2018-03-31": "465.54700", "2017-12-31": "469.43300", "2017-09-30": "469.43300", "2017-06-30": "469.43300", "2017-03-31": "469.43300", "2016-12-31": "469.43300", "2016-09-30": "469.43300", "2016-06-30": "469.40000", "2016-03-31": "469.43300", "2015-12-31": "469.43300", "2015-09-30": "469.43300", "2015-06-30": "469.43300", "2015-03-31": "469.43300", "2014-12-31": "469.43300", "2014-09-30": "506.25900", "2014-06-30": "508.85600", "2014-03-31": "511.48000", "2013-12-31": "384.35800", "2013-09-30": "386.59100", "2013-06-30": "388.93900", "2013-03-31": "391.31300", "2012-12-31": "393.72300", "2012-09-30": "396.18400", "2012-06-30": "398.91800", "2012-03-31": "401.75500", "2011-12-31": "404.62800", "2011-09-30": "407.55300", "2011-06-30": "410.62000", "2011-03-31": "413.77000", "2010-12-31": "416.95600", "2010-09-30": "420.19300", "2010-06-30": "423.54400", "2010-03-31": "423.78900", "2009-12-31": "427.17300", "2009-09-30": "355.34200", "2009-06-30": "356.41100", "2009-03-31": "357.50300", "2008-12-31": "358.62800", "2008-09-30": "359.64500", "2008-06-30": "361.47000", "2008-03-31": "363.29800", "2007-12-31": "363.82500", "2007-09-30": "365.34800", "2007-06-30": "261.58900", "2007-03-31": "263.11400", "2006-12-31": "264.64200", "2006-09-30": "266.36900", "2006-06-30": "268.23500", "2006-03-31": "269.88200", "2005-12-31": "162.10700", "2005-09-30": "165.26800", "2005-06-30": "50.31900", "2005-03-31": "50.92200"}, "Other Long-Term Assets": {"2020-12-31": "1427.51300", "2020-09-30": "1396.99400", "2020-06-30": "1393.23700", "2020-03-31": "1452.86800", "2019-12-31": "917.09500", "2019-09-30": "1077.84000", "2019-06-30": "930.75400", "2019-03-31": "767.62100", "2018-12-31": "743.68600", "2018-09-30": "798.81900", "2018-06-30": "732.35800", "2018-03-31": "668.33400", "2017-12-31": "741.58400", "2017-09-30": "663.71800", "2017-06-30": "649.21100", "2017-03-31": "661.53200", "2016-12-31": "782.40000", "2016-09-30": "988.45100", "2016-06-30": "973.12100", "2016-03-31": "955.12800", "2015-12-31": "804.58400", "2015-09-30": "1020.63200", "2015-06-30": "1044.15000", "2015-03-31": "1079.41000", "2014-12-31": "1084.17100", "2014-09-30": "910.08100", "2014-06-30": "846.80900", "2014-03-31": "744.87200", "2013-12-31": "899.88800", "2013-09-30": "753.23200", "2013-06-30": "854.09200", "2013-03-31": "944.65000", "2012-12-31": "1003.88300", "2012-09-30": "1230.15200", "2012-06-30": "1338.92400", "2012-03-31": "1366.36800", "2011-12-31": "1212.23500", "2011-09-30": "1391.63800", "2011-06-30": "1377.41200", "2011-03-31": "1484.38100", "2010-12-31": "1322.03200", "2010-09-30": "1702.03000", "2010-06-30": "1771.46000", "2010-03-31": "1827.33700", "2009-12-31": "1665.89100", "2009-09-30": "121.69600", "2009-06-30": "123.78000", "2009-03-31": "134.29900", "2008-12-31": "575.09700", "2008-09-30": "111.44300", "2008-06-30": "107.89800", "2008-03-31": "104.43500", "2007-12-31": "90.15800", "2007-09-30": "103.43900", "2007-06-30": "97.18600", "2007-03-31": "92.06600", "2006-12-31": "93.38400", "2006-09-30": "90.20900", "2006-06-30": "89.26600", "2006-03-31": "85.75900", "2005-12-31": "82.49000", "2005-09-30": "83.02200", "2005-06-30": "72.12400", "2005-03-31": "71.11500"}, "Total Long-Term Assets": {"2020-12-31": "8810.72200", "2020-09-30": "7035.95400", "2020-06-30": "6386.38600", "2020-03-31": "6275.62900", "2019-12-31": "5358.12700", "2019-09-30": "5428.36700", "2019-06-30": "4597.80800", "2019-03-31": "4487.42700", "2018-12-31": "4560.83700", "2018-09-30": "4515.16100", "2018-06-30": "4496.09600", "2018-03-31": "4545.57400", "2017-12-31": "4809.87400", "2017-09-30": "4676.66200", "2017-06-30": "4622.46300", "2017-03-31": "4780.50500", "2016-12-31": "5321.49400", "2016-09-30": "5257.10100", "2016-06-30": "5258.51500", "2016-03-31": "5215.40300", "2015-12-31": "5679.37300", "2015-09-30": "4855.26800", "2015-06-30": "4918.45800", "2015-03-31": "4832.24400", "2014-12-31": "4625.77300", "2014-09-30": "4459.62700", "2014-06-30": "4342.70600", "2014-03-31": "4208.09300", "2013-12-31": "4471.19200", "2013-09-30": "4512.97600", "2013-06-30": "4332.80300", "2013-03-31": "4361.20000", "2012-12-31": "4453.07500", "2012-09-30": "4157.77300", "2012-06-30": "3908.99900", "2012-03-31": "4751.78100", "2011-12-31": "5137.22100", "2011-09-30": "5370.22500", "2011-06-30": "5288.40200", "2011-03-31": "5124.70900", "2010-12-31": "5116.01200", "2010-09-30": "5320.99000", "2010-06-30": "4526.91600", "2010-03-31": "4679.65800", "2009-12-31": "5018.07900", "2009-09-30": "3110.51000", "2009-06-30": "3048.36200", "2009-03-31": "3635.16500", "2008-12-31": "3144.37700", "2008-09-30": "2911.15800", "2008-06-30": "2691.36200", "2008-03-31": "2579.36800", "2007-12-31": "2623.33900", "2007-09-30": "2676.90300", "2007-06-30": "2342.17700", "2007-03-31": "2235.98400", "2006-12-31": "2219.58200", "2006-09-30": "2051.64500", "2006-06-30": "1883.73200", "2006-03-31": "1373.34400", "2005-12-31": "1264.59700", "2005-09-30": "1108.31200", "2005-06-30": "932.07910", "2005-03-31": "847.95200"}, "Total Assets": {"2020-12-31": "52156.91000", "2020-09-30": "50371.48000", "2020-06-30": "49407.59000", "2020-03-31": "45948.55000", "2019-12-31": "44196.10000", "2019-09-30": "43274.66000", "2019-06-30": "42892.36000", "2019-03-31": "42091.43000", "2018-12-31": "41042.36000", "2018-09-30": "39073.11000", "2018-06-30": "38072.95000", "2018-03-31": "37693.16000", "2017-12-31": "37121.56000", "2017-09-30": "36307.96000", "2017-06-30": "35917.62000", "2017-03-31": "35342.13000", "2016-12-31": "34788.84000", "2016-09-30": "33255.27000", "2016-06-30": "32952.21000", "2016-03-31": "33109.17000", "2015-12-31": "32350.92000", "2015-09-30": "31119.68000", "2015-06-30": "30064.07000", "2015-03-31": "29906.84000", "2014-12-31": "28743.59000", "2014-09-30": "28481.13000", "2014-06-30": "27557.11000", "2014-03-31": "27401.03000", "2013-12-31": "24730.07000", "2013-09-30": "24498.84000", "2013-06-30": "23308.41000", "2013-03-31": "23101.96000", "2012-12-31": "22536.11000", "2012-09-30": "21813.16000", "2012-06-30": "21525.73000", "2012-03-31": "21749.78000", "2011-12-31": "21968.67000", "2011-09-30": "21813.05000", "2011-06-30": "21872.71000", "2011-03-31": "21147.03000", "2010-12-31": "20700.54000", "2010-09-30": "20417.25000", "2010-06-30": "19967.32000", "2010-03-31": "20299.18000", "2009-12-31": "20559.21000", "2009-09-30": "12485.93000", "2009-06-30": "12719.51000", "2009-03-31": "12564.52000", "2008-12-31": "12422.82000", "2008-09-30": "11722.32000", "2008-06-30": "11784.90000", "2008-03-31": "11760.21000", "2007-12-31": "11852.21000", "2007-09-30": "11640.16000", "2007-06-30": "10829.36000", "2007-03-31": "10655.23000", "2006-12-31": "10823.71000", "2006-09-30": "10812.30000", "2006-06-30": "10018.29000", "2006-03-31": "9280.53500", "2005-12-31": "8278.25600", "2005-09-30": "7938.37800", "2005-06-30": "6701.58400", "2005-03-31": "6371.02800"}, "Total Current Liabilities": {"2020-12-31": "45980.55000", "2020-09-30": "42905.20000", "2020-06-30": "42080.44000", "2020-03-31": "40137.71000", "2019-12-31": "38172.21000", "2019-09-30": "37381.97000", "2019-06-30": "37142.74000", "2019-03-31": "36889.57000", "2018-12-31": "36145.38000", "2018-09-30": "34345.89000", "2018-06-30": "33471.95000", "2018-03-31": "33223.31000", "2017-12-31": "32784.14000", "2017-09-30": "32026.23000", "2017-06-30": "31748.15000", "2017-03-31": "31272.59000", "2016-12-31": "30853.13000", "2016-09-30": "29364.87000", "2016-06-30": "29138.57000", "2016-03-31": "29371.31000", "2015-12-31": "28002.46000", "2015-09-30": "27518.67000", "2015-06-30": "26524.84000", "2015-03-31": "26429.39000", "2014-12-31": "25344.39000", "2014-09-30": "25165.55000", "2014-06-30": "24304.19000", "2014-03-31": "24220.51000", "2013-12-31": "21823.88000", "2013-09-30": "21685.22000", "2013-06-30": "20599.25000", "2013-03-31": "20308.16000", "2012-12-31": "19683.83000", "2012-09-30": "18994.66000", "2012-06-30": "18655.73000", "2012-03-31": "18859.59000", "2011-12-31": "18989.50000", "2011-09-30": "18880.62000", "2011-06-30": "18885.17000", "2011-03-31": "17959.90000", "2010-12-31": "17136.89000", "2010-09-30": "16778.84000", "2010-06-30": "16370.78000", "2010-03-31": "15988.37000", "2009-12-31": "16233.60000", "2009-09-30": "9805.36100", "2009-06-30": "9833.93900", "2009-03-31": "9560.49200", "2008-12-31": "9283.17300", "2008-09-30": "8683.51600", "2008-06-30": "8733.74100", "2008-03-31": "8767.44400", "2007-12-31": "8636.40000", "2007-09-30": "8784.63500", "2007-06-30": "8404.68600", "2007-03-31": "8545.53400", "2006-12-31": "8483.43200", "2006-09-30": "8147.03000", "2006-06-30": "8054.60800", "2006-03-31": "7454.03100", "2005-12-31": "6773.34100", "2005-09-30": "6605.65200", "2005-06-30": "5179.10800", "2005-03-31": "4853.83000"}, "Long Term Debt": {"2020-12-31": "804.35100", "2020-09-30": "2236.50200", "2020-06-30": "2237.20100", "2020-03-31": "798.49800", "2019-12-31": "898.18500", "2019-09-30": "897.88400", "2019-06-30": "897.58000", "2019-03-31": "497.09000", "2018-12-31": "473.00700", "2018-09-30": "482.36600", "2018-06-30": "486.72400", "2018-03-31": "491.09100", "2017-12-31": "495.46800", "2017-09-30": "499.83600", "2017-06-30": "499.20600", "2017-03-31": "503.58400", "2016-12-31": "507.97000", "2016-09-30": "512.34900", "2016-06-30": "516.73000", "2016-03-31": "521.07500", "2015-12-31": "1225.50800", "2015-09-30": "529.89600", "2015-06-30": "534.28600", "2015-03-31": "538.68200", "2014-12-31": "543.08900", "2014-09-30": "547.48900", "2014-06-30": "551.88800", "2014-03-31": "556.29500", "2013-12-31": "541.96000", "2013-09-30": "501.73500", "2013-06-30": "451.20000", "2013-03-31": "450.67200", "2012-12-31": "470.15300", "2012-09-30": "500.29700", "2012-06-30": "575.06300", "2012-03-31": "606.89700", "2011-12-31": "667.42900", "2011-09-30": "671.25300", "2011-06-30": "758.21200", "2011-03-31": "1029.21300", "2010-12-31": "1449.71800", "2010-09-30": "1253.64400", "2010-06-30": "1257.58100", "2010-03-31": "2005.02200", "2009-12-31": "2040.95700", "2009-09-30": "1158.78600", "2009-06-30": "1408.80800", "2009-03-31": "1468.83900", "2008-12-31": "1588.87700", "2008-09-30": "1773.92000", "2008-06-30": "1778.95900", "2008-03-31": "1888.98100", "2007-12-31": "2043.98900", "2007-09-30": "1688.97400", "2007-06-30": "1369.50000", "2007-03-31": "1071.50000", "2006-12-31": "1320.88900", "2006-09-30": "1683.90200", "2006-06-30": "1025.94100", "2006-03-31": "922.98100", "2005-12-31": "770.77700", "2005-09-30": "635.85100", "2005-06-30": "961.06000", "2005-03-31": "983.16900"}, "Other Non-Current Liabilities": {"2020-12-31": "", "2020-09-30": "", "2020-06-30": "", "2020-03-31": "", "2019-12-31": "", "2019-09-30": "", "2019-06-30": "", "2019-03-31": "", "2018-12-31": "", "2018-09-30": "", "2018-06-30": "", "2018-03-31": "", "2017-12-31": "", "2017-09-30": "", "2017-06-30": "", "2017-03-31": "", "2016-12-31": "", "2016-09-30": "", "2016-06-30": "", "2016-03-31": "", "2015-12-31": "", "2015-09-30": "", "2015-06-30": "", "2015-03-31": "", "2014-12-31": "", "2014-09-30": "", "2014-06-30": "", "2014-03-31": "", "2013-12-31": "", "2013-09-30": "", "2013-06-30": "", "2013-03-31": "", "2012-12-31": "", "2012-09-30": "", "2012-06-30": "", "2012-03-31": "", "2011-12-31": "", "2011-09-30": "", "2011-06-30": "", "2011-03-31": "", "2010-12-31": "", "2010-09-30": "", "2010-06-30": "", "2010-03-31": "", "2009-12-31": "", "2009-09-30": "", "2009-06-30": "", "2009-03-31": "", "2008-12-31": "", "2008-09-30": "", "2008-06-30": "", "2008-03-31": "", "2007-12-31": "", "2007-09-30": "", "2007-06-30": "", "2007-03-31": "", "2006-12-31": "", "2006-09-30": "", "2006-06-30": "", "2006-03-31": "", "2005-12-31": "", "2005-09-30": "", "2005-06-30": "", "2005-03-31": ""}, "Total Long Term Liabilities": {"2020-12-31": "804.35100", "2020-09-30": "2236.50200", "2020-06-30": "2237.20100", "2020-03-31": "798.49800", "2019-12-31": "898.18500", "2019-09-30": "897.88400", "2019-06-30": "897.58000", "2019-03-31": "497.09000", "2018-12-31": "473.00700", "2018-09-30": "482.36600", "2018-06-30": "486.72400", "2018-03-31": "491.09100", "2017-12-31": "495.46800", "2017-09-30": "499.83600", "2017-06-30": "499.20600", "2017-03-31": "503.58400", "2016-12-31": "507.97000", "2016-09-30": "512.34900", "2016-06-30": "516.73000", "2016-03-31": "521.07500", "2015-12-31": "1225.50800", "2015-09-30": "529.89600", "2015-06-30": "534.28600", "2015-03-31": "538.68200", "2014-12-31": "543.08900", "2014-09-30": "547.48900", "2014-06-30": "551.88800", "2014-03-31": "556.29500", "2013-12-31": "541.96000", "2013-09-30": "501.73500", "2013-06-30": "451.20000", "2013-03-31": "450.67200", "2012-12-31": "470.15300", "2012-09-30": "500.29700", "2012-06-30": "575.06300", "2012-03-31": "606.89700", "2011-12-31": "667.42900", "2011-09-30": "671.25300", "2011-06-30": "758.21200", "2011-03-31": "1029.21300", "2010-12-31": "1449.71800", "2010-09-30": "1253.64400", "2010-06-30": "1257.58100", "2010-03-31": "2005.02200", "2009-12-31": "2040.95700", "2009-09-30": "1158.78600", "2009-06-30": "1408.80800", "2009-03-31": "1468.83900", "2008-12-31": "1588.87700", "2008-09-30": "1773.92000", "2008-06-30": "1778.95900", "2008-03-31": "1888.98100", "2007-12-31": "2043.98900", "2007-09-30": "1688.97400", "2007-06-30": "1369.50000", "2007-03-31": "1071.50000", "2006-12-31": "1320.88900", "2006-09-30": "1683.90200", "2006-06-30": "1025.94100", "2006-03-31": "922.98100", "2005-12-31": "770.77700", "2005-09-30": "635.85100", "2005-06-30": "961.06000", "2005-03-31": "983.16900"}, "Total Liabilities": {"2020-12-31": "46887.74000", "2020-09-30": "45245.37000", "2020-06-30": "44420.35000", "2020-03-31": "41045.56000", "2019-12-31": "39178.48000", "2019-09-30": "38392.00000", "2019-06-30": "38157.77000", "2019-03-31": "37499.50000", "2018-12-31": "36618.38000", "2018-09-30": "34828.26000", "2018-06-30": "33958.67000", "2018-03-31": "33714.40000", "2017-12-31": "33279.61000", "2017-09-30": "32526.07000", "2017-06-30": "32247.36000", "2017-03-31": "31776.17000", "2016-12-31": "31361.10000", "2016-09-30": "29877.22000", "2016-06-30": "29655.30000", "2016-03-31": "29892.39000", "2015-12-31": "29227.97000", "2015-09-30": "28048.56000", "2015-06-30": "27059.12000", "2015-03-31": "26968.07000", "2014-12-31": "25887.48000", "2014-09-30": "25713.04000", "2014-06-30": "24856.08000", "2014-03-31": "24776.81000", "2013-12-31": "22365.84000", "2013-09-30": "22186.96000", "2013-06-30": "21050.46000", "2013-03-31": "20758.84000", "2012-12-31": "20153.99000", "2012-09-30": "19494.96000", "2012-06-30": "19230.79000", "2012-03-31": "19466.48000", "2011-12-31": "19656.92000", "2011-09-30": "19551.88000", "2011-06-30": "19643.38000", "2011-03-31": "18989.11000", "2010-12-31": "18586.61000", "2010-09-30": "18032.49000", "2010-06-30": "17628.36000", "2010-03-31": "17993.39000", "2009-12-31": "18274.55000", "2009-09-30": "10964.15000", "2009-06-30": "11242.75000", "2009-03-31": "11029.33000", "2008-12-31": "10872.05000", "2008-09-30": "10457.43000", "2008-06-30": "10512.70000", "2008-03-31": "10656.43000", "2007-12-31": "10680.39000", "2007-09-30": "10473.61000", "2007-06-30": "9774.18600", "2007-03-31": "9617.03400", "2006-12-31": "9804.32100", "2006-09-30": "9830.93200", "2006-06-30": "9080.54900", "2006-03-31": "8377.01200", "2005-12-31": "7544.11800", "2005-09-30": "7241.50300", "2005-06-30": "6140.16800", "2005-03-31": "5836.99900"}, "Common Stock Net": {"2020-12-31": "", "2020-09-30": "0.16700", "2020-06-30": "0.16700", "2020-03-31": "0.16700", "2019-12-31": "0.16700", "2019-09-30": "0.16600", "2019-06-30": "0.16600", "2019-03-31": "0.16600", "2018-12-31": "0.16600", "2018-09-30": "0.16600", "2018-06-30": "0.16600", "2018-03-31": "0.16600", "2017-12-31": "0.16500", "2017-09-30": "0.16500", "2017-06-30": "0.16500", "2017-03-31": "0.16400", "2016-12-31": "0.16400", "2016-09-30": "0.16400", "2016-06-30": "0.16400", "2016-03-31": "0.16400", "2015-12-31": "0.16400", "2015-09-30": "0.16400", "2015-06-30": "0.16400", "2015-03-31": "0.16400", "2014-12-31": "0.16400", "2014-09-30": "0.16300", "2014-06-30": "0.16300", "2014-03-31": "0.16300", "2013-12-31": "0.16300", "2013-09-30": "0.16300", "2013-06-30": "0.16300", "2013-03-31": "0.15700", "2012-12-31": "0.15700", "2012-09-30": "0.15700", "2012-06-30": "0.15700", "2012-03-31": "0.15700", "2011-12-31": "0.15700", "2011-09-30": "0.15600", "2011-06-30": "0.15600", "2011-03-31": "0.15600", "2010-12-31": "0.15600", "2010-09-30": "0.15500", "2010-06-30": "0.15500", "2010-03-31": "0.15500", "2009-12-31": "0.11700", "2009-09-30": "0.09800", "2009-06-30": "0.07100", "2009-03-31": "0.07000", "2008-12-31": "0.07000", "2008-09-30": "0.07000", "2008-06-30": "0.07000", "2008-03-31": "0.07000", "2007-12-31": "0.07000", "2007-09-30": "0.06900", "2007-06-30": "0.06700", "2007-03-31": "0.06700", "2006-12-31": "0.06600", "2006-09-30": "0.06600", "2006-06-30": "0.06600", "2006-03-31": "0.06500", "2005-12-31": "0.06100", "2005-09-30": "0.06100", "2005-06-30": "0.05800", "2005-03-31": "0.05700"}, "Retained Earnings (Accumulated Deficit)": {"2020-12-31": "", "2020-09-30": "3875.71500", "2020-06-30": "3755.64900", "2020-03-31": "3695.75900", "2019-12-31": "3689.37700", "2019-09-30": "3545.82400", "2019-06-30": "3414.90100", "2019-03-31": "3305.05400", "2018-12-31": "3160.13200", "2018-09-30": "3020.79200", "2018-06-30": "2883.20100", "2018-03-31": "2740.17900", "2017-12-31": "2576.30200", "2017-09-30": "2520.81700", "2017-06-30": "2417.36700", "2017-03-31": "2328.26400", "2016-12-31": "2187.67600", "2016-09-30": "2106.12100", "2016-06-30": "2025.14200", "2016-03-31": "1951.03500", "2015-12-31": "1872.59400", "2015-09-30": "1809.91300", "2015-06-30": "1744.95500", "2015-03-31": "1675.23400", "2014-12-31": "1604.14100", "2014-09-30": "1531.63700", "2014-06-30": "1468.88900", "2014-03-31": "1410.92100", "2013-12-31": "1360.13000", "2013-09-30": "1305.16400", "2013-06-30": "1252.81200", "2013-03-31": "1201.12600", "2012-12-31": "1151.82800", "2012-09-30": "1095.74300", "2012-06-30": "1040.53500", "2012-03-31": "986.19500", "2011-12-31": "934.61700", "2011-09-30": "877.59500", "2011-06-30": "824.36000", "2011-03-31": "772.98600", "2010-12-31": "720.11600", "2010-09-30": "689.35600", "2010-06-30": "650.61700", "2010-03-31": "621.89600", "2009-12-31": "604.22300", "2009-09-30": "351.72100", "2009-06-30": "431.78900", "2009-03-31": "548.14400", "2008-12-31": "572.17200", "2008-09-30": "581.56100", "2008-06-30": "623.20200", "2008-03-31": "655.43300", "2007-12-31": "657.18300", "2007-09-30": "626.24100", "2007-06-30": "590.97500", "2007-03-31": "556.59000", "2006-12-31": "525.24700", "2006-09-30": "489.19700", "2006-06-30": "456.67600", "2006-03-31": "423.06700", "2005-12-31": "393.84600", "2005-09-30": "365.84400", "2005-06-30": "339.89800", "2005-03-31": "317.06900"}, "Comprehensive Income": {"2020-12-31": "", "2020-09-30": "33.31400", "2020-06-30": "23.13400", "2020-03-31": "6.88100", "2019-12-31": "-18.40800", "2019-09-30": "-0.96700", "2019-06-30": "-9.97200", "2019-03-31": "-32.98300", "2018-12-31": "-58.17400", "2018-09-30": "-89.83600", "2018-06-30": "-71.46700", "2018-03-31": "-55.80400", "2017-12-31": "-37.51900", "2017-09-30": "-32.21700", "2017-06-30": "-34.18100", "2017-03-31": "-43.51800", "2016-12-31": "-48.14600", "2016-09-30": "-7.17400", "2016-06-30": "-1.71200", "2016-03-31": "-2.05800", "2015-12-31": "-14.94100", "2015-09-30": "1.83000", "2015-06-30": "5.43000", "2015-03-31": "13.55500", "2014-12-31": "4.23700", "2014-09-30": "-2.42800", "2014-06-30": "-2.53500", "2014-03-31": "-17.03700", "2013-12-31": "-30.45900", "2013-09-30": "-25.17800", "2013-06-30": "-21.67800", "2013-03-31": "6.18500", "2012-12-31": "4.66900", "2012-09-30": "-1.51700", "2012-06-30": "-15.92300", "2012-03-31": "-16.87800", "2011-12-31": "-33.94000", "2011-09-30": "-21.59500", "2011-06-30": "4.43000", "2011-03-31": "-10.15500", "2010-12-31": "-12.41400", "2010-09-30": "5.13500", "2010-06-30": "2.30200", "2010-03-31": "2.08300", "2009-12-31": "0.59900", "2009-09-30": "-23.17900", "2009-06-30": "-39.85200", "2009-03-31": "-80.07000", "2008-12-31": "-86.49100", "2008-09-30": "-72.59900", "2008-06-30": "-105.12500", "2008-03-31": "-109.03200", "2007-12-31": "-38.80200", "2007-09-30": "-10.98200", "2007-06-30": "-8.53800", "2007-03-31": "1.98200", "2006-12-31": "-10.08700", "2006-09-30": "-7.88000", "2006-06-30": "-11.29200", "2006-03-31": "-4.80500", "2005-12-31": "-2.62600", "2005-09-30": "-3.21000", "2005-06-30": "-1.01000", "2005-03-31": "-2.62000"}, "Other Share Holders Equity": {"2020-12-31": "", "2020-09-30": "", "2020-06-30": "", "2020-03-31": "", "2019-12-31": "", "2019-09-30": "", "2019-06-30": "", "2019-03-31": "", "2018-12-31": "", "2018-09-30": "", "2018-06-30": "", "2018-03-31": "", "2017-12-31": "", "2017-09-30": "", "2017-06-30": "", "2017-03-31": "", "2016-12-31": "", "2016-09-30": "", "2016-06-30": "", "2016-03-31": "", "2015-12-31": "", "2015-09-30": "", "2015-06-30": "", "2015-03-31": "", "2014-12-31": "", "2014-09-30": "", "2014-06-30": "", "2014-03-31": "", "2013-12-31": "", "2013-09-30": "", "2013-06-30": "", "2013-03-31": "", "2012-12-31": "", "2012-09-30": "", "2012-06-30": "", "2012-03-31": "", "2011-12-31": "", "2011-09-30": "", "2011-06-30": "", "2011-03-31": "", "2010-12-31": "", "2010-09-30": "", "2010-06-30": "", "2010-03-31": "", "2009-12-31": "", "2009-09-30": "", "2009-06-30": "", "2009-03-31": "", "2008-12-31": "", "2008-09-30": "", "2008-06-30": "", "2008-03-31": "", "2007-12-31": "", "2007-09-30": "", "2007-06-30": "", "2007-03-31": "", "2006-12-31": "", "2006-09-30": "", "2006-06-30": "", "2006-03-31": "", "2005-12-31": "", "2005-09-30": "", "2005-06-30": "", "2005-03-31": ""}, "Share Holder Equity": {"2020-12-31": "5269.17500", "2020-09-30": "5126.10600", "2020-06-30": "4987.24300", "2020-03-31": "4902.98500", "2019-12-31": "5017.61700", "2019-09-30": "4882.66400", "2019-06-30": "4734.59300", "2019-03-31": "4591.93000", "2018-12-31": "4423.97400", "2018-09-30": "4244.85000", "2018-06-30": "4114.28400", "2018-03-31": "3978.75500", "2017-12-31": "3841.95100", "2017-09-30": "3781.89600", "2017-06-30": "3670.26100", "2017-03-31": "3565.95400", "2016-12-31": "3427.74100", "2016-09-30": "3378.05400", "2016-06-30": "3296.91000", "2016-03-31": "3216.78100", "2015-12-31": "3122.95000", "2015-09-30": "3071.11500", "2015-06-30": "3004.94800", "2015-03-31": "2938.76300", "2014-12-31": "2856.11100", "2014-09-30": "2768.09300", "2014-06-30": "2701.02400", "2014-03-31": "2624.22000", "2013-12-31": "2364.22500", "2013-09-30": "2311.87600", "2013-06-30": "2257.95100", "2013-03-31": "2343.11900", "2012-12-31": "2382.12200", "2012-09-30": "2318.20900", "2012-06-30": "2294.94000", "2012-03-31": "2283.29700", "2011-12-31": "2311.74300", "2011-09-30": "2261.16900", "2011-06-30": "2229.33200", "2011-03-31": "2157.91700", "2010-12-31": "2113.93100", "2010-09-30": "2384.76000", "2010-06-30": "2338.96400", "2010-03-31": "2305.78900", "2009-12-31": "2284.65900", "2009-09-30": "1521.78200", "2009-06-30": "1476.76800", "2009-03-31": "1535.19300", "2008-12-31": "1550.76600", "2008-09-30": "1264.88100", "2008-06-30": "1272.20000", "2008-03-31": "1103.78400", "2007-12-31": "1171.82300", "2007-09-30": "1166.55500", "2007-06-30": "1055.17100", "2007-03-31": "1038.19800", "2006-12-31": "1019.39000", "2006-09-30": "981.37000", "2006-06-30": "937.74200", "2006-03-31": "903.52300", "2005-12-31": "734.13800", "2005-09-30": "696.87500", "2005-06-30": "561.41600", "2005-03-31": "534.02900"}, "Total Liabilities And Share Holders Equity": {"2020-12-31": "52156.91000", "2020-09-30": "50371.48000", "2020-06-30": "49407.59000", "2020-03-31": "45948.55000", "2019-12-31": "44196.10000", "2019-09-30": "43274.66000", "2019-06-30": "42892.36000", "2019-03-31": "42091.43000", "2018-12-31": "41042.36000", "2018-09-30": "39073.11000", "2018-06-30": "38072.95000", "2018-03-31": "37693.16000", "2017-12-31": "37121.56000", "2017-09-30": "36307.96000", "2017-06-30": "35917.62000", "2017-03-31": "35342.13000", "2016-12-31": "34788.84000", "2016-09-30": "33255.27000", "2016-06-30": "32952.21000", "2016-03-31": "33109.17000", "2015-12-31": "32350.92000", "2015-09-30": "31119.68000", "2015-06-30": "30064.07000", "2015-03-31": "29906.84000", "2014-12-31": "28743.59000", "2014-09-30": "28481.13000", "2014-06-30": "27557.11000", "2014-03-31": "27401.03000", "2013-12-31": "24730.07000", "2013-09-30": "24498.84000", "2013-06-30": "23308.41000", "2013-03-31": "23101.96000", "2012-12-31": "22536.11000", "2012-09-30": "21813.16000", "2012-06-30": "21525.73000", "2012-03-31": "21749.78000", "2011-12-31": "21968.67000", "2011-09-30": "21813.05000", "2011-06-30": "21872.71000", "2011-03-31": "21147.03000", "2010-12-31": "20700.54000", "2010-09-30": "20417.25000", "2010-06-30": "19967.32000", "2010-03-31": "20299.18000", "2009-12-31": "20559.21000", "2009-09-30": "12485.93000", "2009-06-30": "12719.51000", "2009-03-31": "12564.52000", "2008-12-31": "12422.82000", "2008-09-30": "11722.32000", "2008-06-30": "11784.90000", "2008-03-31": "11760.21000", "2007-12-31": "11852.21000", "2007-09-30": "11640.16000", "2007-06-30": "10829.36000", "2007-03-31": "10655.23000", "2006-12-31": "10823.71000", "2006-09-30": "10812.30000", "2006-06-30": "10018.29000", "2006-03-31": "9280.53500", "2005-12-31": "8278.25600", "2005-09-30": "7938.37800", "2005-06-30": "6701.58400", "2005-03-31": "6371.02800"}}, "cash flow statement": {"Net Income/Loss": {"2020-12-31": "0.00000", "2019-12-31": "674.03500", "2018-12-31": "703.70100", "2017-12-31": "505.62400", "2016-12-31": "431.67700", "2015-12-31": "384.67700", "2014-12-31": "345.87800", "2013-12-31": "293.32400", "2012-12-31": "281.65000", "2011-12-31": "245.23400", "2010-12-31": "164.56400", "2009-12-31": "76.64200", "2008-12-31": "-49.68300", "2007-12-31": "161.16700", "2006-12-31": "143.36900", "2005-12-31": "108.38000"}, "Total Depreciation And Amortization - Cash Flow": {"2020-12-31": "", "2019-12-31": "121.79900", "2018-12-31": "118.92700", "2017-12-31": "142.56200", "2016-12-31": "111.55400", "2015-12-31": "43.62700", "2014-12-31": "-66.83300", "2013-12-31": "-165.79200", "2012-12-31": "-151.07100", "2011-12-31": "-143.40800", "2010-12-31": "-178.39500", "2009-12-31": "-34.86900", "2008-12-31": "18.95400", "2007-12-31": "13.86900", "2006-12-31": "7.88700", "2005-12-31": "10.32800"}, "Other Non-Cash Items": {"2020-12-31": "", "2019-12-31": "107.26800", "2018-12-31": "41.79500", "2017-12-31": "19.12900", "2016-12-31": "61.61200", "2015-12-31": "125.73900", "2014-12-31": "-110.94100", "2013-12-31": "20.90600", "2012-12-31": "128.70400", "2011-12-31": "467.86100", "2010-12-31": "558.31700", "2009-12-31": "301.79800", "2008-12-31": "220.65000", "2007-12-31": "-21.77900", "2006-12-31": "-20.11900", "2005-12-31": "5.56600"}, "Total Non-Cash Items": {"2020-12-31": "", "2019-12-31": "229.06700", "2018-12-31": "160.72200", "2017-12-31": "161.69100", "2016-12-31": "173.16600", "2015-12-31": "169.36600", "2014-12-31": "-177.77400", "2013-12-31": "-144.88600", "2012-12-31": "-22.36700", "2011-12-31": "324.45300", "2010-12-31": "379.92200", "2009-12-31": "266.92900", "2008-12-31": "239.60400", "2007-12-31": "-7.91000", "2006-12-31": "-12.23200", "2005-12-31": "15.89400"}, "Change In Accounts Receivable": {"2020-12-31": "", "2019-12-31": "-174.98700", "2018-12-31": "-67.48900", "2017-12-31": "37.32600", "2016-12-31": "28.15000", "2015-12-31": "-139.36800", "2014-12-31": "68.06300", "2013-12-31": "-9.40600", "2012-12-31": "-112.60800", "2011-12-31": "-178.28400", "2010-12-31": "86.08300", "2009-12-31": "-171.88600", "2008-12-31": "15.14500", "2007-12-31": "64.98400", "2006-12-31": "-45.03500", "2005-12-31": "5.97700"}, "Change In Inventories": {"2020-12-31": "", "2019-12-31": "", "2018-12-31": "", "2017-12-31": "", "2016-12-31": "", "2015-12-31": "", "2014-12-31": "", "2013-12-31": "", "2012-12-31": "", "2011-12-31": "", "2010-12-31": "", "2009-12-31": "", "2008-12-31": "", "2007-12-31": "", "2006-12-31": "", "2005-12-31": ""}, "Change In Accounts Payable": {"2020-12-31": "", "2019-12-31": "", "2018-12-31": "", "2017-12-31": "", "2016-12-31": "", "2015-12-31": "", "2014-12-31": "", "2013-12-31": "", "2012-12-31": "", "2011-12-31": "", "2010-12-31": "", "2009-12-31": "", "2008-12-31": "", "2007-12-31": "", "2006-12-31": "", "2005-12-31": ""}, "Change In Assets/Liabilities": {"2020-12-31": "", "2019-12-31": "", "2018-12-31": "", "2017-12-31": "", "2016-12-31": "", "2015-12-31": "37.98000", "2014-12-31": "201.41700", "2013-12-31": "228.58500", "2012-12-31": "122.25100", "2011-12-31": "100.14100", "2010-12-31": "83.21300", "2009-12-31": "23.33800", "2008-12-31": "", "2007-12-31": "", "2006-12-31": "", "2005-12-31": ""}, "Total Change In Assets/Liabilities": {"2020-12-31": "", "2019-12-31": "-167.97500", "2018-12-31": "20.58100", "2017-12-31": "35.36100", "2016-12-31": "43.50400", "2015-12-31": "-84.60300", "2014-12-31": "230.89400", "2013-12-31": "276.70600", "2012-12-31": "24.72900", "2011-12-31": "-312.01100", "2010-12-31": "326.57100", "2009-12-31": "-188.04600", "2008-12-31": "-7.50000", "2007-12-31": "70.77200", "2006-12-31": "-8.79000", "2005-12-31": "19.91900"}, "Cash Flow From Operating Activities": {"2020-12-31": "", "2019-12-31": "735.82900", "2018-12-31": "883.17200", "2017-12-31": "703.27500", "2016-12-31": "650.18300", "2015-12-31": "469.62400", "2014-12-31": "392.89800", "2013-12-31": "425.84500", "2012-12-31": "287.52600", "2011-12-31": "255.31700", "2010-12-31": "869.19600", "2009-12-31": "155.27500", "2008-12-31": "182.42100", "2007-12-31": "224.02900", "2006-12-31": "122.34700", "2005-12-31": "144.19300"}, "Net Change In Property, Plant, And Equipment": {"2020-12-31": "", "2019-12-31": "-9.45600", "2018-12-31": "-12.14900", "2017-12-31": "105.99500", "2016-12-31": "-4.01800", "2015-12-31": "0.57800", "2014-12-31": "", "2013-12-31": "-88.10800", "2012-12-31": "8.63400", "2011-12-31": "-1.28000", "2010-12-31": "-90.81900", "2009-12-31": "-0.16100", "2008-12-31": "-3.60800", "2007-12-31": "-5.22600", "2006-12-31": "-8.66100", "2005-12-31": "-12.56000"}, "Net Change In Intangible Assets": {"2020-12-31": "", "2019-12-31": "", "2018-12-31": "", "2017-12-31": "", "2016-12-31": "", "2015-12-31": "", "2014-12-31": "", "2013-12-31": "", "2012-12-31": "", "2011-12-31": "", "2010-12-31": "", "2009-12-31": "", "2008-12-31": "", "2007-12-31": "", "2006-12-31": "", "2005-12-31": ""}, "Net Acquisitions/Divestitures": {"2020-12-31": "", "2019-12-31": "", "2018-12-31": "-503.68700", "2017-12-31": "3.63300", "2016-12-31": "", "2015-12-31": "", "2014-12-31": "138.46500", "2013-12-31": "", "2012-12-31": "", "2011-12-31": "", "2010-12-31": "67.18600", "2009-12-31": "599.03600", "2008-12-31": "-1.18100", "2007-12-31": "-7.33700", "2006-12-31": "98.35100", "2005-12-31": "49.07700"}, "Net Change In Short-term Investments": {"2020-12-31": "", "2019-12-31": "518.45500", "2018-12-31": "19.21200", "2017-12-31": "586.90410", "2016-12-31": "-88.24900", "2015-12-31": "-594.86000", "2014-12-31": "-206.24100", "2013-12-31": "-341.09500", "2012-12-31": "-968.11000", "2011-12-31": "-204.70810", "2010-12-31": "-166.71500", "2009-12-31": "-48.44800", "2008-12-31": "-128.44100", "2007-12-31": "-48.79500", "2006-12-31": "-48.94100", "2005-12-31": "-49.90000"}, "Net Change In Long-Term Investments": {"2020-12-31": "", "2019-12-31": "-658.60510", "2018-12-31": "90.30910", "2017-12-31": "252.59000", "2016-12-31": "290.02320", "2015-12-31": "-1237.99900", "2014-12-31": "201.30700", "2013-12-31": "393.65780", "2012-12-31": "485.20000", "2011-12-31": "-231.65280", "2010-12-31": "-324.69090", "2009-12-31": "579.65600", "2008-12-31": "-415.59590", "2007-12-31": "887.81100", "2006-12-31": "-22.31400", "2005-12-31": "-9.61200"}, "Net Change In Investments - Total": {"2020-12-31": "", "2019-12-31": "-140.15010", "2018-12-31": "109.52110", "2017-12-31": "839.49400", "2016-12-31": "201.77420", "2015-12-31": "-1832.85900", "2014-12-31": "-4.93400", "2013-12-31": "52.56280", "2012-12-31": "-482.91000", "2011-12-31": "-436.36090", "2010-12-31": "-491.40590", "2009-12-31": "531.20800", "2008-12-31": "-544.03690", "2007-12-31": "839.01600", "2006-12-31": "-71.25500", "2005-12-31": "-59.51200"}, "Investing Activities - Other": {"2020-12-31": "", "2019-12-31": "-2421.57000", "2018-12-31": "-3426.09700", "2017-12-31": "-3455.94600", "2016-12-31": "-1997.84200", "2015-12-31": "-1795.60000", "2014-12-31": "-2493.42400", "2013-12-31": "-2699.30100", "2012-12-31": "-284.62900", "2011-12-31": "-633.58510", "2010-12-31": "608.27200", "2009-12-31": "317.95100", "2008-12-31": "416.14400", "2007-12-31": "-1345.85000", "2006-12-31": "-1536.49200", "2005-12-31": "-1198.41100"}, "Cash Flow From Investing Activities": {"2020-12-31": "", "2019-12-31": "-2571.17600", "2018-12-31": "-3832.41200", "2017-12-31": "-2506.82400", "2016-12-31": "-1800.08600", "2015-12-31": "-3627.88100", "2014-12-31": "-2359.89300", "2013-12-31": "-2734.84600", "2012-12-31": "-758.90500", "2011-12-31": "-1071.22600", "2010-12-31": "93.23300", "2009-12-31": "1448.03400", "2008-12-31": "-132.68200", "2007-12-31": "-519.39700", "2006-12-31": "-1518.05700", "2005-12-31": "-1221.40600"}, "Net Long-Term Debt": {"2020-12-31": "", "2019-12-31": "417.11500", "2018-12-31": "-25.00000", "2017-12-31": "-15.00000", "2016-12-31": "-720.00000", "2015-12-31": "680.00000", "2014-12-31": "-40.31000", "2013-12-31": "89.69000", "2012-12-31": "-224.04700", "2011-12-31": "-795.44200", "2010-12-31": "-691.67700", "2009-12-31": "-51.55800", "2008-12-31": "-116.37600", "2007-12-31": "597.14100", "2006-12-31": "1179.00000", "2005-12-31": "-147.75000"}, "Net Current Debt": {"2020-12-31": "", "2019-12-31": "-28.53500", "2018-12-31": "61.39200", "2017-12-31": "-61.56000", "2016-12-31": "62.50600", "2015-12-31": "-566.81800", "2014-12-31": "-25.00000", "2013-12-31": "-20.00000", "2012-12-31": "-5.20800", "2011-12-31": "-63.33700", "2010-12-31": "40.09500", "2009-12-31": "-2215.09700", "2008-12-31": "-547.13700", "2007-12-31": "189.85200", "2006-12-31": "1.04600", "2005-12-31": "414.31500"}, "Debt Issuance/Retirement Net - Total": {"2020-12-31": "", "2019-12-31": "388.58000", "2018-12-31": "36.39200", "2017-12-31": "-76.56000", "2016-12-31": "-657.49400", "2015-12-31": "113.18200", "2014-12-31": "-65.31000", "2013-12-31": "69.69000", "2012-12-31": "-229.25500", "2011-12-31": "-858.77900", "2010-12-31": "-651.58200", "2009-12-31": "-2266.65500", "2008-12-31": "-663.51310", "2007-12-31": "786.99300", "2006-12-31": "1180.04600", "2005-12-31": "266.56500"}, "Net Common Equity Issued/Repurchased": {"2020-12-31": "", "2019-12-31": "3.38300", "2018-12-31": "2.84600", "2017-12-31": "2.28000", "2016-12-31": "-1.14400", "2015-12-31": "-3.12900", "2014-12-31": "-3.53200", "2013-12-31": "-210.77100", "2012-12-31": "-199.14100", "2011-12-31": "-9.42300", "2010-12-31": "4.45400", "2009-12-31": "273.73100", "2008-12-31": "2.47000", "2007-12-31": "-43.81900", "2006-12-31": "9.42700", "2005-12-31": "8.55900"}, "Net Total Equity Issued/Repurchased": {"2020-12-31": "", "2019-12-31": "3.38300", "2018-12-31": "2.84600", "2017-12-31": "2.28000", "2016-12-31": "-1.14400", "2015-12-31": "-3.12900", "2014-12-31": "-3.53200", "2013-12-31": "-210.77100", "2012-12-31": "-199.14100", "2011-12-31": "-9.42300", "2010-12-31": "-302.09200", "2009-12-31": "608.77800", "2008-12-31": "503.06100", "2007-12-31": "-43.81900", "2006-12-31": "9.42700", "2005-12-31": "8.55900"}, "Total Common And Preferred Stock Dividends Paid": {"2020-12-31": "", "2019-12-31": "-155.10700", "2018-12-31": "-125.98800", "2017-12-31": "-116.82000", "2016-12-31": "-115.82800", "2015-12-31": "-115.64100", "2014-12-31": "-103.61800", "2013-12-31": "-86.29000", "2012-12-31": "-64.21800", "2011-12-31": "-30.67900", "2010-12-31": "-29.60500", "2009-12-31": "-29.66200", "2008-12-31": "-33.41200", "2007-12-31": "-24.60300", "2006-12-31": "-11.96800", "2005-12-31": "-10.70900"}, "Financial Activities - Other": {"2020-12-31": "", "2019-12-31": "1888.10600", "2018-12-31": "3887.55800", "2017-12-31": "2259.56000", "2016-12-31": "2453.92500", "2015-12-31": "3495.89400", "2014-12-31": "2283.52000", "2013-12-31": "2109.08600", "2012-12-31": "856.81400", "2011-12-31": "1813.09200", "2010-12-31": "253.60800", "2009-12-31": "304.46100", "2008-12-31": "862.63100", "2007-12-31": "-455.41500", "2006-12-31": "259.57200", "2005-12-31": "870.91500"}, "Cash Flow From Financial Activities": {"2020-12-31": "", "2019-12-31": "2124.96200", "2018-12-31": "3800.80800", "2017-12-31": "2068.46000", "2016-12-31": "1679.45900", "2015-12-31": "3490.30600", "2014-12-31": "2111.06000", "2013-12-31": "1881.71500", "2012-12-31": "364.20000", "2011-12-31": "914.21100", "2010-12-31": "-729.67100", "2009-12-31": "-1383.07800", "2008-12-31": "668.76700", "2007-12-31": "263.15600", "2006-12-31": "1437.07700", "2005-12-31": "1135.33000"}, "Net Cash Flow": {"2020-12-31": "", "2019-12-31": "259.77200", "2018-12-31": "826.78500", "2017-12-31": "296.08900", "2016-12-31": "517.61600", "2015-12-31": "321.00200", "2014-12-31": "144.06500", "2013-12-31": "-427.28600", "2012-12-31": "-108.07900", "2011-12-31": "97.23600", "2010-12-31": "234.86500", "2009-12-31": "220.23100", "2008-12-31": "718.50600", "2007-12-31": "-32.21200", "2006-12-31": "41.36700", "2005-12-31": "58.11700"}, "Stock-Based Compensation": {"2020-12-31": "", "2019-12-31": "30.76100", "2018-12-31": "30.93700", "2017-12-31": "24.65700", "2016-12-31": "22.10200", "2015-12-31": "16.50200", "2014-12-31": "13.88300", "2013-12-31": "13.54800", "2012-12-31": "12.66800", "2011-12-31": "13.54300", "2010-12-31": "8.76100", "2009-12-31": "5.54900", "2008-12-31": "6.16700", "2007-12-31": "6.76700", "2006-12-31": "5.66400", "2005-12-31": "3.07400"}, "Common Stock Dividends Paid": {"2020-12-31": "", "2019-12-31": "-155.10700", "2018-12-31": "-125.98800", "2017-12-31": "-116.82000", "2016-12-31": "-115.82800", "2015-12-31": "-115.64100", "2014-12-31": "-103.61800", "2013-12-31": "-86.29000", "2012-12-31": "-64.21800", "2011-12-31": "-30.67900", "2010-12-31": "-29.60500", "2009-12-31": "-29.66200", "2008-12-31": "-25.37500", "2007-12-31": "-24.60300", "2006-12-31": "-11.96800", "2005-12-31": "-10.70900"}}, "cash flow statement, quarterly": {"Net Income/Loss": {"2020-12-31": -403.713, "2020-09-30": 159.537, "2020-06-30": 99.352, "2020-03-31": "144.82400", "2019-12-31": 188.215, "2019-09-30": 171.416, "2019-06-30": 150.38, "2019-03-31": "164.02400", "2018-12-31": 173.018, "2018-09-30": 171.302, "2018-06-30": 172.349, "2018-03-31": "187.03200", "2017-12-31": 84.898, "2017-09-30": 132.66, "2017-06-30": 118.33, "2017-03-31": "169.73600", "2016-12-31": 110.734, "2016-09-30": 110.143, "2016-06-30": 103.284, "2016-03-31": "107.51600", "2015-12-31": 91.805, "2015-09-30": 94.097, "2015-06-30": 98.748, "2015-03-31": "100.02700", "2014-12-31": 95.502, "2014-09-30": 91.9, "2014-06-30": 84.305, "2014-03-31": "74.17100", "2013-12-31": 74.061, "2013-09-30": 73.157, "2013-06-30": 74.015, "2013-03-31": "72.09100", "2012-12-31": 71.9, "2012-09-30": 71.11, "2012-06-30": 70.557, "2012-03-31": "68.08300", "2011-12-31": 66.206, "2011-09-30": 62.432, "2011-06-30": 60.525, "2011-03-31": "56.07100", "2010-12-31": 56.349, "2010-09-30": 46.951, "2010-06-30": 36.348, "2010-03-31": "24.91600", "2009-12-31": 259.73, "2009-09-30": -68.531, "2009-06-30": -92.091, "2009-03-31": "-22.46600", "2008-12-31": 2.366, "2008-09-30": -31.206, "2008-06-30": -25.887, "2008-03-31": "5.04400", "2007-12-31": 37.245, "2007-09-30": 41.336, "2007-06-30": 40.49, "2007-03-31": "42.09600", "2006-12-31": 39.111, "2006-09-30": 35.562, "2006-06-30": 36.645, "2006-03-31": "32.05100", "2005-12-31": 30.815, "2005-09-30": 28.583, "2005-06-30": 25.463, "2005-03-31": "23.51900"}, "Total Depreciation And Amortization - Cash Flow": {"2020-12-31": -78.115, "2020-09-30": 28.09, "2020-06-30": 23.358, "2020-03-31": "26.66700", "2019-12-31": 31.496, "2019-09-30": 28.007, "2019-06-30": 27.212, "2019-03-31": "35.08400", "2018-12-31": 37.621, "2018-09-30": 28.887, "2018-06-30": 25.241, "2018-03-31": "27.17800", "2017-12-31": 38.791, "2017-09-30": 37.953, "2017-06-30": 37.688, "2017-03-31": "28.13000", "2016-12-31": 50.874, "2016-09-30": 35.448, "2016-06-30": 12.474, "2016-03-31": "12.75800", "2015-12-31": 38.707, "2015-09-30": 3.623, "2015-06-30": 2.475, "2015-03-31": "-1.17800", "2014-12-31": 9.422, "2014-09-30": -1.23, "2014-06-30": -36.425, "2014-03-31": "-38.60000", "2013-12-31": -55.58, "2013-09-30": -52.75, "2013-06-30": -32.98, "2013-03-31": "-24.48200", "2012-12-31": -57.752, "2012-09-30": -36.145, "2012-06-30": -41.973, "2012-03-31": "-15.20100", "2011-12-31": -29.912, "2011-09-30": -42.31, "2011-06-30": -41.379, "2011-03-31": "-29.80700", "2010-12-31": -67.322, "2010-09-30": -3.958, "2010-06-30": -26.5, "2010-03-31": "-80.61500", "2009-12-31": -51.716, "2009-09-30": 5.275, "2009-06-30": 5.765, "2009-03-31": "5.80700", "2008-12-31": 5.342, "2008-09-30": 2.923, "2008-06-30": 4.553, "2008-03-31": "6.13600", "2007-12-31": 3.954, "2007-09-30": 1.485, "2007-06-30": 5.635, "2007-03-31": "2.79500", "2006-12-31": -0.051, "2006-09-30": 2.218, "2006-06-30": 2.916, "2006-03-31": "2.80400", "2005-12-31": 3.2, "2005-09-30": 2.324, "2005-06-30": 2.399, "2005-03-31": "2.40500"}, "Other Non-Cash Items": {"2020-12-31": -201.49, "2020-09-30": 21.07, "2020-06-30": 99.866, "2020-03-31": "80.55400", "2019-12-31": 6.636, "2019-09-30": 46.863, "2019-06-30": 24.563, "2019-03-31": "29.20600", "2018-12-31": 6.703, "2018-09-30": 18.998, "2018-06-30": 24.421, "2018-03-31": "-8.32700", "2017-12-31": 69.403, "2017-09-30": -4.783, "2017-06-30": 14.468, "2017-03-31": "-59.95900", "2016-12-31": 38.275, "2016-09-30": 11.385, "2016-06-30": 6.25, "2016-03-31": "5.70200", "2015-12-31": 13.532, "2015-09-30": 102.919, "2015-06-30": 13.536, "2015-03-31": "-4.24800", "2014-12-31": -120.487, "2014-09-30": -2.767, "2014-06-30": 12.227, "2014-03-31": "0.08600", "2013-12-31": -66.699, "2013-09-30": 43.048, "2013-06-30": 13.709, "2013-03-31": "30.84800", "2012-12-31": -25.852, "2012-09-30": 70.63, "2012-06-30": 41.294, "2012-03-31": "42.63200", "2011-12-31": 166.351, "2011-09-30": 69.624, "2011-06-30": 129.025, "2011-03-31": "102.86100", "2010-12-31": 116.789, "2010-09-30": 114.545, "2010-06-30": 252.91, "2010-03-31": "74.07300", "2009-12-31": -162.093, "2009-09-30": 178.969, "2009-06-30": 205.146, "2009-03-31": "79.77600", "2008-12-31": 58.54, "2008-09-30": 68.718, "2008-06-30": 56.527, "2008-03-31": "36.86500", "2007-12-31": 4.241, "2007-09-30": -11.011, "2007-06-30": -9.053, "2007-03-31": "-5.95600", "2006-12-31": -1.928, "2006-09-30": -7.179, "2006-06-30": -6.693, "2006-03-31": "-4.31900", "2005-12-31": -0.898, "2005-09-30": 0.274, "2005-06-30": 1.183, "2005-03-31": "5.00700"}, "Total Non-Cash Items": {"2020-12-31": -279.605, "2020-09-30": 49.16, "2020-06-30": 123.224, "2020-03-31": "107.22100", "2019-12-31": 38.132, "2019-09-30": 74.87, "2019-06-30": 51.775, "2019-03-31": "64.29000", "2018-12-31": 44.324, "2018-09-30": 47.885, "2018-06-30": 49.662, "2018-03-31": "18.85100", "2017-12-31": 108.194, "2017-09-30": 33.17, "2017-06-30": 52.156, "2017-03-31": "-31.82900", "2016-12-31": 89.149, "2016-09-30": 46.833, "2016-06-30": 18.724, "2016-03-31": "18.46000", "2015-12-31": 52.239, "2015-09-30": 106.542, "2015-06-30": 16.011, "2015-03-31": "-5.42600", "2014-12-31": -111.065, "2014-09-30": -3.997, "2014-06-30": -24.198, "2014-03-31": "-38.51400", "2013-12-31": -122.279, "2013-09-30": -9.702, "2013-06-30": -19.271, "2013-03-31": "6.36600", "2012-12-31": -83.604, "2012-09-30": 34.485, "2012-06-30": -0.679, "2012-03-31": "27.43100", "2011-12-31": 136.439, "2011-09-30": 27.314, "2011-06-30": 87.646, "2011-03-31": "73.05400", "2010-12-31": 49.467, "2010-09-30": 110.587, "2010-06-30": 226.41, "2010-03-31": "-6.54200", "2009-12-31": -213.809, "2009-09-30": 184.244, "2009-06-30": 210.911, "2009-03-31": "85.58300", "2008-12-31": 63.882, "2008-09-30": 71.641, "2008-06-30": 61.08, "2008-03-31": "43.00100", "2007-12-31": 8.195, "2007-09-30": -9.526, "2007-06-30": -3.418, "2007-03-31": "-3.16100", "2006-12-31": -1.979, "2006-09-30": -4.961, "2006-06-30": -3.777, "2006-03-31": "-1.51500", "2005-12-31": 2.302, "2005-09-30": 2.598, "2005-06-30": 3.582, "2005-03-31": "7.41200"}, "Change In Accounts Receivable": {"2020-12-31": 470.225, "2020-09-30": -9.364, "2020-06-30": 4, "2020-03-31": "-464.86100", "2019-12-31": 191.167, "2019-09-30": -215.363, "2019-06-30": -122.524, "2019-03-31": "-28.26700", "2018-12-31": -23.254, "2018-09-30": -7.285, "2018-06-30": -49.343, "2018-03-31": "12.39300", "2017-12-31": -62.087, "2017-09-30": 9.097, "2017-06-30": -1.063, "2017-03-31": "91.37900", "2016-12-31": 33.542, "2016-09-30": 3.574, "2016-06-30": -9.922, "2016-03-31": "0.95600", "2015-12-31": -92.301, "2015-09-30": -110.278, "2015-06-30": 66.325, "2015-03-31": "-3.11400", "2014-12-31": 165.426, "2014-09-30": 5.573, "2014-06-30": -124.938, "2014-03-31": "22.00200", "2013-12-31": 0.245, "2013-09-30": 0.491, "2013-06-30": 39.715, "2013-03-31": "-49.85700", "2012-12-31": 17.382, "2012-09-30": -27.454, "2012-06-30": -59.589, "2012-03-31": "-42.94700", "2011-12-31": -33.771, "2011-09-30": -16.56, "2011-06-30": -155.176, "2011-03-31": "27.22300", "2010-12-31": 58.496, "2010-09-30": 19.151, "2010-06-30": -44.942, "2010-03-31": "53.37800", "2009-12-31": -160.246, "2009-09-30": -5.194, "2009-06-30": -5.072, "2009-03-31": "-1.37400", "2008-12-31": -10.968, "2008-09-30": 0.07, "2008-06-30": 8.009, "2008-03-31": "18.03400", "2007-12-31": 32.391, "2007-09-30": 50.544, "2007-06-30": -12.211, "2007-03-31": "-5.74000", "2006-12-31": -14.817, "2006-09-30": -13.121, "2006-06-30": -3.201, "2006-03-31": "-13.89600", "2005-12-31": 1.737, "2005-09-30": 23.298, "2005-06-30": -6.76, "2005-03-31": "-12.29800"}, "Change In Inventories": {"2020-12-31": 0, "2020-09-30": 0, "2020-06-30": 0, "2020-03-31": "", "2019-12-31": 0, "2019-09-30": 0, "2019-06-30": 0, "2019-03-31": "", "2018-12-31": 0, "2018-09-30": 0, "2018-06-30": 0, "2018-03-31": "", "2017-12-31": 0, "2017-09-30": 0, "2017-06-30": 0, "2017-03-31": "", "2016-12-31": 0, "2016-09-30": 0, "2016-06-30": 0, "2016-03-31": "", "2015-12-31": 0, "2015-09-30": 0, "2015-06-30": 0, "2015-03-31": "", "2014-12-31": 0, "2014-09-30": 0, "2014-06-30": 0, "2014-03-31": "", "2013-12-31": 0, "2013-09-30": 0, "2013-06-30": 0, "2013-03-31": "", "2012-12-31": 0, "2012-09-30": 0, "2012-06-30": 0, "2012-03-31": "", "2011-12-31": 0, "2011-09-30": 0, "2011-06-30": 0, "2011-03-31": "", "2010-12-31": 0, "2010-09-30": 0, "2010-06-30": 0, "2010-03-31": "", "2009-12-31": 0, "2009-09-30": 0, "2009-06-30": 0, "2009-03-31": "", "2008-12-31": 0, "2008-09-30": 0, "2008-06-30": 0, "2008-03-31": "", "2007-12-31": 0, "2007-09-30": 0, "2007-06-30": 0, "2007-03-31": "", "2006-12-31": 0, "2006-09-30": 0, "2006-06-30": 0, "2006-03-31": "", "2005-12-31": 0, "2005-09-30": 0, "2005-06-30": 0, "2005-03-31": ""}, "Change In Accounts Payable": {"2020-12-31": 0, "2020-09-30": 0, "2020-06-30": 0, "2020-03-31": "", "2019-12-31": 0, "2019-09-30": 0, "2019-06-30": 0, "2019-03-31": "", "2018-12-31": 0, "2018-09-30": -44.016, "2018-06-30": 44.016, "2018-03-31": "", "2017-12-31": 0, "2017-09-30": 0, "2017-06-30": 0, "2017-03-31": "", "2016-12-31": 0, "2016-09-30": -32.317, "2016-06-30": 32.317, "2016-03-31": "", "2015-12-31": 0, "2015-09-30": 0, "2015-06-30": 0, "2015-03-31": "", "2014-12-31": 0, "2014-09-30": 0, "2014-06-30": 0, "2014-03-31": "", "2013-12-31": 0, "2013-09-30": 0, "2013-06-30": 0, "2013-03-31": "", "2012-12-31": 0, "2012-09-30": 0, "2012-06-30": 0, "2012-03-31": "", "2011-12-31": 0, "2011-09-30": 0, "2011-06-30": 0, "2011-03-31": "", "2010-12-31": 0, "2010-09-30": -152.235, "2010-06-30": 152.235, "2010-03-31": "", "2009-12-31": 0, "2009-09-30": 0, "2009-06-30": 0, "2009-03-31": "", "2008-12-31": 5.485, "2008-09-30": 1.098, "2008-06-30": -13.494, "2008-03-31": "6.91100", "2007-12-31": -20.319, "2007-09-30": 17.496, "2007-06-30": -18.776, "2007-03-31": "21.59900", "2006-12-31": -13.883, "2006-09-30": 13.883, "2006-06-30": -10.398, "2006-03-31": "10.39800", "2005-12-31": -8.381, "2005-09-30": 0.858, "2005-06-30": -6.82, "2005-03-31": "14.34300"}, "Change In Assets/Liabilities": {"2020-12-31": 0, "2020-09-30": 0, "2020-06-30": 0, "2020-03-31": "", "2019-12-31": 0, "2019-09-30": 0, "2019-06-30": 0, "2019-03-31": "", "2018-12-31": 0, "2018-09-30": 0, "2018-06-30": 0, "2018-03-31": "", "2017-12-31": 0, "2017-09-30": 0, "2017-06-30": 0, "2017-03-31": "", "2016-12-31": 0, "2016-09-30": 0, "2016-06-30": 0, "2016-03-31": "", "2015-12-31": 19.007, "2015-09-30": 3.883, "2015-06-30": 6.668, "2015-03-31": "8.42200", "2014-12-31": 50.578, "2014-09-30": 39.647, "2014-06-30": 57.558, "2014-03-31": "53.63400", "2013-12-31": 74.325, "2013-09-30": 74.456, "2013-06-30": 47.905, "2013-03-31": "31.89900", "2012-12-31": 49.731, "2012-09-30": 26.757, "2012-06-30": 40.345, "2012-03-31": "5.41800", "2011-12-31": 20.441, "2011-09-30": 43.451, "2011-06-30": 18.806, "2011-03-31": "17.44300", "2010-12-31": 36.043, "2010-09-30": -12.069, "2010-06-30": 15.667, "2010-03-31": "43.57200", "2009-12-31": 23.338, "2009-09-30": 0, "2009-06-30": 0, "2009-03-31": "", "2008-12-31": 0, "2008-09-30": 0, "2008-06-30": 0, "2008-03-31": "", "2007-12-31": 0, "2007-09-30": 0, "2007-06-30": 0, "2007-03-31": "", "2006-12-31": 0, "2006-09-30": 0, "2006-06-30": 0, "2006-03-31": "", "2005-12-31": 0, "2005-09-30": 0, "2005-06-30": 0, "2005-03-31": ""}, "Total Change In Assets/Liabilities": {"2020-12-31": 253.233, "2020-09-30": -49.769, "2020-06-30": -43.283, "2020-03-31": "-160.18100", "2019-12-31": 120.486, "2019-09-30": -147.99, "2019-06-30": -51.398, "2019-03-31": "-89.07300", "2018-12-31": -27.22, "2018-09-30": 40.735, "2018-06-30": -4.757, "2018-03-31": "11.82300", "2017-12-31": -159.484, "2017-09-30": 119.515, "2017-06-30": 21.742, "2017-03-31": "53.58800", "2016-12-31": 29.679, "2016-09-30": -9.526, "2016-06-30": -35.562, "2016-03-31": "58.91300", "2015-12-31": -95.666, "2015-09-30": -70.383, "2015-06-30": 49.725, "2015-03-31": "31.72100", "2014-12-31": 172.607, "2014-09-30": 105.903, "2014-06-30": -59.642, "2014-03-31": "12.02600", "2013-12-31": 179.832, "2013-09-30": 70.791, "2013-06-30": 23.484, "2013-03-31": "2.59900", "2012-12-31": 98.182, "2012-09-30": 26.462, "2012-06-30": -102.813, "2012-03-31": "2.89800", "2011-12-31": -146.805, "2011-09-30": -229.517, "2011-06-30": 34.788, "2011-03-31": "29.52300", "2010-12-31": 89.368, "2010-09-30": 17.293, "2010-06-30": -19.549, "2010-03-31": "239.45900", "2009-12-31": -78.712, "2009-09-30": -89.141, "2009-06-30": 3.203, "2009-03-31": "-23.39600", "2008-12-31": -28.128, "2008-09-30": 1.168, "2008-06-30": -5.485, "2008-03-31": "24.94500", "2007-12-31": 17.86, "2007-09-30": 68.04, "2007-06-30": -30.987, "2007-03-31": "15.85900", "2006-12-31": 7.545, "2006-09-30": -12.291, "2006-06-30": -0.546, "2006-03-31": "-3.49800", "2005-12-31": 7.298, "2005-09-30": 24.156, "2005-06-30": -13.58, "2005-03-31": "2.04500"}, "Cash Flow From Operating Activities": {"2020-12-31": -430.614, "2020-09-30": 159.698, "2020-06-30": 179.213, "2020-03-31": "91.70300", "2019-12-31": 346.81, "2019-09-30": 99.018, "2019-06-30": 150.76, "2019-03-31": "139.24100", "2018-12-31": 189.856, "2018-09-30": 258.449, "2018-06-30": 217.013, "2018-03-31": "217.85400", "2017-12-31": 33.822, "2017-09-30": 286.463, "2017-06-30": 196.715, "2017-03-31": "186.27500", "2016-12-31": 232.579, "2016-09-30": 146.301, "2016-06-30": 87.753, "2016-03-31": "183.55000", "2015-12-31": 48.037, "2015-09-30": 132.127, "2015-06-30": 163.922, "2015-03-31": "125.53800", "2014-12-31": 149.651, "2014-09-30": 195.732, "2014-06-30": -0.371, "2014-03-31": "47.88600", "2013-12-31": 134.505, "2013-09-30": 133.604, "2013-06-30": 77.336, "2013-03-31": "80.40000", "2012-12-31": 93.285, "2012-09-30": 130.771, "2012-06-30": -34.229, "2012-03-31": "97.69900", "2011-12-31": 55.864, "2011-09-30": -140.501, "2011-06-30": 181.644, "2011-03-31": "158.31000", "2010-12-31": 182.49, "2010-09-30": 176.007, "2010-06-30": 249.479, "2010-03-31": "261.22000", "2009-12-31": -33.041, "2009-09-30": 26.572, "2009-06-30": 122.023, "2009-03-31": "39.72100", "2008-12-31": 38.12, "2008-09-30": 41.603, "2008-06-30": 29.708, "2008-03-31": "72.99000", "2007-12-31": 63.3, "2007-09-30": 99.85, "2007-06-30": 6.085, "2007-03-31": "54.79400", "2006-12-31": 44.677, "2006-09-30": 18.31, "2006-06-30": 32.322, "2006-03-31": "27.03800", "2005-12-31": 40.415, "2005-09-30": 55.337, "2005-06-30": 15.465, "2005-03-31": "32.97600"}, "Net Change In Property, Plant, And Equipment": {"2020-12-31": 0.377, "2020-09-30": -0.414, "2020-06-30": 0.953, "2020-03-31": "-0.91600", "2019-12-31": -0.952, "2019-09-30": -4.09, "2019-06-30": -1.078, "2019-03-31": "-3.33600", "2018-12-31": -2.731, "2018-09-30": -1.806, "2018-06-30": -5.855, "2018-03-31": "-1.75700", "2017-12-31": 1.572, "2017-09-30": -6.608, "2017-06-30": -3.799, "2017-03-31": "114.83000", "2016-12-31": -1.769, "2016-09-30": -3.04, "2016-06-30": 3.05, "2016-03-31": "-2.25900", "2015-12-31": 0.578, "2015-09-30": -1.683, "2015-06-30": 1.683, "2015-03-31": "", "2014-12-31": 0, "2014-09-30": 0, "2014-06-30": 0, "2014-03-31": "", "2013-12-31": -0.665, "2013-09-30": -77.115, "2013-06-30": -10.328, "2013-03-31": "", "2012-12-31": 14.448, "2012-09-30": -2.42, "2012-06-30": -3.394, "2012-03-31": "", "2011-12-31": -3.02, "2011-09-30": -5.172, "2011-06-30": 6.912, "2011-03-31": "", "2010-12-31": -0.852, "2010-09-30": -7.658, "2010-06-30": -2.437, "2010-03-31": "-79.87200", "2009-12-31": 0.264, "2009-09-30": -0.065, "2009-06-30": -0.166, "2009-03-31": "-0.19400", "2008-12-31": -0.52, "2008-09-30": -1.346, "2008-06-30": -0.22, "2008-03-31": "-1.52200", "2007-12-31": -1.124, "2007-09-30": 0.026, "2007-06-30": -0.508, "2007-03-31": "-3.62000", "2006-12-31": -2.217, "2006-09-30": -1.765, "2006-06-30": -1.55, "2006-03-31": "-3.12900", "2005-12-31": -8.789, "2005-09-30": -1.936, "2005-06-30": -0.716, "2005-03-31": "-1.11900"}, "Net Change In Intangible Assets": {"2020-12-31": 0, "2020-09-30": 0, "2020-06-30": 0, "2020-03-31": "", "2019-12-31": 0, "2019-09-30": 0, "2019-06-30": 0, "2019-03-31": "", "2018-12-31": 0, "2018-09-30": 0, "2018-06-30": 0, "2018-03-31": "", "2017-12-31": 0, "2017-09-30": 0, "2017-06-30": 0, "2017-03-31": "", "2016-12-31": 0, "2016-09-30": 0, "2016-06-30": 0, "2016-03-31": "", "2015-12-31": 0, "2015-09-30": 0, "2015-06-30": 0, "2015-03-31": "", "2014-12-31": 0, "2014-09-30": 0, "2014-06-30": 0, "2014-03-31": "", "2013-12-31": 0, "2013-09-30": 0, "2013-06-30": 0, "2013-03-31": "", "2012-12-31": 0, "2012-09-30": 0, "2012-06-30": 0, "2012-03-31": "", "2011-12-31": 0, "2011-09-30": 0, "2011-06-30": 0, "2011-03-31": "", "2010-12-31": 0, "2010-09-30": 0, "2010-06-30": 0, "2010-03-31": "", "2009-12-31": 0, "2009-09-30": 0, "2009-06-30": 0, "2009-03-31": "", "2008-12-31": 0, "2008-09-30": 0, "2008-06-30": 0, "2008-03-31": "", "2007-12-31": 0, "2007-09-30": 0, "2007-06-30": 0, "2007-03-31": "", "2006-12-31": 0, "2006-09-30": 0, "2006-06-30": 0, "2006-03-31": "", "2005-12-31": 0, "2005-09-30": 0, "2005-06-30": 0, "2005-03-31": ""}, "Net Acquisitions/Divestitures": {"2020-12-31": 0, "2020-09-30": 0, "2020-06-30": 0, "2020-03-31": "", "2019-12-31": 0, "2019-09-30": 0, "2019-06-30": 0, "2019-03-31": "", "2018-12-31": 0, "2018-09-30": 0, "2018-06-30": 0, "2018-03-31": "-503.68700", "2017-12-31": 0, "2017-09-30": 3.633, "2017-06-30": 0, "2017-03-31": "", "2016-12-31": 0, "2016-09-30": 0, "2016-06-30": 0, "2016-03-31": "", "2015-12-31": 0, "2015-09-30": 0, "2015-06-30": 0, "2015-03-31": "", "2014-12-31": 0, "2014-09-30": 0, "2014-06-30": 0, "2014-03-31": "138.46500", "2013-12-31": 0, "2013-09-30": 0, "2013-06-30": 0, "2013-03-31": "", "2012-12-31": 0, "2012-09-30": 0, "2012-06-30": 0, "2012-03-31": "", "2011-12-31": 0, "2011-09-30": 0, "2011-06-30": 0, "2011-03-31": "", "2010-12-31": 0, "2010-09-30": 0, "2010-06-30": 67.186, "2010-03-31": "", "2009-12-31": 599.036, "2009-09-30": 0, "2009-06-30": 0, "2009-03-31": "", "2008-12-31": -0.023, "2008-09-30": -0.234, "2008-06-30": -1.008, "2008-03-31": "0.08400", "2007-12-31": 0.004, "2007-09-30": -7.341, "2007-06-30": 0, "2007-03-31": "", "2006-12-31": 0, "2006-09-30": 0, "2006-06-30": 0, "2006-03-31": "98.35100", "2005-12-31": 0, "2005-09-30": 49.077, "2005-06-30": 0, "2005-03-31": ""}, "Net Change In Short-term Investments": {"2020-12-31": 467.971, "2020-09-30": -2.474, "2020-06-30": -600.078, "2020-03-31": "134.58100", "2019-12-31": 138.981, "2019-09-30": 132.087, "2019-06-30": 2.012, "2019-03-31": "245.37500", "2018-12-31": 29.137, "2018-09-30": -113.45, "2018-06-30": 174.728, "2018-03-31": "-71.20300", "2017-12-31": 211.1581, "2017-09-30": -55.314, "2017-06-30": 155.92, "2017-03-31": "275.14000", "2016-12-31": -374.78, "2016-09-30": 271.418, "2016-06-30": 18.644, "2016-03-31": "-3.53100", "2015-12-31": -395.7999, "2015-09-30": -92.9361, "2015-06-30": 305.512, "2015-03-31": "-411.63600", "2014-12-31": 247.705, "2014-09-30": -450.289, "2014-06-30": -37.864, "2014-03-31": "34.20700", "2013-12-31": -564.381, "2013-09-30": 187.346, "2013-06-30": -1.409, "2013-03-31": "37.34900", "2012-12-31": -349.377, "2012-09-30": -507.287, "2012-06-30": -102.138, "2012-03-31": "-9.30800", "2011-12-31": 199.5649, "2011-09-30": -150.073, "2011-06-30": 11.194, "2011-03-31": "-265.39400", "2010-12-31": -67.003, "2010-09-30": -108.296, "2010-06-30": 169.395, "2010-03-31": "-160.81100", "2009-12-31": 68.967, "2009-09-30": 233.437, "2009-06-30": -250.005, "2009-03-31": "-100.84700", "2008-12-31": -227.946, "2008-09-30": 0.385, "2008-06-30": -0.88, "2008-03-31": "100.00000", "2007-12-31": 0, "2007-09-30": 52.742, "2007-06-30": -1.537, "2007-03-31": "-100.00000", "2006-12-31": 0.099, "2006-09-30": 0.564, "2006-06-30": 0.396, "2006-03-31": "-50.00000", "2005-12-31": 0, "2005-09-30": -50, "2005-06-30": 0, "2005-03-31": "0.10000"}, "Net Change In Long-Term Investments": {"2020-12-31": 1240.164, "2020-09-30": -672.154, "2020-06-30": -168.756, "2020-03-31": "-399.25400", "2019-12-31": -100.789, "2019-09-30": -675.5841, "2019-06-30": 12.778, "2019-03-31": "104.99000", "2018-12-31": -26.6719, "2018-09-30": -76.118, "2018-06-30": 70.735, "2018-03-31": "122.36400", "2017-12-31": -122.0611, "2017-09-30": -78.6579, "2017-06-30": 114.945, "2017-03-31": "338.36400", "2016-12-31": -200.7318, "2016-09-30": -79.551, "2016-06-30": -8.452, "2016-03-31": "578.75800", "2015-12-31": -886.448, "2015-09-30": 19.177, "2015-06-30": -153.949, "2015-03-31": "-216.77900", "2014-12-31": -10.874, "2014-09-30": -80.914, "2014-06-30": -35.765, "2014-03-31": "328.86000", "2013-12-31": 738.6348, "2013-09-30": -237.575, "2013-06-30": -126.356, "2013-03-31": "18.95400", "2012-12-31": -367.4681, "2012-09-30": -347.3519, "2012-06-30": 820.586, "2012-03-31": "379.43400", "2011-12-31": 185.2141, "2011-09-30": -116.2159, "2011-06-30": -249.298, "2011-03-31": "-51.35300", "2010-12-31": 6.7241, "2010-09-30": -839.5401, "2010-06-30": 147.1701, "2010-03-31": "360.95500", "2009-12-31": 1223.1849, "2009-09-30": -53.0608, "2009-06-30": -44.7921, "2009-03-31": "-545.67600", "2008-12-31": -143.0748, "2008-09-30": -207.6161, "2008-06-30": -77.873, "2008-03-31": "12.96800", "2007-12-31": 130.848, "2007-09-30": 148.355, "2007-06-30": 210.272, "2007-03-31": "398.33600", "2006-12-31": 294.895, "2006-09-30": -156.48, "2006-06-30": -177.108, "2006-03-31": "16.37900", "2005-12-31": -54.772, "2005-09-30": 83.415, "2005-06-30": -14.377, "2005-03-31": "-23.87800"}, "Net Change In Investments - Total": {"2020-12-31": 1708.135, "2020-09-30": -674.628, "2020-06-30": -768.834, "2020-03-31": "-264.67300", "2019-12-31": 38.192, "2019-09-30": -543.4971, "2019-06-30": 14.79, "2019-03-31": "350.36500", "2018-12-31": 2.4651, "2018-09-30": -189.568, "2018-06-30": 245.463, "2018-03-31": "51.16100", "2017-12-31": 89.097, "2017-09-30": -133.972, "2017-06-30": 270.865, "2017-03-31": "613.50400", "2016-12-31": -575.5118, "2016-09-30": 191.8669, "2016-06-30": 10.1921, "2016-03-31": "575.22700", "2015-12-31": -1282.2479, "2015-09-30": -73.759, "2015-06-30": 151.5629, "2015-03-31": "-628.41500", "2014-12-31": 236.831, "2014-09-30": -531.203, "2014-06-30": -73.629, "2014-03-31": "363.06700", "2013-12-31": 174.2538, "2013-09-30": -50.229, "2013-06-30": -127.765, "2013-03-31": "56.30300", "2012-12-31": -716.8451, "2012-09-30": -854.6389, "2012-06-30": 718.448, "2012-03-31": "370.12600", "2011-12-31": 384.7791, "2011-09-30": -266.289, "2011-06-30": -238.1041, "2011-03-31": "-316.74690", "2010-12-31": -60.2789, "2010-09-30": -947.8361, "2010-06-30": 316.5651, "2010-03-31": "200.14400", "2009-12-31": 1292.1519, "2009-09-30": 180.3762, "2009-06-30": -294.7972, "2009-03-31": "-646.52290", "2008-12-31": -371.0208, "2008-09-30": -207.2311, "2008-06-30": -78.753, "2008-03-31": "112.96800", "2007-12-31": 130.848, "2007-09-30": 201.097, "2007-06-30": 208.735, "2007-03-31": "298.33600", "2006-12-31": 294.994, "2006-09-30": -155.916, "2006-06-30": -176.712, "2006-03-31": "-33.62100", "2005-12-31": -54.772, "2005-09-30": 33.415, "2005-06-30": -14.377, "2005-03-31": "-23.77800"}, "Investing Activities - Other": {"2020-12-31": 2686.686, "2020-09-30": -209.543, "2020-06-30": -1337.402, "2020-03-31": "-1139.74100", "2019-12-31": -739.598, "2019-09-30": -324.08, "2019-06-30": -892.182, "2019-03-31": "-465.71000", "2018-12-31": -1178.011, "2018-09-30": -987.198, "2018-06-30": -674.853, "2018-03-31": "-586.03500", "2017-12-31": -526.815, "2017-09-30": -1287.288, "2017-06-30": -700.108, "2017-03-31": "-941.73500", "2016-12-31": -749.536, "2016-09-30": -612.415, "2016-06-30": -393.449, "2016-03-31": "-242.44200", "2015-12-31": -669.215, "2015-09-30": -802.925, "2015-06-30": -554.6, "2015-03-31": "231.14000", "2014-12-31": -623.362, "2014-09-30": -701.126, "2014-06-30": -581.795, "2014-03-31": "-587.14100", "2013-12-31": -805.839, "2013-09-30": -841.438, "2013-06-30": -837.835, "2013-03-31": "-214.18900", "2012-12-31": -478.122, "2012-09-30": -68.896, "2012-06-30": 208.186, "2012-03-31": "54.20300", "2011-12-31": -237.9051, "2011-09-30": -103.442, "2011-06-30": -254.914, "2011-03-31": "-37.32400", "2010-12-31": -126.0721, "2010-09-30": 115.425, "2010-06-30": 284.2201, "2010-03-31": "334.69900", "2009-12-31": 192.685, "2009-09-30": -39.593, "2009-06-30": 50.064, "2009-03-31": "114.79500", "2008-12-31": -25.569, "2008-09-30": 327.07, "2008-06-30": 157.655, "2008-03-31": "-43.01200", "2007-12-31": -405.291, "2007-09-30": -458.623, "2007-06-30": -329.831, "2007-03-31": "-152.10500", "2006-12-31": -269.086, "2006-09-30": -572.1971, "2006-06-30": -551.4329, "2006-03-31": "-143.77600", "2005-12-31": -260.765, "2005-09-30": -340.1231, "2005-06-30": -287.8929, "2005-03-31": "-309.63000"}, "Cash Flow From Investing Activities": {"2020-12-31": 4395.198, "2020-09-30": -884.585, "2020-06-30": -2105.283, "2020-03-31": "-1405.33000", "2019-12-31": -702.358, "2019-09-30": -871.667, "2019-06-30": -878.47, "2019-03-31": "-118.68100", "2018-12-31": -1178.277, "2018-09-30": -1178.572, "2018-06-30": -435.245, "2018-03-31": "-1040.31800", "2017-12-31": -436.146, "2017-09-30": -1424.235, "2017-06-30": -433.042, "2017-03-31": "-213.40100", "2016-12-31": -1326.817, "2016-09-30": -423.588, "2016-06-30": -380.207, "2016-03-31": "330.52600", "2015-12-31": -1950.885, "2015-09-30": -878.367, "2015-06-30": -401.354, "2015-03-31": "-397.27500", "2014-12-31": -386.531, "2014-09-30": -1232.329, "2014-06-30": -655.424, "2014-03-31": "-85.60900", "2013-12-31": -632.25, "2013-09-30": -968.782, "2013-06-30": -975.928, "2013-03-31": "-157.88600", "2012-12-31": -1180.519, "2012-09-30": -925.955, "2012-06-30": 923.24, "2012-03-31": "424.32900", "2011-12-31": 143.854, "2011-09-30": -374.903, "2011-06-30": -486.106, "2011-03-31": "-354.07100", "2010-12-31": -187.203, "2010-09-30": -840.069, "2010-06-30": 665.534, "2010-03-31": "454.97100", "2009-12-31": 2084.137, "2009-09-30": 140.718, "2009-06-30": -244.899, "2009-03-31": "-531.92200", "2008-12-31": -397.133, "2008-09-30": 118.259, "2008-06-30": 77.674, "2008-03-31": "68.51800", "2007-12-31": -275.563, "2007-09-30": -264.841, "2007-06-30": -121.604, "2007-03-31": "142.61100", "2006-12-31": 23.691, "2006-09-30": -729.878, "2006-06-30": -729.695, "2006-03-31": "-82.17500", "2005-12-31": -324.326, "2005-09-30": -259.567, "2005-06-30": -302.986, "2005-03-31": "-334.52700"}, "Net Long-Term Debt": {"2020-12-31": -1336.66, "2020-09-30": -1.29, "2020-06-30": 1438.238, "2020-03-31": "-100.28800", "2019-12-31": -0.227, "2019-09-30": -0.2229, "2019-06-30": 399.7819, "2019-03-31": "17.78300", "2018-12-31": -10, "2018-09-30": -5, "2018-06-30": -5, "2018-03-31": "-5.00000", "2017-12-31": -5, "2017-09-30": 0, "2017-06-30": -5, "2017-03-31": "-5.00000", "2016-12-31": -5, "2016-09-30": -5, "2016-06-30": -5, "2016-03-31": "-705.00000", "2015-12-31": 695, "2015-09-30": -5, "2015-06-30": -5, "2015-03-31": "-5.00000", "2014-12-31": -5, "2014-09-30": -5, "2014-06-30": -5, "2014-03-31": "-25.31000", "2013-12-31": 39.69, "2013-09-30": 50, "2013-06-30": 0, "2013-03-31": "", "2012-12-31": -53.754, "2012-09-30": -74.999, "2012-06-30": -34.613, "2012-03-31": "-60.68100", "2011-12-31": -7, "2011-09-30": -88.753, "2011-06-30": -278.802, "2011-03-31": "-420.88700", "2010-12-31": 181.46, "2010-09-30": -7.325, "2010-06-30": -826.748, "2010-03-31": "-39.06400", "2009-12-31": 387.837, "2009-09-30": -254.47, "2009-06-30": -64.926, "2009-03-31": "-119.99900", "2008-12-31": -196.376, "2008-09-30": -5, "2008-06-30": -110, "2008-03-31": "195.00000", "2007-12-31": 255.641, "2007-09-30": 293.5, "2007-06-30": 298, "2007-03-31": "-250.00000", "2006-12-31": 337, "2006-09-30": 658, "2006-06-30": 103, "2006-03-31": "81.00000", "2005-12-31": 135, "2005-09-30": -325.75, "2005-06-30": -22, "2005-03-31": "65.00000"}, "Net Current Debt": {"2020-12-31": 79.761, "2020-09-30": -146.855, "2020-06-30": 27.132, "2020-03-31": "39.96200", "2019-12-31": -19.5, "2019-09-30": 29.072, "2019-06-30": -18.593, "2019-03-31": "-19.51400", "2018-12-31": -1.739, "2018-09-30": 3.236, "2018-06-30": 29.68, "2018-03-31": "30.21500", "2017-12-31": -24.956, "2017-09-30": -0.083, "2017-06-30": -17.997, "2017-03-31": "-18.52400", "2016-12-31": 24.807, "2016-09-30": 7.635, "2016-06-30": 20.102, "2016-03-31": "9.96200", "2015-12-31": -3.271, "2015-09-30": -460.193, "2015-06-30": -103.354, "2015-03-31": "", "2014-12-31": -10, "2014-09-30": 0, "2014-06-30": 0, "2014-03-31": "-15.00000", "2013-12-31": 0, "2013-09-30": 0, "2013-06-30": 0, "2013-03-31": "-20.00000", "2012-12-31": 20, "2012-09-30": 0, "2012-06-30": 0, "2012-03-31": "-25.20800", "2011-12-31": -4.741, "2011-09-30": -52.666, "2011-06-30": -3.404, "2011-03-31": "-2.52600", "2010-12-31": 37.881, "2010-09-30": -5.528, "2010-06-30": 16.744, "2010-03-31": "-9.00200", "2009-12-31": -2211.117, "2009-09-30": 2.37, "2009-06-30": 23.928, "2009-03-31": "-30.27800", "2008-12-31": 4.274, "2008-09-30": -58.433, "2008-06-30": 5.552, "2008-03-31": "-498.53000", "2007-12-31": 155.186, "2007-09-30": 31.707, "2007-06-30": 49.653, "2007-03-31": "-46.69400", "2006-12-31": -520.095, "2006-09-30": 112.828, "2006-06-30": 494.313, "2006-03-31": "-86.00000", "2005-12-31": 34.138, "2005-09-30": 368.762, "2005-06-30": -19.747, "2005-03-31": "31.16200"}, "Debt Issuance/Retirement Net - Total": {"2020-12-31": -1256.899, "2020-09-30": -148.145, "2020-06-30": 1465.37, "2020-03-31": "-60.32600", "2019-12-31": -19.727, "2019-09-30": 28.8491, "2019-06-30": 381.1889, "2019-03-31": "-1.73100", "2018-12-31": -11.739, "2018-09-30": -1.764, "2018-06-30": 24.68, "2018-03-31": "25.21500", "2017-12-31": -29.956, "2017-09-30": -0.083, "2017-06-30": -22.997, "2017-03-31": "-23.52400", "2016-12-31": 19.807, "2016-09-30": 2.635, "2016-06-30": 15.102, "2016-03-31": "-695.03800", "2015-12-31": 691.729, "2015-09-30": -465.193, "2015-06-30": -108.354, "2015-03-31": "-5.00000", "2014-12-31": -15, "2014-09-30": -5, "2014-06-30": -5, "2014-03-31": "-40.31000", "2013-12-31": 39.69, "2013-09-30": 50, "2013-06-30": 0, "2013-03-31": "-20.00000", "2012-12-31": -33.754, "2012-09-30": -74.999, "2012-06-30": -34.613, "2012-03-31": "-85.88900", "2011-12-31": -11.741, "2011-09-30": -141.419, "2011-06-30": -282.206, "2011-03-31": "-423.41300", "2010-12-31": 219.341, "2010-09-30": -12.853, "2010-06-30": -810.004, "2010-03-31": "-48.06600", "2009-12-31": -1823.28, "2009-09-30": -252.1, "2009-06-30": -40.998, "2009-03-31": "-150.27700", "2008-12-31": -192.1021, "2008-09-30": -63.433, "2008-06-30": -104.448, "2008-03-31": "-303.53000", "2007-12-31": 410.827, "2007-09-30": 325.207, "2007-06-30": 347.653, "2007-03-31": "-296.69400", "2006-12-31": -183.095, "2006-09-30": 770.828, "2006-06-30": 597.313, "2006-03-31": "-5.00000", "2005-12-31": 169.138, "2005-09-30": 43.012, "2005-06-30": -41.747, "2005-03-31": "96.16200"}, "Net Common Equity Issued/Repurchased": {"2020-12-31": 144.796, "2020-09-30": 7.625, "2020-06-30": 1.154, "2020-03-31": "-153.57500", "2019-12-31": 1.488, "2019-09-30": 14.17, "2019-06-30": 1.761, "2019-03-31": "-14.03600", "2018-12-31": 17.02, "2018-09-30": -0.341, "2018-06-30": 1.113, "2018-03-31": "-14.94600", "2017-12-31": 13.935, "2017-09-30": -0.404, "2017-06-30": 0.903, "2017-03-31": "-12.15400", "2016-12-31": 0.038, "2016-09-30": 0.85, "2016-06-30": 1.022, "2016-03-31": "-3.05400", "2015-12-31": 0.961, "2015-09-30": -0.072, "2015-06-30": 0.84, "2015-03-31": "-4.85800", "2014-12-31": 2.751, "2014-09-30": -0.182, "2014-06-30": 0.69, "2014-03-31": "-6.79100", "2013-12-31": -3.842, "2013-09-30": 0.58, "2013-06-30": -112.586, "2013-03-31": "-94.92300", "2012-12-31": -2.327, "2012-09-30": -49.542, "2012-06-30": -47.833, "2012-03-31": "-99.43900", "2011-12-31": 1.414, "2011-09-30": 0.322, "2011-06-30": 1.766, "2011-03-31": "-12.92500", "2010-12-31": 1.927, "2010-09-30": 0.726, "2010-06-30": 1.106, "2010-03-31": "0.69500", "2009-12-31": 165.557, "2009-09-30": 107.819, "2009-06-30": 0.375, "2009-03-31": "-0.02000", "2008-12-31": 0.855, "2008-09-30": 0.094, "2008-06-30": 1.136, "2008-03-31": "0.38500", "2007-12-31": 0.08, "2007-09-30": -2.998, "2007-06-30": -12.689, "2007-03-31": "-28.21200", "2006-12-31": 0.985, "2006-09-30": 3.163, "2006-06-30": 2.645, "2006-03-31": "2.63400", "2005-12-31": 3.491, "2005-09-30": 2.72, "2005-06-30": 1.965, "2005-03-31": "0.38300"}, "Net Total Equity Issued/Repurchased": {"2020-12-31": 144.796, "2020-09-30": 7.625, "2020-06-30": 1.154, "2020-03-31": "-153.57500", "2019-12-31": 1.488, "2019-09-30": 14.17, "2019-06-30": 1.761, "2019-03-31": "-14.03600", "2018-12-31": 17.02, "2018-09-30": -0.341, "2018-06-30": 1.113, "2018-03-31": "-14.94600", "2017-12-31": 13.935, "2017-09-30": -0.404, "2017-06-30": 0.903, "2017-03-31": "-12.15400", "2016-12-31": 0.038, "2016-09-30": 0.85, "2016-06-30": 1.022, "2016-03-31": "-3.05400", "2015-12-31": 0.961, "2015-09-30": -0.072, "2015-06-30": 0.84, "2015-03-31": "-4.85800", "2014-12-31": 2.751, "2014-09-30": -0.182, "2014-06-30": 0.69, "2014-03-31": "-6.79100", "2013-12-31": -3.842, "2013-09-30": 0.58, "2013-06-30": -112.586, "2013-03-31": "-94.92300", "2012-12-31": -2.327, "2012-09-30": -49.542, "2012-06-30": -47.833, "2012-03-31": "-99.43900", "2011-12-31": 1.414, "2011-09-30": 0.322, "2011-06-30": 1.766, "2011-03-31": "-12.92500", "2010-12-31": -304.619, "2010-09-30": 0.726, "2010-06-30": 1.106, "2010-03-31": "0.69500", "2009-12-31": 500.604, "2009-09-30": 107.819, "2009-06-30": 0.375, "2009-03-31": "-0.02000", "2008-12-31": 307.378, "2008-09-30": 0.087, "2008-06-30": 195.211, "2008-03-31": "0.38500", "2007-12-31": 0.08, "2007-09-30": -2.998, "2007-06-30": -12.689, "2007-03-31": "-28.21200", "2006-12-31": 0.985, "2006-09-30": 3.163, "2006-06-30": 2.645, "2006-03-31": "2.63400", "2005-12-31": 3.491, "2005-09-30": 2.72, "2005-06-30": 1.965, "2005-03-31": "0.38300"}, "Total Common And Preferred Stock Dividends Paid": {"2020-12-31": 119.185, "2020-09-30": -38.914, "2020-06-30": -38.913, "2020-03-31": "-41.35800", "2019-12-31": -40.121, "2019-09-30": -40.037, "2019-06-30": -40.033, "2019-03-31": "-34.91600", "2018-12-31": -33.356, "2018-09-30": -33.389, "2018-06-30": -29.008, "2018-03-31": "-30.23500", "2017-12-31": -28.94, "2017-09-30": -28.931, "2017-06-30": -28.91, "2017-03-31": "-30.03900", "2016-12-31": -28.844, "2016-09-30": -28.832, "2016-06-30": -28.827, "2016-03-31": "-29.32500", "2015-12-31": -28.791, "2015-09-30": -28.777, "2015-06-30": -28.778, "2015-03-31": "-29.29500", "2014-12-31": -25.846, "2014-09-30": -25.816, "2014-06-30": -25.817, "2014-03-31": "-26.13900", "2013-12-31": -20.665, "2013-09-30": -20.664, "2013-06-30": -22.179, "2013-03-31": "-22.78200", "2012-12-31": -15.746, "2012-09-30": -15.83, "2012-06-30": -16.147, "2012-03-31": "-16.49500", "2011-12-31": -9.167, "2011-09-30": -9.16, "2011-06-30": -9.151, "2011-03-31": "-3.20100", "2010-12-31": -8.901, "2010-09-30": -7.025, "2010-06-30": -7.027, "2010-03-31": "-6.65200", "2009-12-31": -6.646, "2009-09-30": -6.863, "2009-06-30": -8.402, "2009-03-31": "-7.75100", "2008-12-31": -10.318, "2008-09-30": -10.435, "2008-06-30": -6.344, "2008-03-31": "-6.31500", "2007-12-31": -6.303, "2007-09-30": -6.07, "2007-06-30": -6.105, "2007-03-31": "-6.12500", "2006-12-31": -3.061, "2006-09-30": -3.041, "2006-06-30": -3.036, "2006-03-31": "-2.83000", "2005-12-31": -2.813, "2005-09-30": -2.637, "2005-06-30": -2.634, "2005-03-31": "-2.62500"}, "Financial Activities - Other": {"2020-12-31": -4264.182, "2020-09-30": 909.014, "2020-06-30": 1980.881, "2020-03-31": "1374.28700", "2019-12-31": 650.099, "2019-09-30": 202.357, "2019-06-30": 235.597, "2019-03-31": "800.05300", "2018-12-31": 1795.536, "2018-09-30": 896.226, "2018-06-30": 231.416, "2018-03-31": "964.38000", "2017-12-31": 873.935, "2017-09-30": 140.343, "2017-06-30": 599.094, "2017-03-31": "646.18800", "2016-12-31": 1322.884, "2016-09-30": 377.187, "2016-06-30": -363.404, "2016-03-31": "1117.25800", "2015-12-31": 726.682, "2015-09-30": 1246.569, "2015-06-30": 365.439, "2015-03-31": "1157.20400", "2014-12-31": 199.107, "2014-09-30": 937.304, "2014-06-30": 47.111, "2014-03-31": "1099.99800", "2013-12-31": 55.999, "2013-09-30": 1077.431, "2013-06-30": 346.706, "2013-03-31": "628.95000", "2012-12-31": 645.795, "2012-09-30": 322.756, "2012-06-30": 3.348, "2012-03-31": "-115.08500", "2011-12-31": 145.092, "2011-09-30": 172.972, "2011-06-30": 699.562, "2011-03-31": "795.46600", "2010-12-31": 341.298, "2010-09-30": 377.799, "2010-06-30": -84.5, "2010-03-31": "-380.98900", "2009-12-31": -215.924, "2009-09-30": 3.974, "2009-06-30": 203.949, "2009-03-31": "312.46200", "2008-12-31": 605.434, "2008-09-30": 17.335, "2008-06-30": -32.762, "2008-03-31": "272.62400", "2007-12-31": -199.276, "2007-09-30": -174.404, "2007-06-30": -169.779, "2007-03-31": "88.04400", "2006-12-31": 137.005, "2006-09-30": -24.334, "2006-06-30": 104.034, "2006-03-31": "42.86700", "2005-12-31": 128.453, "2005-09-30": 180.691, "2005-06-30": 342.163, "2005-03-31": "219.60800"}, "Cash Flow From Financial Activities": {"2020-12-31": -5257.1, "2020-09-30": 729.58, "2020-06-30": 3408.492, "2020-03-31": "1119.02800", "2019-12-31": 591.739, "2019-09-30": 205.339, "2019-06-30": 578.514, "2019-03-31": "749.37000", "2018-12-31": 1767.461, "2018-09-30": 860.732, "2018-06-30": 228.201, "2018-03-31": "944.41400", "2017-12-31": 828.974, "2017-09-30": 110.925, "2017-06-30": 548.09, "2017-03-31": "580.47100", "2016-12-31": 1313.885, "2016-09-30": 351.84, "2016-06-30": -376.107, "2016-03-31": "389.84100", "2015-12-31": 1390.581, "2015-09-30": 752.527, "2015-06-30": 229.147, "2015-03-31": "1118.05100", "2014-12-31": 161.012, "2014-09-30": 906.306, "2014-06-30": 16.984, "2014-03-31": "1026.75800", "2013-12-31": 71.182, "2013-09-30": 1107.347, "2013-06-30": 211.941, "2013-03-31": "491.24500", "2012-12-31": 593.968, "2012-09-30": 182.385, "2012-06-30": -95.245, "2012-03-31": "-316.90800", "2011-12-31": 125.598, "2011-09-30": 22.715, "2011-06-30": 409.971, "2011-03-31": "355.92700", "2010-12-31": 247.119, "2010-09-30": 358.647, "2010-06-30": -900.425, "2010-03-31": "-435.01200", "2009-12-31": -1545.246, "2009-09-30": -147.17, "2009-06-30": 154.924, "2009-03-31": "154.41400", "2008-12-31": 710.392, "2008-09-30": -56.446, "2008-06-30": 51.657, "2008-03-31": "-36.83600", "2007-12-31": 205.328, "2007-09-30": 141.735, "2007-06-30": 159.08, "2007-03-31": "-242.98700", "2006-12-31": -48.166, "2006-09-30": 746.616, "2006-06-30": 700.956, "2006-03-31": "37.67100", "2005-12-31": 298.269, "2005-09-30": 223.786, "2005-06-30": 299.747, "2005-03-31": "313.52800"}, "Net Cash Flow": {"2020-12-31": -1245.792, "2020-09-30": -26.561, "2020-06-30": 1453.46, "2020-03-31": "-181.10700", "2019-12-31": 218.868, "2019-09-30": -579.333, "2019-06-30": -163.711, "2019-03-31": "783.94800", "2018-12-31": 782.59, "2018-09-30": -78.684, "2018-06-30": -17.467, "2018-03-31": "140.34600", "2017-12-31": 437.843, "2017-09-30": -1015.727, "2017-06-30": 317.833, "2017-03-31": "556.14000", "2016-12-31": 211.671, "2016-09-30": 74.036, "2016-06-30": -672.501, "2016-03-31": "904.41000", "2015-12-31": -514.816, "2015-09-30": -2.211, "2015-06-30": -8.285, "2015-03-31": "846.31400", "2014-12-31": -75.868, "2014-09-30": -130.291, "2014-06-30": -638.811, "2014-03-31": "989.03500", "2013-12-31": -426.563, "2013-09-30": 272.169, "2013-06-30": -686.651, "2013-03-31": "413.75900", "2012-12-31": -493.266, "2012-09-30": -613.242, "2012-06-30": 793.76, "2012-03-31": "204.66900", "2011-12-31": 325.297, "2011-09-30": -492.61, "2011-06-30": 105.576, "2011-03-31": "158.97300", "2010-12-31": 244.013, "2010-09-30": -304.915, "2010-06-30": 14.588, "2010-03-31": "281.17900", "2009-12-31": 505.85, "2009-09-30": 20.12, "2009-06-30": 32.048, "2009-03-31": "-337.78700", "2008-12-31": 351.379, "2008-09-30": 103.416, "2008-06-30": 159.039, "2008-03-31": "104.67200", "2007-12-31": -6.935, "2007-09-30": -23.256, "2007-06-30": 43.561, "2007-03-31": "-45.58200", "2006-12-31": 20.202, "2006-09-30": 35.048, "2006-06-30": 3.583, "2006-03-31": "-17.46600", "2005-12-31": 14.358, "2005-09-30": 19.556, "2005-06-30": 12.226, "2005-03-31": "11.97700"}, "Stock-Based Compensation": {"2020-12-31": -22.201, "2020-09-30": 7.921, "2020-06-30": 7.071, "2020-03-31": "7.20900", "2019-12-31": 7.749, "2019-09-30": 7.487, "2019-06-30": 8.081, "2019-03-31": "7.44400", "2018-12-31": 6.736, "2018-09-30": 10.986, "2018-06-30": 7.057, "2018-03-31": "6.15800", "2017-12-31": 8.877, "2017-09-30": 5.665, "2017-06-30": 4.964, "2017-03-31": "5.15100", "2016-12-31": 8.129, "2016-09-30": 4.763, "2016-06-30": 4.635, "2016-03-31": "4.57500", "2015-12-31": 4.8, "2015-09-30": 4.05, "2015-06-30": 3.698, "2015-03-31": "3.95400", "2014-12-31": 3.501, "2014-09-30": 3.637, "2014-06-30": 3.565, "2014-03-31": "3.18000", "2013-12-31": 4.285, "2013-09-30": 3.365, "2013-06-30": 3.394, "2013-03-31": "2.50400", "2012-12-31": 0.531, "2012-09-30": 4.364, "2012-06-30": 4.136, "2012-03-31": "3.63700", "2011-12-31": 3.693, "2011-09-30": 4.28, "2011-06-30": 3.283, "2011-03-31": "2.28700", "2010-12-31": 2.597, "2010-09-30": 2.288, "2010-06-30": 2.429, "2010-03-31": "1.44700", "2009-12-31": 1.179, "2009-09-30": 1.462, "2009-06-30": 1.48, "2009-03-31": "1.42800", "2008-12-31": 1.652, "2008-09-30": 1.499, "2008-06-30": 1.459, "2008-03-31": "1.55700", "2007-12-31": 1.876, "2007-09-30": 1.741, "2007-06-30": 1.662, "2007-03-31": "1.48800", "2006-12-31": 1.448, "2006-09-30": 1.498, "2006-06-30": 1.262, "2006-03-31": "1.45600", "2005-12-31": 0.982, "2005-09-30": 0.721, "2005-06-30": 0.713, "2005-03-31": "0.65800"}, "Common Stock Dividends Paid": {"2020-12-31": 119.185, "2020-09-30": -38.914, "2020-06-30": -80.271, "2020-03-31": "", "2019-12-31": -40.121, "2019-09-30": -40.037, "2019-06-30": -74.949, "2019-03-31": "", "2018-12-31": -33.356, "2018-09-30": -33.389, "2018-06-30": -29.008, "2018-03-31": "-30.23500", "2017-12-31": -28.94, "2017-09-30": -28.931, "2017-06-30": -28.91, "2017-03-31": "-30.03900", "2016-12-31": -28.844, "2016-09-30": -28.832, "2016-06-30": -58.152, "2016-03-31": "", "2015-12-31": -28.791, "2015-09-30": -86.85, "2015-06-30": 29.295, "2015-03-31": "-29.29500", "2014-12-31": -25.846, "2014-09-30": -25.816, "2014-06-30": -25.817, "2014-03-31": "-26.13900", "2013-12-31": -20.665, "2013-09-30": -65.625, "2013-06-30": 22.782, "2013-03-31": "-22.78200", "2012-12-31": -15.746, "2012-09-30": -15.83, "2012-06-30": -16.147, "2012-03-31": "-16.49500", "2011-12-31": -9.167, "2011-09-30": -9.16, "2011-06-30": -9.151, "2011-03-31": "-3.20100", "2010-12-31": -8.901, "2010-09-30": -20.704, "2010-06-30": 1.105, "2010-03-31": "-1.10500", "2009-12-31": -6.646, "2009-09-30": -6.863, "2009-06-30": -8.402, "2009-03-31": "-7.75100", "2008-12-31": -2.281, "2008-09-30": -10.435, "2008-06-30": -6.344, "2008-03-31": "-6.31500", "2007-12-31": -6.303, "2007-09-30": -6.07, "2007-06-30": -6.105, "2007-03-31": "-6.12500", "2006-12-31": -3.061, "2006-09-30": -3.041, "2006-06-30": -3.036, "2006-03-31": "-2.83000", "2005-12-31": -2.813, "2005-09-30": -2.637, "2005-06-30": -2.634, "2005-03-31": "-2.62500"}}, "financial ratios": {"Current Ratio": {"2019-12-31": "", "2018-12-31": "", "2017-12-31": "", "2016-12-31": "", "2015-12-31": "", "2014-12-31": "", "2013-12-31": "", "2012-12-31": "", "2011-12-31": "", "2010-12-31": "", "2009-12-31": "", "2008-12-31": "", "2007-12-31": "", "2006-12-31": "", "2005-12-31": ""}, "Long-term Debt / Capital": {"2019-12-31": "0.02950", "2018-12-31": "0.03210", "2017-12-31": "0.04270", "2016-12-31": "0.05160", "2015-12-31": "0.06190", "2014-12-31": "0.07330", "2013-12-31": "0.08760", "2012-12-31": "0.06190", "2011-12-31": "0.08410", "2010-12-31": "0.10030", "2009-12-31": "0.09350", "2008-12-31": "0.13190", "2007-12-31": "0.16740", "2006-12-31": "0.15290", "2005-12-31": "0.17260"}, "Debt/Equity Ratio": {"2019-12-31": "0.22460", "2018-12-31": "0.13120", "2017-12-31": "0.29950", "2016-12-31": "0.26780", "2015-12-31": "0.39240", "2014-12-31": "0.46850", "2013-12-31": "0.65010", "2012-12-31": "0.62710", "2011-12-31": "0.81600", "2010-12-31": "1.26200", "2009-12-31": "1.39310", "2008-12-31": "1.68260", "2007-12-31": "2.81650", "2006-12-31": "2.41950", "2005-12-31": "1.63750"}, "Gross Margin": {"2019-12-31": "", "2018-12-31": "", "2017-12-31": "", "2016-12-31": "", "2015-12-31": "", "2014-12-31": "", "2013-12-31": "", "2012-12-31": "", "2011-12-31": "", "2010-12-31": "", "2009-12-31": "", "2008-12-31": "", "2007-12-31": "", "2006-12-31": "", "2005-12-31": ""}, "Operating Margin": {"2019-12-31": "", "2018-12-31": "", "2017-12-31": "", "2016-12-31": "", "2015-12-31": "", "2014-12-31": "", "2013-12-31": "", "2012-12-31": "", "2011-12-31": "", "2010-12-31": "", "2009-12-31": "", "2008-12-31": "", "2007-12-31": "", "2006-12-31": "", "2005-12-31": ""}, "EBIT Margin": {"2019-12-31": "", "2018-12-31": "", "2017-12-31": "", "2016-12-31": "", "2015-12-31": "", "2014-12-31": "", "2013-12-31": "", "2012-12-31": "", "2011-12-31": "", "2010-12-31": "", "2009-12-31": "", "2008-12-31": "", "2007-12-31": "", "2006-12-31": "", "2005-12-31": ""}, "EBITDA Margin": {"2019-12-31": "", "2018-12-31": "", "2017-12-31": "", "2016-12-31": "", "2015-12-31": "", "2014-12-31": "", "2013-12-31": "", "2012-12-31": "", "2011-12-31": "", "2010-12-31": "", "2009-12-31": "", "2008-12-31": "", "2007-12-31": "", "2006-12-31": "", "2005-12-31": ""}, "Pre-Tax Profit Margin": {"2019-12-31": "53.46310", "2018-12-31": "53.39920", "2017-12-31": "52.63680", "2016-12-31": "48.18680", "2015-12-31": "51.68980", "2014-12-31": "45.61430", "2013-12-31": "53.14560", "2012-12-31": "50.18030", "2011-12-31": "46.80830", "2010-12-31": "34.87330", "2009-12-31": "30.09460", "2008-12-31": "-93.33920", "2007-12-31": "58.86660", "2006-12-31": "59.14970", "2005-12-31": "57.96680"}, "Net Profit Margin": {"2019-12-31": "42.70080", "2018-12-31": "45.89870", "2017-12-31": "36.20520", "2016-12-31": "36.35370", "2015-12-31": "34.35800", "2014-12-31": "35.24180", "2013-12-31": "34.25570", "2012-12-31": "32.40010", "2011-12-31": "29.10790", "2010-12-31": "16.54860", "2009-12-31": "7.91060", "2008-12-31": "-56.82600", "2007-12-31": "36.17550", "2006-12-31": "36.27430", "2005-12-31": "36.87720"}, "Asset Turnover": {"2019-12-31": "0.03570", "2018-12-31": "0.03740", "2017-12-31": "0.03760", "2016-12-31": "0.03410", "2015-12-31": "0.03460", "2014-12-31": "0.03410", "2013-12-31": "0.03400", "2012-12-31": "0.03760", "2011-12-31": "0.03730", "2010-12-31": "0.03540", "2009-12-31": "0.01690", "2008-12-31": "0.00840", "2007-12-31": "0.03760", "2006-12-31": "0.03650", "2005-12-31": "0.03550"}, "Inventory Turnover Ratio": {"2019-12-31": "", "2018-12-31": "", "2017-12-31": "", "2016-12-31": "", "2015-12-31": "", "2014-12-31": "", "2013-12-31": "", "2012-12-31": "", "2011-12-31": "", "2010-12-31": "", "2009-12-31": "", "2008-12-31": "", "2007-12-31": "", "2006-12-31": "", "2005-12-31": ""}, "Receiveable Turnover": {"2019-12-31": "", "2018-12-31": "", "2017-12-31": "", "2016-12-31": "", "2015-12-31": "", "2014-12-31": "", "2013-12-31": "", "2012-12-31": "", "2011-12-31": "", "2010-12-31": "", "2009-12-31": "", "2008-12-31": "", "2007-12-31": "", "2006-12-31": "", "2005-12-31": ""}, "Days Sales In Receivables": {"2019-12-31": "", "2018-12-31": "", "2017-12-31": "", "2016-12-31": "", "2015-12-31": "", "2014-12-31": "", "2013-12-31": "", "2012-12-31": "", "2011-12-31": "", "2010-12-31": "", "2009-12-31": "", "2008-12-31": "", "2007-12-31": "", "2006-12-31": "", "2005-12-31": ""}, "ROE - Return On Equity": {"2019-12-31": "13.43340", "2018-12-31": "15.90650", "2017-12-31": "13.16060", "2016-12-31": "12.59360", "2015-12-31": "12.31770", "2014-12-31": "12.11010", "2013-12-31": "12.40680", "2012-12-31": "12.25050", "2011-12-31": "11.00340", "2010-12-31": "8.10310", "2009-12-31": "5.15500", "2008-12-31": "-4.60690", "2007-12-31": "13.75350", "2006-12-31": "14.06420", "2005-12-31": "14.76290"}, "Return On Tangible Equity": {"2019-12-31": "14.80770", "2018-12-31": "17.77730", "2017-12-31": "14.99250", "2016-12-31": "14.59200", "2015-12-31": "14.49690", "2014-12-31": "14.49200", "2013-12-31": "14.81530", "2012-12-31": "14.16470", "2011-12-31": "12.85890", "2010-12-31": "9.69750", "2009-12-31": "4.41500", "2008-12-31": "-4.16760", "2007-12-31": "19.94650", "2006-12-31": "18.99560", "2005-12-31": "18.94650"}, "ROA - Return On Assets": {"2019-12-31": "1.52510", "2018-12-31": "1.71460", "2017-12-31": "1.36210", "2016-12-31": "1.24080", "2015-12-31": "1.18910", "2014-12-31": "1.20330", "2013-12-31": "1.18610", "2012-12-31": "1.24980", "2011-12-31": "1.11630", "2010-12-31": "0.79500", "2009-12-31": "0.39890", "2008-12-31": "-0.39990", "2007-12-31": "1.35980", "2006-12-31": "1.32460", "2005-12-31": "1.30920"}, "ROI - Return On Investment": {"2019-12-31": "13.03770", "2018-12-31": "15.39560", "2017-12-31": "12.59800", "2016-12-31": "11.94440", "2015-12-31": "11.55520", "2014-12-31": "11.22270", "2013-12-31": "11.32050", "2012-12-31": "11.09160", "2011-12-31": "9.71640", "2010-12-31": "7.00420", "2009-12-31": "3.25400", "2008-12-31": "-2.78130", "2007-12-31": "11.45150", "2006-12-31": "11.91350", "2005-12-31": "12.21550"}, "Book Value Per Share": {"2019-12-31": "34.45570", "2018-12-31": "30.51840", "2017-12-31": "26.58000", "2016-12-31": "23.77620", "2015-12-31": "21.70090", "2014-12-31": "19.89190", "2013-12-31": "17.17800", "2012-12-31": "16.97950", "2011-12-31": "15.48100", "2010-12-31": "14.23110", "2009-12-31": "20.77660", "2008-12-31": "24.32730", "2007-12-31": "18.56000", "2006-12-31": "16.59410", "2005-12-31": "12.98920"}, "Operating Cash Flow Per Share": {"2019-12-31": -1.0083, "2018-12-31": 1.2223, "2017-12-31": 0.3411, "2016-12-31": 1.229, "2015-12-31": 0.5129, "2014-12-31": -0.3142, "2013-12-31": 1.0974, "2012-12-31": 0.2899, "2011-12-31": -4.2451, "2010-12-31": 4.0717, "2009-12-31": -1.0736, "2008-12-31": -0.6973, "2007-12-31": 1.5993, "2006-12-31": -0.6114, "2005-12-31": 2.6201}, "Free Cash Flow Per Share": {"2019-12-31": -0.9899, "2018-12-31": 0.4127, "2017-12-31": 1.0953, "2016-12-31": 1.1973, "2015-12-31": 0.5169, "2014-12-31": 0.317, "2013-12-31": 0.4075, "2012-12-31": 0.357, "2011-12-31": -3.6361, "2010-12-31": 3.4562, "2009-12-31": -1.0179, "2008-12-31": -0.6707, "2007-12-31": 1.6573, "2006-12-31": -0.5253, "2005-12-31": 2.3918}}, "financial ratios, quarterly": {"Current Ratio": {"2020-09-30": "", "2020-06-30": "", "2020-03-31": "", "2019-12-31": "", "2019-09-30": "", "2019-06-30": "", "2019-03-31": "", "2018-12-31": "", "2018-09-30": "", "2018-06-30": "", "2018-03-31": "", "2017-12-31": "", "2017-09-30": "", "2017-06-30": "", "2017-03-31": "", "2016-12-31": "", "2016-09-30": "", "2016-06-30": "", "2016-03-31": "", "2015-12-31": "", "2015-09-30": "", "2015-06-30": "", "2015-03-31": "", "2014-12-31": "", "2014-09-30": "", "2014-06-30": "", "2014-03-31": "", "2013-12-31": "", "2013-09-30": "", "2013-06-30": "", "2013-03-31": "", "2012-12-31": "", "2012-09-30": "", "2012-06-30": "", "2012-03-31": "", "2011-12-31": "", "2011-09-30": "", "2011-06-30": "", "2011-03-31": "", "2010-12-31": "", "2010-09-30": "", "2010-06-30": "", "2010-03-31": "", "2009-12-31": "", "2009-09-30": "", "2009-06-30": "", "2009-03-31": "", "2008-12-31": "", "2008-09-30": "", "2008-06-30": "", "2008-03-31": "", "2007-12-31": "", "2007-09-30": "", "2007-06-30": "", "2007-03-31": "", "2006-12-31": "", "2006-09-30": "", "2006-06-30": "", "2006-03-31": "", "2005-12-31": "", "2005-09-30": "", "2005-06-30": "", "2005-03-31": ""}, "Long-term Debt / Capital": {"2020-09-30": "0.23550", "2020-06-30": "0.24060", "2020-03-31": "0.03010", "2019-12-31": "0.02950", "2019-09-30": "0.03030", "2019-06-30": "0.03120", "2019-03-31": "0.03210", "2018-12-31": "0.03210", "2018-09-30": "0.03560", "2018-06-30": "0.03780", "2018-03-31": "0.04020", "2017-12-31": "0.04270", "2017-09-30": "0.04460", "2017-06-30": "0.04590", "2017-03-31": "0.04840", "2016-12-31": "0.05160", "2016-09-30": "0.05360", "2016-06-30": "0.05620", "2016-03-31": "0.05880", "2015-12-31": "0.06190", "2015-09-30": "0.06430", "2015-06-30": "0.06710", "2015-03-31": "0.06990", "2014-12-31": "0.07330", "2014-09-30": "0.07700", "2014-06-30": "0.08030", "2014-03-31": "0.08400", "2013-12-31": "0.08760", "2013-09-30": "0.07490", "2013-06-30": "0.05730", "2013-03-31": "0.05530", "2012-12-31": "0.06190", "2012-09-30": "0.05590", "2012-06-30": "0.08460", "2012-03-31": "0.08500", "2011-12-31": "0.08410", "2011-09-30": "0.08650", "2011-06-30": "0.09180", "2011-03-31": "0.09840", "2010-12-31": "0.10030", "2010-09-30": "0.08990", "2010-06-30": "0.09150", "2010-03-31": "0.09270", "2009-12-31": "0.09350", "2009-09-30": "0.13400", "2009-06-30": "0.13760", "2009-03-31": "0.13300", "2008-12-31": "0.13190", "2008-09-30": "0.15700", "2008-06-30": "0.15620", "2008-03-31": "0.17590", "2007-12-31": "0.16740", "2007-09-30": "0.16800", "2007-06-30": "0.16240", "2007-03-31": "0.16470", "2006-12-31": "0.15290", "2006-09-30": "0.15790", "2006-06-30": "0.16400", "2006-03-31": "0.16920", "2005-12-31": "0.17260", "2005-09-30": "0.18010", "2005-06-30": "0.16070", "2005-03-31": "0.09720"}, "Debt/Equity Ratio": {"2020-09-30": "0.51580", "2020-06-30": "0.55940", "2020-03-31": "0.26830", "2019-12-31": "0.22460", "2019-09-30": "0.20390", "2019-06-30": "0.20440", "2019-03-31": "0.12780", "2018-12-31": "0.13120", "2018-09-30": "0.13870", "2018-06-30": "0.14470", "2018-03-31": "0.14360", "2017-12-31": "0.29950", "2017-09-30": "0.15190", "2017-06-30": "0.15630", "2017-03-31": "0.20910", "2016-12-31": "0.26780", "2016-09-30": "0.22180", "2016-06-30": "0.22630", "2016-03-31": "0.22730", "2015-12-31": "0.39240", "2015-09-30": "0.22240", "2015-06-30": "0.31200", "2015-03-31": "0.41980", "2014-12-31": "0.46850", "2014-09-30": "0.52100", "2014-06-30": "0.59560", "2014-03-31": "0.60360", "2013-12-31": "0.65010", "2013-09-30": "0.65880", "2013-06-30": "0.65000", "2013-03-31": "0.62670", "2012-12-31": "0.62710", "2012-09-30": "0.65810", "2012-06-30": "0.69810", "2012-03-31": "0.78040", "2011-12-31": "0.81600", "2011-09-30": "0.88960", "2011-06-30": "0.95820", "2011-03-31": "1.04600", "2010-12-31": "1.26200", "2010-09-30": "1.01630", "2010-06-30": "1.02900", "2010-03-31": "1.36800", "2009-12-31": "1.39310", "2009-09-30": "1.44160", "2009-06-30": "1.65790", "2009-03-31": "1.61900", "2008-12-31": "1.68260", "2008-09-30": "2.23270", "2008-06-30": "2.27090", "2008-03-31": "2.71490", "2007-12-31": "2.81650", "2007-09-30": "2.46990", "2007-06-30": "2.40210", "2007-03-31": "2.10250", "2006-12-31": "2.41950", "2006-09-30": "2.69450", "2006-06-30": "1.99200", "2006-03-31": "1.40700", "2005-12-31": "1.63750", "2005-09-30": "1.48570", "2005-06-30": "1.78180", "2005-03-31": "1.94650"}, "Gross Margin": {"2020-09-30": "", "2020-06-30": "", "2020-03-31": "", "2019-12-31": "", "2019-09-30": "", "2019-06-30": "", "2019-03-31": "", "2018-12-31": "", "2018-09-30": "", "2018-06-30": "", "2018-03-31": "", "2017-12-31": "", "2017-09-30": "", "2017-06-30": "", "2017-03-31": "", "2016-12-31": "", "2016-09-30": "", "2016-06-30": "", "2016-03-31": "", "2015-12-31": "", "2015-09-30": "", "2015-06-30": "", "2015-03-31": "", "2014-12-31": "", "2014-09-30": "", "2014-06-30": "", "2014-03-31": "", "2013-12-31": "", "2013-09-30": "", "2013-06-30": "", "2013-03-31": "", "2012-12-31": "", "2012-09-30": "", "2012-06-30": "", "2012-03-31": "", "2011-12-31": "", "2011-09-30": "", "2011-06-30": "", "2011-03-31": "", "2010-12-31": "", "2010-09-30": "", "2010-06-30": "", "2010-03-31": "", "2009-12-31": "", "2009-09-30": "", "2009-06-30": "", "2009-03-31": "", "2008-12-31": "", "2008-09-30": "", "2008-06-30": "", "2008-03-31": "", "2007-12-31": "", "2007-09-30": "", "2007-06-30": "", "2007-03-31": "", "2006-12-31": "", "2006-09-30": "", "2006-06-30": "", "2006-03-31": "", "2005-12-31": "", "2005-09-30": "", "2005-06-30": "", "2005-03-31": ""}, "Operating Margin": {"2020-09-30": "", "2020-06-30": "", "2020-03-31": "", "2019-12-31": "", "2019-09-30": "", "2019-06-30": "", "2019-03-31": "", "2018-12-31": "", "2018-09-30": "", "2018-06-30": "", "2018-03-31": "", "2017-12-31": "", "2017-09-30": "", "2017-06-30": "", "2017-03-31": "", "2016-12-31": "", "2016-09-30": "", "2016-06-30": "", "2016-03-31": "", "2015-12-31": "", "2015-09-30": "", "2015-06-30": "", "2015-03-31": "", "2014-12-31": "", "2014-09-30": "", "2014-06-30": "", "2014-03-31": "", "2013-12-31": "", "2013-09-30": "", "2013-06-30": "", "2013-03-31": "", "2012-12-31": "", "2012-09-30": "", "2012-06-30": "", "2012-03-31": "", "2011-12-31": "", "2011-09-30": "", "2011-06-30": "", "2011-03-31": "", "2010-12-31": "", "2010-09-30": "", "2010-06-30": "", "2010-03-31": "", "2009-12-31": "", "2009-09-30": "", "2009-06-30": "", "2009-03-31": "", "2008-12-31": "", "2008-09-30": "", "2008-06-30": "", "2008-03-31": "", "2007-12-31": "", "2007-09-30": "", "2007-06-30": "", "2007-03-31": "", "2006-12-31": "", "2006-09-30": "", "2006-06-30": "", "2006-03-31": "", "2005-12-31": "", "2005-09-30": "", "2005-06-30": "", "2005-03-31": ""}, "EBIT Margin": {"2020-09-30": "", "2020-06-30": "", "2020-03-31": "", "2019-12-31": "", "2019-09-30": "", "2019-06-30": "", "2019-03-31": "", "2018-12-31": "", "2018-09-30": "", "2018-06-30": "", "2018-03-31": "", "2017-12-31": "", "2017-09-30": "", "2017-06-30": "", "2017-03-31": "", "2016-12-31": "", "2016-09-30": "", "2016-06-30": "", "2016-03-31": "", "2015-12-31": "", "2015-09-30": "", "2015-06-30": "", "2015-03-31": "", "2014-12-31": "", "2014-09-30": "", "2014-06-30": "", "2014-03-31": "", "2013-12-31": "", "2013-09-30": "", "2013-06-30": "", "2013-03-31": "", "2012-12-31": "", "2012-09-30": "", "2012-06-30": "", "2012-03-31": "", "2011-12-31": "", "2011-09-30": "", "2011-06-30": "", "2011-03-31": "", "2010-12-31": "", "2010-09-30": "", "2010-06-30": "", "2010-03-31": "", "2009-12-31": "", "2009-09-30": "", "2009-06-30": "", "2009-03-31": "", "2008-12-31": "", "2008-09-30": "", "2008-06-30": "", "2008-03-31": "", "2007-12-31": "", "2007-09-30": "", "2007-06-30": "", "2007-03-31": "", "2006-12-31": "", "2006-09-30": "", "2006-06-30": "", "2006-03-31": "", "2005-12-31": "", "2005-09-30": "", "2005-06-30": "", "2005-03-31": ""}, "EBITDA Margin": {"2020-09-30": "", "2020-06-30": "", "2020-03-31": "", "2019-12-31": "", "2019-09-30": "", "2019-06-30": "", "2019-03-31": "", "2018-12-31": "", "2018-09-30": "", "2018-06-30": "", "2018-03-31": "", "2017-12-31": "", "2017-09-30": "", "2017-06-30": "", "2017-03-31": "", "2016-12-31": "", "2016-09-30": "", "2016-06-30": "", "2016-03-31": "", "2015-12-31": "", "2015-09-30": "", "2015-06-30": "", "2015-03-31": "", "2014-12-31": "", "2014-09-30": "", "2014-06-30": "", "2014-03-31": "", "2013-12-31": "", "2013-09-30": "", "2013-06-30": "", "2013-03-31": "", "2012-12-31": "", "2012-09-30": "", "2012-06-30": "", "2012-03-31": "", "2011-12-31": "", "2011-09-30": "", "2011-06-30": "", "2011-03-31": "", "2010-12-31": "", "2010-09-30": "", "2010-06-30": "", "2010-03-31": "", "2009-12-31": "", "2009-09-30": "", "2009-06-30": "", "2009-03-31": "", "2008-12-31": "", "2008-09-30": "", "2008-06-30": "", "2008-03-31": "", "2007-12-31": "", "2007-09-30": "", "2007-06-30": "", "2007-03-31": "", "2006-12-31": "", "2006-09-30": "", "2006-06-30": "", "2006-03-31": "", "2005-12-31": "", "2005-09-30": "", "2005-06-30": "", "2005-03-31": ""}, "Pre-Tax Profit Margin": {"2020-09-30": "53.90560", "2020-06-30": "37.42820", "2020-03-31": "47.83220", "2019-12-31": "53.13930", "2019-09-30": "53.88210", "2019-06-30": "55.67730", "2019-03-31": "51.06920", "2018-12-31": "52.15670", "2018-09-30": "53.25600", "2018-06-30": "52.61380", "2018-03-31": "55.59820", "2017-12-31": "49.83740", "2017-09-30": "51.61040", "2017-06-30": "48.27340", "2017-03-31": "59.86210", "2016-12-31": "51.91250", "2016-09-30": "41.99970", "2016-06-30": "48.97820", "2016-03-31": "49.66780", "2015-12-31": "50.60420", "2015-09-30": "48.47320", "2015-06-30": "54.58270", "2015-03-31": "53.41930", "2014-12-31": "49.37510", "2014-09-30": "33.83660", "2014-06-30": "50.49840", "2014-03-31": "49.19720", "2013-12-31": "53.76140", "2013-09-30": "52.04390", "2013-06-30": "54.22950", "2013-03-31": "52.50290", "2012-12-31": "50.70150", "2012-09-30": "51.03000", "2012-06-30": "50.67620", "2012-03-31": "48.43460", "2011-12-31": "49.20650", "2011-09-30": "48.30220", "2011-06-30": "44.87480", "2011-03-31": "44.77450", "2010-12-31": "42.97140", "2010-09-30": "42.38550", "2010-06-30": "31.91160", "2010-03-31": "21.45410", "2009-12-31": "82.32330", "2009-09-30": "161.21950", "2009-06-30": "164.80680", "2009-03-31": "-232.18740", "2008-12-31": "-33.97290", "2008-09-30": "138746.30000", "2008-06-30": "-424.35460", "2008-03-31": "12.62470", "2007-12-31": "53.79660", "2007-09-30": "59.16010", "2007-06-30": "60.57360", "2007-03-31": "61.90930", "2006-12-31": "59.16910", "2006-09-30": "58.06240", "2006-06-30": "60.85180", "2006-03-31": "58.46250", "2005-12-31": "56.95580", "2005-09-30": "59.54290", "2005-06-30": "58.49260", "2005-03-31": "56.92750"}, "Net Profit Margin": {"2020-09-30": "43.86380", "2020-06-30": "33.12080", "2020-03-31": "42.23680", "2019-12-31": "45.61070", "2019-09-30": "44.75650", "2019-06-30": "37.51620", "2019-03-31": "42.93680", "2018-12-31": "44.00790", "2018-09-30": "44.53100", "2018-06-30": "46.03200", "2018-03-31": "49.10020", "2017-12-31": "24.29890", "2017-09-30": "39.06030", "2017-06-30": "36.22530", "2017-03-31": "44.56390", "2016-12-31": "35.67450", "2016-09-30": "37.46820", "2016-06-30": "35.39610", "2016-03-31": "36.91190", "2015-12-31": "31.28750", "2015-09-30": "32.81680", "2015-06-30": "37.32100", "2015-03-31": "36.39140", "2014-12-31": "38.37240", "2014-09-30": "36.45510", "2014-06-30": "34.57220", "2014-03-31": "31.34510", "2013-12-31": "32.46450", "2013-09-30": "34.96020", "2013-06-30": "35.04820", "2013-03-31": "34.69150", "2012-12-31": "33.29050", "2012-09-30": "33.66140", "2012-06-30": "33.00160", "2012-03-31": "29.82100", "2011-12-31": "30.70890", "2011-09-30": "30.02320", "2011-06-30": "27.56850", "2011-03-31": "28.11000", "2010-12-31": "16.16450", "2010-09-30": "23.18470", "2010-06-30": "16.40900", "2010-03-31": "10.61790", "2009-12-31": "51.01550", "2009-09-30": "105.19240", "2009-06-30": "129.49050", "2009-03-31": "-201.67370", "2008-12-31": "-9.15100", "2008-09-30": "100843.30000", "2008-06-30": "-243.89480", "2008-03-31": "8.33280", "2007-12-31": "33.78450", "2007-09-30": "36.11960", "2007-06-30": "36.89930", "2007-03-31": "37.89090", "2006-12-31": "36.14130", "2006-09-30": "35.55490", "2006-06-30": "37.23100", "2006-03-31": "36.18600", "2005-12-31": "35.74450", "2005-09-30": "38.15700", "2005-06-30": "37.21360", "2005-03-31": "36.54740"}, "Asset Turnover": {"2020-09-30": "0.00720", "2020-06-30": "0.00610", "2020-03-31": "0.00750", "2019-12-31": "0.00930", "2019-09-30": "0.00890", "2019-06-30": "0.00930", "2019-03-31": "0.00910", "2018-12-31": "0.00960", "2018-09-30": "0.00980", "2018-06-30": "0.00980", "2018-03-31": "0.01010", "2017-12-31": "0.00940", "2017-09-30": "0.00940", "2017-06-30": "0.00910", "2017-03-31": "0.01080", "2016-12-31": "0.00890", "2016-09-30": "0.00880", "2016-06-30": "0.00890", "2016-03-31": "0.00880", "2015-12-31": "0.00910", "2015-09-30": "0.00920", "2015-06-30": "0.00880", "2015-03-31": "0.00920", "2014-12-31": "0.00860", "2014-09-30": "0.00890", "2014-06-30": "0.00880", "2014-03-31": "0.00860", "2013-12-31": "0.00900", "2013-09-30": "0.00850", "2013-06-30": "0.00890", "2013-03-31": "0.00880", "2012-12-31": "0.00950", "2012-09-30": "0.00950", "2012-06-30": "0.00960", "2012-03-31": "0.01020", "2011-12-31": "0.00960", "2011-09-30": "0.00930", "2011-06-30": "0.00980", "2011-03-31": "0.00910", "2010-12-31": "0.00960", "2010-09-30": "0.00850", "2010-06-30": "0.00920", "2010-03-31": "0.00870", "2009-12-31": "0.02420", "2009-09-30": "-0.00600", "2009-06-30": "-0.00700", "2009-03-31": "0.00120", "2008-12-31": "0.00270", "2008-09-30": "0.00000", "2008-06-30": "0.00090", "2008-03-31": "0.00510", "2007-12-31": "0.00930", "2007-09-30": "0.00980", "2007-06-30": "0.01010", "2007-03-31": "0.01040", "2006-12-31": "0.01000", "2006-09-30": "0.00930", "2006-06-30": "0.00980", "2006-03-31": "0.00950", "2005-12-31": "0.01040", "2005-09-30": "0.00940", "2005-06-30": "0.01020", "2005-03-31": "0.01010"}, "Inventory Turnover Ratio": {"2020-09-30": "", "2020-06-30": "", "2020-03-31": "", "2019-12-31": "", "2019-09-30": "", "2019-06-30": "", "2019-03-31": "", "2018-12-31": "", "2018-09-30": "", "2018-06-30": "", "2018-03-31": "", "2017-12-31": "", "2017-09-30": "", "2017-06-30": "", "2017-03-31": "", "2016-12-31": "", "2016-09-30": "", "2016-06-30": "", "2016-03-31": "", "2015-12-31": "", "2015-09-30": "", "2015-06-30": "", "2015-03-31": "", "2014-12-31": "", "2014-09-30": "", "2014-06-30": "", "2014-03-31": "", "2013-12-31": "", "2013-09-30": "", "2013-06-30": "", "2013-03-31": "", "2012-12-31": "", "2012-09-30": "", "2012-06-30": "", "2012-03-31": "", "2011-12-31": "", "2011-09-30": "", "2011-06-30": "", "2011-03-31": "", "2010-12-31": "", "2010-09-30": "", "2010-06-30": "", "2010-03-31": "", "2009-12-31": "", "2009-09-30": "", "2009-06-30": "", "2009-03-31": "", "2008-12-31": "", "2008-09-30": "", "2008-06-30": "", "2008-03-31": "", "2007-12-31": "", "2007-09-30": "", "2007-06-30": "", "2007-03-31": "", "2006-12-31": "", "2006-09-30": "", "2006-06-30": "", "2006-03-31": "", "2005-12-31": "", "2005-09-30": "", "2005-06-30": "", "2005-03-31": ""}, "Receiveable Turnover": {"2020-09-30": "", "2020-06-30": "", "2020-03-31": "", "2019-12-31": "", "2019-09-30": "", "2019-06-30": "", "2019-03-31": "", "2018-12-31": "", "2018-09-30": "", "2018-06-30": "", "2018-03-31": "", "2017-12-31": "", "2017-09-30": "", "2017-06-30": "", "2017-03-31": "", "2016-12-31": "", "2016-09-30": "", "2016-06-30": "", "2016-03-31": "", "2015-12-31": "", "2015-09-30": "", "2015-06-30": "", "2015-03-31": "", "2014-12-31": "", "2014-09-30": "", "2014-06-30": "", "2014-03-31": "", "2013-12-31": "", "2013-09-30": "", "2013-06-30": "", "2013-03-31": "", "2012-12-31": "", "2012-09-30": "", "2012-06-30": "", "2012-03-31": "", "2011-12-31": "", "2011-09-30": "", "2011-06-30": "", "2011-03-31": "", "2010-12-31": "", "2010-09-30": "", "2010-06-30": "", "2010-03-31": "", "2009-12-31": "", "2009-09-30": "", "2009-06-30": "", "2009-03-31": "", "2008-12-31": "", "2008-09-30": "", "2008-06-30": "", "2008-03-31": "", "2007-12-31": "", "2007-09-30": "", "2007-06-30": "", "2007-03-31": "", "2006-12-31": "", "2006-09-30": "", "2006-06-30": "", "2006-03-31": "", "2005-12-31": "", "2005-09-30": "", "2005-06-30": "", "2005-03-31": ""}, "Days Sales In Receivables": {"2020-09-30": "", "2020-06-30": "", "2020-03-31": "", "2019-12-31": "", "2019-09-30": "", "2019-06-30": "", "2019-03-31": "", "2018-12-31": "", "2018-09-30": "", "2018-06-30": "", "2018-03-31": "", "2017-12-31": "", "2017-09-30": "", "2017-06-30": "", "2017-03-31": "", "2016-12-31": "", "2016-09-30": "", "2016-06-30": "", "2016-03-31": "", "2015-12-31": "", "2015-09-30": "", "2015-06-30": "", "2015-03-31": "", "2014-12-31": "", "2014-09-30": "", "2014-06-30": "", "2014-03-31": "", "2013-12-31": "", "2013-09-30": "", "2013-06-30": "", "2013-03-31": "", "2012-12-31": "", "2012-09-30": "", "2012-06-30": "", "2012-03-31": "", "2011-12-31": "", "2011-09-30": "", "2011-06-30": "", "2011-03-31": "", "2010-12-31": "", "2010-09-30": "", "2010-06-30": "", "2010-03-31": "", "2009-12-31": "", "2009-09-30": "", "2009-06-30": "", "2009-03-31": "", "2008-12-31": "", "2008-09-30": "", "2008-06-30": "", "2008-03-31": "", "2007-12-31": "", "2007-09-30": "", "2007-06-30": "", "2007-03-31": "", "2006-12-31": "", "2006-09-30": "", "2006-06-30": "", "2006-03-31": "", "2005-12-31": "", "2005-09-30": "", "2005-06-30": "", "2005-03-31": ""}, "ROE - Return On Equity": {"2020-09-30": "3.11220", "2020-06-30": "1.99210", "2020-03-31": "2.95380", "2019-12-31": "3.75110", "2019-09-30": "3.51070", "2019-06-30": "3.17620", "2019-03-31": "3.57200", "2018-12-31": "3.91090", "2018-09-30": "4.03550", "2018-06-30": "4.18900", "2018-03-31": "4.70080", "2017-12-31": "2.20980", "2017-09-30": "3.50780", "2017-06-30": "3.22400", "2017-03-31": "4.75990", "2016-12-31": "3.23050", "2016-09-30": "3.26050", "2016-06-30": "3.13280", "2016-03-31": "3.34230", "2015-12-31": "2.93970", "2015-09-30": "3.06390", "2015-06-30": "3.28620", "2015-03-31": "3.40370", "2014-12-31": "3.34380", "2014-09-30": "3.32000", "2014-06-30": "3.12120", "2014-03-31": "2.82640", "2013-12-31": "3.13260", "2013-09-30": "3.16440", "2013-06-30": "3.27800", "2013-03-31": "3.18970", "2012-12-31": "3.12730", "2012-09-30": "3.18140", "2012-06-30": "3.18990", "2012-03-31": "3.09430", "2011-12-31": "2.97060", "2011-09-30": "2.86630", "2011-06-30": "2.82000", "2011-03-31": "2.70240", "2010-12-31": "2.77460", "2010-09-30": "2.33140", "2010-06-30": "1.84580", "2010-03-31": "1.28650", "2009-12-31": "16.32640", "2009-09-30": "-5.93930", "2009-06-30": "-8.65220", "2009-03-31": "-2.11570", "2008-12-31": "0.21940", "2008-09-30": "-2.46710", "2008-06-30": "-2.03480", "2008-03-31": "0.45700", "2007-12-31": "3.17840", "2007-09-30": "3.54340", "2007-06-30": "3.83730", "2007-03-31": "4.05470", "2006-12-31": "3.83670", "2006-09-30": "3.62370", "2006-06-30": "3.90780", "2006-03-31": "3.54730", "2005-12-31": "4.19740", "2005-09-30": "4.10160", "2005-06-30": "4.53550", "2005-03-31": "4.40410"}, "Return On Tangible Equity": {"2020-09-30": "3.42320", "2020-06-30": "2.19730", "2020-03-31": "3.26380", "2019-12-31": "4.13480", "2019-09-30": "3.88090", "2019-06-30": "3.52270", "2019-03-31": "3.97520", "2018-12-31": "4.37090", "2018-09-30": "4.53260", "2018-06-30": "4.72350", "2018-03-31": "5.32370", "2017-12-31": "2.51730", "2017-09-30": "4.00490", "2017-06-30": "3.69690", "2017-03-31": "5.48150", "2016-12-31": "3.74320", "2016-09-30": "3.78680", "2016-06-30": "3.65280", "2016-03-31": "3.91350", "2015-12-31": "3.45970", "2015-09-30": "3.61680", "2015-06-30": "3.89460", "2015-03-31": "4.05080", "2014-12-31": "4.00150", "2014-09-30": "4.06310", "2014-06-30": "3.84570", "2014-03-31": "3.51070", "2013-12-31": "3.74070", "2013-09-30": "3.79980", "2013-06-30": "3.96010", "2013-03-31": "3.69360", "2012-12-31": "3.61600", "2012-09-30": "3.69970", "2012-06-30": "3.72130", "2012-03-31": "3.61850", "2011-12-31": "3.47150", "2011-09-30": "3.36810", "2011-06-30": "3.32790", "2011-03-31": "3.21480", "2010-12-31": "3.32060", "2010-09-30": "2.38990", "2010-06-30": "1.89770", "2010-03-31": "1.32390", "2009-12-31": "13.98290", "2009-09-30": "-5.87520", "2009-06-30": "-7.74080", "2009-03-31": "-1.90760", "2008-12-31": "0.19850", "2008-09-30": "-3.44730", "2008-06-30": "-2.84240", "2008-03-31": "0.68120", "2007-12-31": "4.60950", "2007-09-30": "5.15920", "2007-06-30": "5.10220", "2007-03-31": "5.43120", "2006-12-31": "5.18200", "2006-09-30": "4.97370", "2006-06-30": "5.47340", "2006-03-31": "5.05820", "2005-12-31": "5.38690", "2005-09-30": "5.37670", "2005-06-30": "4.98200", "2005-03-31": "4.86830"}, "ROA - Return On Assets": {"2020-09-30": "0.31670", "2020-06-30": "0.20110", "2020-03-31": "0.31520", "2019-12-31": "0.42590", "2019-09-30": "0.39610", "2019-06-30": "0.35060", "2019-03-31": "0.38970", "2018-12-31": "0.42160", "2018-09-30": "0.43840", "2018-06-30": "0.45270", "2018-03-31": "0.49620", "2017-12-31": "0.22870", "2017-09-30": "0.36540", "2017-06-30": "0.32940", "2017-03-31": "0.48030", "2016-12-31": "0.31830", "2016-09-30": "0.33120", "2016-06-30": "0.31340", "2016-03-31": "0.32470", "2015-12-31": "0.28380", "2015-09-30": "0.30240", "2015-06-30": "0.32850", "2015-03-31": "0.33450", "2014-12-31": "0.33230", "2014-09-30": "0.32270", "2014-06-30": "0.30590", "2014-03-31": "0.27070", "2013-12-31": "0.29950", "2013-09-30": "0.29860", "2013-06-30": "0.31750", "2013-03-31": "0.31210", "2012-12-31": "0.31900", "2012-09-30": "0.32600", "2012-06-30": "0.32780", "2012-03-31": "0.31300", "2011-12-31": "0.30140", "2011-09-30": "0.28620", "2011-06-30": "0.27670", "2011-03-31": "0.26510", "2010-12-31": "0.27220", "2010-09-30": "0.23000", "2010-06-30": "0.18200", "2010-03-31": "0.12270", "2009-12-31": "1.26330", "2009-09-30": "-0.54890", "2009-06-30": "-0.68180", "2009-03-31": "-0.17880", "2008-12-31": "0.01900", "2008-09-30": "-0.26620", "2008-06-30": "-0.21970", "2008-03-31": "0.04290", "2007-12-31": "0.31420", "2007-09-30": "0.35510", "2007-06-30": "0.37390", "2007-03-31": "0.39510", "2006-12-31": "0.36130", "2006-09-30": "0.32890", "2006-06-30": "0.36580", "2006-03-31": "0.34540", "2005-12-31": "0.37220", "2005-09-30": "0.36010", "2005-06-30": "0.38000", "2005-03-31": "0.36920"}, "ROI - Return On Investment": {"2020-09-30": "2.37920", "2020-06-30": "1.51270", "2020-03-31": "2.86490", "2019-12-31": "3.64060", "2019-09-30": "3.40450", "2019-06-30": "3.07710", "2019-03-31": "3.45720", "2018-12-31": "3.78530", "2018-09-30": "3.89180", "2018-06-30": "4.03060", "2018-03-31": "4.51180", "2017-12-31": "2.11530", "2017-09-30": "3.35130", "2017-06-30": "3.07610", "2017-03-31": "4.52950", "2016-12-31": "3.06400", "2016-09-30": "3.08580", "2016-06-30": "2.95680", "2016-03-31": "3.14570", "2015-12-31": "2.75770", "2015-09-30": "2.86690", "2015-06-30": "3.06580", "2015-03-31": "3.16570", "2014-12-31": "3.09870", "2014-09-30": "3.06450", "2014-06-30": "2.87070", "2014-03-31": "2.58900", "2013-12-31": "2.85830", "2013-09-30": "2.92740", "2013-06-30": "3.09020", "2013-03-31": "2.90650", "2012-12-31": "2.83150", "2012-09-30": "2.89610", "2012-06-30": "2.81430", "2012-03-31": "2.72830", "2011-12-31": "2.62310", "2011-09-30": "2.52220", "2011-06-30": "2.46580", "2011-03-31": "2.34260", "2010-12-31": "2.39830", "2010-09-30": "1.79180", "2010-06-30": "1.41180", "2010-03-31": "0.98040", "2009-12-31": "10.30580", "2009-09-30": "-3.89970", "2009-06-30": "-5.06470", "2009-03-31": "-1.26870", "2008-12-31": "0.13250", "2008-09-30": "-2.07980", "2008-06-30": "-1.71690", "2008-03-31": "0.37660", "2007-12-31": "2.64640", "2007-09-30": "2.94810", "2007-06-30": "3.21400", "2007-03-31": "3.38710", "2006-12-31": "3.25000", "2006-09-30": "3.05150", "2006-06-30": "3.26670", "2006-03-31": "2.94710", "2005-12-31": "3.47320", "2005-09-30": "3.36280", "2005-06-30": "3.80670", "2005-03-31": "3.97610"}, "Book Value Per Share": {"2020-09-30": "36.22510", "2020-06-30": "35.24900", "2020-03-31": "34.66600", "2019-12-31": "34.45570", "2019-09-30": "33.54220", "2019-06-30": "32.52970", "2019-03-31": "31.55940", "2018-12-31": "30.51840", "2018-09-30": "29.28920", "2018-06-30": "28.39300", "2018-03-31": "27.46370", "2017-12-31": "26.58000", "2017-09-30": "26.17030", "2017-06-30": "25.40220", "2017-03-31": "24.68440", "2016-12-31": "23.77620", "2016-09-30": "23.43710", "2016-06-30": "22.87900", "2016-03-31": "22.32880", "2015-12-31": "21.70090", "2015-09-30": "21.34650", "2015-06-30": "20.88960", "2015-03-31": "20.43350", "2014-12-31": "19.89190", "2014-09-30": "19.30260", "2014-06-30": "18.83700", "2014-03-31": "18.30410", "2013-12-31": "17.17800", "2013-09-30": "16.78450", "2013-06-30": "16.39700", "2013-03-31": "17.15590", "2012-12-31": "16.97950", "2012-09-30": "16.52310", "2012-06-30": "16.08840", "2012-03-31": "15.76090", "2011-12-31": "15.48100", "2011-09-30": "15.17950", "2011-06-30": "14.98700", "2011-03-31": "14.51790", "2010-12-31": "14.23110", "2010-09-30": "16.11520", "2010-06-30": "15.81030", "2010-03-31": "15.58940", "2009-12-31": "20.77660", "2009-09-30": "16.59630", "2009-06-30": "23.06300", "2009-03-31": "24.00310", "2008-12-31": "24.32730", "2008-09-30": "19.88090", "2008-06-30": "20.05420", "2008-03-31": "17.42190", "2007-12-31": "18.56000", "2007-09-30": "18.53180", "2007-06-30": "17.34110", "2007-03-31": "17.03190", "2006-12-31": "16.59410", "2006-09-30": "16.03360", "2006-06-30": "15.40870", "2006-03-31": "14.90910", "2005-12-31": "12.98920", "2005-09-30": "12.42780", "2005-06-30": "10.59900", "2005-03-31": "10.14880"}, "Operating Cash Flow Per Share": {"2020-09-30": 1.1214, "2020-06-30": 1.279, "2020-03-31": "0.63120", "2019-12-31": 2.3715, "2019-09-30": 0.6767, "2019-06-30": 1.0314, "2019-03-31": "0.95420", "2018-12-31": 1.299, "2018-09-30": 1.7664, "2018-06-30": 1.4839, "2018-03-31": "1.49280", "2017-12-31": 0.2308, "2017-09-30": 1.9611, "2017-06-30": 1.3497, "2017-03-31": "1.27820", "2016-12-31": 1.6034, "2016-09-30": 1.0053, "2016-06-30": 0.6024, "2016-03-31": "1.26760", "2015-12-31": 0.334, "2015-09-30": 0.9122, "2015-06-30": 1.1338, "2015-03-31": "0.86970", "2014-12-31": 1.0454, "2014-09-30": 1.3607, "2014-06-30": -0.005, "2014-03-31": "0.33570", "2013-12-31": 0.9317, "2013-09-30": 0.9748, "2013-06-30": 0.5843, "2013-03-31": "0.56020", "2012-12-31": 0.6173, "2012-09-30": 0.9068, "2012-06-30": -0.2133, "2012-03-31": "0.64280", "2011-12-31": 0.3639, "2011-09-30": -0.9171, "2011-06-30": 1.1844, "2011-03-31": "1.03250", "2010-12-31": 1.2409, "2010-09-30": 1.1968, "2010-06-30": 1.6925, "2010-03-31": "1.77860", "2009-12-31": -0.339, "2009-09-30": -0.387, "2009-06-30": 1.9326, "2009-03-31": "0.63050", "2008-12-31": 0.6083, "2008-09-30": 0.6618, "2008-06-30": 0.4811, "2008-03-31": "1.15950", "2007-12-31": 1.0193, "2007-09-30": 1.5963, "2007-06-30": 0.1043, "2007-03-31": "0.88810", "2006-12-31": 0.7518, "2006-09-30": 0.2936, "2006-06-30": 0.4995, "2006-03-31": "0.46380", "2005-12-31": 0.7271, "2005-09-30": 0.9939, "2005-06-30": 0.288, "2005-03-31": "0.61110"}, "Free Cash Flow Per Share": {"2020-09-30": 1.1185, "2020-06-30": 1.2855, "2020-03-31": "0.62490", "2019-12-31": 2.365, "2019-09-30": 0.6487, "2019-06-30": 1.024, "2019-03-31": "0.93140", "2018-12-31": 1.2803, "2018-09-30": 1.7541, "2018-06-30": 1.4439, "2018-03-31": "1.48070", "2017-12-31": 0.2415, "2017-09-30": 1.9151, "2017-06-30": 1.3235, "2017-03-31": "2.06620", "2016-12-31": 1.5912, "2016-09-30": 0.9843, "2016-06-30": 0.6235, "2016-03-31": "1.25200", "2015-12-31": 0.338, "2015-09-30": 0.9006, "2015-06-30": 1.1454, "2015-03-31": "0.86970", "2014-12-31": 1.0454, "2014-09-30": 1.3607, "2014-06-30": -0.005, "2014-03-31": "0.33570", "2013-12-31": 0.9366, "2013-09-30": 0.4136, "2013-06-30": 0.5094, "2013-03-31": "0.56020", "2012-12-31": 0.716, "2012-09-30": 0.8898, "2012-06-30": -0.2363, "2012-03-31": "0.64280", "2011-12-31": 0.3442, "2011-09-30": -0.9509, "2011-06-30": 1.2295, "2011-03-31": "1.03250", "2010-12-31": 1.2351, "2010-09-30": 1.1447, "2010-06-30": 1.6768, "2010-03-31": "1.23480", "2009-12-31": -0.336, "2009-09-30": -0.3862, "2009-06-30": 1.93, "2009-03-31": "0.62740", "2008-12-31": 0.6, "2008-09-30": 0.6404, "2008-06-30": 0.4774, "2008-03-31": "1.13530", "2007-12-31": 1.0011, "2007-09-30": 1.5976, "2007-06-30": 0.0957, "2007-03-31": "0.82940", "2006-12-31": 0.7139, "2006-09-30": 0.2652, "2006-06-30": 0.4772, "2006-03-31": "0.41020", "2005-12-31": 0.5676, "2005-09-30": 0.9592, "2005-06-30": 0.2747, "2005-03-31": "0.59030"}}, "revenue": {"East West Bancorp Annual Revenue (Millions of US $)": {"2020": "$1,831", "2019": "$2,092", "2018": "$1,863", "2017": "$1,583", "2016": "$1,320", "2015": "$1,237", "2014": "$1,142", "2013": "$976", "2012": "$1,045", "2011": "$1,091", "2010": "$1,135", "2009": "$1,114", "2008": "$640", "2007": "$823", "2006": "$694", "2005": "$441"}, "East West Bancorp Quarterly Revenue (Millions of US $)": {"2020-12-31": "$451", "2020-09-30": "$415", "2020-06-30": "$457", "2020-03-31": "$503", "2019-12-31": "$530", "2019-09-30": "$528", "2019-06-30": "$528", "2019-03-31": "$505", "2018-12-31": "$499", "2018-09-30": "$469", "2018-06-30": "$449", "2018-03-31": "$446", "2017-12-31": "$405", "2017-09-30": "$389", "2017-06-30": "$370", "2017-03-31": "$418", "2016-12-31": "$350", "2016-09-30": "$330", "2016-06-30": "$323", "2016-03-31": "$317", "2015-12-31": "$315", "2015-09-30": "$319", "2015-06-30": "$296", "2015-03-31": "$307", "2014-12-31": "$295", "2014-09-30": "$296", "2014-06-30": "$279", "2014-03-31": "$271", "2013-12-31": "$257", "2013-09-30": "$240", "2013-06-30": "$243", "2013-03-31": "$236", "2012-12-31": "$258", "2012-09-30": "$257", "2012-06-30": "$255", "2012-03-31": "$276", "2011-12-31": "$270", "2011-09-30": "$269", "2011-06-30": "$287", "2011-03-31": "$265", "2010-12-31": "$275", "2010-09-30": "$261", "2010-06-30": "$289", "2010-03-31": "$310", "2009-12-31": "$699", "2009-09-30": "$136", "2009-06-30": "$120", "2009-03-31": "$159", "2008-12-31": "$149", "2008-09-30": "$116", "2008-06-30": "$171", "2008-03-31": "$203", "2007-12-31": "$214", "2007-09-30": "$212", "2007-06-30": "$198", "2007-03-31": "$199", "2006-12-31": "$195", "2006-09-30": "$185", "2006-06-30": "$167", "2006-03-31": "$146", "2005-12-31": "$134", "2005-09-30": "$114", "2005-06-30": "$102", "2005-03-31": "$91"}}, "gross-profit": {"East West Bancorp Annual Gross Profit (Millions of US $)": {"2020": "$1,613", "2019": "$1,677", "2018": "$1,597", "2017": "$1,443", "2016": "$1,215", "2015": "$1,134", "2014": "$1,029", "2013": "$864", "2012": "$913", "2011": "$914", "2010": "$934", "2009": "$877", "2008": "$330", "2007": "$458", "2006": "$401", "2005": "$310"}, "East West Bancorp Quarterly Gross Profit (Millions of US $)": {"2020-12-31": "$416", "2020-09-30": "$374", "2020-06-30": "$402", "2020-03-31": "$417", "2019-12-31": "$431", "2019-09-30": "$421", "2019-06-30": "$420", "2019-03-31": "$405", "2018-12-31": "$411", "2018-09-30": "$395", "2018-06-30": "$390", "2018-03-31": "$401", "2017-12-31": "$365", "2017-09-30": "$353", "2017-06-30": "$337", "2017-03-31": "$388", "2016-12-31": "$321", "2016-09-30": "$303", "2016-06-30": "$298", "2016-03-31": "$293", "2015-12-31": "$291", "2015-09-30": "$294", "2015-06-30": "$268", "2015-03-31": "$280", "2014-12-31": "$267", "2014-09-30": "$267", "2014-06-30": "$252", "2014-03-31": "$243", "2013-12-31": "$228", "2013-09-30": "$213", "2013-06-30": "$215", "2013-03-31": "$207", "2012-12-31": "$226", "2012-09-30": "$225", "2012-06-30": "$222", "2012-03-31": "$241", "2011-12-31": "$230", "2011-09-30": "$224", "2011-06-30": "$240", "2011-03-31": "$220", "2010-12-31": "$229", "2010-09-30": "$212", "2010-06-30": "$239", "2010-03-31": "$253", "2009-12-31": "$637", "2009-09-30": "$84", "2009-06-30": "$62", "2009-03-31": "$93", "2008-12-31": "$76", "2008-09-30": "$43", "2008-06-30": "$96", "2008-03-31": "$116", "2007-12-31": "$119", "2007-09-30": "$117", "2007-06-30": "$110", "2007-03-31": "$111", "2006-12-31": "$106", "2006-09-30": "$104", "2006-06-30": "$100", "2006-03-31": "$92", "2005-12-31": "$89", "2005-09-30": "$79", "2005-06-30": "$73", "2005-03-31": "$69"}}, "operating-income": {"East West Bancorp Annual Operating Income (Millions of US $)": {"2020": "$686", "2019": "$844", "2018": "$819", "2017": "$735", "2016": "$572", "2015": "$579", "2014": "$447", "2013": "$447", "2012": "$426", "2011": "$383", "2010": "$256", "2009": "$105", "2008": "$-97", "2007": "$262", "2006": "$234", "2005": "$170"}, "East West Bancorp Quarterly Operating Income (Millions of US $)": {"2020-12-31": "$213", "2020-09-30": "$196", "2020-06-30": "$112", "2020-03-31": "$164", "2019-12-31": "$219", "2019-09-30": "$206", "2019-06-30": "$223", "2019-03-31": "$195", "2018-12-31": "$205", "2018-09-30": "$205", "2018-06-30": "$197", "2018-03-31": "$212", "2017-12-31": "$174", "2017-09-30": "$175", "2017-06-30": "$158", "2017-03-31": "$228", "2016-12-31": "$161", "2016-09-30": "$123", "2016-06-30": "$143", "2016-03-31": "$145", "2015-12-31": "$156", "2015-09-30": "$139", "2015-06-30": "$144", "2015-03-31": "$147", "2014-12-31": "$123", "2014-09-30": "$85", "2014-06-30": "$123", "2014-03-31": "$116", "2013-12-31": "$119", "2013-09-30": "$109", "2013-06-30": "$112", "2013-03-31": "$107", "2012-12-31": "$131", "2012-09-30": "$105", "2012-06-30": "$104", "2012-03-31": "$108", "2011-12-31": "$103", "2011-09-30": "$98", "2011-06-30": "$96", "2011-03-31": "$87", "2010-12-31": "$86", "2010-09-30": "$74", "2010-06-30": "$59", "2010-03-31": "$38", "2009-12-31": "$409", "2009-09-30": "$-121", "2009-06-30": "$-147", "2009-03-31": "$-36", "2008-12-31": "$-11", "2008-09-30": "$-49", "2008-06-30": "$-45", "2008-03-31": "$8", "2007-12-31": "$59", "2007-09-30": "$68", "2007-06-30": "$66", "2007-03-31": "$69", "2006-12-31": "$64", "2006-09-30": "$58", "2006-06-30": "$60", "2006-03-31": "$52", "2005-12-31": "$49", "2005-09-30": "$45", "2005-06-30": "$40", "2005-03-31": "$37"}}, "ebitda": {"East West Bancorp Annual EBITDA (Millions of US $)": {"2019": "$", "2018": "$", "2017": "$", "2016": "$", "2015": "$", "2014": "$", "2013": "$", "2012": "$", "2011": "$", "2010": "$", "2009": "$", "2008": "$", "2007": "$", "2006": "$", "2005": "$"}, "East West Bancorp Quarterly EBITDA (Millions of US $)": {"2020-09-30": "", "2020-06-30": "", "2020-03-31": "", "2019-12-31": "", "2019-09-30": "", "2019-06-30": "", "2019-03-31": "", "2018-12-31": "", "2018-09-30": "", "2018-06-30": "", "2018-03-31": "", "2017-12-31": "", "2017-09-30": "", "2017-06-30": "", "2017-03-31": "", "2016-12-31": "", "2016-09-30": "", "2016-06-30": "", "2016-03-31": "", "2015-12-31": "", "2015-09-30": "", "2015-06-30": "", "2015-03-31": "", "2014-12-31": "", "2014-09-30": "", "2014-06-30": "", "2014-03-31": "", "2013-12-31": "", "2013-09-30": "", "2013-06-30": "", "2013-03-31": "", "2012-12-31": "", "2012-09-30": "", "2012-06-30": "", "2012-03-31": "", "2011-12-31": "", "2011-09-30": "", "2011-06-30": "", "2011-03-31": "", "2010-12-31": "", "2010-09-30": "", "2010-06-30": "", "2010-03-31": "", "2009-12-31": "", "2009-09-30": "", "2009-06-30": "", "2009-03-31": "", "2008-12-31": "", "2008-09-30": "", "2008-06-30": "", "2008-03-31": "", "2007-12-31": "", "2007-09-30": "", "2007-06-30": "", "2007-03-31": "", "2006-12-31": "", "2006-09-30": "", "2006-06-30": "", "2006-03-31": "", "2005-12-31": "", "2005-09-30": "", "2005-06-30": "", "2005-03-31": ""}}, "net-income": {"East West Bancorp Annual Net Income (Millions of US $)": {"2020": "$568", "2019": "$674", "2018": "$704", "2017": "$506", "2016": "$432", "2015": "$385", "2014": "$345", "2013": "$288", "2012": "$275", "2011": "$238", "2010": "$121", "2009": "$28", "2008": "$-59", "2007": "$161", "2006": "$143", "2005": "$108"}, "East West Bancorp Quarterly Net Income (Millions of US $)": {"2020-12-31": "$164", "2020-09-30": "$160", "2020-06-30": "$99", "2020-03-31": "$145", "2019-12-31": "$188", "2019-09-30": "$171", "2019-06-30": "$150", "2019-03-31": "$164", "2018-12-31": "$173", "2018-09-30": "$171", "2018-06-30": "$172", "2018-03-31": "$187", "2017-12-31": "$85", "2017-09-30": "$133", "2017-06-30": "$118", "2017-03-31": "$170", "2016-12-31": "$111", "2016-09-30": "$110", "2016-06-30": "$103", "2016-03-31": "$108", "2015-12-31": "$92", "2015-09-30": "$94", "2015-06-30": "$99", "2015-03-31": "$100", "2014-12-31": "$95", "2014-09-30": "$92", "2014-06-30": "$84", "2014-03-31": "$74", "2013-12-31": "$72", "2013-09-30": "$73", "2013-06-30": "$72", "2013-03-31": "$70", "2012-12-31": "$71", "2012-09-30": "$69", "2012-06-30": "$68", "2012-03-31": "$66", "2011-12-31": "$64", "2011-09-30": "$61", "2011-06-30": "$59", "2011-03-31": "$54", "2010-12-31": "$32", "2010-09-30": "$40", "2010-06-30": "$30", "2010-03-31": "$19", "2009-12-31": "$254", "2009-09-30": "$-79", "2009-06-30": "$-116", "2009-03-31": "$-31", "2008-12-31": "$-3", "2008-09-30": "$-35", "2008-06-30": "$-26", "2008-03-31": "$5", "2007-12-31": "$37", "2007-09-30": "$41", "2007-06-30": "$40", "2007-03-31": "$42", "2006-12-31": "$39", "2006-09-30": "$36", "2006-06-30": "$37", "2006-03-31": "$32", "2005-12-31": "$31", "2005-09-30": "$29", "2005-06-30": "$25", "2005-03-31": "$24"}}, "eps-earnings-per-share-diluted": {"East West Bancorp Annual EPS": {"2020": "$3.97", "2019": "$4.61", "2018": "$4.81", "2017": "$3.47", "2016": "$2.97", "2015": "$2.66", "2014": "$2.41", "2013": "$2.09", "2012": "$1.89", "2011": "$1.60", "2010": "$0.83", "2009": "$0.33", "2008": "$-0.94", "2007": "$2.60", "2006": "$2.35", "2005": "$1.97"}, "East West Bancorp Quarterly EPS": {"2020-12-31": "$1.15", "2020-09-30": "$1.12", "2020-06-30": "$0.70", "2020-03-31": "$1.00", "2019-12-31": "$1.29", "2019-09-30": "$1.17", "2019-06-30": "$1.03", "2019-03-31": "$1.12", "2018-12-31": "$1.18", "2018-09-30": "$1.17", "2018-06-30": "$1.18", "2018-03-31": "$1.28", "2017-12-31": "$0.59", "2017-09-30": "$0.91", "2017-06-30": "$0.81", "2017-03-31": "$1.16", "2016-12-31": "$0.76", "2016-09-30": "$0.76", "2016-06-30": "$0.71", "2016-03-31": "$0.74", "2015-12-31": "$0.64", "2015-09-30": "$0.65", "2015-06-30": "$0.68", "2015-03-31": "$0.69", "2014-12-31": "$0.66", "2014-09-30": "$0.64", "2014-06-30": "$0.59", "2014-03-31": "$0.52", "2013-12-31": "$0.54", "2013-09-30": "$0.53", "2013-06-30": "$0.52", "2013-03-31": "$0.50", "2012-12-31": "$0.49", "2012-09-30": "$0.48", "2012-06-30": "$0.47", "2012-03-31": "$0.45", "2011-12-31": "$0.43", "2011-09-30": "$0.41", "2011-06-30": "$0.39", "2011-03-31": "$0.37", "2010-12-31": "$0.22", "2010-09-30": "$0.27", "2010-06-30": "$0.21", "2010-03-31": "$0.13", "2009-12-31": "$3.57", "2009-09-30": "$-0.91", "2009-06-30": "$-1.83", "2009-03-31": "$-0.50", "2008-12-31": "$-0.05", "2008-09-30": "$-0.56", "2008-06-30": "$-0.41", "2008-03-31": "$0.08", "2007-12-31": "$0.59", "2007-09-30": "$0.67", "2007-06-30": "$0.66", "2007-03-31": "$0.68", "2006-12-31": "$0.63", "2006-09-30": "$0.58", "2006-06-30": "$0.59", "2006-03-31": "$0.55", "2005-12-31": "$0.54", "2005-09-30": "$0.52", "2005-06-30": "$0.47", "2005-03-31": "$0.44"}}, "shares-outstanding": {"East West Bancorp Annual Shares Outstanding (Millions of Shares)": {"2020": "143", "2019": "146", "2018": "146", "2017": "146", "2016": "145", "2015": "145", "2014": "144", "2013": "140", "2012": "147", "2011": "153", "2010": "147", "2009": "85", "2008": "63", "2007": "62", "2006": "61", "2005": "55"}, "East West Bancorp Quarterly Shares Outstanding (Millions of Shares)": {"2020-12-31": "143", "2020-09-30": "142", "2020-06-30": "142", "2020-03-31": "145", "2019-12-31": "146", "2019-09-30": "146", "2019-06-30": "146", "2019-03-31": "146", "2018-12-31": "146", "2018-09-30": "146", "2018-06-30": "146", "2018-03-31": "146", "2017-12-31": "146", "2017-09-30": "146", "2017-06-30": "146", "2017-03-31": "146", "2016-12-31": "145", "2016-09-30": "145", "2016-06-30": "145", "2016-03-31": "145", "2015-12-31": "145", "2015-09-30": "145", "2015-06-30": "144", "2015-03-31": "144", "2014-12-31": "144", "2014-09-30": "144", "2014-06-30": "144", "2014-03-31": "143", "2013-12-31": "140", "2013-09-30": "137", "2013-06-30": "138", "2013-03-31": "144", "2012-12-31": "147", "2012-09-30": "145", "2012-06-30": "148", "2012-03-31": "152", "2011-12-31": "153", "2011-09-30": "153", "2011-06-30": "153", "2011-03-31": "153", "2010-12-31": "147", "2010-09-30": "147", "2010-06-30": "147", "2010-03-31": "147", "2009-12-31": "85", "2009-09-30": "87", "2009-06-30": "63", "2009-03-31": "63", "2008-12-31": "63", "2008-09-30": "63", "2008-06-30": "63", "2008-03-31": "63", "2007-12-31": "62", "2007-09-30": "62", "2007-06-30": "61", "2007-03-31": "62", "2006-12-31": "61", "2006-09-30": "62", "2006-06-30": "62", "2006-03-31": "58", "2005-12-31": "55", "2005-09-30": "55", "2005-06-30": "54", "2005-03-31": "54"}}, "total-assets": {"East West Bancorp Annual Total Assets (Millions of US $)": {"2019": "$44,196", "2018": "$41,042", "2017": "$37,122", "2016": "$34,789", "2015": "$32,351", "2014": "$28,744", "2013": "$24,730", "2012": "$22,536", "2011": "$21,969", "2010": "$20,701", "2009": "$20,559", "2008": "$12,423", "2007": "$11,852", "2006": "$10,824", "2005": "$8,278"}, "East West Bancorp Quarterly Total Assets (Millions of US $)": {"2020-09-30": "$50,371", "2020-06-30": "$49,408", "2020-03-31": "$45,949", "2019-12-31": "$44,196", "2019-09-30": "$43,275", "2019-06-30": "$42,892", "2019-03-31": "$42,091", "2018-12-31": "$41,042", "2018-09-30": "$39,073", "2018-06-30": "$38,073", "2018-03-31": "$37,693", "2017-12-31": "$37,122", "2017-09-30": "$36,308", "2017-06-30": "$35,918", "2017-03-31": "$35,342", "2016-12-31": "$34,789", "2016-09-30": "$33,255", "2016-06-30": "$32,952", "2016-03-31": "$33,109", "2015-12-31": "$32,351", "2015-09-30": "$31,120", "2015-06-30": "$30,064", "2015-03-31": "$29,907", "2014-12-31": "$28,744", "2014-09-30": "$28,481", "2014-06-30": "$27,557", "2014-03-31": "$27,401", "2013-12-31": "$24,730", "2013-09-30": "$24,499", "2013-06-30": "$23,308", "2013-03-31": "$23,102", "2012-12-31": "$22,536", "2012-09-30": "$21,813", "2012-06-30": "$21,526", "2012-03-31": "$21,750", "2011-12-31": "$21,969", "2011-09-30": "$21,813", "2011-06-30": "$21,873", "2011-03-31": "$21,147", "2010-12-31": "$20,701", "2010-09-30": "$20,417", "2010-06-30": "$19,967", "2010-03-31": "$20,299", "2009-12-31": "$20,559", "2009-09-30": "$12,486", "2009-06-30": "$12,720", "2009-03-31": "$12,565", "2008-12-31": "$12,423", "2008-09-30": "$11,722", "2008-06-30": "$11,785", "2008-03-31": "$11,760", "2007-12-31": "$11,852", "2007-09-30": "$11,640", "2007-06-30": "$10,829", "2007-03-31": "$10,655", "2006-12-31": "$10,824", "2006-09-30": "$10,812", "2006-06-30": "$10,018", "2006-03-31": "$9,281", "2005-12-31": "$8,278", "2005-09-30": "$7,938", "2005-06-30": "$6,702", "2005-03-31": "$6,371"}}, "cash-on-hand": {"East West Bancorp Annual Cash on Hand (Millions of US $)": {"2019": "$4,317", "2018": "$4,407", "2017": "$3,623", "2016": "$4,202", "2015": "$3,261", "2014": "$2,604", "2013": "$2,453", "2012": "$3,139", "2011": "$2,279", "2010": "$1,978", "2009": "$1,573", "2008": "$1,157", "2007": "$310", "2006": "$293", "2005": "$201"}, "East West Bancorp Quarterly Cash on Hand (Millions of US $)": {"2020-09-30": "$6,416", "2020-06-30": "$6,325", "2020-03-31": "$4,234", "2019-12-31": "$4,317", "2019-09-30": "$4,063", "2019-06-30": "$4,782", "2019-03-31": "$4,954", "2018-12-31": "$4,407", "2018-09-30": "$3,655", "2018-06-30": "$3,633", "2018-03-31": "$3,844", "2017-12-31": "$3,623", "2017-09-30": "$3,392", "2017-06-30": "$4,349", "2017-03-31": "$4,334", "2016-12-31": "$4,202", "2016-09-30": "$3,474", "2016-06-30": "$3,673", "2016-03-31": "$4,371", "2015-12-31": "$3,261", "2015-09-30": "$3,534", "2015-06-30": "$3,253", "2015-03-31": "$3,762", "2014-12-31": "$2,604", "2014-09-30": "$2,927", "2014-06-30": "$2,807", "2014-03-31": "$3,408", "2013-12-31": "$2,453", "2013-09-30": "$2,915", "2013-06-30": "$2,831", "2013-03-31": "$3,516", "2012-12-31": "$3,139", "2012-09-30": "$3,283", "2012-06-30": "$3,389", "2012-03-31": "$2,493", "2011-12-31": "$2,279", "2011-09-30": "$2,154", "2011-06-30": "$2,496", "2011-03-31": "$2,402", "2010-12-31": "$1,978", "2010-09-30": "$1,666", "2010-06-30": "$1,863", "2010-03-31": "$2,018", "2009-12-31": "$1,573", "2009-09-30": "$989", "2009-06-30": "$1,202", "2009-03-31": "$920", "2008-12-31": "$1,157", "2008-09-30": "$578", "2008-06-30": "$475", "2008-03-31": "$315", "2007-12-31": "$310", "2007-09-30": "$317", "2007-06-30": "$391", "2007-03-31": "$347", "2006-12-31": "$293", "2006-09-30": "$272", "2006-06-30": "$238", "2006-03-31": "$235", "2005-12-31": "$201", "2005-09-30": "$187", "2005-06-30": "$117", "2005-03-31": "$105"}}, "long-term-debt": {"East West Bancorp Annual Long Term Debt (Millions of US $)": {"2019": "$898", "2018": "$473", "2017": "$495", "2016": "$508", "2015": "$1,226", "2014": "$543", "2013": "$542", "2012": "$470", "2011": "$667", "2010": "$1,450", "2009": "$2,041", "2008": "$1,589", "2007": "$2,044", "2006": "$1,321", "2005": "$771"}, "East West Bancorp Quarterly Long Term Debt (Millions of US $)": {"2020-09-30": "$2,237", "2020-06-30": "$2,237", "2020-03-31": "$798", "2019-12-31": "$898", "2019-09-30": "$898", "2019-06-30": "$898", "2019-03-31": "$497", "2018-12-31": "$473", "2018-09-30": "$482", "2018-06-30": "$487", "2018-03-31": "$491", "2017-12-31": "$495", "2017-09-30": "$500", "2017-06-30": "$499", "2017-03-31": "$504", "2016-12-31": "$508", "2016-09-30": "$512", "2016-06-30": "$517", "2016-03-31": "$521", "2015-12-31": "$1,226", "2015-09-30": "$530", "2015-06-30": "$534", "2015-03-31": "$539", "2014-12-31": "$543", "2014-09-30": "$547", "2014-06-30": "$552", "2014-03-31": "$556", "2013-12-31": "$542", "2013-09-30": "$502", "2013-06-30": "$451", "2013-03-31": "$451", "2012-12-31": "$470", "2012-09-30": "$500", "2012-06-30": "$575", "2012-03-31": "$607", "2011-12-31": "$667", "2011-09-30": "$671", "2011-06-30": "$758", "2011-03-31": "$1,029", "2010-12-31": "$1,450", "2010-09-30": "$1,254", "2010-06-30": "$1,258", "2010-03-31": "$2,005", "2009-12-31": "$2,041", "2009-09-30": "$1,159", "2009-06-30": "$1,409", "2009-03-31": "$1,469", "2008-12-31": "$1,589", "2008-09-30": "$1,774", "2008-06-30": "$1,779", "2008-03-31": "$1,889", "2007-12-31": "$2,044", "2007-09-30": "$1,689", "2007-06-30": "$1,370", "2007-03-31": "$1,072", "2006-12-31": "$1,321", "2006-09-30": "$1,684", "2006-06-30": "$1,026", "2006-03-31": "$923", "2005-12-31": "$771", "2005-09-30": "$636", "2005-06-30": "$961", "2005-03-31": "$983"}}, "total-liabilities": {"East West Bancorp Annual Total Liabilities (Millions of US $)": {"2019": "$39,178", "2018": "$36,618", "2017": "$33,280", "2016": "$31,361", "2015": "$29,228", "2014": "$25,887", "2013": "$22,366", "2012": "$20,154", "2011": "$19,657", "2010": "$18,587", "2009": "$18,275", "2008": "$10,872", "2007": "$10,680", "2006": "$9,804", "2005": "$7,544"}, "East West Bancorp Quarterly Total Liabilities (Millions of US $)": {"2020-09-30": "$45,245", "2020-06-30": "$44,420", "2020-03-31": "$41,046", "2019-12-31": "$39,178", "2019-09-30": "$38,392", "2019-06-30": "$38,158", "2019-03-31": "$37,500", "2018-12-31": "$36,618", "2018-09-30": "$34,828", "2018-06-30": "$33,959", "2018-03-31": "$33,714", "2017-12-31": "$33,280", "2017-09-30": "$32,526", "2017-06-30": "$32,247", "2017-03-31": "$31,776", "2016-12-31": "$31,361", "2016-09-30": "$29,877", "2016-06-30": "$29,655", "2016-03-31": "$29,892", "2015-12-31": "$29,228", "2015-09-30": "$28,049", "2015-06-30": "$27,059", "2015-03-31": "$26,968", "2014-12-31": "$25,887", "2014-09-30": "$25,713", "2014-06-30": "$24,856", "2014-03-31": "$24,777", "2013-12-31": "$22,366", "2013-09-30": "$22,187", "2013-06-30": "$21,050", "2013-03-31": "$20,759", "2012-12-31": "$20,154", "2012-09-30": "$19,495", "2012-06-30": "$19,231", "2012-03-31": "$19,466", "2011-12-31": "$19,657", "2011-09-30": "$19,552", "2011-06-30": "$19,643", "2011-03-31": "$18,989", "2010-12-31": "$18,587", "2010-09-30": "$18,032", "2010-06-30": "$17,628", "2010-03-31": "$17,993", "2009-12-31": "$18,275", "2009-09-30": "$10,964", "2009-06-30": "$11,243", "2009-03-31": "$11,029", "2008-12-31": "$10,872", "2008-09-30": "$10,457", "2008-06-30": "$10,513", "2008-03-31": "$10,656", "2007-12-31": "$10,680", "2007-09-30": "$10,474", "2007-06-30": "$9,774", "2007-03-31": "$9,617", "2006-12-31": "$9,804", "2006-09-30": "$9,831", "2006-06-30": "$9,081", "2006-03-31": "$8,377", "2005-12-31": "$7,544", "2005-09-30": "$7,242", "2005-06-30": "$6,140", "2005-03-31": "$5,837"}}, "total-share-holder-equity": {"East West Bancorp Annual Share Holder Equity (Millions of US $)": {"2019": "$5,018", "2018": "$4,424", "2017": "$3,842", "2016": "$3,428", "2015": "$3,123", "2014": "$2,856", "2013": "$2,364", "2012": "$2,382", "2011": "$2,312", "2010": "$2,114", "2009": "$2,285", "2008": "$1,551", "2007": "$1,172", "2006": "$1,019", "2005": "$734"}, "East West Bancorp Quarterly Share Holder Equity (Millions of US $)": {"2020-09-30": "$5,126", "2020-06-30": "$4,987", "2020-03-31": "$4,903", "2019-12-31": "$5,018", "2019-09-30": "$4,883", "2019-06-30": "$4,735", "2019-03-31": "$4,592", "2018-12-31": "$4,424", "2018-09-30": "$4,245", "2018-06-30": "$4,114", "2018-03-31": "$3,979", "2017-12-31": "$3,842", "2017-09-30": "$3,782", "2017-06-30": "$3,670", "2017-03-31": "$3,566", "2016-12-31": "$3,428", "2016-09-30": "$3,378", "2016-06-30": "$3,297", "2016-03-31": "$3,217", "2015-12-31": "$3,123", "2015-09-30": "$3,071", "2015-06-30": "$3,005", "2015-03-31": "$2,939", "2014-12-31": "$2,856", "2014-09-30": "$2,768", "2014-06-30": "$2,701", "2014-03-31": "$2,624", "2013-12-31": "$2,364", "2013-09-30": "$2,312", "2013-06-30": "$2,258", "2013-03-31": "$2,343", "2012-12-31": "$2,382", "2012-09-30": "$2,318", "2012-06-30": "$2,295", "2012-03-31": "$2,283", "2011-12-31": "$2,312", "2011-09-30": "$2,261", "2011-06-30": "$2,229", "2011-03-31": "$2,158", "2010-12-31": "$2,114", "2010-09-30": "$2,385", "2010-06-30": "$2,339", "2010-03-31": "$2,306", "2009-12-31": "$2,285", "2009-09-30": "$1,522", "2009-06-30": "$1,477", "2009-03-31": "$1,535", "2008-12-31": "$1,551", "2008-09-30": "$1,265", "2008-06-30": "$1,272", "2008-03-31": "$1,104", "2007-12-31": "$1,172", "2007-09-30": "$1,167", "2007-06-30": "$1,055", "2007-03-31": "$1,038", "2006-12-31": "$1,019", "2006-09-30": "$981", "2006-06-30": "$938", "2006-03-31": "$904", "2005-12-31": "$734", "2005-09-30": "$697", "2005-06-30": "$561", "2005-03-31": "$534"}}, "profit-margins": {"current": "31.08%"}, "gross margin": {"2020-12-31": "88.12%", "2020-09-30": "85.25%", "2020-06-30": "82.80%", "2020-03-31": "80.85%", "2019-12-31": "80.20%", "2019-09-30": "80.44%", "2019-06-30": "81.51%", "2019-03-31": "83.30%", "2018-12-31": "85.72%", "2018-09-30": "87.68%", "2018-06-30": "89.34%", "2018-03-31": "90.43%", "2017-12-31": "91.21%", "2017-09-30": "91.62%", "2017-06-30": "91.89%", "2017-03-31": "92.19%", "2016-12-31": "92.05%", "2016-09-30": "92.22%", "2016-06-30": "92.31%", "2016-03-31": "91.90%", "2015-12-31": "91.59%", "2015-09-30": "91.13%", "2015-06-30": "90.62%", "2015-03-31": "90.57%", "2014-12-31": "90.18%", "2014-09-30": "89.76%", "2014-06-30": "89.40%", "2014-03-31": "88.92%", "2013-12-31": "88.42%", "2013-09-30": "88.13%", "2013-06-30": "87.83%", "2013-03-31": "87.48%", "2012-12-31": "87.38%", "2012-09-30": "86.77%", "2012-06-30": "85.70%", "2012-03-31": "84.85%", "2011-12-31": "83.78%", "2011-09-30": "83.30%", "2011-06-30": "82.81%", "2011-03-31": "82.57%", "2010-12-31": "82.20%", "2010-09-30": "86.02%", "2010-06-30": "84.59%", "2010-03-31": "81.90%", "2009-12-31": "78.64%", "2009-09-30": "55.85%", "2009-06-30": "50.37%", "2009-03-31": "51.76%", "2008-12-31": "51.80%", "2008-09-30": "53.13%", "2008-06-30": "56.00%", "2008-03-31": "55.86%", "2007-12-31": "55.53%", "2007-09-30": "55.22%", "2007-06-30": "55.47%", "2007-03-31": "56.43%", "2006-12-31": "58.01%", "2006-09-30": "60.92%", "2006-06-30": "64.17%", "2006-03-31": "67.14%", "2005-12-31": "70.29%"}, "operating margin": {"2020-12-31": "37.51%", "2020-09-30": "36.27%", "2020-06-30": "34.74%", "2020-03-31": "38.87%", "2019-12-31": "40.32%", "2019-09-30": "40.24%", "2019-06-30": "41.38%", "2019-03-31": "41.73%", "2018-12-31": "43.96%", "2018-09-30": "44.54%", "2018-06-30": "44.88%", "2018-03-31": "44.66%", "2017-12-31": "46.46%", "2017-09-30": "47.28%", "2017-06-30": "45.64%", "2017-03-31": "46.09%", "2016-12-31": "43.33%", "2016-09-30": "44.12%", "2016-06-30": "45.76%", "2016-03-31": "46.83%", "2015-12-31": "47.37%", "2015-09-30": "45.44%", "2015-06-30": "41.79%", "2015-03-31": "40.61%", "2014-12-31": "39.18%", "2014-09-30": "40.16%", "2014-06-30": "44.60%", "2014-03-31": "45.10%", "2013-12-31": "45.80%", "2013-09-30": "46.98%", "2013-06-30": "45.77%", "2013-03-31": "44.43%", "2012-12-31": "42.83%", "2012-09-30": "39.70%", "2012-06-30": "38.60%", "2012-03-31": "36.75%", "2011-12-31": "35.20%", "2011-09-30": "33.49%", "2011-06-30": "31.53%", "2011-03-31": "28.07%", "2010-12-31": "22.64%", "2010-09-30": "37.20%", "2010-06-30": "26.85%", "2010-03-31": "14.15%", "2009-12-31": "9.43%", "2009-09-30": "-55.85%", "2009-06-30": "-44.67%", "2009-03-31": "-23.70%", "2008-12-31": "-15.18%", "2008-09-30": "-3.84%", "2008-06-30": "11.25%", "2008-03-31": "24.30%", "2007-12-31": "31.83%", "2007-09-30": "33.21%", "2007-06-30": "33.08%", "2007-03-31": "33.65%", "2006-12-31": "33.77%", "2006-09-30": "34.65%", "2006-06-30": "36.72%", "2006-03-31": "37.50%", "2005-12-31": "38.78%"}, "ebitda margin": {"2020-09-30": "0.00%", "2020-06-30": "0.00%", "2020-03-31": "0.00%", "2019-12-31": "0.00%", "2019-09-30": "0.00%", "2019-06-30": "0.00%", "2019-03-31": "0.00%", "2018-12-31": "0.00%", "2018-09-30": "0.00%", "2018-06-30": "0.00%", "2018-03-31": "0.00%", "2017-12-31": "0.00%", "2017-09-30": "0.00%", "2017-06-30": "0.00%", "2017-03-31": "0.00%", "2016-12-31": "0.00%", "2016-09-30": "0.00%", "2016-06-30": "0.00%", "2016-03-31": "0.00%", "2015-12-31": "0.00%", "2015-09-30": "0.00%", "2015-06-30": "0.00%", "2015-03-31": "0.00%", "2014-12-31": "0.00%", "2014-09-30": "0.00%", "2014-06-30": "0.00%", "2014-03-31": "0.00%", "2013-12-31": "0.00%", "2013-09-30": "0.00%", "2013-06-30": "0.00%", "2013-03-31": "0.00%", "2012-12-31": "0.00%", "2012-09-30": "0.00%", "2012-06-30": "0.00%", "2012-03-31": "0.00%", "2011-12-31": "0.00%", "2011-09-30": "0.00%", "2011-06-30": "0.00%", "2011-03-31": "0.00%", "2010-12-31": "0.00%", "2010-09-30": "0.00%", "2010-06-30": "0.00%", "2010-03-31": "0.00%", "2009-12-31": "0.00%", "2009-09-30": "0.00%", "2009-06-30": "0.00%", "2009-03-31": "0.00%", "2008-12-31": "0.00%", "2008-09-30": "0.00%", "2008-06-30": "0.00%", "2008-03-31": "0.00%", "2007-12-31": "0.00%", "2007-09-30": "0.00%", "2007-06-30": "0.00%", "2007-03-31": "0.00%", "2006-12-31": "0.00%", "2006-09-30": "0.00%", "2006-06-30": "0.00%", "2006-03-31": "0.00%", "2005-12-31": "0.00%"}, "pre tax profit margin": {"2020-12-31": "37.51%", "2020-09-30": "36.27%", "2020-06-30": "34.74%", "2020-03-31": "38.87%", "2019-12-31": "40.32%", "2019-09-30": "40.24%", "2019-06-30": "41.38%", "2019-03-31": "41.73%", "2018-12-31": "43.96%", "2018-09-30": "44.54%", "2018-06-30": "44.88%", "2018-03-31": "44.66%", "2017-12-31": "46.46%", "2017-09-30": "47.28%", "2017-06-30": "45.64%", "2017-03-31": "46.09%", "2016-12-31": "43.33%", "2016-09-30": "43.50%", "2016-06-30": "45.13%", "2016-03-31": "46.19%", "2015-12-31": "46.73%", "2015-09-30": "45.44%", "2015-06-30": "41.79%", "2015-03-31": "40.61%", "2014-12-31": "39.18%", "2014-09-30": "40.25%", "2014-06-30": "44.70%", "2014-03-31": "45.20%", "2013-12-31": "45.90%", "2013-09-30": "44.63%", "2013-06-30": "43.46%", "2013-03-31": "42.15%", "2012-12-31": "40.63%", "2012-09-30": "39.70%", "2012-06-30": "38.60%", "2012-03-31": "36.75%", "2011-12-31": "35.20%", "2011-09-30": "33.49%", "2011-06-30": "31.53%", "2011-03-31": "28.07%", "2010-12-31": "22.64%", "2010-09-30": "37.20%", "2010-06-30": "26.85%", "2010-03-31": "14.15%", "2009-12-31": "9.43%", "2009-09-30": "-55.85%", "2009-06-30": "-44.67%", "2009-03-31": "-23.70%", "2008-12-31": "-15.18%", "2008-09-30": "-3.84%", "2008-06-30": "11.25%", "2008-03-31": "24.30%", "2007-12-31": "31.83%", "2007-09-30": "33.21%", "2007-06-30": "33.08%", "2007-03-31": "33.65%", "2006-12-31": "33.77%", "2006-09-30": "34.65%", "2006-06-30": "36.72%", "2006-03-31": "37.50%", "2005-12-31": "38.78%"}, "net profit margin": {"2020-12-31": "31.11%", "2020-09-30": "31.08%", "2020-06-30": "29.88%", "2020-03-31": "31.31%", "2019-12-31": "32.19%", "2019-09-30": "31.94%", "2019-06-30": "32.88%", "2019-03-31": "35.38%", "2018-12-31": "37.73%", "2018-09-30": "34.77%", "2018-06-30": "34.16%", "2018-03-31": "32.48%", "2017-12-31": "31.98%", "2017-09-30": "34.84%", "2017-06-30": "34.67%", "2017-03-31": "34.76%", "2016-12-31": "32.73%", "2016-09-30": "32.14%", "2016-06-30": "31.16%", "2016-03-31": "31.52%", "2015-12-31": "31.12%", "2015-09-30": "31.88%", "2015-06-30": "32.33%", "2015-03-31": "31.52%", "2014-12-31": "30.24%", "2014-09-30": "29.19%", "2014-06-30": "28.94%", "2014-03-31": "28.78%", "2013-12-31": "29.41%", "2013-09-30": "29.27%", "2013-06-30": "28.37%", "2013-03-31": "27.63%", "2012-12-31": "26.20%", "2012-09-30": "25.24%", "2012-06-30": "24.21%", "2012-03-31": "22.69%", "2011-12-31": "21.81%", "2011-09-30": "18.80%", "2011-06-30": "17.00%", "2011-03-31": "14.31%", "2010-12-31": "10.66%", "2010-09-30": "22.00%", "2010-06-30": "15.62%", "2010-03-31": "6.17%", "2009-12-31": "2.51%", "2009-09-30": "-40.60%", "2009-06-30": "-34.01%", "2009-03-31": "-15.97%", "2008-12-31": "-9.23%", "2008-09-30": "-2.70%", "2008-06-30": "7.13%", "2008-03-31": "14.87%", "2007-12-31": "19.44%", "2007-09-30": "20.15%", "2007-06-30": "20.21%", "2007-03-31": "20.64%", "2006-12-31": "20.78%", "2006-09-30": "21.52%", "2006-06-30": "22.99%", "2006-03-31": "23.59%", "2005-12-31": "24.72%"}, "pe ratio": {"current": "16.28", "2021-02-05": "22.92", "2020-12-31": "17.98", "2020-09-30": "7.91", "2020-06-30": "8.58", "2020-03-31": "5.60", "2019-12-31": "10.26", "2019-09-30": "9.50", "2019-06-30": "9.97", "2019-03-31": "9.84", "2018-12-31": "8.60", "2018-09-30": "13.56", "2018-06-30": "15.56", "2018-03-31": "16.42", "2017-12-31": "16.47", "2017-09-30": "15.34", "2017-06-30": "15.62", "2017-03-31": "14.11", "2016-12-31": "15.81", "2016-09-30": "11.88", "2016-06-30": "11.44", "2016-03-31": "10.93", "2015-12-31": "14.16", "2015-09-30": "12.93", "2015-06-30": "15.19", "2015-03-31": "14.18", "2014-12-31": "14.34", "2014-09-30": "13.08", "2014-06-30": "13.94", "2014-03-31": "14.87", "2013-12-31": "14.45", "2013-09-30": "13.53", "2013-06-30": "11.88", "2013-03-31": "11.30", "2012-12-31": "9.65", "2012-09-30": "9.75", "2012-06-30": "11.21", "2012-03-31": "11.51", "2011-12-31": "10.29", "2011-09-30": "8.92", "2011-06-30": "13.40", "2011-03-31": "16.97", "2010-12-31": "19.47", "2010-09-30": "5.23", "2010-06-30": "9.06", "2010-03-31": "0.00", "2009-12-31": "0.00", "2009-09-30": "0.00", "2009-06-30": "0.00", "2009-03-31": "0.00", "2008-12-31": "0.00", "2008-09-30": "0.00", "2008-06-30": "6.14", "2008-03-31": "7.13", "2007-12-31": "7.46", "2007-09-30": "10.87", "2007-06-30": "12.13", "2007-03-31": "11.77", "2006-12-31": "11.93"}, "price sales": {"2021-02-05": "5.06", "2020-12-31": "3.97", "2020-09-30": "2.45", "2020-06-30": "2.56", "2020-03-31": "1.76", "2019-12-31": "3.30", "2019-09-30": "3.03", "2019-06-30": "3.28", "2019-03-31": "3.48", "2018-12-31": "3.24", "2018-09-30": "4.72", "2018-06-30": "5.31", "2018-03-31": "5.32", "2017-12-31": "5.25", "2017-09-30": "5.32", "2017-06-30": "5.40", "2017-03-31": "4.89", "2016-12-31": "5.16", "2016-09-30": "3.81", "2016-06-30": "3.55", "2016-03-31": "3.42", "2015-12-31": "4.38", "2015-09-30": "4.09", "2015-06-30": "4.84", "2015-03-31": "4.40", "2014-12-31": "4.31", "2014-09-30": "3.87", "2014-06-30": "4.13", "2014-03-31": "4.39", "2013-12-31": "4.34", "2013-09-30": "3.99", "2013-06-30": "3.41", "2013-03-31": "3.18", "2012-12-31": "2.58", "2012-09-30": "2.53", "2012-06-30": "2.80", "2012-03-31": "2.69", "2011-12-31": "2.31", "2011-09-30": "1.72", "2011-06-30": "2.31", "2011-03-31": "2.47", "2010-12-31": "2.09", "2010-09-30": "0.95", "2010-06-30": "0.90", "2010-03-31": "1.04", "2009-12-31": "0.91", "2009-09-30": "0.82", "2009-06-30": "0.62", "2009-03-31": "0.40", "2008-12-31": "1.28", "2008-09-30": "0.99", "2008-06-30": "0.45", "2008-03-31": "1.07", "2007-12-31": "1.46", "2007-09-30": "2.19", "2007-06-30": "2.44", "2007-03-31": "2.40", "2006-12-31": "2.45"}, "price book": {"current": "1.74", "2021-02-05": "1.78", "2020-09-30": "0.90", "2020-06-30": "1.01", "2020-03-31": "0.73", "2019-12-31": "1.37", "2019-09-30": "1.27", "2019-06-30": "1.38", "2019-03-31": "1.45", "2018-12-31": "1.36", "2018-09-30": "1.95", "2018-06-30": "2.16", "2018-03-31": "2.14", "2017-12-31": "2.14", "2017-09-30": "2.13", "2017-06-30": "2.15", "2017-03-31": "1.94", "2016-12-31": "1.97", "2016-09-30": "1.44", "2016-06-30": "1.36", "2016-03-31": "1.32", "2015-12-31": "1.73", "2015-09-30": "1.62", "2015-06-30": "1.92", "2015-03-31": "1.76", "2014-12-31": "1.72", "2014-09-30": "1.55", "2014-06-30": "1.63", "2014-03-31": "1.74", "2013-12-31": "1.77", "2013-09-30": "1.64", "2013-06-30": "1.44", "2013-03-31": "1.28", "2012-12-31": "1.07", "2012-09-30": "1.08", "2012-06-30": "1.23", "2012-03-31": "1.23", "2011-12-31": "1.06", "2011-09-30": "0.82", "2011-06-30": "1.12", "2011-03-31": "1.25", "2010-12-31": "1.14", "2010-09-30": "0.83", "2010-06-30": "0.80", "2010-03-31": "0.92", "2009-12-31": "0.63", "2009-09-30": "0.41", "2009-06-30": "0.23", "2009-03-31": "0.16", "2008-12-31": "0.54", "2008-09-30": "0.56", "2008-06-30": "0.28", "2008-03-31": "0.82", "2007-12-31": "1.04", "2007-09-30": "1.55", "2007-06-30": "1.78", "2007-03-31": "1.71", "2006-12-31": "1.69", "2006-09-30": "1.95", "2006-06-30": "1.94", "2006-03-31": "2.04"}, "price fcf": {"2021-02-05": "", "2020-09-30": "$5.39", "2020-06-30": "$4.92", "2020-03-31": "$4.66", "2019-12-31": "$4.97", "2019-09-30": "$3.88", "2019-06-30": "$4.99", "2019-03-31": "$5.41", "2018-12-31": "$5.96", "2018-09-30": "$4.92", "2018-06-30": "$5.08", "2018-03-31": "$4.96", "2017-12-31": "$5.55", "2017-09-30": "$6.90", "2017-06-30": "$5.97", "2017-03-31": "$5.27", "2016-12-31": "$4.45", "2016-09-30": "$3.20", "2016-06-30": "$3.11", "2016-03-31": "$3.64", "2015-12-31": "$3.25", "2015-09-30": "$3.96", "2015-06-30": "$4.42", "2015-03-31": "$3.27", "2014-12-31": "$2.74", "2014-09-30": "$2.63", "2014-06-30": "$1.68", "2014-03-31": "$2.20", "2013-12-31": "$2.42", "2013-09-30": "$2.20", "2013-06-30": "$2.68", "2013-03-31": "$1.93", "2012-12-31": "$2.01", "2012-09-30": "$1.64", "2012-06-30": "$-0.20", "2012-03-31": "$1.27", "2011-12-31": "$1.66", "2011-09-30": "$2.55", "2011-06-30": "$4.64", "2011-03-31": "$5.09", "2010-12-31": "$5.29", "2010-09-30": "$3.72", "2010-06-30": "$2.19", "2010-03-31": "$2.44", "2009-12-31": "$1.84", "2009-09-30": "$2.77", "2009-06-30": "$3.80", "2009-03-31": "$2.35", "2008-12-31": "$2.85", "2008-09-30": "$3.25", "2008-06-30": "$4.21", "2008-03-31": "$3.83", "2007-12-31": "$3.52", "2007-09-30": "$3.24", "2007-06-30": "$1.90", "2007-03-31": "$2.29", "2006-12-31": "$1.87"}, "net worth": {"value": "$9.15B"}, "current ratio": {"2020-12-31": "0.94", "2020-09-30": "1.01", "2020-06-30": "1.02", "2020-03-31": "0.99", "2019-12-31": "1.02", "2019-09-30": "1.01", "2019-06-30": "1.03", "2019-03-31": "1.02", "2018-12-31": "1.01", "2018-09-30": "1.01", "2018-06-30": "1.00", "2018-03-31": "1.00", "2017-12-31": "0.99", "2017-09-30": "0.99", "2017-06-30": "0.99", "2017-03-31": "0.98", "2016-12-31": "0.96", "2016-09-30": "0.95", "2016-06-30": "0.95", "2016-03-31": "0.95", "2015-12-31": "0.95", "2015-09-30": "0.95", "2015-06-30": "0.95", "2015-03-31": "0.95", "2014-12-31": "0.95", "2014-09-30": "0.96", "2014-06-30": "0.96", "2014-03-31": "0.96", "2013-12-31": "0.93", "2013-09-30": "0.92", "2013-06-30": "0.92", "2013-03-31": "0.92", "2012-12-31": "0.92", "2012-09-30": "0.93", "2012-06-30": "0.94", "2012-03-31": "0.90", "2011-12-31": "0.89", "2011-09-30": "0.87", "2011-06-30": "0.88", "2011-03-31": "0.89", "2010-12-31": "0.91", "2010-09-30": "0.90", "2010-06-30": "0.94", "2010-03-31": "0.98", "2009-12-31": "0.96", "2009-09-30": "0.96", "2009-06-30": "0.98", "2009-03-31": "0.93", "2008-12-31": "1.00", "2008-09-30": "1.02", "2008-06-30": "1.04", "2008-03-31": "1.05", "2007-12-31": "1.07", "2007-09-30": "1.02", "2007-06-30": "1.01", "2007-03-31": "0.99", "2006-12-31": "1.01", "2006-09-30": "1.08", "2006-06-30": "1.01", "2006-03-31": "1.06", "2005-12-31": "1.04", "2005-09-30": "1.03", "2005-06-30": "1.11", "2005-03-31": "1.14"}, "quick ratio": {"2020-12-31": "0.00", "2020-09-30": "0.00", "2020-06-30": "0.00", "2020-03-31": "0.00", "2019-12-31": "0.00", "2019-09-30": "0.00", "2019-06-30": "0.00", "2019-03-31": "0.00", "2018-12-31": "0.00", "2018-09-30": "0.00", "2018-06-30": "0.00", "2018-03-31": "0.00", "2017-12-31": "0.00", "2017-09-30": "0.00", "2017-06-30": "0.00", "2017-03-31": "0.00", "2016-12-31": "0.00", "2016-09-30": "0.00", "2016-06-30": "0.00", "2016-03-31": "0.00", "2015-12-31": "0.00", "2015-09-30": "0.00", "2015-06-30": "0.00", "2015-03-31": "0.00", "2014-12-31": "0.00", "2014-09-30": "0.00", "2014-06-30": "0.00", "2014-03-31": "0.00", "2013-12-31": "0.00", "2013-09-30": "0.00", "2013-06-30": "0.00", "2013-03-31": "0.00", "2012-12-31": "0.00", "2012-09-30": "0.00", "2012-06-30": "0.00", "2012-03-31": "0.00", "2011-12-31": "0.00", "2011-09-30": "0.00", "2011-06-30": "0.00", "2011-03-31": "0.00", "2010-12-31": "0.00", "2010-09-30": "0.00", "2010-06-30": "0.00", "2010-03-31": "0.00", "2009-12-31": "0.00", "2009-09-30": "0.00", "2009-06-30": "0.00", "2009-03-31": "0.00", "2008-12-31": "0.00", "2008-09-30": "0.00", "2008-06-30": "0.00", "2008-03-31": "0.00", "2007-12-31": "0.00", "2007-09-30": "0.00", "2007-06-30": "0.00", "2007-03-31": "0.00", "2006-12-31": "0.00", "2006-09-30": "0.00", "2006-06-30": "0.00", "2006-03-31": "0.00", "2005-12-31": "0.00", "2005-09-30": "0.00", "2005-06-30": "0.00", "2005-03-31": "0.00"}, "debt equity ratio": {"current": "0.15", "2020-12-31": "8.90", "2020-09-30": "8.83", "2020-06-30": "8.91", "2020-03-31": "8.37", "2019-12-31": "7.81", "2019-09-30": "7.86", "2019-06-30": "8.06", "2019-03-31": "8.17", "2018-12-31": "8.28", "2018-09-30": "8.21", "2018-06-30": "8.25", "2018-03-31": "8.47", "2017-12-31": "8.66", "2017-09-30": "8.60", "2017-06-30": "8.79", "2017-03-31": "8.91", "2016-12-31": "9.15", "2016-09-30": "8.85", "2016-06-30": "9.00", "2016-03-31": "9.29", "2015-12-31": "9.36", "2015-09-30": "9.13", "2015-06-30": "9.01", "2015-03-31": "9.18", "2014-12-31": "9.06", "2014-09-30": "9.29", "2014-06-30": "9.20", "2014-03-31": "9.44", "2013-12-31": "9.46", "2013-09-30": "9.60", "2013-06-30": "9.32", "2013-03-31": "8.86", "2012-12-31": "8.46", "2012-09-30": "8.41", "2012-06-30": "8.38", "2012-03-31": "8.53", "2011-12-31": "8.50", "2011-09-30": "8.65", "2011-06-30": "8.81", "2011-03-31": "8.80", "2010-12-31": "8.79", "2010-09-30": "7.56", "2010-06-30": "7.54", "2010-03-31": "7.80", "2009-12-31": "8.00", "2009-09-30": "7.21", "2009-06-30": "7.61", "2009-03-31": "7.18", "2008-12-31": "7.01", "2008-09-30": "8.27", "2008-06-30": "8.26", "2008-03-31": "9.65", "2007-12-31": "9.11", "2007-09-30": "8.98", "2007-06-30": "9.26", "2007-03-31": "9.26", "2006-12-31": "9.62", "2006-09-30": "10.02", "2006-06-30": "9.68", "2006-03-31": "9.27", "2005-12-31": "10.28", "2005-09-30": "10.39", "2005-06-30": "10.94", "2005-03-31": "10.93"}, "return on equity": {"2020-12-31": "11.20%", "2020-09-30": "11.82%", "2020-06-30": "12.19%", "2020-03-31": "13.39%", "2019-12-31": "14.00%", "2019-09-30": "14.12%", "2019-06-30": "14.63%", "2019-03-31": "15.65%", "2018-12-31": "16.78%", "2018-09-30": "15.20%", "2018-06-30": "14.68%", "2018-03-31": "13.70%", "2017-12-31": "13.62%", "2017-09-30": "14.73%", "2017-06-30": "14.50%", "2017-03-31": "14.46%", "2016-12-31": "12.97%", "2016-09-30": "12.69%", "2016-06-30": "12.50%", "2016-03-31": "12.66%", "2015-12-31": "12.69%", "2015-09-30": "13.07%", "2015-06-30": "13.35%", "2015-03-31": "13.17%", "2014-12-31": "12.60%", "2014-09-30": "12.32%", "2014-06-30": "12.12%", "2014-03-31": "12.18%", "2013-12-31": "12.37%", "2013-09-30": "12.31%", "2013-06-30": "12.13%", "2013-03-31": "11.91%", "2012-12-31": "11.81%", "2012-09-30": "11.60%", "2012-06-30": "11.32%", "2012-03-31": "11.01%", "2011-12-31": "10.63%", "2011-09-30": "9.40%", "2011-06-30": "8.33%", "2011-03-31": "6.94%", "2010-12-31": "5.29%", "2010-09-30": "14.73%", "2010-06-30": "10.60%", "2010-03-31": "4.11%", "2009-12-31": "1.64%", "2009-09-30": "-15.05%", "2009-06-30": "-12.70%", "2009-03-31": "-6.76%", "2008-12-31": "-4.55%", "2008-09-30": "-1.58%", "2008-06-30": "4.84%", "2008-03-31": "10.94%", "2007-12-31": "14.44%", "2007-09-30": "15.14%", "2007-06-30": "15.34%", "2007-03-31": "15.49%", "2006-12-31": "14.99%", "2006-09-30": "15.29%", "2006-06-30": "15.77%", "2006-03-31": "16.16%", "2005-12-31": "17.26%"}, "return on assets": {"2020-12-31": "1.15%", "2020-09-30": "1.25%", "2020-06-30": "1.32%", "2020-03-31": "1.48%", "2019-12-31": "1.56%", "2019-09-30": "1.55%", "2019-06-30": "1.59%", "2019-03-31": "1.70%", "2018-12-31": "1.80%", "2018-09-30": "1.62%", "2018-06-30": "1.55%", "2018-03-31": "1.42%", "2017-12-31": "1.40%", "2017-09-30": "1.49%", "2017-06-30": "1.46%", "2017-03-31": "1.45%", "2016-12-31": "1.29%", "2016-09-30": "1.25%", "2016-06-30": "1.23%", "2016-03-31": "1.24%", "2015-12-31": "1.25%", "2015-09-30": "1.30%", "2015-06-30": "1.32%", "2015-03-31": "1.29%", "2014-12-31": "1.23%", "2014-09-30": "1.19%", "2014-06-30": "1.16%", "2014-03-31": "1.16%", "2013-12-31": "1.20%", "2013-09-30": "1.22%", "2013-06-30": "1.24%", "2013-03-31": "1.25%", "2012-12-31": "1.25%", "2012-09-30": "1.23%", "2012-06-30": "1.19%", "2012-03-31": "1.14%", "2011-12-31": "1.10%", "2011-09-30": "0.96%", "2011-06-30": "0.88%", "2011-03-31": "0.76%", "2010-12-31": "0.59%", "2010-09-30": "1.69%", "2010-06-30": "1.22%", "2010-03-31": "0.47%", "2009-12-31": "0.19%", "2009-09-30": "-1.82%", "2009-06-30": "-1.50%", "2009-03-31": "-0.78%", "2008-12-31": "-0.49%", "2008-09-30": "-0.16%", "2008-06-30": "0.48%", "2008-03-31": "1.07%", "2007-12-31": "1.42%", "2007-09-30": "1.47%", "2007-06-30": "1.46%", "2007-03-31": "1.46%", "2006-12-31": "1.41%", "2006-09-30": "1.42%", "2006-06-30": "1.45%", "2006-03-31": "1.45%", "2005-12-31": "1.49%"}, "return on investments": {"2020-12-31": "10.39%", "2020-09-30": "10.55%", "2020-06-30": "11.39%", "2020-03-31": "14.10%", "2019-12-31": "15.04%", "2019-09-30": "15.50%", "2019-06-30": "16.28%", "2019-03-31": "16.61%", "2018-12-31": "17.52%", "2018-09-30": "17.38%", "2018-06-30": "17.14%", "2018-03-31": "16.66%", "2017-12-31": "17.44%", "2017-09-30": "17.55%", "2017-06-30": "16.68%", "2017-03-31": "16.68%", "2016-12-31": "14.88%", "2016-09-30": "14.36%", "2016-06-30": "15.04%", "2016-03-31": "15.34%", "2015-12-31": "15.66%", "2015-09-30": "15.78%", "2015-06-30": "14.54%", "2015-03-31": "14.22%", "2014-12-31": "13.60%", "2014-09-30": "14.00%", "2014-06-30": "15.37%", "2014-03-31": "15.71%", "2013-12-31": "15.93%", "2013-09-30": "16.44%", "2013-06-30": "16.29%", "2013-03-31": "15.77%", "2012-12-31": "15.68%", "2012-09-30": "14.54%", "2012-06-30": "14.15%", "2012-03-31": "13.74%", "2011-12-31": "12.71%", "2011-09-30": "11.59%", "2011-06-30": "10.26%", "2011-03-31": "8.75%", "2010-12-31": "6.80%", "2010-09-30": "14.62%", "2010-06-30": "10.33%", "2010-03-31": "5.04%", "2009-12-31": "3.26%", "2009-09-30": "-10.76%", "2009-06-30": "-8.05%", "2009-03-31": "-4.61%", "2008-12-31": "-3.17%", "2008-09-30": "-0.88%", "2008-06-30": "2.97%", "2008-03-31": "7.00%", "2007-12-31": "9.88%", "2007-09-30": "10.98%", "2007-06-30": "10.78%", "2007-03-31": "11.06%", "2006-12-31": "10.64%", "2006-09-30": "11.00%", "2006-06-30": "12.43%", "2006-03-31": "12.03%", "2005-12-31": "11.64%"}, "return on tangible equity": {"2020-09-30": "13.03%", "2020-06-30": "13.45%", "2020-03-31": "14.80%", "2019-12-31": "15.50%", "2019-09-30": "15.69%", "2019-06-30": "16.32%", "2019-03-31": "17.53%", "2018-12-31": "18.87%", "2018-09-30": "17.19%", "2018-06-30": "16.67%", "2018-03-31": "15.61%", "2017-12-31": "15.59%", "2017-09-30": "16.93%", "2017-06-30": "16.74%", "2017-03-31": "16.76%", "2016-12-31": "15.10%", "2016-09-30": "14.83%", "2016-06-30": "14.66%", "2016-03-31": "14.92%", "2015-12-31": "15.01%", "2015-09-30": "15.53%", "2015-06-30": "15.99%", "2015-03-31": "15.94%", "2014-12-31": "15.41%", "2014-09-30": "15.07%", "2014-06-30": "14.76%", "2014-03-31": "14.76%", "2013-12-31": "14.86%", "2013-09-30": "14.79%", "2013-06-30": "14.59%", "2013-03-31": "14.33%", "2012-12-31": "14.26%", "2012-09-30": "14.04%", "2012-06-30": "13.74%", "2012-03-31": "13.40%", "2011-12-31": "13.00%", "2011-09-30": "11.58%", "2011-06-30": "10.24%", "2011-03-31": "8.52%", "2010-12-31": "6.49%", "2010-09-30": "18.01%", "2010-06-30": "13.14%", "2010-03-31": "5.18%", "2009-12-31": "2.10%", "2009-09-30": "-19.67%", "2009-06-30": "-16.84%", "2009-03-31": "-9.08%", "2008-12-31": "-6.30%", "2008-09-30": "-2.26%", "2008-06-30": "6.99%", "2008-03-31": "15.65%", "2007-12-31": "20.14%", "2007-09-30": "20.74%", "2007-06-30": "20.66%", "2007-03-31": "21.13%", "2006-12-31": "20.76%", "2006-09-30": "21.00%", "2006-06-30": "21.43%", "2006-03-31": "20.81%", "2005-12-31": "20.78%"}, "dividend yield history": {"last payout": "$1.10", "last yield": "1.70%"}}