{"ticker": "EV", "price": {"title": "Eaton Vance Historical Annual Stock Price Data", "value": 70.7, "historical": {"2021": {"Average Stock Price": "70.3271", "Year Open": "67.7300", "Year High": "72.6100", "Year Low": "67.1400", "Year Close": "70.7000", "Annual % Change": "4.08%"}, "2020": {"Average Stock Price": "44.9083", "Year Open": "46.9700", "Year High": "69.1400", "Year Low": "23.7600", "Year Close": "67.9300", "Annual % Change": "45.49%"}, "2019": {"Average Stock Price": "42.5375", "Year Open": "34.8200", "Year High": "48.6800", "Year Low": "34.0500", "Year Close": "46.6900", "Annual % Change": "32.72%"}, "2018": {"Average Stock Price": "51.7457", "Year Open": "56.7700", "Year High": "60.8700", "Year Low": "32.6500", "Year Close": "35.1800", "Annual % Change": "-37.61%"}, "2017": {"Average Stock Price": "47.6567", "Year Open": "42.6000", "Year High": "57.0800", "Year Low": "41.8000", "Year Close": "56.3900", "Annual % Change": "34.65%"}, "2016": {"Average Stock Price": "35.6609", "Year Open": "31.7200", "Year High": "43.6200", "Year Low": "27.1800", "Year Close": "41.8800", "Annual % Change": "29.14%"}, "2015": {"Average Stock Price": "38.5635", "Year Open": "40.8200", "Year High": "44.0000", "Year Low": "31.2400", "Year Close": "32.4300", "Annual % Change": "-20.77%"}, "2014": {"Average Stock Price": "38.0806", "Year Open": "42.0000", "Year High": "43.9000", "Year Low": "34.2900", "Year Close": "40.9300", "Annual % Change": "-4.35%"}, "2013": {"Average Stock Price": "39.7414", "Year Open": "32.7700", "Year High": "44.1800", "Year Low": "32.5900", "Year Close": "42.7900", "Annual % Change": "34.35%"}, "2012": {"Average Stock Price": "27.5852", "Year Open": "23.7800", "Year High": "32.6500", "Year Low": "23.2100", "Year Close": "31.8500", "Annual % Change": "34.73%"}, "2011": {"Average Stock Price": "27.9033", "Year Open": "30.8700", "Year High": "33.9200", "Year Low": "20.8400", "Year Close": "23.6400", "Annual % Change": "-21.80%"}, "2010": {"Average Stock Price": "30.5639", "Year Open": "30.8700", "Year High": "35.7200", "Year Low": "25.9000", "Year Close": "30.2300", "Annual % Change": "-0.59%"}, "2009": {"Average Stock Price": "25.8446", "Year Open": "22.0000", "Year High": "30.6700", "Year Low": "14.8600", "Year Close": "30.4100", "Annual % Change": "44.74%"}, "2008": {"Average Stock Price": "32.2435", "Year Open": "43.6800", "Year High": "44.3900", "Year Low": "12.3600", "Year Close": "21.0100", "Annual % Change": "-53.73%"}, "2007": {"Average Stock Price": "40.3949", "Year Open": "33.6300", "Year High": "50.0300", "Year Low": "32.9300", "Year Close": "45.4100", "Annual % Change": "37.56%"}, "2006": {"Average Stock Price": "28.0329", "Year Open": "27.8600", "Year High": "33.3800", "Year Low": "24.1400", "Year Close": "33.0100", "Annual % Change": "20.65%"}, "2005": {"Average Stock Price": "24.8920", "Year Open": "25.8400", "Year High": "28.0000", "Year Low": "22.0600", "Year Close": "27.3600", "Annual % Change": "4.93%"}, "2004": {"Average Stock Price": "19.9785", "Year Open": "18.3500", "Year High": "26.0750", "Year Low": "16.4600", "Year Close": "26.0750", "Annual % Change": "42.33%"}, "2003": {"Average Stock Price": "15.8699", "Year Open": "14.5900", "Year High": "18.7450", "Year Low": "11.7000", "Year Close": "18.3200", "Annual % Change": "29.70%"}, "2002": {"Average Stock Price": "16.3171", "Year Open": "17.4400", "Year High": "20.3550", "Year Low": "11.9750", "Year Close": "14.1250", "Annual % Change": "-20.53%"}, "2001": {"Average Stock Price": "16.2075", "Year Open": "14.1250", "Year High": "19.1000", "Year Low": "14.0500", "Year Close": "17.7750", "Annual % Change": "10.23%"}, "2000": {"Average Stock Price": "11.4929", "Year Open": "9.4225", "Year High": "16.1250", "Year Low": "9.1250", "Year Close": "16.1250", "Annual % Change": "69.74%"}, "1999": {"Average Stock Price": "7.2002", "Year Open": "5.2500", "Year High": "9.7200", "Year Low": "4.7500", "Year Close": "9.5000", "Annual % Change": "81.99%"}, "1998": {"Average Stock Price": "5.4753", "Year Open": "4.7500", "Year High": "6.2350", "Year Low": "4.3600", "Year Close": "5.2200", "Annual % Change": "10.62%"}, "1997": {"Average Stock Price": "3.5292", "Year Open": "2.8438", "Year High": "4.7500", "Year Low": "2.6250", "Year Close": "4.7188", "Annual % Change": "58.55%"}, "1996": {"Average Stock Price": "2.2555", "Year Open": "1.7656", "Year High": "3.1094", "Year Low": "1.6250", "Year Close": "2.9763", "Annual % Change": "68.57%"}, "1995": {"Average Stock Price": "2.0122", "Year Open": "1.7031", "Year High": "2.4375", "Year Low": "1.7031", "Year Close": "1.7656", "Annual % Change": "0.89%"}, "1994": {"Average Stock Price": "1.8989", "Year Open": "2.0781", "Year High": "2.3438", "Year Low": "1.5625", "Year Close": "1.7500", "Annual % Change": "-17.65%"}, "1993": {"Average Stock Price": "2.1561", "Year Open": "1.8906", "Year High": "2.5625", "Year Low": "1.8594", "Year Close": "2.1250", "Annual % Change": "11.47%"}, "1992": {"Average Stock Price": "1.2204", "Year Open": "1.0625", "Year High": "1.9063", "Year Low": "0.9844", "Year Close": "1.9063", "Annual % Change": "84.84%"}, "1991": {"Average Stock Price": "0.7451", "Year Open": "0.5625", "Year High": "1.0313", "Year Low": "0.4922", "Year Close": "1.0313", "Annual % Change": "83.34%"}}}, "market cap": {"value": "$8.07B"}, "income statement": {"Revenue": {"2020-10-31": "1730.36500", "2019-10-31": "1683.25200", "2018-10-31": "1692.42200", "2017-10-31": "1532.11100", "2016-10-31": "1342.86000", "2015-10-31": "1403.56300", "2014-10-31": "1450.29400", "2013-10-31": "1357.50300", "2012-10-31": "1209.03600", "2011-10-31": "1248.60600", "2010-10-31": "1115.96000", "2009-10-31": "890.37100", "2008-10-31": "1095.80000", "2007-10-31": "1084.10000", "2006-10-31": "862.19400", "2005-10-31": "753.17500"}, "Cost Of Goods Sold": {"2020-10-31": "", "2019-10-31": "", "2018-10-31": "", "2017-10-31": "", "2016-10-31": "", "2015-10-31": "", "2014-10-31": "", "2013-10-31": "", "2012-10-31": "", "2011-10-31": "", "2010-10-31": "", "2009-10-31": "", "2008-10-31": "", "2007-10-31": "", "2006-10-31": "", "2005-10-31": ""}, "Gross Profit": {"2020-10-31": "1730.36500", "2019-10-31": "1683.25200", "2018-10-31": "1692.42200", "2017-10-31": "1532.11100", "2016-10-31": "1342.86000", "2015-10-31": "1403.56300", "2014-10-31": "1450.29400", "2013-10-31": "1357.50300", "2012-10-31": "1209.03600", "2011-10-31": "1248.60600", "2010-10-31": "1115.96000", "2009-10-31": "890.37100", "2008-10-31": "1095.80000", "2007-10-31": "1084.10000", "2006-10-31": "862.19400", "2005-10-31": "753.17500"}, "Research And Development Expenses": {"2020-10-31": "", "2019-10-31": "", "2018-10-31": "", "2017-10-31": "", "2016-10-31": "", "2015-10-31": "", "2014-10-31": "", "2013-10-31": "", "2012-10-31": "", "2011-10-31": "", "2010-10-31": "", "2009-10-31": "", "2008-10-31": "", "2007-10-31": "", "2006-10-31": "", "2005-10-31": ""}, "SG&A Expenses": {"2020-10-31": "934.85100", "2019-10-31": "776.75200", "2018-10-31": "769.66400", "2017-10-31": "710.86400", "2016-10-31": "609.11100", "2015-10-31": "681.98200", "2014-10-31": "602.98200", "2013-10-31": "586.75200", "2012-10-31": "516.30900", "2011-10-31": "502.59100", "2010-10-31": "474.96100", "2009-10-31": "389.05000", "2008-10-31": "425.60900", "2007-10-31": "571.82200", "2006-10-31": "358.67200", "2005-10-31": "307.32400"}, "Other Operating Income Or Expenses": {"2020-10-31": "-396.28800", "2019-10-31": "-363.03600", "2018-10-31": "-349.16200", "2017-10-31": "-322.25000", "2016-10-31": "-304.03000", "2015-10-31": "-306.16200", "2014-10-31": "-309.86500", "2013-10-31": "-298.16300", "2012-10-31": "-279.29400", "2011-10-31": "-284.01000", "2010-10-31": "-257.88500", "2009-10-31": "-232.92300", "2008-10-31": "-258.62800", "2007-10-31": "-224.28100", "2006-10-31": "-186.50800", "2005-10-31": "-149.70900"}, "Operating Expenses": {"2020-10-31": "1356.12500", "2019-10-31": "1162.38100", "2018-10-31": "1137.22000", "2017-10-31": "1049.35300", "2016-10-31": "928.59190", "2015-10-31": "1003.11600", "2014-10-31": "930.43700", "2013-10-31": "904.49600", "2012-10-31": "816.04390", "2011-10-31": "822.37400", "2010-10-31": "768.37900", "2009-10-31": "657.15100", "2008-10-31": "732.04800", "2007-10-31": "851.16300", "2006-10-31": "597.22800", "2005-10-31": "520.56800"}, "Operating Income": {"2020-10-31": "374.24000", "2019-10-31": "520.87080", "2018-10-31": "555.20200", "2017-10-31": "482.75790", "2016-10-31": "414.26810", "2015-10-31": "400.44700", "2014-10-31": "519.85690", "2013-10-31": "453.00710", "2012-10-31": "392.99210", "2011-10-31": "426.23190", "2010-10-31": "347.58090", "2009-10-31": "233.22000", "2008-10-31": "363.75210", "2007-10-31": "232.93700", "2006-10-31": "264.96590", "2005-10-31": "232.60700"}, "Total Non-Operating Income/Expense": {"2020-10-31": "-39.77500", "2019-10-31": "38.16700", "2018-10-31": "-11.96700", "2017-10-31": "-13.58900", "2016-10-31": "-6.21600", "2015-10-31": "-31.06300", "2014-10-31": "-28.70800", "2013-10-31": "-93.55400", "2012-10-31": "10.74600", "2011-10-31": "-44.85600", "2010-10-31": "-20.62000", "2009-10-31": "-25.55700", "2008-10-31": "-40.90500", "2007-10-31": "5.41200", "2006-10-31": "-1.96400", "2005-10-31": "0.77600"}, "Pre-Tax Income": {"2020-10-31": "334.46500", "2019-10-31": "559.03800", "2018-10-31": "543.23500", "2017-10-31": "469.16900", "2016-10-31": "408.05200", "2015-10-31": "369.38400", "2014-10-31": "491.14900", "2013-10-31": "359.45300", "2012-10-31": "403.73800", "2011-10-31": "381.37600", "2010-10-31": "326.96100", "2009-10-31": "207.66300", "2008-10-31": "322.84700", "2007-10-31": "238.34900", "2006-10-31": "263.00200", "2005-10-31": "233.38300"}, "Income Taxes": {"2020-10-31": "83.90000", "2019-10-31": "135.25200", "2018-10-31": "156.70300", "2017-10-31": "173.66600", "2016-10-31": "153.63000", "2015-10-31": "143.21400", "2014-10-31": "186.71000", "2013-10-31": "143.89600", "2012-10-31": "142.38500", "2011-10-31": "156.84400", "2010-10-31": "126.26300", "2009-10-31": "71.04400", "2008-10-31": "125.15400", "2007-10-31": "93.20000", "2006-10-31": "102.24500", "2005-10-31": "90.87100"}, "Income After Taxes": {"2020-10-31": "250.56500", "2019-10-31": "423.78600", "2018-10-31": "386.53200", "2017-10-31": "295.50300", "2016-10-31": "254.42200", "2015-10-31": "226.17000", "2014-10-31": "304.43900", "2013-10-31": "215.55700", "2012-10-31": "261.35300", "2011-10-31": "224.53200", "2010-10-31": "200.69800", "2009-10-31": "136.61900", "2008-10-31": "197.69300", "2007-10-31": "145.14900", "2006-10-31": "160.75700", "2005-10-31": "142.51200"}, "Other Income": {"2020-10-31": "-117.23100", "2019-10-31": "9.09000", "2018-10-31": "11.37300", "2017-10-31": "10.87000", "2016-10-31": "10.33500", "2015-10-31": "12.02100", "2014-10-31": "16.72500", "2013-10-31": "14.86900", "2012-10-31": "3.41500", "2011-10-31": "3.04200", "2010-10-31": "0.52700", "2009-10-31": "-1.09400", "2008-10-31": "5.12300", "2007-10-31": "3.92000", "2006-10-31": "4.34900", "2005-10-31": "1.23100"}, "Income From Continuous Operations": {"2020-10-31": "133.33400", "2019-10-31": "432.87600", "2018-10-31": "397.90500", "2017-10-31": "306.37300", "2016-10-31": "264.75700", "2015-10-31": "238.19100", "2014-10-31": "321.16400", "2013-10-31": "230.42600", "2012-10-31": "264.76800", "2011-10-31": "227.57400", "2010-10-31": "201.22500", "2009-10-31": "135.52500", "2008-10-31": "202.81600", "2007-10-31": "142.81100", "2006-10-31": "160.00300", "2005-10-31": "138.70600"}, "Income From Discontinued Operations": {"2020-10-31": "", "2019-10-31": "", "2018-10-31": "", "2017-10-31": "", "2016-10-31": "", "2015-10-31": "", "2014-10-31": "", "2013-10-31": "", "2012-10-31": "", "2011-10-31": "", "2010-10-31": "", "2009-10-31": "", "2008-10-31": "", "2007-10-31": "", "2006-10-31": "", "2005-10-31": ""}, "Net Income": {"2020-10-31": "138.51600", "2019-10-31": "400.03500", "2018-10-31": "381.93800", "2017-10-31": "282.13100", "2016-10-31": "241.30700", "2015-10-31": "230.29900", "2014-10-31": "296.70500", "2013-10-31": "186.71700", "2012-10-31": "197.78900", "2011-10-31": "210.30500", "2010-10-31": "171.62300", "2009-10-31": "130.10700", "2008-10-31": "195.66300", "2007-10-31": "142.81100", "2006-10-31": "159.37700", "2005-10-31": "138.70600"}, "EBITDA": {"2020-10-31": "422.61100", "2019-10-31": "567.16880", "2018-10-31": "598.60900", "2017-10-31": "518.12090", "2016-10-31": "450.52410", "2015-10-31": "437.17200", "2014-10-31": "558.91890", "2013-10-31": "498.04710", "2012-10-31": "439.55710", "2011-10-31": "487.22390", "2010-10-31": "408.00990", "2009-10-31": "290.37400", "2008-10-31": "426.49910", "2007-10-31": "303.68590", "2006-10-31": "335.65390", "2005-10-31": "304.33800"}, "EBIT": {"2020-10-31": "374.24000", "2019-10-31": "520.87080", "2018-10-31": "555.20200", "2017-10-31": "482.75790", "2016-10-31": "414.26810", "2015-10-31": "400.44700", "2014-10-31": "519.85690", "2013-10-31": "453.00710", "2012-10-31": "392.99210", "2011-10-31": "426.23190", "2010-10-31": "347.58090", "2009-10-31": "233.22000", "2008-10-31": "363.75210", "2007-10-31": "232.93700", "2006-10-31": "264.96590", "2005-10-31": "232.60700"}, "Basic Shares Outstanding": {"2020-10-31": "109.61700", "2019-10-31": "110.06400", "2018-10-31": "114.74500", "2017-10-31": "110.91800", "2016-10-31": "109.91400", "2015-10-31": "113.31800", "2014-10-31": "116.44000", "2013-10-31": "116.59700", "2012-10-31": "112.35900", "2011-10-31": "115.32600", "2010-10-31": "116.44400", "2009-10-31": "116.17500", "2008-10-31": "115.81000", "2007-10-31": "124.52700", "2006-10-31": "127.80700", "2005-10-31": "131.59100"}, "Shares Outstanding": {"2020-10-31": "115.73500", "2019-10-31": "114.38800", "2018-10-31": "122.93200", "2017-10-31": "116.41800", "2016-10-31": "113.98200", "2015-10-31": "118.15500", "2014-10-31": "121.59500", "2013-10-31": "122.44400", "2012-10-31": "115.12600", "2011-10-31": "119.97500", "2010-10-31": "122.63200", "2009-10-31": "120.57500", "2008-10-31": "124.43100", "2007-10-31": "135.25200", "2006-10-31": "137.00400", "2005-10-31": "140.52000"}, "Basic EPS": {"2020-10-31": "1.26000", "2019-10-31": "3.63000", "2018-10-31": "3.33000", "2017-10-31": "2.54000", "2016-10-31": "2.20000", "2015-10-31": "2.00000", "2014-10-31": "2.55000", "2013-10-31": "1.60000", "2012-10-31": "1.76000", "2011-10-31": "1.82000", "2010-10-31": "1.47000", "2009-10-31": "1.11000", "2008-10-31": "1.69000", "2007-10-31": "1.15000", "2006-10-31": "1.25000", "2005-10-31": "1.05000"}, "EPS - Earnings Per Share": {"2020-10-31": "1.20000", "2019-10-31": "3.50000", "2018-10-31": "3.11000", "2017-10-31": "2.42000", "2016-10-31": "2.12000", "2015-10-31": "1.92000", "2014-10-31": "2.44000", "2013-10-31": "1.53000", "2012-10-31": "1.72000", "2011-10-31": "1.75000", "2010-10-31": "1.40000", "2009-10-31": "1.07000", "2008-10-31": "1.57000", "2007-10-31": "1.06000", "2006-10-31": "1.18000", "2005-10-31": "0.99000"}}, "income statement, quarterly": {"Revenue": {"2020-10-31": "451.08100", "2020-07-31": "420.81900", "2020-04-30": "405.91100", "2020-01-31": "452.55400", "2019-10-31": "433.74000", "2019-07-31": "431.23500", "2019-04-30": "411.86100", "2019-01-31": "406.41600", "2018-10-31": "430.79500", "2018-07-31": "428.69100", "2018-04-30": "412.70000", "2018-01-31": "420.23600", "2017-10-31": "408.77400", "2017-07-31": "393.74600", "2017-04-30": "374.63200", "2017-01-31": "354.95900", "2016-10-31": "346.84600", "2016-07-31": "341.16800", "2016-04-30": "323.29000", "2016-01-31": "331.55600", "2015-10-31": "341.45800", "2015-07-31": "355.51100", "2015-04-30": "351.66400", "2015-01-31": "354.93000", "2014-10-31": "368.38200", "2014-07-31": "367.59000", "2014-04-30": "354.06100", "2014-01-31": "360.26100", "2013-10-31": "356.93310", "2013-07-31": "350.36100", "2013-04-30": "331.69200", "2013-01-31": "318.51700", "2012-10-31": "309.88900", "2012-07-31": "298.77100", "2012-04-30": "304.77000", "2012-01-31": "295.60600", "2011-10-31": "297.32290", "2011-07-31": "327.05600", "2011-04-30": "315.61300", "2011-01-31": "308.61400", "2010-10-31": "297.89300", "2010-07-31": "273.07900", "2010-04-30": "272.95300", "2010-01-31": "272.03500", "2009-10-31": "254.13800", "2009-07-31": "228.37300", "2009-04-30": "198.38900", "2009-01-31": "209.47100", "2008-10-31": "249.76600", "2008-07-31": "282.81200", "2008-04-30": "273.42600", "2008-01-31": "289.79600", "2007-10-31": "293.80800", "2007-07-31": "286.93200", "2007-04-30": "260.18400", "2007-01-31": "243.17600", "2006-10-31": "227.28290", "2006-07-31": "216.57500", "2006-04-30": "211.79600", "2006-01-31": "206.54000", "2005-10-31": "198.13890", "2005-07-31": "190.75100", "2005-04-30": "182.50400", "2005-01-31": "181.78100"}, "Cost Of Goods Sold": {"2020-10-31": "", "2020-07-31": "", "2020-04-30": "", "2020-01-31": "", "2019-10-31": "", "2019-07-31": "", "2019-04-30": "", "2019-01-31": "", "2018-10-31": "", "2018-07-31": "", "2018-04-30": "", "2018-01-31": "", "2017-10-31": "", "2017-07-31": "", "2017-04-30": "", "2017-01-31": "", "2016-10-31": "", "2016-07-31": "", "2016-04-30": "", "2016-01-31": "", "2015-10-31": "", "2015-07-31": "", "2015-04-30": "", "2015-01-31": "", "2014-10-31": "", "2014-07-31": "", "2014-04-30": "", "2014-01-31": "", "2013-10-31": "", "2013-07-31": "", "2013-04-30": "", "2013-01-31": "", "2012-10-31": "", "2012-07-31": "", "2012-04-30": "", "2012-01-31": "", "2011-10-31": "", "2011-07-31": "", "2011-04-30": "", "2011-01-31": "", "2010-10-31": "", "2010-07-31": "", "2010-04-30": "", "2010-01-31": "", "2009-10-31": "", "2009-07-31": "", "2009-04-30": "", "2009-01-31": "", "2008-10-31": "", "2008-07-31": "", "2008-04-30": "", "2008-01-31": "", "2007-10-31": "", "2007-07-31": "", "2007-04-30": "", "2007-01-31": "", "2006-10-31": "", "2006-07-31": "", "2006-04-30": "", "2006-01-31": "", "2005-10-31": "", "2005-07-31": "", "2005-04-30": "", "2005-01-31": ""}, "Gross Profit": {"2020-10-31": "451.08100", "2020-07-31": "420.81900", "2020-04-30": "405.91100", "2020-01-31": "452.55400", "2019-10-31": "433.74000", "2019-07-31": "431.23500", "2019-04-30": "411.86100", "2019-01-31": "406.41600", "2018-10-31": "430.79500", "2018-07-31": "428.69100", "2018-04-30": "412.70000", "2018-01-31": "420.23600", "2017-10-31": "408.77400", "2017-07-31": "393.74600", "2017-04-30": "374.63200", "2017-01-31": "354.95900", "2016-10-31": "346.84600", "2016-07-31": "341.16800", "2016-04-30": "323.29000", "2016-01-31": "331.55600", "2015-10-31": "341.45800", "2015-07-31": "355.51100", "2015-04-30": "351.66400", "2015-01-31": "354.93000", "2014-10-31": "368.38200", "2014-07-31": "367.59000", "2014-04-30": "354.06100", "2014-01-31": "360.26100", "2013-10-31": "356.93310", "2013-07-31": "350.36100", "2013-04-30": "331.69200", "2013-01-31": "318.51700", "2012-10-31": "309.88900", "2012-07-31": "298.77100", "2012-04-30": "304.77000", "2012-01-31": "295.60600", "2011-10-31": "297.32290", "2011-07-31": "327.05600", "2011-04-30": "315.61300", "2011-01-31": "308.61400", "2010-10-31": "297.89300", "2010-07-31": "273.07900", "2010-04-30": "272.95300", "2010-01-31": "272.03500", "2009-10-31": "254.13800", "2009-07-31": "228.37300", "2009-04-30": "198.38900", "2009-01-31": "209.47100", "2008-10-31": "249.76600", "2008-07-31": "282.81200", "2008-04-30": "273.42600", "2008-01-31": "289.79600", "2007-10-31": "293.80800", "2007-07-31": "286.93200", "2007-04-30": "260.18400", "2007-01-31": "243.17600", "2006-10-31": "227.28290", "2006-07-31": "216.57500", "2006-04-30": "211.79600", "2006-01-31": "206.54000", "2005-10-31": "198.13890", "2005-07-31": "190.75100", "2005-04-30": "182.50400", "2005-01-31": "181.78100"}, "Research And Development Expenses": {"2020-10-31": "", "2020-07-31": "", "2020-04-30": "", "2020-01-31": "", "2019-10-31": "", "2019-07-31": "", "2019-04-30": "", "2019-01-31": "", "2018-10-31": "", "2018-07-31": "", "2018-04-30": "", "2018-01-31": "", "2017-10-31": "", "2017-07-31": "", "2017-04-30": "", "2017-01-31": "", "2016-10-31": "", "2016-07-31": "", "2016-04-30": "", "2016-01-31": "", "2015-10-31": "", "2015-07-31": "", "2015-04-30": "", "2015-01-31": "", "2014-10-31": "", "2014-07-31": "", "2014-04-30": "", "2014-01-31": "", "2013-10-31": "", "2013-07-31": "", "2013-04-30": "", "2013-01-31": "", "2012-10-31": "", "2012-07-31": "", "2012-04-30": "", "2012-01-31": "", "2011-10-31": "", "2011-07-31": "", "2011-04-30": "", "2011-01-31": "", "2010-10-31": "", "2010-07-31": "", "2010-04-30": "", "2010-01-31": "", "2009-10-31": "", "2009-07-31": "", "2009-04-30": "", "2009-01-31": "", "2008-10-31": "", "2008-07-31": "", "2008-04-30": "", "2008-01-31": "", "2007-10-31": "", "2007-07-31": "", "2007-04-30": "", "2007-01-31": "", "2006-10-31": "", "2006-07-31": "", "2006-04-30": "", "2006-01-31": "", "2005-10-31": "", "2005-07-31": "", "2005-04-30": "", "2005-01-31": ""}, "SG&A Expenses": {"2020-10-31": "351.28310", "2020-07-31": "188.97800", "2020-04-30": "182.60500", "2020-01-31": "211.98500", "2019-10-31": "199.17200", "2019-07-31": "196.71200", "2019-04-30": "189.47200", "2019-01-31": "191.39600", "2018-10-31": "189.81500", "2018-07-31": "194.34500", "2018-04-30": "188.58700", "2018-01-31": "196.91700", "2017-10-31": "197.64000", "2017-07-31": "179.49800", "2017-04-30": "167.47400", "2017-01-31": "166.25200", "2016-10-31": "154.91700", "2016-07-31": "153.44300", "2016-04-30": "149.75800", "2016-01-31": "150.99300", "2015-10-31": "149.66600", "2015-07-31": "155.70000", "2015-04-30": "150.15700", "2015-01-31": "226.45900", "2014-10-31": "145.94800", "2014-07-31": "153.22300", "2014-04-30": "149.44100", "2014-01-31": "154.37000", "2013-10-31": "147.88700", "2013-07-31": "150.83100", "2013-04-30": "145.31600", "2013-01-31": "142.71800", "2012-10-31": "129.40200", "2012-07-31": "127.37000", "2012-04-30": "130.52600", "2012-01-31": "129.01100", "2011-10-31": "113.58400", "2011-07-31": "128.44600", "2011-04-30": "130.81400", "2011-01-31": "129.74700", "2010-10-31": "120.43900", "2010-07-31": "119.85000", "2010-04-30": "118.68700", "2010-01-31": "115.98500", "2009-10-31": "105.97800", "2009-07-31": "102.70200", "2009-04-30": "88.68800", "2009-01-31": "91.68200", "2008-10-31": "95.01400", "2008-07-31": "111.08600", "2008-04-30": "104.79100", "2008-01-31": "114.71800", "2007-10-31": "113.49200", "2007-07-31": "124.65000", "2007-04-30": "157.04500", "2007-01-31": "176.63500", "2006-10-31": "91.26700", "2006-07-31": "92.85000", "2006-04-30": "86.79200", "2006-01-31": "87.76300", "2005-10-31": "83.52500", "2005-07-31": "77.55700", "2005-04-30": "73.77200", "2005-01-31": "72.47000"}, "Other Operating Income Or Expenses": {"2020-10-31": "-107.05400", "2020-07-31": "-94.29100", "2020-04-30": "-95.06100", "2020-01-31": "-99.88200", "2019-10-31": "-93.30400", "2019-07-31": "-91.74400", "2019-04-30": "-89.64500", "2019-01-31": "-88.34300", "2018-10-31": "-91.47600", "2018-07-31": "-87.44500", "2018-04-30": "-86.99900", "2018-01-31": "-83.24200", "2017-10-31": "-68.58600", "2017-07-31": "-89.03500", "2017-04-30": "-85.21200", "2017-01-31": "-79.41700", "2016-10-31": "-77.19000", "2016-07-31": "-77.13900", "2016-04-30": "-73.80700", "2016-01-31": "-75.89400", "2015-10-31": "-77.07400", "2015-07-31": "-79.31100", "2015-04-30": "-75.59400", "2015-01-31": "-74.18300", "2014-10-31": "-79.07600", "2014-07-31": "-79.10500", "2014-04-30": "-74.96300", "2014-01-31": "-76.72100", "2013-10-31": "-78.57600", "2013-07-31": "-75.69700", "2013-04-30": "-73.55400", "2013-01-31": "-70.33600", "2012-10-31": "-69.64700", "2012-07-31": "-71.79200", "2012-04-30": "-69.90000", "2012-01-31": "-67.95500", "2011-10-31": "-71.81400", "2011-07-31": "-74.68000", "2011-04-30": "-68.34400", "2011-01-31": "-69.17200", "2010-10-31": "-67.06000", "2010-07-31": "-65.28000", "2010-04-30": "-64.80100", "2010-01-31": "-60.74400", "2009-10-31": "-63.51600", "2009-07-31": "-58.11900", "2009-04-30": "-55.05500", "2009-01-31": "-56.23300", "2008-10-31": "-67.59500", "2008-07-31": "-68.25000", "2008-04-30": "-60.29600", "2008-01-31": "-62.48700", "2007-10-31": "-60.36800", "2007-07-31": "-59.49300", "2007-04-30": "-53.29500", "2007-01-31": "-51.12500", "2006-10-31": "-50.75100", "2006-07-31": "-43.72100", "2006-04-30": "-51.07900", "2006-01-31": "-40.95700", "2005-10-31": "-40.21400", "2005-07-31": "-36.69700", "2005-04-30": "-37.03900", "2005-01-31": "-35.75900"}, "Operating Expenses": {"2020-10-31": "464.73700", "2020-07-31": "289.59800", "2020-04-30": "283.95500", "2020-01-31": "317.83500", "2019-10-31": "298.30720", "2019-07-31": "294.10000", "2019-04-30": "284.68800", "2019-01-31": "285.28600", "2018-10-31": "286.34290", "2018-07-31": "286.42700", "2018-04-30": "280.01400", "2018-01-31": "284.43600", "2017-10-31": "270.40300", "2017-07-31": "272.71500", "2017-04-30": "256.71200", "2017-01-31": "249.52300", "2016-10-31": "235.69590", "2016-07-31": "234.44300", "2016-04-30": "227.52200", "2016-01-31": "230.93100", "2015-10-31": "230.52500", "2015-07-31": "238.77800", "2015-04-30": "229.44300", "2015-01-31": "304.37000", "2014-10-31": "229.20600", "2014-07-31": "236.41200", "2014-04-30": "228.75800", "2014-01-31": "236.06100", "2013-10-31": "231.52600", "2013-07-31": "231.51100", "2013-04-30": "223.62200", "2013-01-31": "217.83700", "2012-10-31": "203.54390", "2012-07-31": "203.75500", "2012-04-30": "205.95900", "2012-01-31": "202.78600", "2011-10-31": "192.67500", "2011-07-31": "211.62900", "2011-04-30": "208.80100", "2011-01-31": "209.26900", "2010-10-31": "197.51000", "2010-07-31": "194.31700", "2010-04-30": "191.86400", "2010-01-31": "184.68800", "2009-10-31": "177.27300", "2009-07-31": "169.14000", "2009-04-30": "153.26600", "2009-01-31": "157.47200", "2008-10-31": "173.41100", "2008-07-31": "190.72700", "2008-04-30": "177.28100", "2008-01-31": "190.62900", "2007-10-31": "188.01800", "2007-07-31": "198.07400", "2007-04-30": "223.89200", "2007-01-31": "241.17900", "2006-10-31": "154.89800", "2006-07-31": "148.69000", "2006-04-30": "151.17900", "2006-01-31": "142.46100", "2005-10-31": "136.63300", "2005-07-31": "129.94800", "2005-04-30": "127.71800", "2005-01-31": "126.26900"}, "Operating Income": {"2020-10-31": "-13.65590", "2020-07-31": "131.22100", "2020-04-30": "121.95600", "2020-01-31": "134.71900", "2019-10-31": "135.43290", "2019-07-31": "137.13500", "2019-04-30": "127.17300", "2019-01-31": "121.13000", "2018-10-31": "144.45200", "2018-07-31": "142.26400", "2018-04-30": "132.68600", "2018-01-31": "135.80000", "2017-10-31": "138.37100", "2017-07-31": "121.03100", "2017-04-30": "117.92000", "2017-01-31": "105.43600", "2016-10-31": "111.15010", "2016-07-31": "106.72500", "2016-04-30": "95.76800", "2016-01-31": "100.62500", "2015-10-31": "110.93300", "2015-07-31": "116.73300", "2015-04-30": "122.22100", "2015-01-31": "50.56000", "2014-10-31": "139.17590", "2014-07-31": "131.17800", "2014-04-30": "125.30300", "2014-01-31": "124.20000", "2013-10-31": "125.40710", "2013-07-31": "118.85000", "2013-04-30": "108.07000", "2013-01-31": "100.68000", "2012-10-31": "106.34510", "2012-07-31": "95.01600", "2012-04-30": "98.81100", "2012-01-31": "92.82000", "2011-10-31": "104.64790", "2011-07-31": "115.42700", "2011-04-30": "106.81200", "2011-01-31": "99.34500", "2010-10-31": "100.38300", "2010-07-31": "78.76200", "2010-04-30": "81.08900", "2010-01-31": "87.34700", "2009-10-31": "76.86500", "2009-07-31": "59.23300", "2009-04-30": "45.12300", "2009-01-31": "51.99900", "2008-10-31": "76.35500", "2008-07-31": "92.08500", "2008-04-30": "96.14500", "2008-01-31": "99.16700", "2007-10-31": "105.79000", "2007-07-31": "88.85800", "2007-04-30": "36.29200", "2007-01-31": "1.99700", "2006-10-31": "72.38490", "2006-07-31": "67.88500", "2006-04-30": "60.61700", "2006-01-31": "64.07900", "2005-10-31": "61.50600", "2005-07-31": "60.80300", "2005-04-30": "54.78600", "2005-01-31": "55.51200"}, "Total Non-Operating Income/Expense": {"2020-10-31": "-7.09100", "2020-07-31": "32.31100", "2020-04-30": "-73.36400", "2020-01-31": "8.36900", "2019-10-31": "15.59900", "2019-07-31": "5.47000", "2019-04-30": "20.29100", "2019-01-31": "-3.19300", "2018-10-31": "-4.91200", "2018-07-31": "-0.02000", "2018-04-30": "-5.34900", "2018-01-31": "-1.68600", "2017-10-31": "-1.92000", "2017-07-31": "-6.03900", "2017-04-30": "1.22300", "2017-01-31": "-6.85300", "2016-10-31": "-6.50500", "2016-07-31": "-4.13100", "2016-04-30": "7.47900", "2016-01-31": "-3.05900", "2015-10-31": "-13.66300", "2015-07-31": "-7.58400", "2015-04-30": "-5.38900", "2015-01-31": "-4.42700", "2014-10-31": "-10.51900", "2014-07-31": "-4.85000", "2014-04-30": "-7.22600", "2014-01-31": "-6.11300", "2013-10-31": "-14.25200", "2013-07-31": "-71.31500", "2013-04-30": "-2.19600", "2013-01-31": "-5.79100", "2012-10-31": "3.99300", "2012-07-31": "1.87500", "2012-04-30": "-0.85500", "2012-01-31": "5.73300", "2011-10-31": "-21.78200", "2011-07-31": "-3.36500", "2011-04-30": "-12.93700", "2011-01-31": "-6.77200", "2010-10-31": "-3.30200", "2010-07-31": "-6.40300", "2010-04-30": "-5.94400", "2010-01-31": "-4.97100", "2009-10-31": "-5.62700", "2009-07-31": "-4.74100", "2009-04-30": "-7.18300", "2009-01-31": "-8.00600", "2008-10-31": "-24.29300", "2008-07-31": "-6.68400", "2008-04-30": "-5.40600", "2008-01-31": "-4.52200", "2007-10-31": "-3.99900", "2007-07-31": "3.62000", "2007-04-30": "2.90500", "2007-01-31": "2.88600", "2006-10-31": "-9.33700", "2006-07-31": "1.52800", "2006-04-30": "4.47500", "2006-01-31": "1.37000", "2005-10-31": "0.67100", "2005-07-31": "0.79900", "2005-04-30": "-1.07400", "2005-01-31": "0.38000"}, "Pre-Tax Income": {"2020-10-31": "-20.74700", "2020-07-31": "163.53200", "2020-04-30": "48.59200", "2020-01-31": "143.08800", "2019-10-31": "151.03210", "2019-07-31": "142.60500", "2019-04-30": "147.46400", "2019-01-31": "117.93700", "2018-10-31": "139.54000", "2018-07-31": "142.24400", "2018-04-30": "127.33700", "2018-01-31": "134.11400", "2017-10-31": "136.45100", "2017-07-31": "114.99200", "2017-04-30": "119.14300", "2017-01-31": "98.58300", "2016-10-31": "104.64500", "2016-07-31": "102.59400", "2016-04-30": "103.24700", "2016-01-31": "97.56600", "2015-10-31": "97.27000", "2015-07-31": "109.14900", "2015-04-30": "116.83200", "2015-01-31": "46.13300", "2014-10-31": "128.65700", "2014-07-31": "126.32800", "2014-04-30": "118.07700", "2014-01-31": "118.08700", "2013-10-31": "111.15500", "2013-07-31": "47.53500", "2013-04-30": "105.87400", "2013-01-31": "94.88900", "2012-10-31": "110.33800", "2012-07-31": "96.89100", "2012-04-30": "97.95600", "2012-01-31": "98.55300", "2011-10-31": "82.86600", "2011-07-31": "112.06200", "2011-04-30": "93.87500", "2011-01-31": "92.57300", "2010-10-31": "97.08100", "2010-07-31": "72.35900", "2010-04-30": "75.14500", "2010-01-31": "82.37600", "2009-10-31": "71.23800", "2009-07-31": "54.49200", "2009-04-30": "37.94000", "2009-01-31": "43.99300", "2008-10-31": "52.06200", "2008-07-31": "85.40100", "2008-04-30": "90.73900", "2008-01-31": "94.64500", "2007-10-31": "101.79100", "2007-07-31": "92.47800", "2007-04-30": "39.19700", "2007-01-31": "4.88300", "2006-10-31": "63.04800", "2006-07-31": "69.41300", "2006-04-30": "65.09200", "2006-01-31": "65.44900", "2005-10-31": "62.17700", "2005-07-31": "61.60200", "2005-04-30": "53.71200", "2005-01-31": "55.89200"}, "Income Taxes": {"2020-10-31": "-7.59400", "2020-07-31": "36.89900", "2020-04-30": "22.01700", "2020-01-31": "32.57800", "2019-10-31": "34.25400", "2019-07-31": "36.30400", "2019-04-30": "37.06900", "2019-01-31": "27.62500", "2018-10-31": "36.82300", "2018-07-31": "37.21900", "2018-04-30": "34.04400", "2018-01-31": "48.61700", "2017-10-31": "49.80200", "2017-07-31": "42.46200", "2017-04-30": "44.65400", "2017-01-31": "36.74800", "2016-10-31": "40.83700", "2016-07-31": "39.78100", "2016-04-30": "36.16900", "2016-01-31": "36.84300", "2015-10-31": "39.11300", "2015-07-31": "43.43500", "2015-04-30": "43.89600", "2015-01-31": "16.77000", "2014-10-31": "47.92000", "2014-07-31": "48.89900", "2014-04-30": "45.24900", "2014-01-31": "44.64200", "2013-10-31": "44.62600", "2013-07-31": "25.13700", "2013-04-30": "38.19400", "2013-01-31": "35.93900", "2012-10-31": "37.65500", "2012-07-31": "34.37900", "2012-04-30": "35.16400", "2012-01-31": "35.18700", "2011-10-31": "37.66500", "2011-07-31": "43.32000", "2011-04-30": "41.33700", "2011-01-31": "34.52200", "2010-10-31": "36.84900", "2010-07-31": "28.88900", "2010-04-30": "28.88000", "2010-01-31": "31.64500", "2009-10-31": "21.21100", "2009-07-31": "21.50700", "2009-04-30": "10.86600", "2009-01-31": "17.46000", "2008-10-31": "19.60200", "2008-07-31": "34.62000", "2008-04-30": "33.90900", "2008-01-31": "37.02300", "2007-10-31": "40.36000", "2007-07-31": "35.86900", "2007-04-30": "15.09800", "2007-01-31": "1.87300", "2006-10-31": "24.79400", "2006-07-31": "27.23300", "2006-04-30": "25.07400", "2006-01-31": "25.14400", "2005-10-31": "23.88500", "2005-07-31": "25.45200", "2005-04-30": "20.33800", "2005-01-31": "21.19600"}, "Income After Taxes": {"2020-10-31": "-13.15300", "2020-07-31": "126.63300", "2020-04-30": "26.57500", "2020-01-31": "110.51000", "2019-10-31": "116.77800", "2019-07-31": "106.30100", "2019-04-30": "110.39500", "2019-01-31": "90.31200", "2018-10-31": "102.71700", "2018-07-31": "105.02500", "2018-04-30": "93.29300", "2018-01-31": "85.49700", "2017-10-31": "86.64900", "2017-07-31": "72.53000", "2017-04-30": "74.48900", "2017-01-31": "61.83500", "2016-10-31": "63.80800", "2016-07-31": "62.81300", "2016-04-30": "67.07800", "2016-01-31": "60.72300", "2015-10-31": "58.15700", "2015-07-31": "65.71400", "2015-04-30": "72.93600", "2015-01-31": "29.36300", "2014-10-31": "80.73700", "2014-07-31": "77.42900", "2014-04-30": "72.82800", "2014-01-31": "73.44500", "2013-10-31": "66.52900", "2013-07-31": "22.39800", "2013-04-30": "67.68000", "2013-01-31": "58.95000", "2012-10-31": "72.68300", "2012-07-31": "62.51200", "2012-04-30": "62.79200", "2012-01-31": "63.36600", "2011-10-31": "45.20100", "2011-07-31": "68.74200", "2011-04-30": "52.53800", "2011-01-31": "58.05100", "2010-10-31": "60.23200", "2010-07-31": "43.47000", "2010-04-30": "46.26500", "2010-01-31": "50.73100", "2009-10-31": "50.02700", "2009-07-31": "32.98500", "2009-04-30": "27.07400", "2009-01-31": "26.53300", "2008-10-31": "32.46000", "2008-07-31": "50.78100", "2008-04-30": "56.83000", "2008-01-31": "57.62200", "2007-10-31": "61.43100", "2007-07-31": "56.60900", "2007-04-30": "24.09900", "2007-01-31": "3.01000", "2006-10-31": "38.25400", "2006-07-31": "42.18000", "2006-04-30": "40.01800", "2006-01-31": "40.30500", "2005-10-31": "38.29200", "2005-07-31": "36.15000", "2005-04-30": "33.37400", "2005-01-31": "34.69600"}, "Other Income": {"2020-10-31": "-20.79300", "2020-07-31": "-100.24400", "2020-04-30": "1.48100", "2020-01-31": "2.32500", "2019-10-31": "2.17200", "2019-07-31": "2.23500", "2019-04-30": "2.73500", "2019-01-31": "1.94800", "2018-10-31": "2.49600", "2018-07-31": "2.75000", "2018-04-30": "3.11300", "2018-01-31": "3.01400", "2017-10-31": "2.89700", "2017-07-31": "2.32300", "2017-04-30": "3.14400", "2017-01-31": "2.50600", "2016-10-31": "2.48800", "2016-07-31": "2.96100", "2016-04-30": "2.37700", "2016-01-31": "2.50900", "2015-10-31": "2.65800", "2015-07-31": "3.26000", "2015-04-30": "2.95700", "2015-01-31": "3.14600", "2014-10-31": "4.38100", "2014-07-31": "3.84000", "2014-04-30": "5.21900", "2014-01-31": "3.28500", "2013-10-31": "5.60000", "2013-07-31": "2.65200", "2013-04-30": "3.44000", "2013-01-31": "3.17700", "2012-10-31": "1.75800", "2012-07-31": "0.17500", "2012-04-30": "-0.02200", "2012-01-31": "1.50400", "2011-10-31": "0.38700", "2011-07-31": "0.19400", "2011-04-30": "1.22700", "2011-01-31": "1.23400", "2010-10-31": "-0.01600", "2010-07-31": "0.01000", "2010-04-30": "-0.28100", "2010-01-31": "0.81400", "2009-10-31": "0.41000", "2009-07-31": "-0.16300", "2009-04-30": "-0.10800", "2009-01-31": "-1.23300", "2008-10-31": "2.79600", "2008-07-31": "0.28500", "2008-04-30": "0.37400", "2008-01-31": "1.66800", "2007-10-31": "1.89400", "2007-07-31": "0.60700", "2007-04-30": "0.41400", "2007-01-31": "1.00500", "2006-10-31": "1.54600", "2006-07-31": "0.65000", "2006-04-30": "1.15300", "2006-01-31": "1.00000", "2005-10-31": "0.70400", "2005-07-31": "0.73400", "2005-04-30": "0.37000", "2005-01-31": "-0.57700"}, "Income From Continuous Operations": {"2020-10-31": "-33.94600", "2020-07-31": "26.38900", "2020-04-30": "28.05600", "2020-01-31": "112.83500", "2019-10-31": "118.95000", "2019-07-31": "108.53600", "2019-04-30": "113.13000", "2019-01-31": "92.26000", "2018-10-31": "105.21300", "2018-07-31": "107.77500", "2018-04-30": "96.40600", "2018-01-31": "88.51100", "2017-10-31": "89.54600", "2017-07-31": "74.85300", "2017-04-30": "77.63300", "2017-01-31": "64.34100", "2016-10-31": "66.29600", "2016-07-31": "65.77400", "2016-04-30": "69.45500", "2016-01-31": "63.23200", "2015-10-31": "60.81500", "2015-07-31": "68.97400", "2015-04-30": "75.89300", "2015-01-31": "32.50900", "2014-10-31": "85.11800", "2014-07-31": "81.26900", "2014-04-30": "78.04700", "2014-01-31": "76.73000", "2013-10-31": "72.12900", "2013-07-31": "25.05000", "2013-04-30": "71.12000", "2013-01-31": "62.12700", "2012-10-31": "74.44100", "2012-07-31": "62.68700", "2012-04-30": "62.77000", "2012-01-31": "64.87000", "2011-10-31": "45.58800", "2011-07-31": "68.93600", "2011-04-30": "53.76500", "2011-01-31": "59.28500", "2010-10-31": "60.21600", "2010-07-31": "43.48000", "2010-04-30": "45.98400", "2010-01-31": "51.54500", "2009-10-31": "50.43700", "2009-07-31": "32.82200", "2009-04-30": "26.96600", "2009-01-31": "25.30000", "2008-10-31": "42.10500", "2008-07-31": "49.62100", "2008-04-30": "53.16200", "2008-01-31": "57.92800", "2007-10-31": "61.38300", "2007-07-31": "55.77600", "2007-04-30": "23.09300", "2007-01-31": "2.55900", "2006-10-31": "38.52700", "2006-07-31": "41.81900", "2006-04-30": "39.90000", "2006-01-31": "39.75700", "2005-10-31": "37.69500", "2005-07-31": "35.75600", "2005-04-30": "32.53600", "2005-01-31": "32.71900"}, "Income From Discontinued Operations": {"2020-10-31": "", "2020-07-31": "", "2020-04-30": "", "2020-01-31": "", "2019-10-31": "", "2019-07-31": "", "2019-04-30": "", "2019-01-31": "", "2018-10-31": "", "2018-07-31": "", "2018-04-30": "", "2018-01-31": "", "2017-10-31": "", "2017-07-31": "", "2017-04-30": "", "2017-01-31": "", "2016-10-31": "", "2016-07-31": "", "2016-04-30": "", "2016-01-31": "", "2015-10-31": "", "2015-07-31": "", "2015-04-30": "", "2015-01-31": "", "2014-10-31": "", "2014-07-31": "", "2014-04-30": "", "2014-01-31": "", "2013-10-31": "", "2013-07-31": "", "2013-04-30": "", "2013-01-31": "", "2012-10-31": "", "2012-07-31": "", "2012-04-30": "", "2012-01-31": "", "2011-10-31": "", "2011-07-31": "", "2011-04-30": "", "2011-01-31": "", "2010-10-31": "", "2010-07-31": "", "2010-04-30": "", "2010-01-31": "", "2009-10-31": "", "2009-07-31": "", "2009-04-30": "", "2009-01-31": "", "2008-10-31": "", "2008-07-31": "", "2008-04-30": "", "2008-01-31": "", "2007-10-31": "", "2007-07-31": "", "2007-04-30": "", "2007-01-31": "", "2006-10-31": "", "2006-07-31": "", "2006-04-30": "", "2006-01-31": "", "2005-10-31": "", "2005-07-31": "", "2005-04-30": "", "2005-01-31": ""}, "Net Income": {"2020-10-31": "-35.93400", "2020-07-31": "-1.59300", "2020-04-30": "72.05800", "2020-01-31": "103.98500", "2019-10-31": "109.20600", "2019-07-31": "102.22100", "2019-04-30": "101.80700", "2019-01-31": "86.80100", "2018-10-31": "105.48700", "2018-07-31": "101.79400", "2018-04-30": "96.60100", "2018-01-31": "78.05600", "2017-10-31": "82.08400", "2017-07-31": "67.36100", "2017-04-30": "71.97500", "2017-01-31": "60.71100", "2016-10-31": "65.05500", "2016-07-31": "62.89900", "2016-04-30": "54.96700", "2016-01-31": "58.38600", "2015-10-31": "63.85800", "2015-07-31": "67.59400", "2015-04-30": "70.38400", "2015-01-31": "28.46300", "2014-10-31": "74.33600", "2014-07-31": "77.93500", "2014-04-30": "73.07600", "2014-01-31": "71.35800", "2013-10-31": "57.49600", "2013-07-31": "22.41000", "2013-04-30": "61.58700", "2013-01-31": "45.22400", "2012-10-31": "51.76000", "2012-07-31": "48.78300", "2012-04-30": "51.34600", "2012-01-31": "45.90000", "2011-10-31": "44.96600", "2011-07-31": "66.61800", "2011-04-30": "61.18600", "2011-01-31": "37.53500", "2010-10-31": "47.63100", "2010-07-31": "41.75000", "2010-04-30": "36.00000", "2010-01-31": "46.24200", "2009-10-31": "48.43400", "2009-07-31": "31.22300", "2009-04-30": "25.75300", "2009-01-31": "24.69700", "2008-10-31": "34.95200", "2008-07-31": "49.62100", "2008-04-30": "53.16200", "2008-01-31": "57.92800", "2007-10-31": "61.38300", "2007-07-31": "55.77600", "2007-04-30": "23.09300", "2007-01-31": "2.55900", "2006-10-31": "38.52700", "2006-07-31": "41.81900", "2006-04-30": "39.90000", "2006-01-31": "39.13100", "2005-10-31": "37.69500", "2005-07-31": "35.75600", "2005-04-30": "32.53600", "2005-01-31": "32.71900"}, "EBITDA": {"2020-10-31": "-11.27890", "2020-07-31": "147.05100", "2020-04-30": "137.98500", "2020-01-31": "148.85400", "2019-10-31": "147.76590", "2019-07-31": "148.24200", "2019-04-30": "138.09400", "2019-01-31": "133.06700", "2018-10-31": "156.10000", "2018-07-31": "152.87900", "2018-04-30": "144.28100", "2018-01-31": "145.34900", "2017-10-31": "147.54000", "2017-07-31": "129.01300", "2017-04-30": "127.78300", "2017-01-31": "113.78500", "2016-10-31": "120.28610", "2016-07-31": "115.44300", "2016-04-30": "104.69700", "2016-01-31": "110.09800", "2015-10-31": "119.97400", "2015-07-31": "126.13400", "2015-04-30": "130.91600", "2015-01-31": "60.14800", "2014-10-31": "148.95190", "2014-07-31": "140.00200", "2014-04-30": "135.20100", "2014-01-31": "134.76400", "2013-10-31": "136.19910", "2013-07-31": "131.89700", "2013-04-30": "118.73400", "2013-01-31": "111.21700", "2012-10-31": "117.93010", "2012-07-31": "106.02700", "2012-04-30": "110.63900", "2012-01-31": "104.96100", "2011-10-31": "118.64390", "2011-07-31": "130.17800", "2011-04-30": "122.90100", "2011-01-31": "115.50100", "2010-10-31": "116.83400", "2010-07-31": "94.36000", "2010-04-30": "96.06300", "2010-01-31": "100.75300", "2009-10-31": "89.48800", "2009-07-31": "73.39100", "2009-04-30": "61.68800", "2009-01-31": "65.80700", "2008-10-31": "90.93700", "2008-07-31": "106.95000", "2008-04-30": "112.57000", "2008-01-31": "116.04200", "2007-10-31": "127.00900", "2007-07-31": "105.49500", "2007-04-30": "50.73200", "2007-01-31": "20.45000", "2006-10-31": "90.42590", "2006-07-31": "81.49600", "2006-04-30": "84.45100", "2006-01-31": "79.28100", "2005-10-31": "77.21800", "2005-07-31": "77.89600", "2005-04-30": "74.07700", "2005-01-31": "75.14700"}, "EBIT": {"2020-10-31": "-13.65600", "2020-07-31": "131.22100", "2020-04-30": "121.95600", "2020-01-31": "134.71900", "2019-10-31": "135.43290", "2019-07-31": "137.13500", "2019-04-30": "127.17300", "2019-01-31": "121.13000", "2018-10-31": "144.45200", "2018-07-31": "142.26400", "2018-04-30": "132.68600", "2018-01-31": "135.80000", "2017-10-31": "138.37090", "2017-07-31": "121.03100", "2017-04-30": "117.92000", "2017-01-31": "105.43600", "2016-10-31": "111.15010", "2016-07-31": "106.72500", "2016-04-30": "95.76800", "2016-01-31": "100.62500", "2015-10-31": "110.93300", "2015-07-31": "116.73300", "2015-04-30": "122.22100", "2015-01-31": "50.56000", "2014-10-31": "139.17600", "2014-07-31": "131.17800", "2014-04-30": "125.30300", "2014-01-31": "124.20000", "2013-10-31": "125.40710", "2013-07-31": "118.85000", "2013-04-30": "108.07000", "2013-01-31": "100.68000", "2012-10-31": "106.34510", "2012-07-31": "95.01600", "2012-04-30": "98.81100", "2012-01-31": "92.82000", "2011-10-31": "104.64790", "2011-07-31": "115.42700", "2011-04-30": "106.81200", "2011-01-31": "99.34500", "2010-10-31": "100.38290", "2010-07-31": "78.76200", "2010-04-30": "81.08900", "2010-01-31": "87.34700", "2009-10-31": "76.86500", "2009-07-31": "59.23300", "2009-04-30": "45.12300", "2009-01-31": "51.99900", "2008-10-31": "76.35510", "2008-07-31": "92.08500", "2008-04-30": "96.14500", "2008-01-31": "99.16700", "2007-10-31": "105.79000", "2007-07-31": "88.85800", "2007-04-30": "36.29200", "2007-01-31": "1.99700", "2006-10-31": "72.38500", "2006-07-31": "67.88500", "2006-04-30": "60.61700", "2006-01-31": "64.07900", "2005-10-31": "61.50600", "2005-07-31": "60.80300", "2005-04-30": "54.78600", "2005-01-31": "55.51200"}, "Basic Shares Outstanding": {"2020-10-31": "109.61700", "2020-07-31": "109.18300", "2020-04-30": "109.22400", "2020-01-31": "109.38000", "2019-10-31": "110.06400", "2019-07-31": "109.11100", "2019-04-30": "110.37900", "2019-01-31": "112.25500", "2018-10-31": "114.74500", "2018-07-31": "114.61000", "2018-04-30": "115.62500", "2018-01-31": "115.28200", "2017-10-31": "110.91800", "2017-07-31": "111.28400", "2017-04-30": "110.87500", "2017-01-31": "110.26700", "2016-10-31": "109.91400", "2016-07-31": "109.53300", "2016-04-30": "110.45900", "2016-01-31": "111.64100", "2015-10-31": "113.31800", "2015-07-31": "113.40600", "2015-04-30": "114.41500", "2015-01-31": "114.59200", "2014-10-31": "116.44000", "2014-07-31": "116.14500", "2014-04-30": "118.10300", "2014-01-31": "118.45100", "2013-10-31": "116.59700", "2013-07-31": "117.59400", "2013-04-30": "117.10200", "2013-01-31": "114.92500", "2012-10-31": "112.35900", "2012-07-31": "112.11000", "2012-04-30": "112.41800", "2012-01-31": "112.76800", "2011-10-31": "115.32600", "2011-07-31": "115.57400", "2011-04-30": "116.41300", "2011-01-31": "116.74100", "2010-10-31": "116.44400", "2010-07-31": "116.54900", "2010-04-30": "116.56500", "2010-01-31": "116.60300", "2009-10-31": "116.17500", "2009-07-31": "116.41000", "2009-04-30": "115.96500", "2009-01-31": "115.91000", "2008-10-31": "115.81000", "2008-07-31": "115.92600", "2008-04-30": "115.42100", "2008-01-31": "116.33700", "2007-10-31": "124.52700", "2007-07-31": "124.81800", "2007-04-30": "125.93700", "2007-01-31": "126.25500", "2006-10-31": "127.80700", "2006-07-31": "127.21100", "2006-04-30": "128.44700", "2006-01-31": "129.27000", "2005-10-31": "131.59100", "2005-07-31": "130.88700", "2005-04-30": "132.12100", "2005-01-31": "133.52200"}, "Shares Outstanding": {"2020-10-31": "115.73500", "2020-07-31": "111.69400", "2020-04-30": "111.61000", "2020-01-31": "114.68800", "2019-10-31": "114.38800", "2019-07-31": "113.46400", "2019-04-30": "114.24900", "2019-01-31": "115.51600", "2018-10-31": "122.93200", "2018-07-31": "122.74100", "2018-04-30": "123.77900", "2018-01-31": "123.94100", "2017-10-31": "116.41800", "2017-07-31": "117.05100", "2017-04-30": "115.96200", "2017-01-31": "114.67100", "2016-10-31": "113.98200", "2016-07-31": "113.81000", "2016-04-30": "113.66700", "2016-01-31": "114.60300", "2015-10-31": "118.15500", "2015-07-31": "118.28100", "2015-04-30": "119.73000", "2015-01-31": "119.69000", "2014-10-31": "121.59500", "2014-07-31": "121.01300", "2014-04-30": "123.02100", "2014-01-31": "124.48000", "2013-10-31": "122.44400", "2013-07-31": "123.87200", "2013-04-30": "123.33000", "2013-01-31": "119.11200", "2012-10-31": "115.12600", "2012-07-31": "114.59100", "2012-04-30": "115.88100", "2012-01-31": "114.90100", "2011-10-31": "119.97500", "2011-07-31": "120.54300", "2011-04-30": "122.29200", "2011-01-31": "122.17500", "2010-10-31": "122.63200", "2010-07-31": "122.61200", "2010-04-30": "123.51500", "2010-01-31": "122.92000", "2009-10-31": "120.57500", "2009-07-31": "121.79700", "2009-04-30": "119.43200", "2009-01-31": "118.60200", "2008-10-31": "124.43100", "2008-07-31": "125.32500", "2008-04-30": "123.27100", "2008-01-31": "127.13200", "2007-10-31": "135.25200", "2007-07-31": "135.82400", "2007-04-30": "135.16300", "2007-01-31": "134.33900", "2006-10-31": "137.00400", "2006-07-31": "136.60100", "2006-04-30": "138.73600", "2006-01-31": "139.34600", "2005-10-31": "140.52000", "2005-07-31": "139.69100", "2005-04-30": "140.95400", "2005-01-31": "143.71100"}, "Basic EPS": {"2020-10-31": "-0.34000", "2020-07-31": "-0.01000", "2020-04-30": "0.66000", "2020-01-31": "0.95000", "2019-10-31": "1.00000", "2019-07-31": "0.94000", "2019-04-30": "0.92000", "2019-01-31": "0.77000", "2018-10-31": "0.92000", "2018-07-31": "0.89000", "2018-04-30": "0.84000", "2018-01-31": "0.68000", "2017-10-31": "0.73000", "2017-07-31": "0.61000", "2017-04-30": "0.65000", "2017-01-31": "0.55000", "2016-10-31": "0.61000", "2016-07-31": "0.57000", "2016-04-30": "0.50000", "2016-01-31": "0.52000", "2015-10-31": "0.54000", "2015-07-31": "0.60000", "2015-04-30": "0.61000", "2015-01-31": "0.25000", "2014-10-31": "0.68000", "2014-07-31": "0.66000", "2014-04-30": "0.62000", "2014-01-31": "0.59000", "2013-10-31": "0.49000", "2013-07-31": "0.19000", "2013-04-30": "0.53000", "2013-01-31": "0.39000", "2012-10-31": "0.45000", "2012-07-31": "0.44000", "2012-04-30": "0.46000", "2012-01-31": "0.41000", "2011-10-31": "0.40000", "2011-07-31": "0.58000", "2011-04-30": "0.53000", "2011-01-31": "0.31000", "2010-10-31": "0.43000", "2010-07-31": "0.35000", "2010-04-30": "0.30000", "2010-01-31": "0.39000", "2009-10-31": "0.41000", "2009-07-31": "0.27000", "2009-04-30": "0.22000", "2009-01-31": "0.21000", "2008-10-31": "0.30000", "2008-07-31": "0.43000", "2008-04-30": "0.46000", "2008-01-31": "0.50000", "2007-10-31": "0.50000", "2007-07-31": "0.45000", "2007-04-30": "0.18000", "2007-01-31": "0.02000", "2006-10-31": "0.31000", "2006-07-31": "0.33000", "2006-04-30": "0.31000", "2006-01-31": "0.30000", "2005-10-31": "0.29000", "2005-07-31": "0.27000", "2005-04-30": "0.25000", "2005-01-31": "0.24000"}, "EPS - Earnings Per Share": {"2020-10-31": "-0.35000", "2020-07-31": "-0.01000", "2020-04-30": "0.65000", "2020-01-31": "0.91000", "2019-10-31": "0.96000", "2019-07-31": "0.90000", "2019-04-30": "0.89000", "2019-01-31": "0.75000", "2018-10-31": "0.87000", "2018-07-31": "0.83000", "2018-04-30": "0.78000", "2018-01-31": "0.63000", "2017-10-31": "0.69000", "2017-07-31": "0.58000", "2017-04-30": "0.62000", "2017-01-31": "0.53000", "2016-10-31": "0.59000", "2016-07-31": "0.55000", "2016-04-30": "0.48000", "2016-01-31": "0.50000", "2015-10-31": "0.53000", "2015-07-31": "0.57000", "2015-04-30": "0.58000", "2015-01-31": "0.24000", "2014-10-31": "0.66000", "2014-07-31": "0.63000", "2014-04-30": "0.59000", "2014-01-31": "0.56000", "2013-10-31": "0.47000", "2013-07-31": "0.18000", "2013-04-30": "0.50000", "2013-01-31": "0.38000", "2012-10-31": "0.45000", "2012-07-31": "0.43000", "2012-04-30": "0.44000", "2012-01-31": "0.40000", "2011-10-31": "0.40000", "2011-07-31": "0.55000", "2011-04-30": "0.50000", "2011-01-31": "0.30000", "2010-10-31": "0.40000", "2010-07-31": "0.34000", "2010-04-30": "0.29000", "2010-01-31": "0.37000", "2009-10-31": "0.40000", "2009-07-31": "0.25000", "2009-04-30": "0.21000", "2009-01-31": "0.21000", "2008-10-31": "0.28000", "2008-07-31": "0.40000", "2008-04-30": "0.43000", "2008-01-31": "0.46000", "2007-10-31": "0.46000", "2007-07-31": "0.41000", "2007-04-30": "0.17000", "2007-01-31": "0.02000", "2006-10-31": "0.30000", "2006-07-31": "0.31000", "2006-04-30": "0.29000", "2006-01-31": "0.28000", "2005-10-31": "0.27000", "2005-07-31": "0.26000", "2005-04-30": "0.23000", "2005-01-31": "0.23000"}}, "balance sheet": {"Cash On Hand": {"2020-10-31": "3738.55800", "2019-10-31": "3371.38100", "2018-10-31": "2770.22500", "2017-10-31": "1540.09500", "2016-10-31": "1013.94700", "2015-10-31": "1439.53200", "2014-10-31": "1165.89900", "2013-10-31": "1720.55100", "2012-10-31": "1416.35000", "2011-10-31": "1277.75500", "2010-10-31": "642.29500", "2009-10-31": "360.51000", "2008-10-31": "366.86600", "2007-10-31": "485.14000", "2006-10-31": "227.37400", "2005-10-31": "274.24700"}, "Receivables": {"2020-10-31": "249.80600", "2019-10-31": "237.86400", "2018-10-31": "236.73600", "2017-10-31": "200.45300", "2016-10-31": "186.17200", "2015-10-31": "187.75300", "2014-10-31": "186.34400", "2013-10-31": "170.22000", "2012-10-31": "133.58900", "2011-10-31": "130.52500", "2010-10-31": "129.38000", "2009-10-31": "107.97500", "2008-10-31": "108.64400", "2007-10-31": "116.97900", "2006-10-31": "94.66900", "2005-10-31": "83.86800"}, "Inventory": {"2020-10-31": "", "2019-10-31": "", "2018-10-31": "", "2017-10-31": "", "2016-10-31": "", "2015-10-31": "", "2014-10-31": "", "2013-10-31": "", "2012-10-31": "", "2011-10-31": "", "2010-10-31": "", "2009-10-31": "", "2008-10-31": "", "2007-10-31": "", "2006-10-31": "", "2005-10-31": ""}, "Pre-Paid Expenses": {"2020-10-31": "", "2019-10-31": "", "2018-10-31": "", "2017-10-31": "", "2016-10-31": "", "2015-10-31": "", "2014-10-31": "", "2013-10-31": "", "2012-10-31": "", "2011-10-31": "", "2010-10-31": "", "2009-10-31": "", "2008-10-31": "", "2007-10-31": "", "2006-10-31": "", "2005-10-31": ""}, "Other Current Assets": {"2020-10-31": "28.04400", "2019-10-31": "28.03900", "2018-10-31": "4.46400", "2017-10-31": "", "2016-10-31": "", "2015-10-31": "0.12800", "2014-10-31": "0.37100", "2013-10-31": "5.81400", "2012-10-31": "1.10700", "2011-10-31": "2.71500", "2010-10-31": "", "2009-10-31": "19.67700", "2008-10-31": "9.29100", "2007-10-31": "8.03300", "2006-10-31": "7.32400", "2005-10-31": "10.47300"}, "Total Current Assets": {"2020-10-31": "4016.40800", "2019-10-31": "3637.28400", "2018-10-31": "3011.42500", "2017-10-31": "1740.54800", "2016-10-31": "1200.11900", "2015-10-31": "1627.41300", "2014-10-31": "1352.61400", "2013-10-31": "1896.58500", "2012-10-31": "1551.04600", "2011-10-31": "1410.99500", "2010-10-31": "771.67500", "2009-10-31": "488.16200", "2008-10-31": "484.80100", "2007-10-31": "610.15200", "2006-10-31": "329.36700", "2005-10-31": "368.58800"}, "Property, Plant, And Equipment": {"2020-10-31": "71.83000", "2019-10-31": "72.79800", "2018-10-31": "52.42800", "2017-10-31": "48.98900", "2016-10-31": "44.42700", "2015-10-31": "44.94300", "2014-10-31": "45.65100", "2013-10-31": "48.74600", "2012-10-31": "54.88900", "2011-10-31": "67.22700", "2010-10-31": "71.21900", "2009-10-31": "75.20100", "2008-10-31": "51.11500", "2007-10-31": "26.24700", "2006-10-31": "21.49500", "2005-10-31": "12.76400"}, "Long-Term Investments": {"2020-10-31": "", "2019-10-31": "", "2018-10-31": "", "2017-10-31": "", "2016-10-31": "", "2015-10-31": "", "2014-10-31": "", "2013-10-31": "", "2012-10-31": "", "2011-10-31": "", "2010-10-31": "", "2009-10-31": "133.53600", "2008-10-31": "116.19100", "2007-10-31": "86.11100", "2006-10-31": "73.07500", "2005-10-31": "61.76600"}, "Goodwill And Intangible Assets": {"2020-10-31": "379.85600", "2019-10-31": "335.58800", "2018-10-31": "340.56600", "2017-10-31": "349.49300", "2016-10-31": "294.90000", "2015-10-31": "293.39400", "2014-10-31": "294.00200", "2013-10-31": "303.41000", "2012-10-31": "213.86400", "2011-10-31": "209.52600", "2010-10-31": "208.80400", "2009-10-31": "216.62000", "2008-10-31": "162.04400", "2007-10-31": "138.99100", "2006-10-31": "131.38600", "2005-10-31": "130.27800"}, "Other Long-Term Assets": {"2020-10-31": "129.01700", "2019-10-31": "85.08700", "2018-10-31": "95.45400", "2017-10-31": "83.34800", "2016-10-31": "85.56500", "2015-10-31": "83.39600", "2014-10-31": "103.87900", "2013-10-31": "79.44600", "2012-10-31": "89.12200", "2011-10-31": "74.32500", "2010-10-31": "61.46400", "2009-10-31": "4.53800", "2008-10-31": "4.73100", "2007-10-31": "5.66000", "2006-10-31": "0.55800", "2005-10-31": "3.03500"}, "Total Long-Term Assets": {"2020-10-31": "679.78100", "2019-10-31": "616.34500", "2018-10-31": "587.90300", "2017-10-31": "590.35300", "2016-10-31": "530.26300", "2015-10-31": "489.05800", "2014-10-31": "507.47200", "2013-10-31": "510.66400", "2012-10-31": "428.44500", "2011-10-31": "420.30500", "2010-10-31": "486.86500", "2009-10-31": "586.90500", "2008-10-31": "483.55400", "2007-10-31": "356.67900", "2006-10-31": "338.82800", "2005-10-31": "333.95600"}, "Total Assets": {"2020-10-31": "4949.29800", "2019-10-31": "4253.62900", "2018-10-31": "3599.32800", "2017-10-31": "2330.90100", "2016-10-31": "1730.38200", "2015-10-31": "2116.47100", "2014-10-31": "1860.08600", "2013-10-31": "2407.24900", "2012-10-31": "1979.49100", "2011-10-31": "1831.30000", "2010-10-31": "1258.54000", "2009-10-31": "1075.06700", "2008-10-31": "968.35500", "2007-10-31": "966.83100", "2006-10-31": "668.19500", "2005-10-31": "702.54400"}, "Total Current Liabilities": {"2020-10-31": "1394.01800", "2019-10-31": "1057.51800", "2018-10-31": "1150.84000", "2017-10-31": "320.07900", "2016-10-31": "269.93700", "2015-10-31": "277.04700", "2014-10-31": "275.71900", "2013-10-31": "255.22200", "2012-10-31": "227.98500", "2011-10-31": "210.72300", "2010-10-31": "207.19800", "2009-10-31": "188.32400", "2008-10-31": "191.43100", "2007-10-31": "214.17600", "2006-10-31": "139.64500", "2005-10-31": "116.35700"}, "Long Term Debt": {"2020-10-31": "43.62500", "2019-10-31": "", "2018-10-31": "873.00800", "2017-10-31": "631.44100", "2016-10-31": "571.77300", "2015-10-31": "1041.66400", "2014-10-31": "725.93510", "2013-10-31": "1224.72000", "2012-10-31": "947.37100", "2011-10-31": "982.89200", "2010-10-31": "500.00000", "2009-10-31": "500.00000", "2008-10-31": "500.00000", "2007-10-31": "500.00000", "2006-10-31": "", "2005-10-31": "75.46700"}, "Other Non-Current Liabilities": {"2020-10-31": "1663.69700", "2019-10-31": "1726.07700", "2018-10-31": "131.95200", "2017-10-31": "116.29800", "2016-10-31": "75.06900", "2015-10-31": "86.89100", "2014-10-31": "93.48500", "2013-10-31": "115.96000", "2012-10-31": "91.78500", "2011-10-31": "75.55700", "2010-10-31": "73.46800", "2009-10-31": "35.81200", "2008-10-31": "26.26900", "2007-10-31": "3.52300", "2006-10-31": "", "2005-10-31": ""}, "Total Long Term Liabilities": {"2020-10-31": "2231.59500", "2019-10-31": "2011.99200", "2018-10-31": "1340.05700", "2017-10-31": "998.56200", "2016-10-31": "755.87000", "2015-10-31": "1217.46800", "2014-10-31": "926.88600", "2013-10-31": "1480.48800", "2012-10-31": "1137.92100", "2011-10-31": "1159.27300", "2010-10-31": "640.48700", "2009-10-31": "579.68300", "2008-10-31": "536.79700", "2007-10-31": "523.48700", "2006-10-31": "32.06500", "2005-10-31": "109.89100"}, "Total Liabilities": {"2020-10-31": "3625.61300", "2019-10-31": "3069.51000", "2018-10-31": "2490.89700", "2017-10-31": "1318.64100", "2016-10-31": "1025.80700", "2015-10-31": "1494.51500", "2014-10-31": "1202.60500", "2013-10-31": "1735.71000", "2012-10-31": "1365.90600", "2011-10-31": "1369.99600", "2010-10-31": "847.68500", "2009-10-31": "768.00700", "2008-10-31": "728.22800", "2007-10-31": "737.66300", "2006-10-31": "171.71000", "2005-10-31": "226.24800"}, "Common Stock Net": {"2020-10-31": "0.44800", "2019-10-31": "0.44400", "2018-10-31": "0.45700", "2017-10-31": "0.46300", "2016-10-31": "0.44600", "2015-10-31": "0.45300", "2014-10-31": "0.46200", "2013-10-31": "0.47600", "2012-10-31": "0.45500", "2011-10-31": "0.45200", "2010-10-31": "0.46300", "2009-10-31": "0.45900", "2008-10-31": "0.45300", "2007-10-31": "0.46100", "2006-10-31": "0.49400", "2005-10-31": "0.50600"}, "Retained Earnings (Accumulated Deficit)": {"2020-10-31": "1217.13800", "2019-10-31": "1250.43900", "2018-10-31": "1150.69800", "2017-10-31": "921.23500", "2016-10-31": "773.00000", "2015-10-31": "679.50700", "2014-10-31": "681.52800", "2013-10-31": "551.77000", "2012-10-31": "585.11900", "2011-10-31": "463.06400", "2010-10-31": "363.19000", "2009-10-31": "266.19600", "2008-10-31": "249.51300", "2007-10-31": "227.85600", "2006-10-31": "493.49900", "2005-10-31": "475.96500"}, "Comprehensive Income": {"2020-10-31": "-63.27600", "2019-10-31": "-58.31700", "2018-10-31": "-53.18100", "2017-10-31": "-47.47400", "2016-10-31": "-57.58300", "2015-10-31": "-48.58600", "2014-10-31": "-17.99600", "2013-10-31": "-0.17700", "2012-10-31": "3.92300", "2011-10-31": "1.34000", "2010-10-31": "-0.43500", "2009-10-31": "-1.39400", "2008-10-31": "-5.13500", "2007-10-31": "3.19300", "2006-10-31": "4.38300", "2005-10-31": "2.56600"}, "Other Share Holders Equity": {"2020-10-31": "-7.08600", "2019-10-31": "-8.44700", "2018-10-31": "-8.05700", "2017-10-31": "-11.11200", "2016-10-31": "-12.07400", "2015-10-31": "-11.14300", "2014-10-31": "-8.81800", "2013-10-31": "-7.12200", "2012-10-31": "-4.15500", "2011-10-31": "-4.44100", "2010-10-31": "-3.15800", "2009-10-31": "-3.07800", "2008-10-31": "-4.70400", "2007-10-31": "-2.34200", "2006-10-31": "-1.89100", "2005-10-31": "-2.74100"}, "Share Holder Equity": {"2020-10-31": "1323.68500", "2019-10-31": "1184.11900", "2018-10-31": "1108.43100", "2017-10-31": "1012.26000", "2016-10-31": "704.57500", "2015-10-31": "621.95600", "2014-10-31": "657.48100", "2013-10-31": "671.53900", "2012-10-31": "613.58500", "2011-10-31": "461.30400", "2010-10-31": "410.85500", "2009-10-31": "307.06000", "2008-10-31": "240.12700", "2007-10-31": "229.16800", "2006-10-31": "496.48500", "2005-10-31": "476.29600"}, "Total Liabilities And Share Holders Equity": {"2020-10-31": "4949.29800", "2019-10-31": "4253.62900", "2018-10-31": "3599.32800", "2017-10-31": "2330.90100", "2016-10-31": "1730.38200", "2015-10-31": "2116.47100", "2014-10-31": "1860.08600", "2013-10-31": "2407.24900", "2012-10-31": "1979.49100", "2011-10-31": "1831.30000", "2010-10-31": "1258.54000", "2009-10-31": "1075.06700", "2008-10-31": "968.35500", "2007-10-31": "966.83100", "2006-10-31": "668.19500", "2005-10-31": "702.54400"}}, "balance sheet, quarterly": {"Cash On Hand": {"2020-10-31": "3738.55800", "2020-07-31": "3072.84400", "2020-04-30": "2727.62600", "2020-01-31": "2951.23900", "2019-10-31": "3371.38100", "2019-07-31": "3365.83900", "2019-04-30": "2799.04000", "2019-01-31": "2551.71200", "2018-10-31": "2770.22500", "2018-07-31": "2312.39200", "2018-04-30": "1737.54700", "2018-01-31": "1640.06200", "2017-10-31": "1540.09500", "2017-07-31": "1300.33900", "2017-04-30": "1413.57900", "2017-01-31": "1025.31000", "2016-10-31": "1013.94700", "2016-07-31": "1340.03100", "2016-04-30": "1284.76000", "2016-01-31": "1264.10000", "2015-10-31": "1439.53200", "2015-07-31": "957.80000", "2015-04-30": "1092.38300", "2015-01-31": "1014.23100", "2014-10-31": "1165.89900", "2014-07-31": "1191.59100", "2014-04-30": "1628.79200", "2014-01-31": "1640.51600", "2013-10-31": "1720.55100", "2013-07-31": "1229.17900", "2013-04-30": "1242.75800", "2013-01-31": "1129.58000", "2012-10-31": "1416.35000", "2012-07-31": "1377.94000", "2012-04-30": "1324.01000", "2012-01-31": "1298.53900", "2011-10-31": "1277.75500", "2011-07-31": "1284.11700", "2011-04-30": "1264.49000", "2011-01-31": "1247.74900", "2010-10-31": "642.29500", "2010-07-31": "384.93100", "2010-04-30": "323.71500", "2010-01-31": "399.12600", "2009-10-31": "360.51000", "2009-07-31": "333.23600", "2009-04-30": "309.15700", "2009-01-31": "317.55900", "2008-10-31": "366.86600", "2008-07-31": "380.50800", "2008-04-30": "350.70500", "2008-01-31": "346.48500", "2007-10-31": "485.14000", "2007-07-31": "136.08100", "2007-04-30": "154.86800", "2007-01-31": "151.01200", "2006-10-31": "227.37400", "2006-07-31": "295.69700", "2006-04-30": "286.48700", "2006-01-31": "252.44000", "2005-10-31": "274.24700", "2005-07-31": "252.30100", "2005-04-30": "284.76700", "2005-01-31": "326.75600"}, "Receivables": {"2020-10-31": "249.80600", "2020-07-31": "231.11500", "2020-04-30": "219.94400", "2020-01-31": "237.57900", "2019-10-31": "237.86400", "2019-07-31": "234.14600", "2019-04-30": "235.54500", "2019-01-31": "223.89800", "2018-10-31": "236.73600", "2018-07-31": "218.95500", "2018-04-30": "205.94000", "2018-01-31": "213.47700", "2017-10-31": "200.45300", "2017-07-31": "201.76600", "2017-04-30": "191.28400", "2017-01-31": "186.33000", "2016-10-31": "186.17200", "2016-07-31": "182.05000", "2016-04-30": "169.35200", "2016-01-31": "172.32900", "2015-10-31": "187.75300", "2015-07-31": "180.82700", "2015-04-30": "182.49600", "2015-01-31": "182.71100", "2014-10-31": "186.34400", "2014-07-31": "171.40300", "2014-04-30": "171.53800", "2014-01-31": "168.45100", "2013-10-31": "170.22000", "2013-07-31": "161.23700", "2013-04-30": "153.13500", "2013-01-31": "148.64800", "2012-10-31": "133.58900", "2012-07-31": "127.30300", "2012-04-30": "129.01100", "2012-01-31": "126.88500", "2011-10-31": "130.52500", "2011-07-31": "137.52500", "2011-04-30": "132.05300", "2011-01-31": "134.83400", "2010-10-31": "129.38000", "2010-07-31": "113.81100", "2010-04-30": "118.04800", "2010-01-31": "115.43000", "2009-10-31": "107.97500", "2009-07-31": "95.14000", "2009-04-30": "91.05600", "2009-01-31": "98.57800", "2008-10-31": "108.64400", "2008-07-31": "107.77100", "2008-04-30": "109.19600", "2008-01-31": "113.29700", "2007-10-31": "116.97900", "2007-07-31": "112.58100", "2007-04-30": "112.92400", "2007-01-31": "103.85100", "2006-10-31": "94.66900", "2006-07-31": "89.39100", "2006-04-30": "90.06600", "2006-01-31": "87.98400", "2005-10-31": "83.86800", "2005-07-31": "82.40400", "2005-04-30": "32.50600", "2005-01-31": "34.24600"}, "Inventory": {"2020-10-31": "", "2020-07-31": "", "2020-04-30": "", "2020-01-31": "", "2019-10-31": "", "2019-07-31": "", "2019-04-30": "", "2019-01-31": "", "2018-10-31": "", "2018-07-31": "", "2018-04-30": "", "2018-01-31": "", "2017-10-31": "", "2017-07-31": "", "2017-04-30": "", "2017-01-31": "", "2016-10-31": "", "2016-07-31": "", "2016-04-30": "", "2016-01-31": "", "2015-10-31": "", "2015-07-31": "", "2015-04-30": "", "2015-01-31": "", "2014-10-31": "", "2014-07-31": "", "2014-04-30": "", "2014-01-31": "", "2013-10-31": "", "2013-07-31": "", "2013-04-30": "", "2013-01-31": "", "2012-10-31": "", "2012-07-31": "", "2012-04-30": "", "2012-01-31": "", "2011-10-31": "", "2011-07-31": "", "2011-04-30": "", "2011-01-31": "", "2010-10-31": "", "2010-07-31": "", "2010-04-30": "", "2010-01-31": "", "2009-10-31": "", "2009-07-31": "", "2009-04-30": "", "2009-01-31": "", "2008-10-31": "", "2008-07-31": "", "2008-04-30": "", "2008-01-31": "", "2007-10-31": "", "2007-07-31": "", "2007-04-30": "", "2007-01-31": "", "2006-10-31": "", "2006-07-31": "", "2006-04-30": "", "2006-01-31": "", "2005-10-31": "", "2005-07-31": "", "2005-04-30": "", "2005-01-31": ""}, "Pre-Paid Expenses": {"2020-10-31": "", "2020-07-31": "", "2020-04-30": "", "2020-01-31": "", "2019-10-31": "", "2019-07-31": "", "2019-04-30": "", "2019-01-31": "", "2018-10-31": "", "2018-07-31": "", "2018-04-30": "", "2018-01-31": "", "2017-10-31": "", "2017-07-31": "", "2017-04-30": "", "2017-01-31": "", "2016-10-31": "", "2016-07-31": "", "2016-04-30": "", "2016-01-31": "", "2015-10-31": "", "2015-07-31": "", "2015-04-30": "", "2015-01-31": "", "2014-10-31": "", "2014-07-31": "", "2014-04-30": "", "2014-01-31": "", "2013-10-31": "", "2013-07-31": "", "2013-04-30": "", "2013-01-31": "", "2012-10-31": "", "2012-07-31": "", "2012-04-30": "", "2012-01-31": "", "2011-10-31": "", "2011-07-31": "", "2011-04-30": "", "2011-01-31": "", "2010-10-31": "", "2010-07-31": "", "2010-04-30": "", "2010-01-31": "", "2009-10-31": "", "2009-07-31": "", "2009-04-30": "", "2009-01-31": "", "2008-10-31": "", "2008-07-31": "", "2008-04-30": "", "2008-01-31": "", "2007-10-31": "", "2007-07-31": "", "2007-04-30": "", "2007-01-31": "", "2006-10-31": "", "2006-07-31": "", "2006-04-30": "", "2006-01-31": "", "2005-10-31": "", "2005-07-31": "", "2005-04-30": "", "2005-01-31": ""}, "Other Current Assets": {"2020-10-31": "28.04400", "2020-07-31": "19.14500", "2020-04-30": "5.55500", "2020-01-31": "13.65800", "2019-10-31": "28.03900", "2019-07-31": "21.98300", "2019-04-30": "26.27700", "2019-01-31": "4.24100", "2018-10-31": "4.46400", "2018-07-31": "", "2018-04-30": "0.30800", "2018-01-31": "", "2017-10-31": "", "2017-07-31": "", "2017-04-30": "", "2017-01-31": "", "2016-10-31": "", "2016-07-31": "21.97600", "2016-04-30": "2.94900", "2016-01-31": "3.53500", "2015-10-31": "0.12800", "2015-07-31": "3.54900", "2015-04-30": "0.41400", "2015-01-31": "0.54400", "2014-10-31": "0.37100", "2014-07-31": "2.17900", "2014-04-30": "8.51800", "2014-01-31": "3.00600", "2013-10-31": "5.81400", "2013-07-31": "2.23700", "2013-04-30": "5.53800", "2013-01-31": "0.87000", "2012-10-31": "1.10700", "2012-07-31": "1.15000", "2012-04-30": "5.88700", "2012-01-31": "1.22200", "2011-10-31": "2.71500", "2011-07-31": "11.59800", "2011-04-30": "1.58300", "2011-01-31": "2.67000", "2010-10-31": "", "2010-07-31": "11.75300", "2010-04-30": "40.82300", "2010-01-31": "12.15100", "2009-10-31": "19.67700", "2009-07-31": "10.63100", "2009-04-30": "11.30300", "2009-01-31": "7.25300", "2008-10-31": "9.29100", "2008-07-31": "8.63300", "2008-04-30": "6.42600", "2008-01-31": "6.49300", "2007-10-31": "8.03300", "2007-07-31": "8.11100", "2007-04-30": "7.60400", "2007-01-31": "8.61000", "2006-10-31": "7.32400", "2006-07-31": "6.37100", "2006-04-30": "6.02900", "2006-01-31": "7.66500", "2005-10-31": "10.47300", "2005-07-31": "6.83200", "2005-04-30": "6.21700", "2005-01-31": "4.74400"}, "Total Current Assets": {"2020-10-31": "4016.40800", "2020-07-31": "3323.10400", "2020-04-30": "2953.12500", "2020-01-31": "3202.47600", "2019-10-31": "3637.28400", "2019-07-31": "3621.96800", "2019-04-30": "3060.86200", "2019-01-31": "2779.85100", "2018-10-31": "3011.42500", "2018-07-31": "2531.34700", "2018-04-30": "1943.79500", "2018-01-31": "1853.53900", "2017-10-31": "1740.54800", "2017-07-31": "1502.10500", "2017-04-30": "1604.86300", "2017-01-31": "1211.64000", "2016-10-31": "1200.11900", "2016-07-31": "1544.05700", "2016-04-30": "1457.06100", "2016-01-31": "1439.96400", "2015-10-31": "1627.41300", "2015-07-31": "1142.17600", "2015-04-30": "1275.29300", "2015-01-31": "1197.48600", "2014-10-31": "1352.61400", "2014-07-31": "1365.17300", "2014-04-30": "1808.84800", "2014-01-31": "1811.97300", "2013-10-31": "1896.58500", "2013-07-31": "1392.65300", "2013-04-30": "1401.43000", "2013-01-31": "1279.09800", "2012-10-31": "1551.04600", "2012-07-31": "1506.39300", "2012-04-30": "1458.90800", "2012-01-31": "1426.64600", "2011-10-31": "1410.99500", "2011-07-31": "1433.24000", "2011-04-30": "1398.12600", "2011-01-31": "1385.25300", "2010-10-31": "771.67500", "2010-07-31": "510.49500", "2010-04-30": "485.08600", "2010-01-31": "529.20700", "2009-10-31": "488.16200", "2009-07-31": "454.00700", "2009-04-30": "426.51600", "2009-01-31": "438.39000", "2008-10-31": "484.80100", "2008-07-31": "496.91200", "2008-04-30": "466.32700", "2008-01-31": "466.27500", "2007-10-31": "610.15200", "2007-07-31": "256.77300", "2007-04-30": "275.39600", "2007-01-31": "263.47300", "2006-10-31": "329.36700", "2006-07-31": "391.45900", "2006-04-30": "382.58200", "2006-01-31": "348.08900", "2005-10-31": "368.58800", "2005-07-31": "341.53700", "2005-04-30": "323.49000", "2005-01-31": "365.74600"}, "Property, Plant, And Equipment": {"2020-10-31": "71.83000", "2020-07-31": "71.25100", "2020-04-30": "71.79700", "2020-01-31": "72.24500", "2019-10-31": "72.79800", "2019-07-31": "70.53400", "2019-04-30": "70.15300", "2019-01-31": "60.07900", "2018-10-31": "52.42800", "2018-07-31": "51.05600", "2018-04-30": "50.26400", "2018-01-31": "49.69200", "2017-10-31": "48.98900", "2017-07-31": "47.18800", "2017-04-30": "46.34100", "2017-01-31": "45.02300", "2016-10-31": "44.42700", "2016-07-31": "45.19400", "2016-04-30": "46.00200", "2016-01-31": "45.24800", "2015-10-31": "44.94300", "2015-07-31": "45.42800", "2015-04-30": "45.69300", "2015-01-31": "44.13500", "2014-10-31": "45.65100", "2014-07-31": "46.24700", "2014-04-30": "47.30800", "2014-01-31": "47.44600", "2013-10-31": "48.74600", "2013-07-31": "49.71300", "2013-04-30": "51.65700", "2013-01-31": "52.91100", "2012-10-31": "54.88900", "2012-07-31": "57.73200", "2012-04-30": "61.31600", "2012-01-31": "64.44300", "2011-10-31": "67.22700", "2011-07-31": "70.35400", "2011-04-30": "73.01000", "2011-01-31": "74.20300", "2010-10-31": "71.21900", "2010-07-31": "71.74200", "2010-04-30": "73.02200", "2010-01-31": "73.37500", "2009-10-31": "75.20100", "2009-07-31": "77.41400", "2009-04-30": "76.27100", "2009-01-31": "67.04800", "2008-10-31": "51.11500", "2008-07-31": "30.52400", "2008-04-30": "26.42600", "2008-01-31": "25.64600", "2007-10-31": "26.24700", "2007-07-31": "22.98700", "2007-04-30": "21.60200", "2007-01-31": "21.64000", "2006-10-31": "21.49500", "2006-07-31": "20.22800", "2006-04-30": "18.24700", "2006-01-31": "13.73000", "2005-10-31": "12.76400", "2005-07-31": "12.67700", "2005-04-30": "12.22400", "2005-01-31": "12.05100"}, "Long-Term Investments": {"2020-10-31": "", "2020-07-31": "", "2020-04-30": "", "2020-01-31": "", "2019-10-31": "", "2019-07-31": "", "2019-04-30": "", "2019-01-31": "", "2018-10-31": "", "2018-07-31": "", "2018-04-30": "", "2018-01-31": "", "2017-10-31": "", "2017-07-31": "", "2017-04-30": "", "2017-01-31": "", "2016-10-31": "", "2016-07-31": "", "2016-04-30": "", "2016-01-31": "", "2015-10-31": "", "2015-07-31": "", "2015-04-30": "", "2015-01-31": "", "2014-10-31": "", "2014-07-31": "", "2014-04-30": "", "2014-01-31": "", "2013-10-31": "", "2013-07-31": "", "2013-04-30": "", "2013-01-31": "", "2012-10-31": "", "2012-07-31": "", "2012-04-30": "", "2012-01-31": "", "2011-10-31": "", "2011-07-31": "", "2011-04-30": "", "2011-01-31": "", "2010-10-31": "", "2010-07-31": "205.55400", "2010-04-30": "191.20600", "2010-01-31": "131.71500", "2009-10-31": "133.53600", "2009-07-31": "122.25100", "2009-04-30": "108.17600", "2009-01-31": "106.47700", "2008-10-31": "116.19100", "2008-07-31": "106.16100", "2008-04-30": "93.69600", "2008-01-31": "84.21800", "2007-10-31": "86.11100", "2007-07-31": "87.59500", "2007-04-30": "84.48200", "2007-01-31": "77.41100", "2006-10-31": "73.07500", "2006-07-31": "61.55200", "2006-04-30": "53.85000", "2006-01-31": "66.89900", "2005-10-31": "61.76600", "2005-07-31": "51.44800", "2005-04-30": "40.07100", "2005-01-31": "42.94400"}, "Goodwill And Intangible Assets": {"2020-10-31": "379.85600", "2020-07-31": "332.63700", "2020-04-30": "333.60200", "2020-01-31": "334.56600", "2019-10-31": "335.58800", "2019-07-31": "336.63800", "2019-04-30": "337.68800", "2019-01-31": "338.73800", "2018-10-31": "340.56600", "2018-07-31": "342.78300", "2018-04-30": "345.01500", "2018-01-31": "347.25400", "2017-10-31": "349.49300", "2017-07-31": "351.73200", "2017-04-30": "353.97100", "2017-01-31": "344.62000", "2016-10-31": "294.90000", "2016-07-31": "297.03500", "2016-04-30": "299.17500", "2016-01-31": "291.18800", "2015-10-31": "293.39400", "2015-07-31": "295.63100", "2015-04-30": "298.47200", "2015-01-31": "291.69400", "2014-10-31": "294.00200", "2014-07-31": "296.33300", "2014-04-30": "298.69200", "2014-01-31": "301.05100", "2013-10-31": "303.41000", "2013-07-31": "305.76800", "2013-04-30": "308.12700", "2013-01-31": "309.23300", "2012-10-31": "213.86400", "2012-07-31": "215.86300", "2012-04-30": "217.86200", "2012-01-31": "207.52700", "2011-10-31": "209.52600", "2011-07-31": "211.52400", "2011-04-30": "213.52300", "2011-01-31": "207.85000", "2010-10-31": "208.80400", "2010-07-31": "210.75800", "2010-04-30": "212.71200", "2010-01-31": "214.66600", "2009-10-31": "216.62000", "2009-07-31": "218.57600", "2009-04-30": "203.78800", "2009-01-31": "205.68500", "2008-10-31": "162.04400", "2008-07-31": "162.82000", "2008-04-30": "137.63600", "2008-01-31": "138.31400", "2007-10-31": "138.99100", "2007-07-31": "138.95600", "2007-04-30": "130.11700", "2007-01-31": "130.74500", "2006-10-31": "131.38600", "2006-07-31": "131.53800", "2006-04-30": "121.21400", "2006-01-31": "130.80400", "2005-10-31": "130.27800", "2005-07-31": "130.49900", "2005-04-30": "130.81800", "2005-01-31": "132.46200"}, "Other Long-Term Assets": {"2020-10-31": "129.01700", "2020-07-31": "77.95600", "2020-04-30": "100.80300", "2020-01-31": "65.36900", "2019-10-31": "85.08700", "2019-07-31": "95.19500", "2019-04-30": "69.96600", "2019-01-31": "61.39100", "2018-10-31": "95.45400", "2018-07-31": "67.83200", "2018-04-30": "73.22000", "2018-01-31": "64.56400", "2017-10-31": "83.34800", "2017-07-31": "68.89100", "2017-04-30": "56.42800", "2017-01-31": "55.32800", "2016-10-31": "85.56500", "2016-07-31": "55.91000", "2016-04-30": "56.07600", "2016-01-31": "49.72700", "2015-10-31": "83.39600", "2015-07-31": "76.23000", "2015-04-30": "92.69100", "2015-01-31": "95.92100", "2014-10-31": "103.87900", "2014-07-31": "58.35500", "2014-04-30": "56.45600", "2014-01-31": "68.75800", "2013-10-31": "79.44600", "2013-07-31": "85.94200", "2013-04-30": "52.16600", "2013-01-31": "90.68800", "2012-10-31": "89.12200", "2012-07-31": "75.56200", "2012-04-30": "110.88200", "2012-01-31": "66.77200", "2011-10-31": "74.32500", "2011-07-31": "58.78400", "2011-04-30": "65.84300", "2011-01-31": "57.04700", "2010-10-31": "61.46400", "2010-07-31": "4.07200", "2010-04-30": "4.31300", "2010-01-31": "4.40800", "2009-10-31": "4.53800", "2009-07-31": "4.63000", "2009-04-30": "4.49100", "2009-01-31": "4.62400", "2008-10-31": "4.73100", "2008-07-31": "5.04500", "2008-04-30": "5.18300", "2008-01-31": "5.48900", "2007-10-31": "5.66000", "2007-07-31": "0.55800", "2007-04-30": "0.53000", "2007-01-31": "0.54900", "2006-10-31": "0.55800", "2006-07-31": "2.02600", "2006-04-30": "2.06100", "2006-01-31": "2.09200", "2005-10-31": "3.03500", "2005-07-31": "4.39500", "2005-04-30": "4.41600", "2005-01-31": "4.41000"}, "Total Long-Term Assets": {"2020-10-31": "679.78100", "2020-07-31": "601.59300", "2020-04-30": "631.92900", "2020-01-31": "580.34300", "2019-10-31": "616.34500", "2019-07-31": "596.89700", "2019-04-30": "572.31600", "2019-01-31": "556.25400", "2018-10-31": "587.90300", "2018-07-31": "554.88500", "2018-04-30": "554.41300", "2018-01-31": "543.47000", "2017-10-31": "590.35300", "2017-07-31": "571.93000", "2017-04-30": "562.21000", "2017-01-31": "546.96400", "2016-10-31": "530.26300", "2016-07-31": "455.29900", "2016-04-30": "463.69400", "2016-01-31": "453.15600", "2015-10-31": "489.05800", "2015-07-31": "483.71900", "2015-04-30": "497.25900", "2015-01-31": "493.32500", "2014-10-31": "507.47200", "2014-07-31": "470.91500", "2014-04-30": "472.56100", "2014-01-31": "481.10400", "2013-10-31": "510.66400", "2013-07-31": "517.70400", "2013-04-30": "485.84800", "2013-01-31": "524.43500", "2012-10-31": "428.44500", "2012-07-31": "417.38500", "2012-04-30": "457.49700", "2012-01-31": "407.88700", "2011-10-31": "420.30500", "2011-07-31": "402.04800", "2011-04-30": "408.36100", "2011-01-31": "394.93800", "2010-10-31": "486.86500", "2010-07-31": "666.23210", "2010-04-30": "645.16900", "2010-01-31": "580.35000", "2009-10-31": "586.90500", "2009-07-31": "571.37500", "2009-04-30": "539.55300", "2009-01-31": "526.83400", "2008-10-31": "483.55400", "2008-07-31": "425.18300", "2008-04-30": "379.06300", "2008-01-31": "365.11500", "2007-10-31": "356.67900", "2007-07-31": "355.91700", "2007-04-30": "345.96300", "2007-01-31": "340.76000", "2006-10-31": "338.82800", "2006-07-31": "330.16900", "2006-04-30": "311.52000", "2006-01-31": "332.23400", "2005-10-31": "333.95600", "2005-07-31": "331.54000", "2005-04-30": "327.55700", "2005-01-31": "343.82800"}, "Total Assets": {"2020-10-31": "4949.29800", "2020-07-31": "4182.39700", "2020-04-30": "3846.71400", "2020-01-31": "4048.43700", "2019-10-31": "4253.62900", "2019-07-31": "4218.86500", "2019-04-30": "3633.17800", "2019-01-31": "3336.10500", "2018-10-31": "3599.32800", "2018-07-31": "3086.23200", "2018-04-30": "2498.20800", "2018-01-31": "2397.00900", "2017-10-31": "2330.90100", "2017-07-31": "2074.03500", "2017-04-30": "2167.07300", "2017-01-31": "1758.60400", "2016-10-31": "1730.38200", "2016-07-31": "1999.35600", "2016-04-30": "1920.75500", "2016-01-31": "1893.12000", "2015-10-31": "2116.47100", "2015-07-31": "1625.89500", "2015-04-30": "1772.55200", "2015-01-31": "1690.81100", "2014-10-31": "1860.08600", "2014-07-31": "1836.08800", "2014-04-30": "2281.40900", "2014-01-31": "2293.07700", "2013-10-31": "2407.24900", "2013-07-31": "1910.35700", "2013-04-30": "1887.27900", "2013-01-31": "1803.53300", "2012-10-31": "1979.49100", "2012-07-31": "1923.77800", "2012-04-30": "1916.40500", "2012-01-31": "1834.53300", "2011-10-31": "1831.30000", "2011-07-31": "1835.28800", "2011-04-30": "1806.48700", "2011-01-31": "1780.19100", "2010-10-31": "1258.54000", "2010-07-31": "1176.72700", "2010-04-30": "1130.25500", "2010-01-31": "1109.55700", "2009-10-31": "1075.06700", "2009-07-31": "1025.38200", "2009-04-30": "966.06900", "2009-01-31": "965.22400", "2008-10-31": "968.35500", "2008-07-31": "922.09500", "2008-04-30": "845.39000", "2008-01-31": "831.39000", "2007-10-31": "966.83100", "2007-07-31": "612.69000", "2007-04-30": "621.35900", "2007-01-31": "604.23300", "2006-10-31": "668.19500", "2006-07-31": "721.62800", "2006-04-30": "694.10200", "2006-01-31": "680.32300", "2005-10-31": "702.54400", "2005-07-31": "673.07700", "2005-04-30": "651.04700", "2005-01-31": "709.57400"}, "Total Current Liabilities": {"2020-10-31": "1394.01800", "2020-07-31": "921.11300", "2020-04-30": "559.12500", "2020-01-31": "535.68800", "2019-10-31": "1057.51800", "2019-07-31": "305.58500", "2019-04-30": "259.02700", "2019-01-31": "206.19500", "2018-10-31": "1150.84000", "2018-07-31": "303.04000", "2018-04-30": "241.49700", "2018-01-31": "197.09800", "2017-10-31": "320.07900", "2017-07-31": "261.70800", "2017-04-30": "202.69300", "2017-01-31": "170.06400", "2016-10-31": "269.93700", "2016-07-31": "229.18600", "2016-04-30": "184.06800", "2016-01-31": "160.84300", "2015-10-31": "277.04700", "2015-07-31": "231.48900", "2015-04-30": "188.21700", "2015-01-31": "167.61900", "2014-10-31": "275.71900", "2014-07-31": "237.71600", "2014-04-30": "191.10700", "2014-01-31": "177.81400", "2013-10-31": "255.22200", "2013-07-31": "216.60400", "2013-04-30": "171.71000", "2013-01-31": "125.45000", "2012-10-31": "227.98500", "2012-07-31": "189.08800", "2012-04-30": "151.14400", "2012-01-31": "132.55900", "2011-10-31": "210.72300", "2011-07-31": "200.78600", "2011-04-30": "154.71200", "2011-01-31": "156.23800", "2010-10-31": "207.19800", "2010-07-31": "202.22100", "2010-04-30": "165.82600", "2010-01-31": "184.74200", "2009-10-31": "188.32400", "2009-07-31": "168.71100", "2009-04-30": "124.89100", "2009-01-31": "147.45900", "2008-10-31": "191.43100", "2008-07-31": "184.84400", "2008-04-30": "150.95700", "2008-01-31": "179.73000", "2007-10-31": "214.17600", "2007-07-31": "175.59700", "2007-04-30": "119.43100", "2007-01-31": "87.20200", "2006-10-31": "139.64500", "2006-07-31": "188.90700", "2006-04-30": "91.61500", "2006-01-31": "69.32300", "2005-10-31": "116.35700", "2005-07-31": "93.34100", "2005-04-30": "76.35600", "2005-01-31": "81.41800"}, "Long Term Debt": {"2020-10-31": "43.62500", "2020-07-31": "", "2020-04-30": "1748.95800", "2020-01-31": "1869.78500", "2019-10-31": "", "2019-07-31": "2240.90200", "2019-04-30": "1628.90500", "2019-01-31": "1529.27400", "2018-10-31": "873.00800", "2018-07-31": "1262.46600", "2018-04-30": "727.57100", "2018-01-31": "655.58600", "2017-10-31": "631.44100", "2017-07-31": "618.58200", "2017-04-30": "868.27200", "2017-01-31": "571.94600", "2016-10-31": "571.77300", "2016-07-31": "983.56300", "2016-04-30": "966.36600", "2016-01-31": "987.46000", "2015-10-31": "1041.66400", "2015-07-31": "577.92500", "2015-04-30": "699.91890", "2015-01-31": "714.45300", "2014-10-31": "725.93510", "2014-07-31": "756.73000", "2014-04-30": "1203.14800", "2014-01-31": "573.53800", "2013-10-31": "1224.72000", "2013-07-31": "573.46000", "2013-04-30": "500.00000", "2013-01-31": "500.00000", "2012-10-31": "947.37100", "2012-07-31": "500.00000", "2012-04-30": "500.00000", "2012-01-31": "500.00000", "2011-10-31": "982.89200", "2011-07-31": "997.94500", "2011-04-30": "989.72300", "2011-01-31": "956.96300", "2010-10-31": "500.00000", "2010-07-31": "500.00000", "2010-04-30": "500.00000", "2010-01-31": "500.00000", "2009-10-31": "500.00000", "2009-07-31": "500.00000", "2009-04-30": "500.00000", "2009-01-31": "500.00000", "2008-10-31": "500.00000", "2008-07-31": "500.00000", "2008-04-30": "500.00000", "2008-01-31": "500.00000", "2007-10-31": "500.00000", "2007-07-31": "", "2007-04-30": "", "2007-01-31": "", "2006-10-31": "", "2006-07-31": "", "2006-04-30": "76.02700", "2006-01-31": "75.74900", "2005-10-31": "75.46700", "2005-07-31": "75.18400", "2005-04-30": "74.90000", "2005-01-31": "74.62500"}, "Other Non-Current Liabilities": {"2020-10-31": "1663.69700", "2020-07-31": "1493.99400", "2020-04-30": "50.39100", "2020-01-31": "61.85300", "2019-10-31": "1726.07700", "2019-07-31": "196.80800", "2019-04-30": "315.03800", "2019-01-31": "205.30300", "2018-10-31": "131.95200", "2018-07-31": "105.58100", "2018-04-30": "100.51200", "2018-01-31": "139.72200", "2017-10-31": "116.29800", "2017-07-31": "102.62500", "2017-04-30": "107.50400", "2017-01-31": "123.35400", "2016-10-31": "75.06900", "2016-07-31": "72.30000", "2016-04-30": "67.08900", "2016-01-31": "67.21600", "2015-10-31": "86.89100", "2015-07-31": "84.66700", "2015-04-30": "113.14100", "2015-01-31": "97.53700", "2014-10-31": "93.48500", "2014-07-31": "72.43700", "2014-04-30": "81.20500", "2014-01-31": "718.20500", "2013-10-31": "115.96000", "2013-07-31": "369.00700", "2013-04-30": "441.52000", "2013-01-31": "510.85700", "2012-10-31": "91.78500", "2012-07-31": "568.99500", "2012-04-30": "614.30000", "2012-01-31": "606.10100", "2011-10-31": "75.55700", "2011-07-31": "57.65400", "2011-04-30": "66.68200", "2011-01-31": "81.30600", "2010-10-31": "73.46800", "2010-07-31": "44.06500", "2010-04-30": "44.17000", "2010-01-31": "36.05800", "2009-10-31": "35.81200", "2009-07-31": "34.29600", "2009-04-30": "49.19500", "2009-01-31": "47.98200", "2008-10-31": "26.26900", "2008-07-31": "1.03900", "2008-04-30": "1.03900", "2008-01-31": "0.90600", "2007-10-31": "3.52300", "2007-07-31": "", "2007-04-30": "", "2007-01-31": "", "2006-10-31": "", "2006-07-31": "", "2006-04-30": "", "2006-01-31": "", "2005-10-31": "", "2005-07-31": "", "2005-04-30": "", "2005-01-31": ""}, "Total Long Term Liabilities": {"2020-10-31": "2231.59500", "2020-07-31": "1985.99700", "2020-04-30": "2321.34400", "2020-01-31": "2582.57100", "2019-10-31": "2011.99200", "2019-07-31": "2783.87300", "2019-04-30": "2284.11900", "2019-01-31": "2061.16600", "2018-10-31": "1340.05700", "2018-07-31": "1676.99200", "2018-04-30": "1163.38400", "2018-01-31": "1099.75700", "2017-10-31": "998.56200", "2017-07-31": "910.36100", "2017-04-30": "1175.89000", "2017-01-31": "844.71800", "2016-10-31": "755.87000", "2016-07-31": "1146.43900", "2016-04-30": "1121.03800", "2016-01-31": "1139.95500", "2015-10-31": "1217.46800", "2015-07-31": "774.28600", "2015-04-30": "948.14990", "2015-01-31": "915.73200", "2014-10-31": "926.88600", "2014-07-31": "929.13310", "2014-04-30": "1405.94800", "2014-01-31": "1409.17400", "2013-10-31": "1480.48800", "2013-07-31": "1039.51800", "2013-04-30": "1062.77200", "2013-01-31": "1100.77500", "2012-10-31": "1137.92100", "2012-07-31": "1182.07500", "2012-04-30": "1248.81600", "2012-01-31": "1224.59500", "2011-10-31": "1159.27300", "2011-07-31": "1144.82400", "2011-04-30": "1174.60600", "2011-01-31": "1159.88800", "2010-10-31": "640.48700", "2010-07-31": "590.14000", "2010-04-30": "599.01100", "2010-01-31": "582.60400", "2009-10-31": "579.68300", "2009-07-31": "537.55600", "2009-04-30": "552.64000", "2009-01-31": "552.22800", "2008-10-31": "536.79700", "2008-07-31": "509.81800", "2008-04-30": "510.19600", "2008-01-31": "508.80000", "2007-10-31": "523.48700", "2007-07-31": "27.05100", "2007-04-30": "30.77500", "2007-01-31": "31.24800", "2006-10-31": "32.06500", "2006-07-31": "35.41400", "2006-04-30": "113.44200", "2006-01-31": "117.04400", "2005-10-31": "109.89100", "2005-07-31": "128.38800", "2005-04-30": "128.98900", "2005-01-31": "168.65900"}, "Total Liabilities": {"2020-10-31": "3625.61300", "2020-07-31": "2907.11000", "2020-04-30": "2569.60900", "2020-01-31": "2803.41300", "2019-10-31": "3069.51000", "2019-07-31": "3089.45800", "2019-04-30": "2543.14600", "2019-01-31": "2267.36100", "2018-10-31": "2490.89700", "2018-07-31": "1980.03200", "2018-04-30": "1404.88100", "2018-01-31": "1296.85500", "2017-10-31": "1318.64100", "2017-07-31": "1172.06900", "2017-04-30": "1378.58300", "2017-01-31": "1014.78200", "2016-10-31": "1025.80700", "2016-07-31": "1375.62500", "2016-04-30": "1305.10600", "2016-01-31": "1300.79800", "2015-10-31": "1494.51500", "2015-07-31": "1005.77500", "2015-04-30": "1136.36700", "2015-01-31": "1083.35100", "2014-10-31": "1202.60500", "2014-07-31": "1166.84900", "2014-04-30": "1597.05500", "2014-01-31": "1586.98800", "2013-10-31": "1735.71000", "2013-07-31": "1256.12200", "2013-04-30": "1234.48000", "2013-01-31": "1226.22500", "2012-10-31": "1365.90600", "2012-07-31": "1371.16300", "2012-04-30": "1399.96000", "2012-01-31": "1357.15400", "2011-10-31": "1369.99600", "2011-07-31": "1345.61000", "2011-04-30": "1329.31800", "2011-01-31": "1316.12600", "2010-10-31": "847.68500", "2010-07-31": "792.36100", "2010-04-30": "764.83700", "2010-01-31": "767.34600", "2009-10-31": "768.00700", "2009-07-31": "706.26700", "2009-04-30": "677.53100", "2009-01-31": "699.68700", "2008-10-31": "728.22800", "2008-07-31": "694.66200", "2008-04-30": "661.15300", "2008-01-31": "688.53000", "2007-10-31": "737.66300", "2007-07-31": "202.64800", "2007-04-30": "150.20600", "2007-01-31": "118.45000", "2006-10-31": "171.71000", "2006-07-31": "224.32100", "2006-04-30": "205.05700", "2006-01-31": "186.36700", "2005-10-31": "226.24800", "2005-07-31": "221.72900", "2005-04-30": "205.34500", "2005-01-31": "250.07700"}, "Common Stock Net": {"2020-10-31": "0.44800", "2020-07-31": "0.44800", "2020-04-30": "0.44700", "2020-01-31": "0.44800", "2019-10-31": "0.44400", "2019-07-31": "0.44400", "2019-04-30": "0.44800", "2019-01-31": "0.45200", "2018-10-31": "0.45700", "2018-07-31": "0.46300", "2018-04-30": "0.46800", "2018-01-31": "0.47100", "2017-10-31": "0.46300", "2017-07-31": "0.45600", "2017-04-30": "0.45100", "2017-01-31": "0.45000", "2016-10-31": "0.44600", "2016-07-31": "0.44200", "2016-04-30": "0.44500", "2016-01-31": "0.45000", "2015-10-31": "0.45300", "2015-07-31": "0.45600", "2015-04-30": "0.46100", "2015-01-31": "0.46300", "2014-10-31": "0.46200", "2014-07-31": "0.46400", "2014-04-30": "0.47200", "2014-01-31": "0.47800", "2013-10-31": "0.47600", "2013-07-31": "0.47400", "2013-04-30": "0.47500", "2013-01-31": "0.47100", "2012-10-31": "0.45500", "2012-07-31": "0.45000", "2012-04-30": "0.45200", "2012-01-31": "0.45300", "2011-10-31": "0.45200", "2011-07-31": "0.45900", "2011-04-30": "0.46400", "2011-01-31": "0.46600", "2010-10-31": "0.46300", "2010-07-31": "0.46200", "2010-04-30": "0.46300", "2010-01-31": "0.46300", "2009-10-31": "0.45900", "2009-07-31": "0.45900", "2009-04-30": "0.45800", "2009-01-31": "0.45700", "2008-10-31": "0.45300", "2008-07-31": "0.45400", "2008-04-30": "0.45200", "2008-01-31": "0.45100", "2007-10-31": "0.46100", "2007-07-31": "0.48200", "2007-04-30": "0.49100", "2007-01-31": "0.49300", "2006-10-31": "0.49400", "2006-07-31": "0.49600", "2006-04-30": "0.49900", "2006-01-31": "0.50500", "2005-10-31": "0.50600", "2005-07-31": "0.51000", "2005-04-30": "0.51400", "2005-01-31": "0.52000"}, "Retained Earnings (Accumulated Deficit)": {"2020-10-31": "1217.13800", "2020-07-31": "1296.00200", "2020-04-30": "1340.55900", "2020-01-31": "1310.63100", "2019-10-31": "1250.43900", "2019-07-31": "1195.77500", "2019-04-30": "1157.97000", "2019-01-31": "1131.09400", "2018-10-31": "1150.69800", "2018-07-31": "1086.14500", "2018-04-30": "1021.04100", "2018-01-31": "961.49200", "2017-10-31": "921.23500", "2017-07-31": "875.86700", "2017-04-30": "841.12700", "2017-01-31": "801.45100", "2016-10-31": "773.00000", "2016-07-31": "680.90700", "2016-04-30": "664.74900", "2016-01-31": "664.11500", "2015-10-31": "679.50700", "2015-07-31": "673.56600", "2015-04-30": "675.71700", "2015-01-31": "656.49800", "2014-10-31": "681.52800", "2014-07-31": "679.04900", "2014-04-30": "643.43700", "2014-01-31": "595.89400", "2013-10-31": "551.77000", "2013-07-31": "524.14100", "2013-04-30": "527.50400", "2013-01-31": "487.95600", "2012-10-31": "585.11900", "2012-07-31": "552.53200", "2012-04-30": "515.97000", "2012-01-31": "478.27600", "2011-10-31": "463.06400", "2011-07-31": "477.55400", "2011-04-30": "434.11000", "2011-01-31": "410.97800", "2010-10-31": "363.19000", "2010-07-31": "334.17400", "2010-04-30": "311.32700", "2010-01-31": "294.27800", "2009-10-31": "266.19600", "2009-07-31": "323.76300", "2009-04-30": "296.21600", "2009-01-31": "275.35400", "2008-10-31": "249.51300", "2008-07-31": "231.77100", "2008-04-30": "187.82800", "2008-01-31": "145.48300", "2007-10-31": "227.85600", "2007-07-31": "406.04300", "2007-04-30": "466.34400", "2007-01-31": "482.19500", "2006-10-31": "493.49900", "2006-07-31": "496.15400", "2006-04-30": "487.55800", "2006-01-31": "492.22000", "2005-10-31": "475.96500", "2005-07-31": "453.60500", "2005-04-30": "449.05400", "2005-01-31": "462.59800"}, "Comprehensive Income": {"2020-10-31": "-63.27600", "2020-07-31": "-63.13200", "2020-04-30": "-68.92500", "2020-01-31": "-58.70100", "2019-10-31": "-58.31700", "2019-07-31": "-59.93500", "2019-04-30": "-61.61500", "2019-01-31": "-55.93300", "2018-10-31": "-53.18100", "2018-07-31": "-50.11000", "2018-04-30": "-44.47300", "2018-01-31": "-34.69400", "2017-10-31": "-47.47400", "2017-07-31": "-41.61400", "2017-04-30": "-60.06400", "2017-01-31": "-51.45500", "2016-10-31": "-57.58300", "2016-07-31": "-49.76700", "2016-04-30": "-40.85600", "2016-01-31": "-63.30600", "2015-10-31": "-48.58600", "2015-07-31": "-47.19200", "2015-04-30": "-32.37200", "2015-01-31": "-42.08600", "2014-10-31": "-17.99600", "2014-07-31": "-4.50800", "2014-04-30": "-5.64500", "2014-01-31": "-8.67500", "2013-10-31": "-0.17700", "2013-07-31": "0.68600", "2013-04-30": "1.25100", "2013-01-31": "1.59600", "2012-10-31": "3.92300", "2012-07-31": "2.63000", "2012-04-30": "3.09700", "2012-01-31": "2.00300", "2011-10-31": "1.34000", "2011-07-31": "1.63700", "2011-04-30": "2.61500", "2011-01-31": "1.08800", "2010-10-31": "-0.43500", "2010-07-31": "-1.20800", "2010-04-30": "-0.57600", "2010-01-31": "-2.02600", "2009-10-31": "-1.39400", "2009-07-31": "-1.93500", "2009-04-30": "-4.88600", "2009-01-31": "-6.70700", "2008-10-31": "-5.13500", "2008-07-31": "-0.28300", "2008-04-30": "0.99600", "2008-01-31": "0.78700", "2007-10-31": "3.19300", "2007-07-31": "6.09100", "2007-04-30": "6.94600", "2007-01-31": "5.76200", "2006-10-31": "4.38300", "2006-07-31": "2.70000", "2006-04-30": "3.19200", "2006-01-31": "3.84000", "2005-10-31": "2.56600", "2005-07-31": "2.87600", "2005-04-30": "1.99600", "2005-01-31": "2.27200"}, "Other Share Holders Equity": {"2020-10-31": "-7.08600", "2020-07-31": "-7.15300", "2020-04-30": "-7.07000", "2020-01-31": "-7.35400", "2019-10-31": "-8.44700", "2019-07-31": "-7.91900", "2019-04-30": "-7.82000", "2019-01-31": "-7.87500", "2018-10-31": "-8.05700", "2018-07-31": "-9.34300", "2018-04-30": "-9.37600", "2018-01-31": "-10.51800", "2017-10-31": "-11.11200", "2017-07-31": "-11.20500", "2017-04-30": "-10.18500", "2017-01-31": "-10.14100", "2016-10-31": "-12.07400", "2016-07-31": "-9.67300", "2016-04-30": "-10.39100", "2016-01-31": "-10.70200", "2015-10-31": "-11.14300", "2015-07-31": "-8.36000", "2015-04-30": "-9.17900", "2015-01-31": "-9.19700", "2014-10-31": "-8.81800", "2014-07-31": "-7.56900", "2014-04-30": "-7.47400", "2014-01-31": "-7.01500", "2013-10-31": "-7.12200", "2013-07-31": "-6.86100", "2013-04-30": "-7.27800", "2013-01-31": "-7.68800", "2012-10-31": "-4.15500", "2012-07-31": "-3.88800", "2012-04-30": "-4.17100", "2012-01-31": "-4.11800", "2011-10-31": "-4.44100", "2011-07-31": "-2.92100", "2011-04-30": "-2.86800", "2011-01-31": "-2.98400", "2010-10-31": "-3.15800", "2010-07-31": "-2.79400", "2010-04-30": "-2.55800", "2010-01-31": "-3.03700", "2009-10-31": "-3.07800", "2009-07-31": "-3.17200", "2009-04-30": "-3.25000", "2009-01-31": "-3.56700", "2008-10-31": "-4.70400", "2008-07-31": "-4.50900", "2008-04-30": "-5.03900", "2008-01-31": "-3.86100", "2007-10-31": "-2.34200", "2007-07-31": "-2.57400", "2007-04-30": "-2.62800", "2007-01-31": "-2.66700", "2006-10-31": "-1.89100", "2006-07-31": "-2.04300", "2006-04-30": "-2.20400", "2006-01-31": "-2.60900", "2005-10-31": "-2.74100", "2005-07-31": "-2.84300", "2005-04-30": "-2.86200", "2005-01-31": "-2.69300"}, "Share Holder Equity": {"2020-10-31": "1323.68500", "2020-07-31": "1275.28700", "2020-04-30": "1277.10500", "2020-01-31": "1245.02400", "2019-10-31": "1184.11900", "2019-07-31": "1129.40700", "2019-04-30": "1090.03200", "2019-01-31": "1068.74400", "2018-10-31": "1108.43100", "2018-07-31": "1106.20000", "2018-04-30": "1093.32700", "2018-01-31": "1100.15400", "2017-10-31": "1012.26000", "2017-07-31": "901.96600", "2017-04-30": "788.49000", "2017-01-31": "743.82200", "2016-10-31": "704.57500", "2016-07-31": "623.73100", "2016-04-30": "615.64900", "2016-01-31": "592.32200", "2015-10-31": "621.95600", "2015-07-31": "620.12000", "2015-04-30": "636.18500", "2015-01-31": "607.46000", "2014-10-31": "657.48100", "2014-07-31": "669.23900", "2014-04-30": "684.35400", "2014-01-31": "706.08900", "2013-10-31": "671.53900", "2013-07-31": "654.23500", "2013-04-30": "652.79800", "2013-01-31": "577.30800", "2012-10-31": "613.58500", "2012-07-31": "552.61500", "2012-04-30": "516.44500", "2012-01-31": "477.37900", "2011-10-31": "461.30400", "2011-07-31": "489.67800", "2011-04-30": "477.16900", "2011-01-31": "464.06500", "2010-10-31": "410.85500", "2010-07-31": "384.36600", "2010-04-30": "365.41800", "2010-01-31": "342.21100", "2009-10-31": "307.06000", "2009-07-31": "319.11500", "2009-04-30": "288.53800", "2009-01-31": "265.53700", "2008-10-31": "240.12700", "2008-07-31": "227.43300", "2008-04-30": "184.23700", "2008-01-31": "142.86000", "2007-10-31": "229.16800", "2007-07-31": "410.04200", "2007-04-30": "471.15300", "2007-01-31": "485.78300", "2006-10-31": "496.48500", "2006-07-31": "497.30700", "2006-04-30": "489.04500", "2006-01-31": "493.95600", "2005-10-31": "476.29600", "2005-07-31": "451.34800", "2005-04-30": "445.70200", "2005-01-31": "459.49700"}, "Total Liabilities And Share Holders Equity": {"2020-10-31": "4949.29800", "2020-07-31": "4182.39700", "2020-04-30": "3846.71400", "2020-01-31": "4048.43700", "2019-10-31": "4253.62900", "2019-07-31": "4218.86500", "2019-04-30": "3633.17800", "2019-01-31": "3336.10500", "2018-10-31": "3599.32800", "2018-07-31": "3086.23200", "2018-04-30": "2498.20800", "2018-01-31": "2397.00900", "2017-10-31": "2330.90100", "2017-07-31": "2074.03500", "2017-04-30": "2167.07300", "2017-01-31": "1758.60400", "2016-10-31": "1730.38200", "2016-07-31": "1999.35600", "2016-04-30": "1920.75500", "2016-01-31": "1893.12000", "2015-10-31": "2116.47100", "2015-07-31": "1625.89500", "2015-04-30": "1772.55200", "2015-01-31": "1690.81100", "2014-10-31": "1860.08600", "2014-07-31": "1836.08800", "2014-04-30": "2281.40900", "2014-01-31": "2293.07700", "2013-10-31": "2407.24900", "2013-07-31": "1910.35700", "2013-04-30": "1887.27900", "2013-01-31": "1803.53300", "2012-10-31": "1979.49100", "2012-07-31": "1923.77800", "2012-04-30": "1916.40500", "2012-01-31": "1834.53300", "2011-10-31": "1831.30000", "2011-07-31": "1835.28800", "2011-04-30": "1806.48700", "2011-01-31": "1780.19100", "2010-10-31": "1258.54000", "2010-07-31": "1176.72700", "2010-04-30": "1130.25500", "2010-01-31": "1109.55700", "2009-10-31": "1075.06700", "2009-07-31": "1025.38200", "2009-04-30": "966.06900", "2009-01-31": "965.22400", "2008-10-31": "968.35500", "2008-07-31": "922.09500", "2008-04-30": "845.39000", "2008-01-31": "831.39000", "2007-10-31": "966.83100", "2007-07-31": "612.69000", "2007-04-30": "621.35900", "2007-01-31": "604.23300", "2006-10-31": "668.19500", "2006-07-31": "721.62800", "2006-04-30": "694.10200", "2006-01-31": "680.32300", "2005-10-31": "702.54400", "2005-07-31": "673.07700", "2005-04-30": "651.04700", "2005-01-31": "709.57400"}}, "cash flow statement": {"Net Income/Loss": {"2020-10-31": "133.33400", "2019-10-31": "432.87600", "2018-10-31": "397.90500", "2017-10-31": "306.37300", "2016-10-31": "264.75700", "2015-10-31": "238.19100", "2014-10-31": "321.16400", "2013-10-31": "230.42600", "2012-10-31": "264.76800", "2011-10-31": "227.57400", "2010-10-31": "201.22500", "2009-10-31": "135.52500", "2008-10-31": "202.81600", "2007-10-31": "142.81100", "2006-10-31": "159.37700", "2005-10-31": "138.70600"}, "Total Depreciation And Amortization - Cash Flow": {"2020-10-31": "48.37100", "2019-10-31": "46.29800", "2018-10-31": "43.40700", "2017-10-31": "35.36300", "2016-10-31": "36.25600", "2015-10-31": "36.72500", "2014-10-31": "39.06200", "2013-10-31": "45.04000", "2012-10-31": "46.56500", "2011-10-31": "60.99200", "2010-10-31": "60.42900", "2009-10-31": "57.15400", "2008-10-31": "62.74700", "2007-10-31": "70.74900", "2006-10-31": "70.68800", "2005-10-31": "71.73100"}, "Other Non-Cash Items": {"2020-10-31": "453.90000", "2019-10-31": "123.56500", "2018-10-31": "186.36300", "2017-10-31": "101.05900", "2016-10-31": "168.20000", "2015-10-31": "-56.68400", "2014-10-31": "-40.03200", "2013-10-31": "127.21800", "2012-10-31": "-5.92200", "2011-10-31": "125.48700", "2010-10-31": "24.66900", "2009-10-31": "3.64800", "2008-10-31": "41.55100", "2007-10-31": "27.10800", "2006-10-31": "178.11800", "2005-10-31": "79.43400"}, "Total Non-Cash Items": {"2020-10-31": "502.27100", "2019-10-31": "169.86300", "2018-10-31": "229.77000", "2017-10-31": "136.42200", "2016-10-31": "204.45600", "2015-10-31": "-19.95900", "2014-10-31": "-0.97000", "2013-10-31": "172.25800", "2012-10-31": "40.64300", "2011-10-31": "186.47900", "2010-10-31": "85.09800", "2009-10-31": "60.80200", "2008-10-31": "104.29800", "2007-10-31": "97.85700", "2006-10-31": "248.80600", "2005-10-31": "151.16500"}, "Change In Accounts Receivable": {"2020-10-31": "-11.91400", "2019-10-31": "-1.05200", "2018-10-31": "-36.42700", "2017-10-31": "-14.16700", "2016-10-31": "1.33400", "2015-10-31": "-1.15100", "2014-10-31": "-16.20600", "2013-10-31": "-30.57100", "2012-10-31": "-2.73500", "2011-10-31": "0.45600", "2010-10-31": "-21.65100", "2009-10-31": "2.89500", "2008-10-31": "24.97400", "2007-10-31": "-22.29100", "2006-10-31": "-10.80100", "2005-10-31": "-52.35600"}, "Change In Inventories": {"2020-10-31": "27.45700", "2019-10-31": "-24.66300", "2018-10-31": "-59.55100", "2017-10-31": "-126.99600", "2016-10-31": "-93.42000", "2015-10-31": "0.63900", "2014-10-31": "-187.29500", "2013-10-31": "-251.43700", "2012-10-31": "-142.86200", "2011-10-31": "-214.82600", "2010-10-31": "-208.79300", "2009-10-31": "-12.75700", "2008-10-31": "-123.19700", "2007-10-31": "-26.50400", "2006-10-31": "-160.17200", "2005-10-31": "-157.56200"}, "Change In Accounts Payable": {"2020-10-31": "10.95300", "2019-10-31": "-4.92400", "2018-10-31": "10.28700", "2017-10-31": "7.33000", "2016-10-31": "-5.48200", "2015-10-31": "1.30800", "2014-10-31": "5.91100", "2013-10-31": "-4.87200", "2012-10-31": "7.54900", "2011-10-31": "-7.40600", "2010-10-31": "9.93700", "2009-10-31": "1.45300", "2008-10-31": "-62.30800", "2007-10-31": "33.21600", "2006-10-31": "5.66600", "2005-10-31": "8.19900"}, "Change In Assets/Liabilities": {"2020-10-31": "-337.27200", "2019-10-31": "-60.28200", "2018-10-31": "-182.26300", "2017-10-31": "-213.05400", "2016-10-31": "-28.16500", "2015-10-31": "0.83900", "2014-10-31": "-23.81900", "2013-10-31": "0.56300", "2012-10-31": "11.41500", "2011-10-31": "-19.96500", "2010-10-31": "30.08300", "2009-10-31": "-23.56300", "2008-10-31": "7.94100", "2007-10-31": "23.87300", "2006-10-31": "19.80900", "2005-10-31": "15.90000"}, "Total Change In Assets/Liabilities": {"2020-10-31": "-310.77600", "2019-10-31": "-90.92100", "2018-10-31": "-267.95400", "2017-10-31": "-346.88700", "2016-10-31": "-125.73300", "2015-10-31": "1.63500", "2014-10-31": "-221.40900", "2013-10-31": "-286.31700", "2012-10-31": "-126.63300", "2011-10-31": "-241.74100", "2010-10-31": "-190.42400", "2009-10-31": "-31.97200", "2008-10-31": "-154.73400", "2007-10-31": "25.68900", "2006-10-31": "-145.33200", "2005-10-31": "-185.81900"}, "Cash Flow From Operating Activities": {"2020-10-31": "324.82900", "2019-10-31": "511.81800", "2018-10-31": "359.72100", "2017-10-31": "95.90800", "2016-10-31": "343.48000", "2015-10-31": "219.86700", "2014-10-31": "98.78500", "2013-10-31": "116.36700", "2012-10-31": "178.77800", "2011-10-31": "172.31200", "2010-10-31": "95.89900", "2009-10-31": "164.35500", "2008-10-31": "152.38000", "2007-10-31": "266.35700", "2006-10-31": "262.85100", "2005-10-31": "104.05200"}, "Net Change In Property, Plant, And Equipment": {"2020-10-31": "-21.04300", "2019-10-31": "-34.89700", "2018-10-31": "-18.74700", "2017-10-31": "-12.69800", "2016-10-31": "-10.68200", "2015-10-31": "-11.48000", "2014-10-31": "-7.58000", "2013-10-31": "-6.27400", "2012-10-31": "-4.10900", "2011-10-31": "-10.63900", "2010-10-31": "-12.20500", "2009-10-31": "-46.30200", "2008-10-31": "-25.01000", "2007-10-31": "-12.69400", "2006-10-31": "-12.72100", "2005-10-31": "-3.39700"}, "Net Change In Intangible Assets": {"2020-10-31": "", "2019-10-31": "", "2018-10-31": "", "2017-10-31": "", "2016-10-31": "", "2015-10-31": "", "2014-10-31": "", "2013-10-31": "-0.30000", "2012-10-31": "-0.20000", "2011-10-31": "-1.65000", "2010-10-31": "", "2009-10-31": "0.00000", "2008-10-31": "", "2007-10-31": "-0.71600", "2006-10-31": "-1.70300", "2005-10-31": "-0.46300"}, "Net Acquisitions/Divestitures": {"2020-10-31": "-28.80000", "2019-10-31": "", "2018-10-31": "", "2017-10-31": "-63.60500", "2016-10-31": "-10.15500", "2015-10-31": "-9.08500", "2014-10-31": "", "2013-10-31": "-86.42900", "2012-10-31": "-12.33400", "2011-10-31": "-11.59500", "2010-10-31": "-8.79700", "2009-10-31": "-30.94100", "2008-10-31": "", "2007-10-31": "", "2006-10-31": "", "2005-10-31": ""}, "Net Change In Short-term Investments": {"2020-10-31": "", "2019-10-31": "", "2018-10-31": "", "2017-10-31": "", "2016-10-31": "", "2015-10-31": "", "2014-10-31": "", "2013-10-31": "", "2012-10-31": "", "2011-10-31": "", "2010-10-31": "", "2009-10-31": "", "2008-10-31": "", "2007-10-31": "", "2006-10-31": "", "2005-10-31": ""}, "Net Change In Long-Term Investments": {"2020-10-31": "3.80900", "2019-10-31": "-43.79900", "2018-10-31": "-53.29500", "2017-10-31": "16.22600", "2016-10-31": "0.19800", "2015-10-31": "59.36300", "2014-10-31": "67.94200", "2013-10-31": "99.92900", "2012-10-31": "-127.44800", "2011-10-31": "156.87000", "2010-10-31": "-1.02300", "2009-10-31": "116.58800", "2008-10-31": "-114.23800", "2007-10-31": "-52.88900", "2006-10-31": "-0.51700", "2005-10-31": "-26.64800"}, "Net Change In Investments - Total": {"2020-10-31": "3.80900", "2019-10-31": "-43.79900", "2018-10-31": "-53.29500", "2017-10-31": "16.22600", "2016-10-31": "0.19800", "2015-10-31": "59.36300", "2014-10-31": "67.94200", "2013-10-31": "99.92900", "2012-10-31": "-127.44800", "2011-10-31": "156.87000", "2010-10-31": "-1.02300", "2009-10-31": "116.58800", "2008-10-31": "-114.23800", "2007-10-31": "-52.88900", "2006-10-31": "-0.51700", "2005-10-31": "-26.64800"}, "Investing Activities - Other": {"2020-10-31": "-468.40700", "2019-10-31": "-597.17400", "2018-10-31": "-253.01200", "2017-10-31": "-31.34800", "2016-10-31": "-87.63900", "2015-10-31": "45.46800", "2014-10-31": "125.09800", "2013-10-31": "170.10200", "2012-10-31": "53.18600", "2011-10-31": "0.53400", "2010-10-31": "8.00000", "2009-10-31": "2.00000", "2008-10-31": "-10.00000", "2007-10-31": "-9.05500", "2006-10-31": "-11.25600", "2005-10-31": "-0.36000"}, "Cash Flow From Investing Activities": {"2020-10-31": "-514.44100", "2019-10-31": "-675.87000", "2018-10-31": "-325.05400", "2017-10-31": "-91.42500", "2016-10-31": "-108.27800", "2015-10-31": "84.26600", "2014-10-31": "185.46000", "2013-10-31": "177.02800", "2012-10-31": "-90.90500", "2011-10-31": "133.52000", "2010-10-31": "-14.02500", "2009-10-31": "41.34500", "2008-10-31": "-149.24800", "2007-10-31": "-75.35400", "2006-10-31": "-26.19700", "2005-10-31": "-30.86800"}, "Net Long-Term Debt": {"2020-10-31": "494.73500", "2019-10-31": "405.76700", "2018-10-31": "442.17490", "2017-10-31": "56.09800", "2016-10-31": "", "2015-10-31": "103.69600", "2014-10-31": "53.43100", "2013-10-31": "-157.05600", "2012-10-31": "-28.61400", "2011-10-31": "", "2010-10-31": "", "2009-10-31": "", "2008-10-31": "", "2007-10-31": "500.00000", "2006-10-31": "-76.35800", "2005-10-31": ""}, "Net Current Debt": {"2020-10-31": "3.54800", "2019-10-31": "1.18300", "2018-10-31": "4.82500", "2017-10-31": "4.50000", "2016-10-31": "3.25700", "2015-10-31": "2.42700", "2014-10-31": "1.85300", "2013-10-31": "2.13500", "2012-10-31": "0.82100", "2011-10-31": "0.94100", "2010-10-31": "1.86400", "2009-10-31": "3.08400", "2008-10-31": "1.31900", "2007-10-31": "0.84000", "2006-10-31": "1.40200", "2005-10-31": "0.59200"}, "Debt Issuance/Retirement Net - Total": {"2020-10-31": "498.28300", "2019-10-31": "406.95000", "2018-10-31": "446.99990", "2017-10-31": "60.59800", "2016-10-31": "3.25700", "2015-10-31": "106.12300", "2014-10-31": "55.28400", "2013-10-31": "-154.92100", "2012-10-31": "-27.79300", "2011-10-31": "0.94100", "2010-10-31": "1.86400", "2009-10-31": "3.08400", "2008-10-31": "1.31900", "2007-10-31": "500.84000", "2006-10-31": "-74.95600", "2005-10-31": "0.59200"}, "Net Common Equity Issued/Repurchased": {"2020-10-31": "-72.20900", "2019-10-31": "-248.14400", "2018-10-31": "-197.27400", "2017-10-31": "84.73500", "2016-10-31": "-142.39500", "2015-10-31": "-193.67300", "2014-10-31": "-233.69900", "2013-10-31": "46.32800", "2012-10-31": "-50.70300", "2011-10-31": "-137.68600", "2010-10-31": "-55.03200", "2009-10-31": "-11.78900", "2008-10-31": "-148.12000", "2007-10-31": "-399.73400", "2006-10-31": "-52.46300", "2005-10-31": "-30.93500"}, "Net Total Equity Issued/Repurchased": {"2020-10-31": "-72.20900", "2019-10-31": "-248.14400", "2018-10-31": "-197.27400", "2017-10-31": "84.73500", "2016-10-31": "-142.39500", "2015-10-31": "-193.67300", "2014-10-31": "-293.69900", "2013-10-31": "46.32800", "2012-10-31": "-50.70300", "2011-10-31": "-137.68600", "2010-10-31": "-55.03200", "2009-10-31": "-11.78900", "2008-10-31": "-148.12000", "2007-10-31": "-399.73400", "2006-10-31": "-52.46300", "2005-10-31": "-30.93500"}, "Total Common And Preferred Stock Dividends Paid": {"2020-10-31": "-183.89300", "2019-10-31": "-159.12300", "2018-10-31": "-144.85500", "2017-10-31": "-125.78500", "2016-10-31": "-118.62100", "2015-10-31": "-116.01600", "2014-10-31": "-105.84800", "2013-10-31": "-215.53900", "2012-10-31": "-87.82600", "2011-10-31": "-85.24000", "2010-10-31": "-75.65100", "2009-10-31": "-72.42700", "2008-10-31": "-69.90600", "2007-10-31": "-60.30000", "2006-10-31": "-51.39400", "2005-10-31": "-42.24800"}, "Financial Activities - Other": {"2020-10-31": "232.37000", "2019-10-31": "-48.03900", "2018-10-31": "79.54200", "2017-10-31": "175.88200", "2016-10-31": "-15.37100", "2015-10-31": "-17.88000", "2014-10-31": "-15.11500", "2013-10-31": "31.11400", "2012-10-31": "29.57400", "2011-10-31": "118.93800", "2010-10-31": "44.56700", "2009-10-31": "-10.73100", "2008-10-31": "-24.24200", "2007-10-31": "-3.61000", "2006-10-31": "2.40600", "2005-10-31": "-1.26500"}, "Cash Flow From Financial Activities": {"2020-10-31": "474.55100", "2019-10-31": "-48.35600", "2018-10-31": "184.41300", "2017-10-31": "195.43000", "2016-10-31": "-273.13000", "2015-10-31": "-221.44600", "2014-10-31": "-359.37800", "2013-10-31": "-293.01800", "2012-10-31": "-136.74800", "2011-10-31": "-103.04700", "2010-10-31": "-84.25200", "2009-10-31": "-91.86300", "2008-10-31": "-240.94900", "2007-10-31": "37.19600", "2006-10-31": "-176.40700", "2005-10-31": "-73.85600"}, "Net Cash Flow": {"2020-10-31": "283.32100", "2019-10-31": "-212.73000", "2018-10-31": "216.21200", "2017-10-31": "202.61400", "2016-10-31": "-41.38400", "2015-10-31": "80.34300", "2014-10-31": "-76.69100", "2013-10-31": "-0.17000", "2012-10-31": "-48.83700", "2011-10-31": "203.02700", "2010-10-31": "-2.70000", "2009-10-31": "113.66300", "2008-10-31": "-238.03400", "2007-10-31": "228.25200", "2006-10-31": "60.31600", "2005-10-31": "-0.74800"}, "Stock-Based Compensation": {"2020-10-31": "237.54100", "2019-10-31": "90.99800", "2018-10-31": "87.04700", "2017-10-31": "79.52500", "2016-10-31": "71.33700", "2015-10-31": "69.27900", "2014-10-31": "60.28100", "2013-10-31": "59.28500", "2012-10-31": "56.02700", "2011-10-31": "52.03000", "2010-10-31": "47.85800", "2009-10-31": "41.47400", "2008-10-31": "39.42200", "2007-10-31": "43.30500", "2006-10-31": "36.31400", "2005-10-31": "28.60700"}, "Common Stock Dividends Paid": {"2020-10-31": "-183.89300", "2019-10-31": "-159.12300", "2018-10-31": "-144.85500", "2017-10-31": "-125.78500", "2016-10-31": "-118.62100", "2015-10-31": "-116.01600", "2014-10-31": "-105.84800", "2013-10-31": "-215.53900", "2012-10-31": "-87.82600", "2011-10-31": "-85.24000", "2010-10-31": "-75.65100", "2009-10-31": "-72.42700", "2008-10-31": "-69.90600", "2007-10-31": "-60.30000", "2006-10-31": "-51.39400", "2005-10-31": "-42.24800"}}, "cash flow statement, quarterly": {"Net Income/Loss": {"2020-10-31": -33.946, "2020-07-31": 26.389, "2020-04-30": 28.056, "2020-01-31": "112.83500", "2019-10-31": 118.95, "2019-07-31": 108.536, "2019-04-30": 113.13, "2019-01-31": "92.26000", "2018-10-31": 105.213, "2018-07-31": 107.775, "2018-04-30": 96.406, "2018-01-31": "88.51100", "2017-10-31": 89.546, "2017-07-31": 74.853, "2017-04-30": 77.633, "2017-01-31": "64.34100", "2016-10-31": 66.296, "2016-07-31": 65.774, "2016-04-30": 69.455, "2016-01-31": "63.23200", "2015-10-31": 60.815, "2015-07-31": 68.974, "2015-04-30": 75.893, "2015-01-31": "32.50900", "2014-10-31": 85.118, "2014-07-31": 81.269, "2014-04-30": 78.047, "2014-01-31": "76.73000", "2013-10-31": 72.129, "2013-07-31": 25.05, "2013-04-30": 71.12, "2013-01-31": "62.12700", "2012-10-31": 74.441, "2012-07-31": 62.687, "2012-04-30": 62.77, "2012-01-31": "64.87000", "2011-10-31": 45.588, "2011-07-31": 68.936, "2011-04-30": 53.765, "2011-01-31": "59.28500", "2010-10-31": 60.216, "2010-07-31": 43.48, "2010-04-30": 45.984, "2010-01-31": "51.54500", "2009-10-31": 50.437, "2009-07-31": 32.822, "2009-04-30": 26.966, "2009-01-31": "25.30000", "2008-10-31": 42.105, "2008-07-31": 49.621, "2008-04-30": 53.162, "2008-01-31": "57.92800", "2007-10-31": 61.383, "2007-07-31": 55.776, "2007-04-30": 23.093, "2007-01-31": "2.55900", "2006-10-31": 38.527, "2006-07-31": 41.819, "2006-04-30": 39.9, "2006-01-31": "39.13100", "2005-10-31": 37.695, "2005-07-31": 35.759, "2005-04-30": 32.533, "2005-01-31": "32.71900"}, "Total Depreciation And Amortization - Cash Flow": {"2020-10-31": 2.377, "2020-07-31": 15.83, "2020-04-30": 16.029, "2020-01-31": "14.13500", "2019-10-31": 12.333, "2019-07-31": 11.107, "2019-04-30": 10.921, "2019-01-31": "11.93700", "2018-10-31": 11.648, "2018-07-31": 10.615, "2018-04-30": 11.595, "2018-01-31": "9.54900", "2017-10-31": 9.169, "2017-07-31": 7.982, "2017-04-30": 9.863, "2017-01-31": "8.34900", "2016-10-31": 9.136, "2016-07-31": 8.718, "2016-04-30": 8.929, "2016-01-31": "9.47300", "2015-10-31": 9.041, "2015-07-31": 9.401, "2015-04-30": 8.695, "2015-01-31": "9.58800", "2014-10-31": 9.776, "2014-07-31": 8.824, "2014-04-30": 9.898, "2014-01-31": "10.56400", "2013-10-31": 10.792, "2013-07-31": 13.047, "2013-04-30": 10.664, "2013-01-31": "10.53700", "2012-10-31": 11.585, "2012-07-31": 11.011, "2012-04-30": 11.828, "2012-01-31": "12.14100", "2011-10-31": 13.996, "2011-07-31": 14.751, "2011-04-30": 16.089, "2011-01-31": "16.15600", "2010-10-31": 16.451, "2010-07-31": 15.598, "2010-04-30": 14.974, "2010-01-31": "13.40600", "2009-10-31": 12.623, "2009-07-31": 14.158, "2009-04-30": 16.565, "2009-01-31": "13.80800", "2008-10-31": 14.582, "2008-07-31": 14.865, "2008-04-30": 16.425, "2008-01-31": "16.87500", "2007-10-31": 21.219, "2007-07-31": 16.637, "2007-04-30": 14.44, "2007-01-31": "18.45300", "2006-10-31": 18.041, "2006-07-31": 13.611, "2006-04-30": 23.834, "2006-01-31": "15.20200", "2005-10-31": 15.712, "2005-07-31": 17.093, "2005-04-30": 19.291, "2005-01-31": "19.63500"}, "Other Non-Cash Items": {"2020-10-31": 217.393, "2020-07-31": 106.822, "2020-04-30": 89.443, "2020-01-31": "40.24200", "2019-10-31": 26.286, "2019-07-31": 45.89, "2019-04-30": 5.504, "2019-01-31": "45.88500", "2018-10-31": 19.921, "2018-07-31": 79.799, "2018-04-30": 27.739, "2018-01-31": "58.90400", "2017-10-31": 22.137, "2017-07-31": 31.666, "2017-04-30": 11.643, "2017-01-31": "35.61300", "2016-10-31": 31.44, "2016-07-31": 16.787, "2016-04-30": 13.511, "2016-01-31": "106.46200", "2015-10-31": -124.636, "2015-07-31": 22.287, "2015-04-30": 30.344, "2015-01-31": "15.32100", "2014-10-31": 33.287, "2014-07-31": 27.282, "2014-04-30": 0.522, "2014-01-31": "-101.12300", "2013-10-31": 53.509, "2013-07-31": 79.678, "2013-04-30": -5.695, "2013-01-31": "-0.27400", "2012-10-31": -6.304, "2012-07-31": -22.75, "2012-04-30": 11.454, "2012-01-31": "11.67800", "2011-10-31": 21.841, "2011-07-31": -10.87, "2011-04-30": 14.724, "2011-01-31": "99.79200", "2010-10-31": 16.141, "2010-07-31": 0.907, "2010-04-30": 5.366, "2010-01-31": "2.25500", "2009-10-31": -24.128, "2009-07-31": -2.166, "2009-04-30": 11.383, "2009-01-31": "18.55900", "2008-10-31": 31.518, "2008-07-31": 6.549, "2008-04-30": 2.887, "2008-01-31": "0.59700", "2007-10-31": -16.589, "2007-07-31": 4.378, "2007-04-30": 10.579, "2007-01-31": "28.74000", "2006-10-31": 103.953, "2006-07-31": -2.609, "2006-04-30": 71.278, "2006-01-31": "5.49600", "2005-10-31": -1.666, "2005-07-31": -4.273, "2005-04-30": 21.83, "2005-01-31": "63.54300"}, "Total Non-Cash Items": {"2020-10-31": 219.77, "2020-07-31": 122.652, "2020-04-30": 105.472, "2020-01-31": "54.37700", "2019-10-31": 38.619, "2019-07-31": 56.997, "2019-04-30": 16.425, "2019-01-31": "57.82200", "2018-10-31": 31.569, "2018-07-31": 90.414, "2018-04-30": 39.334, "2018-01-31": "68.45300", "2017-10-31": 31.306, "2017-07-31": 39.648, "2017-04-30": 21.506, "2017-01-31": "43.96200", "2016-10-31": 40.576, "2016-07-31": 25.505, "2016-04-30": 22.44, "2016-01-31": "115.93500", "2015-10-31": -115.595, "2015-07-31": 31.688, "2015-04-30": 39.039, "2015-01-31": "24.90900", "2014-10-31": 43.063, "2014-07-31": 36.106, "2014-04-30": 10.42, "2014-01-31": "-90.55900", "2013-10-31": 64.301, "2013-07-31": 92.725, "2013-04-30": 4.969, "2013-01-31": "10.26300", "2012-10-31": 5.281, "2012-07-31": -11.739, "2012-04-30": 23.282, "2012-01-31": "23.81900", "2011-10-31": 35.837, "2011-07-31": 3.881, "2011-04-30": 30.813, "2011-01-31": "115.94800", "2010-10-31": 32.592, "2010-07-31": 16.505, "2010-04-30": 20.34, "2010-01-31": "15.66100", "2009-10-31": -11.505, "2009-07-31": 11.992, "2009-04-30": 27.948, "2009-01-31": "32.36700", "2008-10-31": 46.1, "2008-07-31": 21.414, "2008-04-30": 19.312, "2008-01-31": "17.47200", "2007-10-31": 4.63, "2007-07-31": 21.015, "2007-04-30": 25.019, "2007-01-31": "47.19300", "2006-10-31": 121.994, "2006-07-31": 11.002, "2006-04-30": 95.112, "2006-01-31": "20.69800", "2005-10-31": 14.046, "2005-07-31": 12.82, "2005-04-30": 41.121, "2005-01-31": "83.17800"}, "Change In Accounts Receivable": {"2020-10-31": -18.795, "2020-07-31": -10.969, "2020-04-30": 17.608, "2020-01-31": "0.24200", "2019-10-31": -3.624, "2019-07-31": 1.378, "2019-04-30": -11.743, "2019-01-31": "12.93700", "2018-10-31": -17.807, "2018-07-31": -13.129, "2018-04-30": 7.424, "2018-01-31": "-12.91500", "2017-10-31": 1.23, "2017-07-31": -10.314, "2017-04-30": -4.959, "2017-01-31": "-0.12400", "2016-10-31": -4.035, "2016-07-31": -12.329, "2016-04-30": 2.638, "2016-01-31": "15.06000", "2015-10-31": -6.89, "2015-07-31": 1.759, "2015-04-30": 0.297, "2015-01-31": "3.68300", "2014-10-31": -15.116, "2014-07-31": 1.022, "2014-04-30": -3.554, "2014-01-31": "1.44200", "2013-10-31": -8.719, "2013-07-31": -8.16, "2013-04-30": -4.751, "2013-01-31": "-8.94100", "2012-10-31": -6.204, "2012-07-31": 1.804, "2012-04-30": -2.12, "2012-01-31": "3.78500", "2011-10-31": 8.323, "2011-07-31": -6.309, "2011-04-30": 1.948, "2011-01-31": "-3.50600", "2010-10-31": -15.56, "2010-07-31": 2.852, "2010-04-30": -1.79, "2010-01-31": "-7.15300", "2009-10-31": -14.173, "2009-07-31": -2.716, "2009-04-30": 5.473, "2009-01-31": "14.31100", "2008-10-31": 19.867, "2008-07-31": -2.66, "2008-04-30": 4.097, "2008-01-31": "3.67000", "2007-10-31": -4.384, "2007-07-31": 0.347, "2007-04-30": -9.073, "2007-01-31": "-9.18100", "2006-10-31": -5.277, "2006-07-31": 0.677, "2006-04-30": -2.09, "2006-01-31": "-4.11100", "2005-10-31": -1.453, "2005-07-31": -49.899, "2005-04-30": 0.993, "2005-01-31": "-1.99700"}, "Change In Inventories": {"2020-10-31": -119.255, "2020-07-31": -134.099, "2020-04-30": 263.486, "2020-01-31": "17.32500", "2019-10-31": -47.963, "2019-07-31": -46.777, "2019-04-30": 38.078, "2019-01-31": "31.99900", "2018-10-31": -15.466, "2018-07-31": 143.556, "2018-04-30": -88.483, "2018-01-31": "-99.15800", "2017-10-31": 95.067, "2017-07-31": -59.371, "2017-04-30": -49.479, "2017-01-31": "-113.21300", "2016-10-31": -45.212, "2016-07-31": -23.762, "2016-04-30": -0.352, "2016-01-31": "-24.09400", "2015-10-31": 107.844, "2015-07-31": -20.554, "2015-04-30": -49.025, "2015-01-31": "-37.62600", "2014-10-31": -5.398, "2014-07-31": -3.393, "2014-04-30": -107.626, "2014-01-31": "-70.87800", "2013-10-31": -57.316, "2013-07-31": -66.719, "2013-04-30": -86.494, "2013-01-31": "-40.90800", "2012-10-31": -70.462, "2012-07-31": -13.641, "2012-04-30": 11.504, "2012-01-31": "-70.26300", "2011-10-31": -41.504, "2011-07-31": -45.893, "2011-04-30": -86.115, "2011-01-31": "-41.31400", "2010-10-31": -203.21, "2010-07-31": -14.81, "2010-04-30": 20.002, "2010-01-31": "-10.77500", "2009-10-31": 25.394, "2009-07-31": -9.698, "2009-04-30": -11.224, "2009-01-31": "-17.22900", "2008-10-31": -69.922, "2008-07-31": -27.751, "2008-04-30": -6.837, "2008-01-31": "-18.68700", "2007-10-31": 2.045, "2007-07-31": -0.001, "2007-04-30": 0, "2007-01-31": "-28.54800", "2006-10-31": 0, "2006-07-31": 0, "2006-04-30": -160.078, "2006-01-31": "-0.09400", "2005-10-31": -0.084, "2005-07-31": -0.07, "2005-04-30": -122.412, "2005-01-31": "-34.99600"}, "Change In Accounts Payable": {"2020-10-31": 12.81, "2020-07-31": -1.485, "2020-04-30": -7.098, "2020-01-31": "6.72600", "2019-10-31": -3.817, "2019-07-31": -5.742, "2019-04-30": 6.545, "2019-01-31": "-1.91000", "2018-10-31": -5.038, "2018-07-31": 7.283, "2018-04-30": 3.3, "2018-01-31": "4.74200", "2017-10-31": -2.736, "2017-07-31": 5.516, "2017-04-30": -2.965, "2017-01-31": "7.51500", "2016-10-31": -7.809, "2016-07-31": 6.065, "2016-04-30": -6.171, "2016-01-31": "2.43300", "2015-10-31": 1.092, "2015-07-31": -0.945, "2015-04-30": -9.834, "2015-01-31": "10.99500", "2014-10-31": -4.721, "2014-07-31": 2.125, "2014-04-30": -0.555, "2014-01-31": "9.06200", "2013-10-31": -0.285, "2013-07-31": -1.144, "2013-04-30": -1.192, "2013-01-31": "-2.25100", "2012-10-31": 1.522, "2012-07-31": 4.078, "2012-04-30": -7.698, "2012-01-31": "9.64700", "2011-10-31": -16.411, "2011-07-31": 11.374, "2011-04-30": -6.298, "2011-01-31": "3.92900", "2010-10-31": -1.182, "2010-07-31": 5.225, "2010-04-30": -1.665, "2010-01-31": "7.55900", "2009-10-31": 1.9, "2009-07-31": 7.873, "2009-04-30": -13.294, "2009-01-31": "4.97400", "2008-10-31": -48.956, "2008-07-31": 9.332, "2008-04-30": -10.674, "2008-01-31": "-12.01000", "2007-10-31": 14.909, "2007-07-31": 16.626, "2007-04-30": 4.481, "2007-01-31": "-2.80000", "2006-10-31": 1.363, "2006-07-31": 1.842, "2006-04-30": 3.895, "2006-01-31": "-1.43400", "2005-10-31": -0.656, "2005-07-31": 4.572, "2005-04-30": 1.908, "2005-01-31": "2.37500"}, "Change In Assets/Liabilities": {"2020-10-31": 9.448, "2020-07-31": -144.749, "2020-04-30": -28.157, "2020-01-31": "-173.81400", "2019-10-31": 29.741, "2019-07-31": 45.864, "2019-04-30": 22.889, "2019-01-31": "-158.77600", "2018-10-31": 22.787, "2018-07-31": -108.207, "2018-04-30": 12.007, "2018-01-31": "-108.85000", "2017-10-31": -217.405, "2017-07-31": 27.685, "2017-04-30": 12.497, "2017-01-31": "-35.83100", "2016-10-31": 17.165, "2016-07-31": 41.399, "2016-04-30": -1.391, "2016-01-31": "-85.33800", "2015-10-31": 14.753, "2015-07-31": 57.473, "2015-04-30": 29.617, "2015-01-31": "-101.00400", "2014-10-31": -0.19, "2014-07-31": 34.167, "2014-04-30": 38.902, "2014-01-31": "-96.69800", "2013-10-31": 46.486, "2013-07-31": 10.111, "2013-04-30": 36.462, "2013-01-31": "-92.49600", "2012-10-31": 29.412, "2012-07-31": 53.241, "2012-04-30": -31.165, "2012-01-31": "-40.07300", "2011-10-31": 16.807, "2011-07-31": 39.194, "2011-04-30": 0.239, "2011-01-31": "-76.20500", "2010-10-31": 32.793, "2010-07-31": 50.237, "2010-04-30": -14.191, "2010-01-31": "-38.75600", "2009-10-31": -1.9, "2009-07-31": 25.598, "2009-04-30": 14.069, "2009-01-31": "-61.33000", "2008-10-31": 25.342, "2008-07-31": 27.211, "2008-04-30": 30.025, "2008-01-31": "-74.63700", "2007-10-31": 29.482, "2007-07-31": 20.435, "2007-04-30": 25.336, "2007-01-31": "-51.38000", "2006-10-31": 21.413, "2006-07-31": 19.359, "2006-04-30": 14.576, "2006-01-31": "-35.53900", "2005-10-31": 21.215, "2005-07-31": 13.097, "2005-04-30": -3.89, "2005-01-31": "-14.52200"}, "Total Change In Assets/Liabilities": {"2020-10-31": -115.792, "2020-07-31": -291.302, "2020-04-30": 245.839, "2020-01-31": "-149.52100", "2019-10-31": -25.663, "2019-07-31": -5.277, "2019-04-30": 55.769, "2019-01-31": "-115.75000", "2018-10-31": -15.524, "2018-07-31": 29.503, "2018-04-30": -65.752, "2018-01-31": "-216.18100", "2017-10-31": -123.844, "2017-07-31": -36.484, "2017-04-30": -44.906, "2017-01-31": "-141.65300", "2016-10-31": -39.891, "2016-07-31": 11.373, "2016-04-30": -5.276, "2016-01-31": "-91.93900", "2015-10-31": 116.799, "2015-07-31": 37.733, "2015-04-30": -28.945, "2015-01-31": "-123.95200", "2014-10-31": -25.425, "2014-07-31": 33.921, "2014-04-30": -72.833, "2014-01-31": "-157.07200", "2013-10-31": -19.834, "2013-07-31": -65.912, "2013-04-30": -55.975, "2013-01-31": "-144.59600", "2012-10-31": -45.732, "2012-07-31": 45.482, "2012-04-30": -29.479, "2012-01-31": "-96.90400", "2011-10-31": -32.785, "2011-07-31": -1.634, "2011-04-30": -90.226, "2011-01-31": "-117.09600", "2010-10-31": -187.159, "2010-07-31": 43.504, "2010-04-30": -35.458, "2010-01-31": "-11.31100", "2009-10-31": 15.382, "2009-07-31": 23.441, "2009-04-30": -30.081, "2009-01-31": "-40.71400", "2008-10-31": -49.567, "2008-07-31": 2.931, "2008-04-30": -32.613, "2008-01-31": "-75.48500", "2007-10-31": 38.286, "2007-07-31": 51.824, "2007-04-30": 25.317, "2007-01-31": "-89.73800", "2006-10-31": 17.665, "2006-07-31": 21.878, "2006-04-30": -143.697, "2006-01-31": "-41.17800", "2005-10-31": 19.022, "2005-07-31": -32.3, "2005-04-30": -123.401, "2005-01-31": "-49.14000"}, "Cash Flow From Operating Activities": {"2020-10-31": 70.032, "2020-07-31": -142.261, "2020-04-30": 379.367, "2020-01-31": "17.69100", "2019-10-31": 131.906, "2019-07-31": 160.256, "2019-04-30": 185.324, "2019-01-31": "34.33200", "2018-10-31": 121.258, "2018-07-31": 227.692, "2018-04-30": 69.988, "2018-01-31": "-59.21700", "2017-10-31": -2.992, "2017-07-31": 78.017, "2017-04-30": 54.233, "2017-01-31": "-33.35000", "2016-10-31": 66.981, "2016-07-31": 102.652, "2016-04-30": 86.619, "2016-01-31": "87.22800", "2015-10-31": 62.019, "2015-07-31": 138.395, "2015-04-30": 85.987, "2015-01-31": "-66.53400", "2014-10-31": 102.756, "2014-07-31": 151.296, "2014-04-30": 15.634, "2014-01-31": "-170.90100", "2013-10-31": 116.596, "2013-07-31": 51.863, "2013-04-30": 20.114, "2013-01-31": "-72.20600", "2012-10-31": 33.99, "2012-07-31": 96.43, "2012-04-30": 56.573, "2012-01-31": "-8.21500", "2011-10-31": 48.64, "2011-07-31": 71.183, "2011-04-30": -5.648, "2011-01-31": "58.13700", "2010-10-31": -94.351, "2010-07-31": 103.489, "2010-04-30": 30.866, "2010-01-31": "55.89500", "2009-10-31": 54.314, "2009-07-31": 68.255, "2009-04-30": 24.833, "2009-01-31": "16.95300", "2008-10-31": 38.638, "2008-07-31": 73.966, "2008-04-30": 39.861, "2008-01-31": "-0.08500", "2007-10-31": 104.299, "2007-07-31": 128.615, "2007-04-30": 73.429, "2007-01-31": "-39.98600", "2006-10-31": 178.186, "2006-07-31": 74.699, "2006-04-30": -8.685, "2006-01-31": "18.65100", "2005-10-31": 70.763, "2005-07-31": 16.279, "2005-04-30": -49.747, "2005-01-31": "66.75700"}, "Net Change In Property, Plant, And Equipment": {"2020-10-31": -5.417, "2020-07-31": -4.084, "2020-04-30": -4.714, "2020-01-31": "-6.82800", "2019-10-31": -4.92, "2019-07-31": -8.365, "2019-04-30": -13.312, "2019-01-31": "-8.30000", "2018-10-31": -5.936, "2018-07-31": -5.104, "2018-04-30": -5.113, "2018-01-31": "-2.59400", "2017-10-31": -4.382, "2017-07-31": -2.25, "2017-04-30": -3.631, "2017-01-31": "-2.43500", "2016-10-31": -1.896, "2016-07-31": -3.493, "2016-04-30": -2.346, "2016-01-31": "-2.94700", "2015-10-31": -3.362, "2015-07-31": -2.857, "2015-04-30": -3.541, "2015-01-31": "-1.72000", "2014-10-31": -1.824, "2014-07-31": -1.53, "2014-04-30": -2.52, "2014-01-31": "-1.70600", "2013-10-31": -2.054, "2013-07-31": -2.062, "2013-04-30": -1.156, "2013-01-31": "-1.00200", "2012-10-31": -1.181, "2012-07-31": -0.449, "2012-04-30": -0.993, "2012-01-31": "-1.48600", "2011-10-31": -1.72, "2011-07-31": -3.039, "2011-04-30": -2.564, "2011-01-31": "-3.31600", "2010-10-31": -4.247, "2010-07-31": -2.344, "2010-04-30": -2.443, "2010-01-31": "-3.17100", "2009-10-31": -4.227, "2009-07-31": -6.22, "2009-04-30": -16.019, "2009-01-31": "-19.83600", "2008-10-31": -18.052, "2008-07-31": -1.375, "2008-04-30": -3.768, "2008-01-31": "-1.81500", "2007-10-31": -5.483, "2007-07-31": -3.401, "2007-04-30": -1.836, "2007-01-31": "-1.97400", "2006-10-31": -2.682, "2006-07-31": -2.865, "2006-04-30": -5.449, "2006-01-31": "-1.72500", "2005-10-31": -0.85, "2005-07-31": -1.185, "2005-04-30": -0.913, "2005-01-31": "-0.44900"}, "Net Change In Intangible Assets": {"2020-10-31": 0, "2020-07-31": 0, "2020-04-30": 0, "2020-01-31": "", "2019-10-31": 0, "2019-07-31": 0, "2019-04-30": 0, "2019-01-31": "", "2018-10-31": 0, "2018-07-31": 0, "2018-04-30": 0, "2018-01-31": "", "2017-10-31": 0, "2017-07-31": 0, "2017-04-30": 0, "2017-01-31": "", "2016-10-31": 0.025, "2016-07-31": 0, "2016-04-30": -0.025, "2016-01-31": "", "2015-10-31": 0, "2015-07-31": 0, "2015-04-30": 0, "2015-01-31": "", "2014-10-31": 0, "2014-07-31": 0, "2014-04-30": 0, "2014-01-31": "", "2013-10-31": 0, "2013-07-31": 0, "2013-04-30": -0.3, "2013-01-31": "", "2012-10-31": 0, "2012-07-31": 0, "2012-04-30": -0.2, "2012-01-31": "", "2011-10-31": 0, "2011-07-31": 0, "2011-04-30": -1.65, "2011-01-31": "", "2010-10-31": 0, "2010-07-31": 0, "2010-04-30": 0, "2010-01-31": "", "2009-10-31": 0, "2009-07-31": 0, "2009-04-30": 0, "2009-01-31": "", "2008-10-31": 0, "2008-07-31": 0, "2008-04-30": 0, "2008-01-31": "", "2007-10-31": -0.716, "2007-07-31": 0, "2007-04-30": 0, "2007-01-31": "", "2006-10-31": -0.473, "2006-07-31": 0, "2006-04-30": 0, "2006-01-31": "-1.23000", "2005-10-31": -0.463, "2005-07-31": 0, "2005-04-30": 0, "2005-01-31": ""}, "Net Acquisitions/Divestitures": {"2020-10-31": -28.8, "2020-07-31": 0, "2020-04-30": 0, "2020-01-31": "", "2019-10-31": 0, "2019-07-31": 0, "2019-04-30": 0, "2019-01-31": "", "2018-10-31": 0, "2018-07-31": 0, "2018-04-30": 0, "2018-01-31": "", "2017-10-31": 0, "2017-07-31": 0, "2017-04-30": -11.589, "2017-01-31": "-52.01600", "2016-10-31": -0.025, "2016-07-31": 0, "2016-04-30": -10.13, "2016-01-31": "", "2015-10-31": 0, "2015-07-31": 0, "2015-04-30": -9.085, "2015-01-31": "", "2014-10-31": 0, "2014-07-31": 0, "2014-04-30": 0, "2014-01-31": "", "2013-10-31": 0, "2013-07-31": 0, "2013-04-30": -5.16, "2013-01-31": "-81.26900", "2012-10-31": 0, "2012-07-31": 0.001, "2012-04-30": -12.335, "2012-01-31": "", "2011-10-31": 0, "2011-07-31": 0, "2011-04-30": -10.595, "2011-01-31": "-1.00000", "2010-10-31": 0, "2010-07-31": 0, "2010-04-30": -8.797, "2010-01-31": "", "2009-10-31": -1.924, "2009-07-31": 1.381, "2009-04-30": -0.017, "2009-01-31": "-30.38100", "2008-10-31": 0, "2008-07-31": 0, "2008-04-30": 0, "2008-01-31": "", "2007-10-31": 0, "2007-07-31": 0, "2007-04-30": 0, "2007-01-31": "", "2006-10-31": 0, "2006-07-31": 0, "2006-04-30": 0, "2006-01-31": "", "2005-10-31": 0, "2005-07-31": 0, "2005-04-30": 0, "2005-01-31": ""}, "Net Change In Short-term Investments": {"2020-10-31": 0, "2020-07-31": 0, "2020-04-30": 0, "2020-01-31": "", "2019-10-31": 0, "2019-07-31": 0, "2019-04-30": 0, "2019-01-31": "", "2018-10-31": 0, "2018-07-31": 0, "2018-04-30": 0, "2018-01-31": "", "2017-10-31": 0, "2017-07-31": 0, "2017-04-30": 0, "2017-01-31": "", "2016-10-31": 0, "2016-07-31": 0, "2016-04-30": 0, "2016-01-31": "", "2015-10-31": 0, "2015-07-31": 0, "2015-04-30": 0, "2015-01-31": "", "2014-10-31": 0, "2014-07-31": 0, "2014-04-30": 0, "2014-01-31": "", "2013-10-31": 0, "2013-07-31": 0, "2013-04-30": 0, "2013-01-31": "", "2012-10-31": 0, "2012-07-31": 0, "2012-04-30": 0, "2012-01-31": "", "2011-10-31": 0, "2011-07-31": 0, "2011-04-30": 0, "2011-01-31": "", "2010-10-31": 0, "2010-07-31": 0, "2010-04-30": 0, "2010-01-31": "", "2009-10-31": 0, "2009-07-31": 0, "2009-04-30": 0, "2009-01-31": "", "2008-10-31": 0, "2008-07-31": 0, "2008-04-30": 0, "2008-01-31": "", "2007-10-31": 0, "2007-07-31": 0, "2007-04-30": 0, "2007-01-31": "", "2006-10-31": 0, "2006-07-31": 0, "2006-04-30": 0, "2006-01-31": "", "2005-10-31": 0, "2005-07-31": 0, "2005-04-30": 0, "2005-01-31": ""}, "Net Change In Long-Term Investments": {"2020-10-31": -39.585, "2020-07-31": 10.641, "2020-04-30": 5.474, "2020-01-31": "27.27900", "2019-10-31": -1.84, "2019-07-31": -52.646, "2019-04-30": 7.744, "2019-01-31": "2.94300", "2018-10-31": -30.836, "2018-07-31": -8.976, "2018-04-30": 6.843, "2018-01-31": "-20.32600", "2017-10-31": 4.933, "2017-07-31": 5.368, "2017-04-30": 1.855, "2017-01-31": "4.07000", "2016-10-31": 8.362, "2016-07-31": -16.859, "2016-04-30": 5.312, "2016-01-31": "3.38300", "2015-10-31": 19.45, "2015-07-31": 4.936, "2015-04-30": 17.538, "2015-01-31": "17.43900", "2014-10-31": 11.927, "2014-07-31": 12.985, "2014-04-30": 45.54, "2014-01-31": "-2.51000", "2013-10-31": 29.262, "2013-07-31": 8.145, "2013-04-30": 18.764, "2013-01-31": "43.75800", "2012-10-31": -178.421, "2012-07-31": 9.84, "2012-04-30": 32.717, "2012-01-31": "8.41600", "2011-10-31": 38.257, "2011-07-31": 34.869, "2011-04-30": 25.247, "2011-01-31": "58.49700", "2010-10-31": 9.15, "2010-07-31": 0.827, "2010-04-30": -17.484, "2010-01-31": "6.48400", "2009-10-31": 3.515, "2009-07-31": -6.509, "2009-04-30": -0.958, "2009-01-31": "120.54000", "2008-10-31": -118.9, "2008-07-31": -0.267, "2008-04-30": -7.204, "2008-01-31": "12.13300", "2007-10-31": -44.367, "2007-07-31": -6.018, "2007-04-30": -0.185, "2007-01-31": "-2.31900", "2006-10-31": -10.649, "2006-07-31": -8.712, "2006-04-30": 20.151, "2006-01-31": "-1.30700", "2005-10-31": -11.389, "2005-07-31": -9.707, "2005-04-30": -0.212, "2005-01-31": "-5.34000"}, "Net Change In Investments - Total": {"2020-10-31": -39.585, "2020-07-31": 10.641, "2020-04-30": 5.474, "2020-01-31": "27.27900", "2019-10-31": -1.84, "2019-07-31": -52.646, "2019-04-30": 7.744, "2019-01-31": "2.94300", "2018-10-31": -30.836, "2018-07-31": -8.976, "2018-04-30": 6.843, "2018-01-31": "-20.32600", "2017-10-31": 4.933, "2017-07-31": 5.368, "2017-04-30": 1.855, "2017-01-31": "4.07000", "2016-10-31": 8.362, "2016-07-31": -16.859, "2016-04-30": 5.312, "2016-01-31": "3.38300", "2015-10-31": 19.45, "2015-07-31": 4.936, "2015-04-30": 17.538, "2015-01-31": "17.43900", "2014-10-31": 11.927, "2014-07-31": 12.985, "2014-04-30": 45.54, "2014-01-31": "-2.51000", "2013-10-31": 29.262, "2013-07-31": 8.145, "2013-04-30": 18.764, "2013-01-31": "43.75800", "2012-10-31": -178.421, "2012-07-31": 9.84, "2012-04-30": 32.717, "2012-01-31": "8.41600", "2011-10-31": 38.257, "2011-07-31": 34.869, "2011-04-30": 25.247, "2011-01-31": "58.49700", "2010-10-31": 9.15, "2010-07-31": 0.827, "2010-04-30": -17.484, "2010-01-31": "6.48400", "2009-10-31": 3.515, "2009-07-31": -6.509, "2009-04-30": -0.958, "2009-01-31": "120.54000", "2008-10-31": -118.9, "2008-07-31": -0.267, "2008-04-30": -7.204, "2008-01-31": "12.13300", "2007-10-31": -44.367, "2007-07-31": -6.018, "2007-04-30": -0.185, "2007-01-31": "-2.31900", "2006-10-31": -10.649, "2006-07-31": -8.712, "2006-04-30": 20.151, "2006-01-31": "-1.30700", "2005-10-31": -11.389, "2005-07-31": -9.707, "2005-04-30": -0.212, "2005-01-31": "-5.34000"}, "Investing Activities - Other": {"2020-10-31": -456.292, "2020-07-31": -18.707, "2020-04-30": 21.929, "2020-01-31": "-15.33700", "2019-10-31": -40.797, "2019-07-31": -199.615, "2019-04-30": -79.03, "2019-01-31": "-277.73200", "2018-10-31": -135.683, "2018-07-31": -34.519, "2018-04-30": -58.758, "2018-01-31": "-24.05200", "2017-10-31": -31.348, "2017-07-31": 0, "2017-04-30": 0, "2017-01-31": "", "2016-10-31": -5.768, "2016-07-31": 8.277, "2016-04-30": -7.235, "2016-01-31": "-82.91300", "2015-10-31": -96.98, "2015-07-31": 120.038, "2015-04-30": 4.249, "2015-01-31": "18.16100", "2014-10-31": 16.884, "2014-07-31": 23.211, "2014-04-30": 39.022, "2014-01-31": "45.98100", "2013-10-31": -15.387, "2013-07-31": 71.3, "2013-04-30": 63.544, "2013-01-31": "50.64500", "2012-10-31": 33.439, "2012-07-31": 26.964, "2012-04-30": -4.508, "2012-01-31": "-2.70900", "2011-10-31": -8.845, "2011-07-31": 13.12, "2011-04-30": -8.843, "2011-01-31": "5.10200", "2010-10-31": 0, "2010-07-31": 2.5, "2010-04-30": 0, "2010-01-31": "5.50000", "2009-10-31": 7, "2009-07-31": 0, "2009-04-30": 0, "2009-01-31": "-5.00000", "2008-10-31": 16.465, "2008-07-31": -26.465, "2008-04-30": 0, "2008-01-31": "", "2007-10-31": 0, "2007-07-31": -9.055, "2007-04-30": 0, "2007-01-31": "", "2006-10-31": -0.003, "2006-07-31": -11.253, "2006-04-30": 0, "2006-01-31": "", "2005-10-31": -0.49, "2005-07-31": -0.326, "2005-04-30": 0.072, "2005-01-31": "0.38400"}, "Cash Flow From Investing Activities": {"2020-10-31": -530.094, "2020-07-31": -12.15, "2020-04-30": 22.689, "2020-01-31": "5.11400", "2019-10-31": -47.557, "2019-07-31": -260.626, "2019-04-30": -84.598, "2019-01-31": "-283.08900", "2018-10-31": -172.455, "2018-07-31": -48.599, "2018-04-30": -57.028, "2018-01-31": "-46.97200", "2017-10-31": -30.797, "2017-07-31": 3.118, "2017-04-30": -13.365, "2017-01-31": "-50.38100", "2016-10-31": 0.698, "2016-07-31": -12.075, "2016-04-30": -14.424, "2016-01-31": "-82.47700", "2015-10-31": -80.892, "2015-07-31": 122.117, "2015-04-30": 9.161, "2015-01-31": "33.88000", "2014-10-31": 26.987, "2014-07-31": 34.666, "2014-04-30": 82.042, "2014-01-31": "41.76500", "2013-10-31": 11.821, "2013-07-31": 77.383, "2013-04-30": 75.692, "2013-01-31": "12.13200", "2012-10-31": -146.163, "2012-07-31": 36.356, "2012-04-30": 14.681, "2012-01-31": "4.22100", "2011-10-31": 27.692, "2011-07-31": 44.95, "2011-04-30": 1.595, "2011-01-31": "59.28300", "2010-10-31": 4.903, "2010-07-31": 0.983, "2010-04-30": -28.724, "2010-01-31": "8.81300", "2009-10-31": 4.364, "2009-07-31": -11.348, "2009-04-30": -16.994, "2009-01-31": "65.32300", "2008-10-31": -120.487, "2008-07-31": -28.107, "2008-04-30": -10.972, "2008-01-31": "10.31800", "2007-10-31": -50.566, "2007-07-31": -18.474, "2007-04-30": -2.021, "2007-01-31": "-4.29300", "2006-10-31": -13.807, "2006-07-31": -22.83, "2006-04-30": 14.702, "2006-01-31": "-4.26200", "2005-10-31": -13.192, "2005-07-31": -11.218, "2005-04-30": -1.053, "2005-01-31": "-5.40500"}, "Net Long-Term Debt": {"2020-10-31": 495.11, "2020-07-31": -0.375, "2020-04-30": 0, "2020-01-31": "", "2019-10-31": 1.29, "2019-07-31": 252.639, "2019-04-30": 83.38, "2019-01-31": "68.45800", "2018-10-31": 309.0639, "2018-07-31": 56.023, "2018-04-30": 53.152, "2018-01-31": "23.93600", "2017-10-31": 12.598, "2017-07-31": -255.396, "2017-04-30": 298.896, "2017-01-31": "", "2016-10-31": 0, "2016-07-31": 0, "2016-04-30": 0, "2016-01-31": "", "2015-10-31": 247.862, "2015-07-31": -118.222, "2015-04-30": -14.74, "2015-01-31": "-11.20400", "2014-10-31": -30.593, "2014-07-31": -33.989, "2014-04-30": -33.912, "2014-01-31": "151.92500", "2013-10-31": -17.668, "2013-07-31": -55.646, "2013-04-30": -45.135, "2013-01-31": "-38.60700", "2012-10-31": -28.614, "2012-07-31": 0, "2012-04-30": 0, "2012-01-31": "", "2011-10-31": 0, "2011-07-31": 0, "2011-04-30": 0, "2011-01-31": "", "2010-10-31": 0, "2010-07-31": 0, "2010-04-30": 0, "2010-01-31": "", "2009-10-31": 0, "2009-07-31": 0, "2009-04-30": 0, "2009-01-31": "", "2008-10-31": 0, "2008-07-31": 0, "2008-04-30": 0, "2008-01-31": "", "2007-10-31": 500, "2007-07-31": 0, "2007-04-30": 0, "2007-01-31": "", "2006-10-31": -76.358, "2006-07-31": 0, "2006-04-30": 0, "2006-01-31": "", "2005-10-31": 0, "2005-07-31": 0, "2005-04-30": 0, "2005-01-31": ""}, "Net Current Debt": {"2020-10-31": 0.927, "2020-07-31": 0.163, "2020-04-30": 1.243, "2020-01-31": "1.21500", "2019-10-31": 0.511, "2019-07-31": 0.187, "2019-04-30": 0.104, "2019-01-31": "0.38100", "2018-10-31": 1.996, "2018-07-31": 0.318, "2018-04-30": 1.524, "2018-01-31": "0.98700", "2017-10-31": 1.354, "2017-07-31": 0.486, "2017-04-30": 0.397, "2017-01-31": "2.26300", "2016-10-31": 0.917, "2016-07-31": 1.057, "2016-04-30": 0.311, "2016-01-31": "0.97200", "2015-10-31": 0.787, "2015-07-31": 1.05, "2015-04-30": 0.343, "2015-01-31": "0.24700", "2014-10-31": 0.084, "2014-07-31": 0.199, "2014-04-30": 0.091, "2014-01-31": "1.47900", "2013-10-31": 0.107, "2013-07-31": 0.417, "2013-04-30": 0.68, "2013-01-31": "0.93100", "2012-10-31": 0.057, "2012-07-31": 0.283, "2012-04-30": 0.021, "2012-01-31": "0.46000", "2011-10-31": 0.102, "2011-07-31": 0.059, "2011-04-30": 0.116, "2011-01-31": "0.66400", "2010-10-31": 0.517, "2010-07-31": 0.336, "2010-04-30": 0.815, "2010-01-31": "0.19600", "2009-10-31": 0.564, "2009-07-31": 0.215, "2009-04-30": 0.807, "2009-01-31": "1.49800", "2008-10-31": 0.39, "2008-07-31": 0.53, "2008-04-30": 0.134, "2008-01-31": "0.26500", "2007-10-31": 0.232, "2007-07-31": 0.197, "2007-04-30": 0.163, "2007-01-31": "0.24800", "2006-10-31": 0.316, "2006-07-31": 0.175, "2006-04-30": 0.594, "2006-01-31": "0.31700", "2005-10-31": 0.592, "2005-07-31": 0, "2005-04-30": 0, "2005-01-31": ""}, "Debt Issuance/Retirement Net - Total": {"2020-10-31": 496.037, "2020-07-31": -0.212, "2020-04-30": 1.243, "2020-01-31": "1.21500", "2019-10-31": 1.801, "2019-07-31": 252.826, "2019-04-30": 83.484, "2019-01-31": "68.83900", "2018-10-31": 311.0599, "2018-07-31": 56.341, "2018-04-30": 54.676, "2018-01-31": "24.92300", "2017-10-31": 13.952, "2017-07-31": -254.91, "2017-04-30": 299.293, "2017-01-31": "2.26300", "2016-10-31": 0.917, "2016-07-31": 1.057, "2016-04-30": 0.311, "2016-01-31": "0.97200", "2015-10-31": 248.649, "2015-07-31": -117.172, "2015-04-30": -14.397, "2015-01-31": "-10.95700", "2014-10-31": -30.509, "2014-07-31": -33.79, "2014-04-30": -33.821, "2014-01-31": "153.40400", "2013-10-31": -17.561, "2013-07-31": -55.229, "2013-04-30": -44.455, "2013-01-31": "-37.67600", "2012-10-31": -28.557, "2012-07-31": 0.283, "2012-04-30": 0.021, "2012-01-31": "0.46000", "2011-10-31": 0.102, "2011-07-31": 0.059, "2011-04-30": 0.116, "2011-01-31": "0.66400", "2010-10-31": 0.517, "2010-07-31": 0.336, "2010-04-30": 0.815, "2010-01-31": "0.19600", "2009-10-31": 0.564, "2009-07-31": 0.215, "2009-04-30": 0.807, "2009-01-31": "1.49800", "2008-10-31": 0.39, "2008-07-31": 0.53, "2008-04-30": 0.134, "2008-01-31": "0.26500", "2007-10-31": 500.232, "2007-07-31": 0.197, "2007-04-30": 0.163, "2007-01-31": "0.24800", "2006-10-31": -76.042, "2006-07-31": 0.175, "2006-04-30": 0.594, "2006-01-31": "0.31700", "2005-10-31": 0.592, "2005-07-31": 0, "2005-04-30": 0, "2005-01-31": ""}, "Net Common Equity Issued/Repurchased": {"2020-10-31": -17.92, "2020-07-31": 6.434, "2020-04-30": -16.988, "2020-01-31": "-43.73500", "2019-10-31": -20.499, "2019-07-31": -47.751, "2019-04-30": -56.578, "2019-01-31": "-123.31600", "2018-10-31": -73.173, "2018-07-31": -68.349, "2018-04-30": -63.693, "2018-01-31": "7.94100", "2017-10-31": 80.046, "2017-07-31": 38.252, "2017-04-30": -7.696, "2017-01-31": "-25.86700", "2016-10-31": 8.729, "2016-07-31": -33.062, "2016-04-30": -51.883, "2016-01-31": "-66.17900", "2015-10-31": -48.107, "2015-07-31": -57.618, "2015-04-30": -41.313, "2015-01-31": "-46.63500", "2014-10-31": -49.821, "2014-07-31": -80.981, "2014-04-30": -85.415, "2014-01-31": "-17.48200", "2013-10-31": -6.382, "2013-07-31": -12.122, "2013-04-30": 17.422, "2013-01-31": "47.41000", "2012-10-31": 2.979, "2012-07-31": -13.756, "2012-04-30": -11.163, "2012-01-31": "-28.76300", "2011-10-31": -55.308, "2011-07-31": -43.589, "2011-04-30": -26.089, "2011-01-31": "-12.70000", "2010-10-31": -20.735, "2010-07-31": -16.184, "2010-04-30": -11.489, "2010-01-31": "-6.62400", "2009-10-31": -15.254, "2009-07-31": 2.598, "2009-04-30": 1.951, "2009-01-31": "-1.08400", "2008-10-31": -6.293, "2008-07-31": -0.765, "2008-04-30": -4.569, "2008-01-31": "-136.49300", "2007-10-31": -233.067, "2007-07-31": -115.703, "2007-04-30": -35.301, "2007-01-31": "-15.66300", "2006-10-31": -39.645, "2006-07-31": -30.43, "2006-04-30": 39.577, "2006-01-31": "-21.96500", "2005-10-31": -26.39, "2005-07-31": -26.795, "2005-04-30": 72.93, "2005-01-31": "-50.68000"}, "Net Total Equity Issued/Repurchased": {"2020-10-31": -17.92, "2020-07-31": 6.434, "2020-04-30": -16.988, "2020-01-31": "-43.73500", "2019-10-31": -20.499, "2019-07-31": -47.751, "2019-04-30": -56.578, "2019-01-31": "-123.31600", "2018-10-31": -73.173, "2018-07-31": -68.349, "2018-04-30": -63.693, "2018-01-31": "7.94100", "2017-10-31": 80.046, "2017-07-31": 38.252, "2017-04-30": -7.696, "2017-01-31": "-25.86700", "2016-10-31": 8.729, "2016-07-31": -33.062, "2016-04-30": -51.883, "2016-01-31": "-66.17900", "2015-10-31": -48.107, "2015-07-31": -57.618, "2015-04-30": -41.313, "2015-01-31": "-46.63500", "2014-10-31": -49.821, "2014-07-31": -80.981, "2014-04-30": -85.415, "2014-01-31": "-77.48200", "2013-10-31": -6.382, "2013-07-31": -12.122, "2013-04-30": 17.422, "2013-01-31": "47.41000", "2012-10-31": 2.979, "2012-07-31": -13.756, "2012-04-30": -11.163, "2012-01-31": "-28.76300", "2011-10-31": -55.308, "2011-07-31": -43.589, "2011-04-30": -26.089, "2011-01-31": "-12.70000", "2010-10-31": -20.735, "2010-07-31": -16.184, "2010-04-30": -11.489, "2010-01-31": "-6.62400", "2009-10-31": -15.254, "2009-07-31": 2.598, "2009-04-30": 1.951, "2009-01-31": "-1.08400", "2008-10-31": -6.293, "2008-07-31": -0.765, "2008-04-30": -4.569, "2008-01-31": "-136.49300", "2007-10-31": -233.067, "2007-07-31": -115.703, "2007-04-30": -35.301, "2007-01-31": "-15.66300", "2006-10-31": -39.645, "2006-07-31": -30.43, "2006-04-30": 39.577, "2006-01-31": "-21.96500", "2005-10-31": -26.39, "2005-07-31": -26.795, "2005-04-30": 72.93, "2005-01-31": "-50.68000"}, "Total Common And Preferred Stock Dividends Paid": {"2020-10-31": -55.543, "2020-07-31": -41.166, "2020-04-30": -41.702, "2020-01-31": "-45.48200", "2019-10-31": -38.04, "2019-07-31": -38.562, "2019-04-30": -39.291, "2019-01-31": "-43.23000", "2018-10-31": -35.313, "2018-07-31": -35.802, "2018-04-30": -36.241, "2018-01-31": "-37.49900", "2017-10-31": -31.569, "2017-07-31": -31.211, "2017-04-30": -31.256, "2017-01-31": "-31.74900", "2016-10-31": -29.047, "2016-07-31": -29.373, "2016-04-30": -29.764, "2016-01-31": "-30.43700", "2015-10-31": -28.642, "2015-07-31": -28.975, "2015-04-30": -29.131, "2015-01-31": "-29.26800", "2014-10-31": -25.92, "2014-07-31": -26.362, "2014-04-30": -26.827, "2014-01-31": "-26.73900", "2013-10-31": -24.273, "2013-07-31": -24.286, "2013-04-30": -0.001, "2013-01-31": "-166.97900", "2012-10-31": -21.876, "2012-07-31": -21.968, "2012-04-30": -22.015, "2012-01-31": "-21.96700", "2011-10-31": -21.124, "2011-07-31": -21.343, "2011-04-30": -21.454, "2011-01-31": "-21.31900", "2010-10-31": -18.904, "2010-07-31": -18.977, "2010-04-30": -18.958, "2010-01-31": "-18.81200", "2009-10-31": -18.208, "2009-07-31": -18.151, "2009-04-30": -18.12, "2009-01-31": "-17.94800", "2008-10-31": -17.406, "2008-07-31": -17.366, "2008-04-30": -17.354, "2008-01-31": "-17.78000", "2007-10-31": -14.848, "2007-07-31": -15.097, "2007-04-30": -15.169, "2007-01-31": "-15.18600", "2006-10-31": -12.703, "2006-07-31": -12.8, "2006-04-30": -12.933, "2006-01-31": "-12.95800", "2005-10-31": -10.431, "2005-07-31": -10.512, "2005-04-30": -10.645, "2005-01-31": "-10.66000"}, "Financial Activities - Other": {"2020-10-31": -1.58, "2020-07-31": 125.515, "2020-04-30": 76.145, "2020-01-31": "32.29000", "2019-10-31": -87.008, "2019-07-31": 15.129, "2019-04-30": 1.096, "2019-01-31": "22.74400", "2018-10-31": 26.728, "2018-07-31": 6.131, "2018-04-30": 16.04, "2018-01-31": "30.64300", "2017-10-31": 48.625, "2017-07-31": 50.61, "2017-04-30": 42.674, "2017-01-31": "33.97300", "2016-10-31": -0.743, "2016-07-31": 0.13, "2016-04-30": -1.066, "2016-01-31": "-13.69200", "2015-10-31": -5.923, "2015-07-31": -0.35, "2015-04-30": 4.62, "2015-01-31": "-16.22700", "2014-10-31": 0.717, "2014-07-31": 5.144, "2014-04-30": -2.187, "2014-01-31": "-18.78900", "2013-10-31": 2.077, "2013-07-31": 22.237, "2013-04-30": 33.13, "2013-01-31": "-26.33000", "2012-10-31": 21.264, "2012-07-31": -11.518, "2012-04-30": 1.069, "2012-01-31": "18.75900", "2011-10-31": 8.762, "2011-07-31": 13.128, "2011-04-30": 38.589, "2011-01-31": "58.45900", "2010-10-31": 51.533, "2010-07-31": -8.354, "2010-04-30": 2.375, "2010-01-31": "-0.98700", "2009-10-31": 0.921, "2009-07-31": -17.46, "2009-04-30": -0.832, "2009-01-31": "6.64000", "2008-10-31": -27.631, "2008-07-31": 1.502, "2008-04-30": -1.916, "2008-01-31": "3.80300", "2007-10-31": -7.139, "2007-07-31": 1.649, "2007-04-30": 1.199, "2007-01-31": "0.68100", "2006-10-31": 4.959, "2006-07-31": -1.14, "2006-04-30": -0.576, "2006-01-31": "-0.83700", "2005-10-31": -0.438, "2005-07-31": -0.969, "2005-04-30": -0.581, "2005-01-31": "0.72300"}, "Cash Flow From Financial Activities": {"2020-10-31": 420.994, "2020-07-31": 90.571, "2020-04-30": 18.698, "2020-01-31": "-55.71200", "2019-10-31": -143.746, "2019-07-31": 181.642, "2019-04-30": -11.289, "2019-01-31": "-74.96300", "2018-10-31": 229.302, "2018-07-31": -41.679, "2018-04-30": -29.218, "2018-01-31": "26.00800", "2017-10-31": 111.054, "2017-07-31": -197.259, "2017-04-30": 303.015, "2017-01-31": "-21.38000", "2016-10-31": -20.144, "2016-07-31": -61.248, "2016-04-30": -82.402, "2016-01-31": "-109.33600", "2015-10-31": 165.977, "2015-07-31": -204.115, "2015-04-30": -80.221, "2015-01-31": "-103.08700", "2014-10-31": -105.533, "2014-07-31": -135.989, "2014-04-30": -148.25, "2014-01-31": "30.39400", "2013-10-31": -46.139, "2013-07-31": -69.4, "2013-04-30": 6.096, "2013-01-31": "-183.57500", "2012-10-31": -26.19, "2012-07-31": -46.959, "2012-04-30": -32.088, "2012-01-31": "-31.51100", "2011-10-31": -67.568, "2011-07-31": -51.745, "2011-04-30": -8.838, "2011-01-31": "25.10400", "2010-10-31": 12.411, "2010-07-31": -43.179, "2010-04-30": -27.257, "2010-01-31": "-26.22700", "2009-10-31": -31.977, "2009-07-31": -32.798, "2009-04-30": -16.194, "2009-01-31": "-10.89400", "2008-10-31": -50.94, "2008-07-31": -16.099, "2008-04-30": -23.705, "2008-01-31": "-150.20500", "2007-10-31": 245.178, "2007-07-31": -128.954, "2007-04-30": -49.108, "2007-01-31": "-29.92000", "2006-10-31": -123.431, "2006-07-31": -44.195, "2006-04-30": 26.662, "2006-01-31": "-35.44300", "2005-10-31": -36.667, "2005-07-31": -38.276, "2005-04-30": 61.704, "2005-01-31": "-60.61700"}, "Net Cash Flow": {"2020-10-31": -39.585, "2020-07-31": -61.975, "2020-04-30": 417.339, "2020-01-31": "-32.45800", "2019-10-31": -57.265, "2019-07-31": 79.345, "2019-04-30": 87.776, "2019-01-31": "-322.58600", "2018-10-31": 176.701, "2018-07-31": 135.108, "2018-04-30": -19.138, "2018-01-31": "-76.45900", "2017-10-31": 76.617, "2017-07-31": -113.287, "2017-04-30": 343.345, "2017-01-31": "-104.06100", "2016-10-31": 46.018, "2016-07-31": 26.995, "2016-04-30": -6.972, "2016-01-31": "-107.42500", "2015-10-31": 146.758, "2015-07-31": 55.902, "2015-04-30": 15.574, "2015-01-31": "-137.89100", "2014-10-31": 23.198, "2014-07-31": 50.078, "2014-04-30": -50.035, "2014-01-31": "-99.93200", "2013-10-31": 82.492, "2013-07-31": 59.279, "2013-04-30": 101.852, "2013-01-31": "-243.79300", "2012-10-31": -138.106, "2012-07-31": 85.514, "2012-04-30": 39.298, "2012-01-31": "-35.54300", "2011-10-31": 8.651, "2011-07-31": 64.639, "2011-04-30": -12.705, "2011-01-31": "142.44200", "2010-10-31": -77.045, "2010-07-31": 61.216, "2010-04-30": -25.312, "2010-01-31": "38.44100", "2009-10-31": 26.79, "2009-07-31": 23.884, "2009-04-30": -8.417, "2009-01-31": "71.40600", "2008-10-31": -132.958, "2008-07-31": 29.75, "2008-04-30": 5.156, "2008-01-31": "-139.98200", "2007-10-31": 298.876, "2007-07-31": -18.787, "2007-04-30": 22.333, "2007-01-31": "-74.17000", "2006-10-31": 40.934, "2006-07-31": 7.711, "2006-04-30": 32.711, "2006-01-31": "-21.04000", "2005-10-31": 20.91, "2005-07-31": -33.335, "2005-04-30": 10.942, "2005-01-31": "0.73500"}, "Stock-Based Compensation": {"2020-10-31": 161.243, "2020-07-31": 25.347, "2020-04-30": 21.431, "2020-01-31": "29.52000", "2019-10-31": 23.031, "2019-07-31": 23.42, "2019-04-30": 21.888, "2019-01-31": "22.65900", "2018-10-31": 19.748, "2018-07-31": 22.791, "2018-04-30": 20.778, "2018-01-31": "23.73000", "2017-10-31": 19.13, "2017-07-31": 21.181, "2017-04-30": 19.036, "2017-01-31": "20.17800", "2016-10-31": 17.062, "2016-07-31": 17.668, "2016-04-30": 18.373, "2016-01-31": "18.23400", "2015-10-31": 16.476, "2015-07-31": 19.018, "2015-04-30": 16.552, "2015-01-31": "17.23300", "2014-10-31": 13.789, "2014-07-31": 17.003, "2014-04-30": 14.674, "2014-01-31": "14.81500", "2013-10-31": 18.839, "2013-07-31": 13.562, "2013-04-30": 12.861, "2013-01-31": "14.02300", "2012-10-31": 13.208, "2012-07-31": 13.499, "2012-04-30": 12.978, "2012-01-31": "16.34200", "2011-10-31": 11.846, "2011-07-31": 12.655, "2011-04-30": 12.556, "2011-01-31": "14.97300", "2010-10-31": 10.961, "2010-07-31": 11.852, "2010-04-30": 11.761, "2010-01-31": "13.28400", "2009-10-31": 10.001, "2009-07-31": 10.796, "2009-04-30": 9.75, "2009-01-31": "10.92700", "2008-10-31": 9.048, "2008-07-31": 9.706, "2008-04-30": 8.938, "2008-01-31": "11.73000", "2007-10-31": 9.915, "2007-07-31": 10.914, "2007-04-30": 8.253, "2007-01-31": "14.22300", "2006-10-31": 7.544, "2006-07-31": 8.271, "2006-04-30": 7.978, "2006-01-31": "12.52100", "2005-10-31": 6.89, "2005-07-31": 7.306, "2005-04-30": 6.848, "2005-01-31": "7.56300"}, "Common Stock Dividends Paid": {"2020-10-31": -55.543, "2020-07-31": -41.166, "2020-04-30": -41.702, "2020-01-31": "-45.48200", "2019-10-31": -38.04, "2019-07-31": -38.562, "2019-04-30": -39.291, "2019-01-31": "-43.23000", "2018-10-31": -35.313, "2018-07-31": -35.802, "2018-04-30": -36.241, "2018-01-31": "-37.49900", "2017-10-31": -31.569, "2017-07-31": -31.211, "2017-04-30": -31.256, "2017-01-31": "-31.74900", "2016-10-31": -29.047, "2016-07-31": -29.373, "2016-04-30": -29.764, "2016-01-31": "-30.43700", "2015-10-31": -28.642, "2015-07-31": -28.975, "2015-04-30": -29.131, "2015-01-31": "-29.26800", "2014-10-31": -25.92, "2014-07-31": -26.362, "2014-04-30": -26.827, "2014-01-31": "-26.73900", "2013-10-31": -24.273, "2013-07-31": -24.286, "2013-04-30": -0.001, "2013-01-31": "-166.97900", "2012-10-31": -21.876, "2012-07-31": -21.968, "2012-04-30": -22.015, "2012-01-31": "-21.96700", "2011-10-31": -21.124, "2011-07-31": -21.343, "2011-04-30": -21.454, "2011-01-31": "-21.31900", "2010-10-31": -18.904, "2010-07-31": -18.977, "2010-04-30": -18.958, "2010-01-31": "-18.81200", "2009-10-31": -18.208, "2009-07-31": -18.151, "2009-04-30": -18.12, "2009-01-31": "-17.94800", "2008-10-31": -17.406, "2008-07-31": -17.366, "2008-04-30": -17.354, "2008-01-31": "-17.78000", "2007-10-31": -14.848, "2007-07-31": -15.097, "2007-04-30": -15.169, "2007-01-31": "-15.18600", "2006-10-31": -12.703, "2006-07-31": -12.8, "2006-04-30": -12.933, "2006-01-31": "-12.95800", "2005-10-31": -10.431, "2005-07-31": -10.512, "2005-04-30": -10.645, "2005-01-31": "-10.66000"}}, "financial ratios": {"Current Ratio": {"2020-10-31": "2.88120", "2019-10-31": "3.43950", "2018-10-31": "2.61670", "2017-10-31": "5.43790", "2016-10-31": "4.44590", "2015-10-31": "5.87410", "2014-10-31": "4.90580", "2013-10-31": "7.43110", "2012-10-31": "6.80330", "2011-10-31": "6.69600", "2010-10-31": "3.72430", "2009-10-31": "2.59210", "2008-10-31": "2.53250", "2007-10-31": "2.84880", "2006-10-31": "2.35860", "2005-10-31": "3.16770"}, "Long-term Debt / Capital": {"2020-10-31": "0.03190", "2019-10-31": "", "2018-10-31": "0.44060", "2017-10-31": "0.38420", "2016-10-31": "0.44800", "2015-10-31": "0.62610", "2014-10-31": "0.52470", "2013-10-31": "0.64590", "2012-10-31": "0.60690", "2011-10-31": "0.68060", "2010-10-31": "0.54890", "2009-10-31": "0.61950", "2008-10-31": "0.67560", "2007-10-31": "0.68570", "2006-10-31": "", "2005-10-31": "0.13680"}, "Debt/Equity Ratio": {"2020-10-31": "0.50240", "2019-10-31": "0.52400", "2018-10-31": "1.34670", "2017-10-31": "0.62380", "2016-10-31": "0.81150", "2015-10-31": "1.67480", "2014-10-31": "1.10410", "2013-10-31": "1.82380", "2012-10-31": "1.54400", "2011-10-31": "2.13070", "2010-10-31": "1.21700", "2009-10-31": "1.62830", "2008-10-31": "2.08220", "2007-10-31": "2.18180", "2006-10-31": "", "2005-10-31": "0.15840"}, "Gross Margin": {"2020-10-31": "100.00000", "2019-10-31": "100.00000", "2018-10-31": "100.00000", "2017-10-31": "100.00000", "2016-10-31": "100.00000", "2015-10-31": "100.00000", "2014-10-31": "100.00000", "2013-10-31": "100.00000", "2012-10-31": "100.00000", "2011-10-31": "100.00000", "2010-10-31": "100.00000", "2009-10-31": "100.00000", "2008-10-31": "100.00000", "2007-10-31": "100.00000", "2006-10-31": "100.00000", "2005-10-31": "100.00000"}, "Operating Margin": {"2020-10-31": "21.62780", "2019-10-31": "30.94430", "2018-10-31": "32.80520", "2017-10-31": "31.50930", "2016-10-31": "30.84970", "2015-10-31": "28.53080", "2014-10-31": "35.84490", "2013-10-31": "33.37060", "2012-10-31": "32.50460", "2011-10-31": "34.13660", "2010-10-31": "31.14640", "2009-10-31": "26.19360", "2008-10-31": "33.19510", "2007-10-31": "21.48670", "2006-10-31": "30.73160", "2005-10-31": "30.88350"}, "EBIT Margin": {"2020-10-31": "21.62780", "2019-10-31": "30.94430", "2018-10-31": "32.80520", "2017-10-31": "31.50930", "2016-10-31": "30.84970", "2015-10-31": "28.53080", "2014-10-31": "35.84490", "2013-10-31": "33.37060", "2012-10-31": "32.50460", "2011-10-31": "34.13660", "2010-10-31": "31.14640", "2009-10-31": "26.19360", "2008-10-31": "33.19510", "2007-10-31": "21.48670", "2006-10-31": "30.73160", "2005-10-31": "30.88350"}, "EBITDA Margin": {"2020-10-31": "24.42320", "2019-10-31": "33.69480", "2018-10-31": "35.37000", "2017-10-31": "33.81750", "2016-10-31": "33.54960", "2015-10-31": "31.14730", "2014-10-31": "38.53830", "2013-10-31": "36.68850", "2012-10-31": "36.35600", "2011-10-31": "39.02140", "2010-10-31": "36.56130", "2009-10-31": "32.61270", "2008-10-31": "38.92130", "2007-10-31": "28.01270", "2006-10-31": "38.93020", "2005-10-31": "40.40730"}, "Pre-Tax Profit Margin": {"2020-10-31": "19.32920", "2019-10-31": "33.21180", "2018-10-31": "32.09810", "2017-10-31": "30.62240", "2016-10-31": "30.38680", "2015-10-31": "26.31760", "2014-10-31": "33.86550", "2013-10-31": "26.47900", "2012-10-31": "33.39340", "2011-10-31": "30.54410", "2010-10-31": "29.29860", "2009-10-31": "23.32320", "2008-10-31": "29.46220", "2007-10-31": "21.98590", "2006-10-31": "30.50380", "2005-10-31": "30.98660"}, "Net Profit Margin": {"2020-10-31": "8.00500", "2019-10-31": "23.76560", "2018-10-31": "22.56750", "2017-10-31": "18.41450", "2016-10-31": "17.96960", "2015-10-31": "16.40820", "2014-10-31": "20.45830", "2013-10-31": "13.75440", "2012-10-31": "16.35920", "2011-10-31": "16.84320", "2010-10-31": "15.37900", "2009-10-31": "14.61270", "2008-10-31": "17.85570", "2007-10-31": "13.17320", "2006-10-31": "18.48510", "2005-10-31": "18.41620"}, "Asset Turnover": {"2020-10-31": "0.34960", "2019-10-31": "0.39570", "2018-10-31": "0.47020", "2017-10-31": "0.65730", "2016-10-31": "0.77600", "2015-10-31": "0.66320", "2014-10-31": "0.77970", "2013-10-31": "0.56390", "2012-10-31": "0.61080", "2011-10-31": "0.68180", "2010-10-31": "0.88670", "2009-10-31": "0.82820", "2008-10-31": "1.13160", "2007-10-31": "1.12130", "2006-10-31": "1.29030", "2005-10-31": "1.07210"}, "Inventory Turnover Ratio": {"2020-10-31": "", "2019-10-31": "", "2018-10-31": "", "2017-10-31": "", "2016-10-31": "", "2015-10-31": "", "2014-10-31": "", "2013-10-31": "", "2012-10-31": "", "2011-10-31": "", "2010-10-31": "", "2009-10-31": "", "2008-10-31": "", "2007-10-31": "", "2006-10-31": "", "2005-10-31": ""}, "Receiveable Turnover": {"2020-10-31": "6.92680", "2019-10-31": "7.07650", "2018-10-31": "7.14900", "2017-10-31": "7.64320", "2016-10-31": "7.21300", "2015-10-31": "7.47560", "2014-10-31": "7.78290", "2013-10-31": "7.97500", "2012-10-31": "9.05040", "2011-10-31": "9.56600", "2010-10-31": "8.62540", "2009-10-31": "8.24610", "2008-10-31": "10.08620", "2007-10-31": "9.26750", "2006-10-31": "9.10750", "2005-10-31": "8.98050"}, "Days Sales In Receivables": {"2020-10-31": "52.69360", "2019-10-31": "51.57900", "2018-10-31": "51.05620", "2017-10-31": "47.75460", "2016-10-31": "50.60300", "2015-10-31": "48.82560", "2014-10-31": "46.89780", "2013-10-31": "45.76810", "2012-10-31": "40.32960", "2011-10-31": "38.15590", "2010-10-31": "42.31670", "2009-10-31": "44.26340", "2008-10-31": "36.18820", "2007-10-31": "39.38510", "2006-10-31": "40.07710", "2005-10-31": "40.64370"}, "ROE - Return On Equity": {"2020-10-31": "10.07290", "2019-10-31": "36.55680", "2018-10-31": "35.89800", "2017-10-31": "30.26620", "2016-10-31": "37.57680", "2015-10-31": "38.29710", "2014-10-31": "48.84760", "2013-10-31": "34.31310", "2012-10-31": "43.15100", "2011-10-31": "49.33280", "2010-10-31": "48.97710", "2009-10-31": "44.13630", "2008-10-31": "84.46200", "2007-10-31": "62.31720", "2006-10-31": "32.22720", "2005-10-31": "29.12180"}, "Return On Tangible Equity": {"2020-10-31": "14.12690", "2019-10-31": "51.01480", "2018-10-31": "51.81970", "2017-10-31": "46.22640", "2016-10-31": "64.62610", "2015-10-31": "72.49500", "2014-10-31": "88.35830", "2013-10-31": "62.59380", "2012-10-31": "66.23820", "2011-10-31": "90.38680", "2010-10-31": "99.59120", "2009-10-31": "149.85070", "2008-10-31": "259.74430", "2007-10-31": "158.36750", "2006-10-31": "43.82460", "2005-10-31": "40.08640"}, "ROA - Return On Assets": {"2020-10-31": "2.69400", "2019-10-31": "10.17660", "2018-10-31": "11.05500", "2017-10-31": "13.14400", "2016-10-31": "15.30050", "2015-10-31": "11.25420", "2014-10-31": "17.26610", "2013-10-31": "9.57220", "2012-10-31": "13.37560", "2011-10-31": "12.42690", "2010-10-31": "15.98880", "2009-10-31": "12.60620", "2008-10-31": "20.94440", "2007-10-31": "14.77100", "2006-10-31": "23.94560", "2005-10-31": "19.74340"}, "ROI - Return On Investment": {"2020-10-31": "9.75160", "2019-10-31": "36.55680", "2018-10-31": "20.08160", "2017-10-31": "18.63920", "2016-10-31": "20.74330", "2015-10-31": "14.31760", "2014-10-31": "23.21530", "2013-10-31": "12.15160", "2012-10-31": "16.96190", "2011-10-31": "15.75780", "2010-10-31": "22.09190", "2009-10-31": "16.79240", "2008-10-31": "27.40290", "2007-10-31": "19.58550", "2006-10-31": "32.22720", "2005-10-31": "25.13870"}, "Book Value Per Share": {"2020-10-31": "11.54420", "2019-10-31": "10.42660", "2018-10-31": "9.47770", "2017-10-31": "8.54080", "2016-10-31": "6.18110", "2015-10-31": "5.36700", "2014-10-31": "5.55960", "2013-10-31": "5.52110", "2012-10-31": "5.27630", "2011-10-31": "3.98970", "2010-10-31": "3.47220", "2009-10-31": "2.61280", "2008-10-31": "2.07340", "2007-10-31": "1.93930", "2006-10-31": "3.92680", "2005-10-31": "3.67650"}, "Operating Cash Flow Per Share": {"2020-10-31": -1.6677, "2019-10-31": 1.5482, "2018-10-31": 2.1024, "2017-10-31": -2.1897, "2016-10-31": 1.1527, "2015-10-31": 1.0484, "2014-10-31": -0.138, "2013-10-31": -0.6025, "2012-10-31": 0.1167, "2011-10-31": 0.6542, "2010-10-31": -0.5811, "2009-10-31": 0.1385, "2008-10-31": -0.7447, "2007-10-31": 0.0507, "2006-10-31": 1.1781, "2005-10-31": 0.7405}, "Free Cash Flow Per Share": {"2020-10-31": -1.5445, "2019-10-31": 1.3956, "2018-10-31": 2.0589, "2017-10-31": -2.2049, "2016-10-31": 1.156, "2015-10-31": 1.0136, "2014-10-31": -0.149, "2013-10-31": -0.6181, "2012-10-31": 0.1696, "2011-10-31": 0.6651, "2010-10-31": -0.2966, "2009-10-31": -0.0445, "2008-10-31": -0.8519, "2007-10-31": 0.0498, "2006-10-31": 1.1094, "2005-10-31": 0.7163}}, "financial ratios, quarterly": {"Current Ratio": {"2020-10-31": "2.88120", "2020-07-31": "3.60770", "2020-04-30": "5.28170", "2020-01-31": "5.97820", "2019-10-31": "3.43950", "2019-07-31": "11.85260", "2019-04-30": "11.81680", "2019-01-31": "13.48170", "2018-10-31": "2.61670", "2018-07-31": "8.35320", "2018-04-30": "8.04890", "2018-01-31": "9.40410", "2017-10-31": "5.43790", "2017-07-31": "5.73960", "2017-04-30": "7.91770", "2017-01-31": "7.12460", "2016-10-31": "4.44590", "2016-07-31": "6.73710", "2016-04-30": "7.91590", "2016-01-31": "8.95260", "2015-10-31": "5.87410", "2015-07-31": "4.93400", "2015-04-30": "6.77570", "2015-01-31": "7.14410", "2014-10-31": "4.90580", "2014-07-31": "5.74290", "2014-04-30": "9.46510", "2014-01-31": "10.19030", "2013-10-31": "7.43110", "2013-07-31": "6.42950", "2013-04-30": "8.16160", "2013-01-31": "10.19610", "2012-10-31": "6.80330", "2012-07-31": "7.96660", "2012-04-30": "9.65240", "2012-01-31": "10.76240", "2011-10-31": "6.69600", "2011-07-31": "7.13810", "2011-04-30": "9.03700", "2011-01-31": "8.86630", "2010-10-31": "3.72430", "2010-07-31": "2.52440", "2010-04-30": "2.92530", "2010-01-31": "2.86460", "2009-10-31": "2.59210", "2009-07-31": "2.69100", "2009-04-30": "3.41510", "2009-01-31": "2.97300", "2008-10-31": "2.53250", "2008-07-31": "2.68830", "2008-04-30": "3.08910", "2008-01-31": "2.59430", "2007-10-31": "2.84880", "2007-07-31": "1.46230", "2007-04-30": "2.30590", "2007-01-31": "3.02140", "2006-10-31": "2.35860", "2006-07-31": "2.07220", "2006-04-30": "4.17600", "2006-01-31": "5.02130", "2005-10-31": "3.16770", "2005-07-31": "3.65900", "2005-04-30": "4.23660", "2005-01-31": "4.49220"}, "Long-term Debt / Capital": {"2020-10-31": "0.03190", "2020-07-31": "", "2020-04-30": "0.57800", "2020-01-31": "0.60030", "2019-10-31": "", "2019-07-31": "0.66490", "2019-04-30": "0.59910", "2019-01-31": "0.58860", "2018-10-31": "0.44060", "2018-07-31": "0.53300", "2018-04-30": "0.39960", "2018-01-31": "0.37340", "2017-10-31": "0.38420", "2017-07-31": "0.40680", "2017-04-30": "0.52410", "2017-01-31": "0.43470", "2016-10-31": "0.44800", "2016-07-31": "0.61190", "2016-04-30": "0.61080", "2016-01-31": "0.62510", "2015-10-31": "0.62610", "2015-07-31": "0.48240", "2015-04-30": "0.52390", "2015-01-31": "0.54050", "2014-10-31": "0.52470", "2014-07-31": "0.53070", "2014-04-30": "0.63740", "2014-01-31": "0.44820", "2013-10-31": "0.64590", "2013-07-31": "0.46710", "2013-04-30": "0.43370", "2013-01-31": "0.46410", "2012-10-31": "0.60690", "2012-07-31": "0.47500", "2012-04-30": "0.49190", "2012-01-31": "0.51160", "2011-10-31": "0.68060", "2011-07-31": "0.67080", "2011-04-30": "0.67470", "2011-01-31": "0.67340", "2010-10-31": "0.54890", "2010-07-31": "0.56540", "2010-04-30": "0.57780", "2010-01-31": "0.59370", "2009-10-31": "0.61950", "2009-07-31": "0.61040", "2009-04-30": "0.63410", "2009-01-31": "0.65310", "2008-10-31": "0.67560", "2008-07-31": "0.68730", "2008-04-30": "0.73070", "2008-01-31": "0.77780", "2007-10-31": "0.68570", "2007-07-31": "", "2007-04-30": "", "2007-01-31": "", "2006-10-31": "", "2006-07-31": "", "2006-04-30": "0.13450", "2006-01-31": "0.13300", "2005-10-31": "0.13680", "2005-07-31": "0.14280", "2005-04-30": "0.14390", "2005-01-31": "0.13970"}, "Debt/Equity Ratio": {"2020-10-31": "0.50240", "2020-07-31": "0.48710", "2020-04-30": "1.36950", "2020-01-31": "1.50180", "2019-10-31": "0.52400", "2019-07-31": "1.98410", "2019-04-30": "1.49440", "2019-01-31": "1.43090", "2018-10-31": "1.34670", "2018-07-31": "1.14130", "2018-04-30": "0.66550", "2018-01-31": "0.59590", "2017-10-31": "0.62380", "2017-07-31": "0.68580", "2017-04-30": "1.10120", "2017-01-31": "0.76890", "2016-10-31": "0.81150", "2016-07-31": "1.57690", "2016-04-30": "1.56970", "2016-01-31": "1.66710", "2015-10-31": "1.67480", "2015-07-31": "0.93200", "2015-04-30": "1.10020", "2015-01-31": "1.17610", "2014-10-31": "1.10410", "2014-07-31": "1.13070", "2014-04-30": "1.75810", "2014-01-31": "0.81230", "2013-10-31": "1.82380", "2013-07-31": "0.87650", "2013-04-30": "0.76590", "2013-01-31": "0.86610", "2012-10-31": "1.54400", "2012-07-31": "0.90480", "2012-04-30": "0.96820", "2012-01-31": "1.04740", "2011-10-31": "2.13070", "2011-07-31": "2.03800", "2011-04-30": "2.07420", "2011-01-31": "2.06210", "2010-10-31": "1.21700", "2010-07-31": "1.30080", "2010-04-30": "1.36830", "2010-01-31": "1.46110", "2009-10-31": "1.62830", "2009-07-31": "1.56680", "2009-04-30": "1.73290", "2009-01-31": "1.88300", "2008-10-31": "2.08220", "2008-07-31": "2.19850", "2008-04-30": "2.71390", "2008-01-31": "3.49990", "2007-10-31": "2.18180", "2007-07-31": "", "2007-04-30": "", "2007-01-31": "", "2006-10-31": "", "2006-07-31": "0.15350", "2006-04-30": "0.15550", "2006-01-31": "0.15340", "2005-10-31": "0.15840", "2005-07-31": "0.16660", "2005-04-30": "0.16800", "2005-01-31": "0.16240"}, "Gross Margin": {"2020-10-31": "100.00000", "2020-07-31": "100.00000", "2020-04-30": "100.00000", "2020-01-31": "100.00000", "2019-10-31": "100.00000", "2019-07-31": "100.00000", "2019-04-30": "100.00000", "2019-01-31": "100.00000", "2018-10-31": "100.00000", "2018-07-31": "100.00000", "2018-04-30": "100.00000", "2018-01-31": "100.00000", "2017-10-31": "100.00000", "2017-07-31": "100.00000", "2017-04-30": "100.00000", "2017-01-31": "100.00000", "2016-10-31": "100.00000", "2016-07-31": "100.00000", "2016-04-30": "100.00000", "2016-01-31": "100.00000", "2015-10-31": "100.00000", "2015-07-31": "100.00000", "2015-04-30": "100.00000", "2015-01-31": "100.00000", "2014-10-31": "100.00000", "2014-07-31": "100.00000", "2014-04-30": "100.00000", "2014-01-31": "100.00000", "2013-10-31": "100.00000", "2013-07-31": "100.00000", "2013-04-30": "100.00000", "2013-01-31": "100.00000", "2012-10-31": "100.00000", "2012-07-31": "100.00000", "2012-04-30": "100.00000", "2012-01-31": "100.00000", "2011-10-31": "100.00000", "2011-07-31": "100.00000", "2011-04-30": "100.00000", "2011-01-31": "100.00000", "2010-10-31": "100.00000", "2010-07-31": "100.00000", "2010-04-30": "100.00000", "2010-01-31": "100.00000", "2009-10-31": "100.00000", "2009-07-31": "100.00000", "2009-04-30": "100.00000", "2009-01-31": "100.00000", "2008-10-31": "100.00000", "2008-07-31": "100.00000", "2008-04-30": "100.00000", "2008-01-31": "100.00000", "2007-10-31": "100.00000", "2007-07-31": "100.00000", "2007-04-30": "100.00000", "2007-01-31": "100.00000", "2006-10-31": "100.00000", "2006-07-31": "100.00000", "2006-04-30": "100.00000", "2006-01-31": "100.00000", "2005-10-31": "100.00000", "2005-07-31": "100.00000", "2005-04-30": "100.00000", "2005-01-31": "100.00000"}, "Operating Margin": {"2020-10-31": "-3.02740", "2020-07-31": "31.18230", "2020-04-30": "30.04500", "2020-01-31": "29.76860", "2019-10-31": "31.22440", "2019-07-31": "31.80050", "2019-04-30": "30.87760", "2019-01-31": "29.80440", "2018-10-31": "33.53150", "2018-07-31": "33.18570", "2018-04-30": "32.15070", "2018-01-31": "32.31520", "2017-10-31": "33.85020", "2017-07-31": "30.73830", "2017-04-30": "31.47620", "2017-01-31": "29.70370", "2016-10-31": "32.04590", "2016-07-31": "31.28220", "2016-04-30": "29.62290", "2016-01-31": "30.34930", "2015-10-31": "32.48800", "2015-07-31": "32.83530", "2015-04-30": "34.75510", "2015-01-31": "14.24510", "2014-10-31": "37.78030", "2014-07-31": "35.68600", "2014-04-30": "35.39020", "2014-01-31": "34.47500", "2013-10-31": "35.13460", "2013-07-31": "33.92220", "2013-04-30": "32.58140", "2013-01-31": "31.60900", "2012-10-31": "34.31720", "2012-07-31": "31.80230", "2012-04-30": "32.42150", "2012-01-31": "31.39990", "2011-10-31": "35.19670", "2011-07-31": "35.29270", "2011-04-30": "33.84270", "2011-01-31": "32.19070", "2010-10-31": "33.69770", "2010-07-31": "28.84220", "2010-04-30": "29.70810", "2010-01-31": "32.10870", "2009-10-31": "30.24540", "2009-07-31": "25.93700", "2009-04-30": "22.74470", "2009-01-31": "24.82400", "2008-10-31": "30.57060", "2008-07-31": "32.56050", "2008-04-30": "35.16310", "2008-01-31": "34.21960", "2007-10-31": "36.00650", "2007-07-31": "30.96830", "2007-04-30": "13.94860", "2007-01-31": "0.82120", "2006-10-31": "31.84790", "2006-07-31": "31.34480", "2006-04-30": "28.62050", "2006-01-31": "31.02500", "2005-10-31": "31.04180", "2005-07-31": "31.87560", "2005-04-30": "30.01910", "2005-01-31": "30.53790"}, "EBIT Margin": {"2020-10-31": "-3.02740", "2020-07-31": "31.18230", "2020-04-30": "30.04500", "2020-01-31": "29.76860", "2019-10-31": "31.22440", "2019-07-31": "31.80050", "2019-04-30": "30.87760", "2019-01-31": "29.80440", "2018-10-31": "33.53150", "2018-07-31": "33.18570", "2018-04-30": "32.15070", "2018-01-31": "32.31520", "2017-10-31": "33.85020", "2017-07-31": "30.73830", "2017-04-30": "31.47620", "2017-01-31": "29.70370", "2016-10-31": "32.04600", "2016-07-31": "31.28220", "2016-04-30": "29.62290", "2016-01-31": "30.34930", "2015-10-31": "32.48800", "2015-07-31": "32.83530", "2015-04-30": "34.75510", "2015-01-31": "14.24510", "2014-10-31": "37.78030", "2014-07-31": "35.68600", "2014-04-30": "35.39020", "2014-01-31": "34.47500", "2013-10-31": "35.13460", "2013-07-31": "33.92220", "2013-04-30": "32.58140", "2013-01-31": "31.60900", "2012-10-31": "34.31720", "2012-07-31": "31.80230", "2012-04-30": "32.42150", "2012-01-31": "31.39990", "2011-10-31": "35.19670", "2011-07-31": "35.29270", "2011-04-30": "33.84270", "2011-01-31": "32.19070", "2010-10-31": "33.69760", "2010-07-31": "28.84220", "2010-04-30": "29.70810", "2010-01-31": "32.10870", "2009-10-31": "30.24540", "2009-07-31": "25.93700", "2009-04-30": "22.74470", "2009-01-31": "24.82400", "2008-10-31": "30.57060", "2008-07-31": "32.56050", "2008-04-30": "35.16310", "2008-01-31": "34.21960", "2007-10-31": "36.00650", "2007-07-31": "30.96830", "2007-04-30": "13.94860", "2007-01-31": "0.82120", "2006-10-31": "31.84790", "2006-07-31": "31.34480", "2006-04-30": "28.62050", "2006-01-31": "31.02500", "2005-10-31": "31.04180", "2005-07-31": "31.87560", "2005-04-30": "30.01910", "2005-01-31": "30.53790"}, "EBITDA Margin": {"2020-10-31": "", "2020-07-31": "", "2020-04-30": "", "2020-01-31": "", "2019-10-31": "", "2019-07-31": "", "2019-04-30": "", "2019-01-31": "", "2018-10-31": "", "2018-07-31": "", "2018-04-30": "", "2018-01-31": "", "2017-10-31": "", "2017-07-31": "", "2017-04-30": "", "2017-01-31": "", "2016-10-31": "", "2016-07-31": "", "2016-04-30": "", "2016-01-31": "", "2015-10-31": "", "2015-07-31": "", "2015-04-30": "", "2015-01-31": "", "2014-10-31": "", "2014-07-31": "", "2014-04-30": "", "2014-01-31": "", "2013-10-31": "", "2013-07-31": "", "2013-04-30": "", "2013-01-31": "", "2012-10-31": "", "2012-07-31": "", "2012-04-30": "", "2012-01-31": "", "2011-10-31": "", "2011-07-31": "", "2011-04-30": "", "2011-01-31": "", "2010-10-31": "", "2010-07-31": "", "2010-04-30": "", "2010-01-31": "", "2009-10-31": "", "2009-07-31": "", "2009-04-30": "", "2009-01-31": "", "2008-10-31": "", "2008-07-31": "", "2008-04-30": "", "2008-01-31": "", "2007-10-31": "", "2007-07-31": "", "2007-04-30": "", "2007-01-31": "", "2006-10-31": "", "2006-07-31": "", "2006-04-30": "", "2006-01-31": "", "2005-10-31": "", "2005-07-31": "", "2005-04-30": "", "2005-01-31": ""}, "Pre-Tax Profit Margin": {"2020-10-31": "-4.59940", "2020-07-31": "38.86040", "2020-04-30": "11.97110", "2020-01-31": "31.61790", "2019-10-31": "34.82090", "2019-07-31": "33.06900", "2019-04-30": "35.80430", "2019-01-31": "29.01880", "2018-10-31": "32.39130", "2018-07-31": "33.18100", "2018-04-30": "30.85460", "2018-01-31": "31.91400", "2017-10-31": "33.38050", "2017-07-31": "29.20460", "2017-04-30": "31.80270", "2017-01-31": "27.77310", "2016-10-31": "30.17050", "2016-07-31": "30.07140", "2016-04-30": "31.93630", "2016-01-31": "29.42670", "2015-10-31": "28.48670", "2015-07-31": "30.70200", "2015-04-30": "33.22260", "2015-01-31": "12.99780", "2014-10-31": "34.92490", "2014-07-31": "34.36660", "2014-04-30": "33.34930", "2014-01-31": "32.77820", "2013-10-31": "31.14170", "2013-07-31": "13.56740", "2013-04-30": "31.91940", "2013-01-31": "29.79090", "2012-10-31": "35.60570", "2012-07-31": "32.42990", "2012-04-30": "32.14100", "2012-01-31": "33.33930", "2011-10-31": "27.87070", "2011-07-31": "34.26390", "2011-04-30": "29.74370", "2011-01-31": "29.99640", "2010-10-31": "32.58920", "2010-07-31": "26.49750", "2010-04-30": "27.53040", "2010-01-31": "30.28140", "2009-10-31": "28.03120", "2009-07-31": "23.86100", "2009-04-30": "19.12400", "2009-01-31": "21.00200", "2008-10-31": "20.84430", "2008-07-31": "30.19710", "2008-04-30": "33.18590", "2008-01-31": "32.65920", "2007-10-31": "34.64540", "2007-07-31": "32.22990", "2007-04-30": "15.06510", "2007-01-31": "2.00800", "2006-10-31": "27.73990", "2006-07-31": "32.05030", "2006-04-30": "30.73340", "2006-01-31": "31.68830", "2005-10-31": "31.38050", "2005-07-31": "32.29450", "2005-04-30": "29.43060", "2005-01-31": "30.74690"}, "Net Profit Margin": {"2020-10-31": "-7.96620", "2020-07-31": "-0.37850", "2020-04-30": "17.75220", "2020-01-31": "22.97740", "2019-10-31": "25.17780", "2019-07-31": "23.70430", "2019-04-30": "24.71880", "2019-01-31": "21.35770", "2018-10-31": "24.48660", "2018-07-31": "23.74530", "2018-04-30": "23.40710", "2018-01-31": "18.57430", "2017-10-31": "20.08050", "2017-07-31": "17.10770", "2017-04-30": "19.21220", "2017-01-31": "17.10370", "2016-10-31": "18.75620", "2016-07-31": "18.43640", "2016-04-30": "17.00240", "2016-01-31": "17.60970", "2015-10-31": "18.70160", "2015-07-31": "19.01320", "2015-04-30": "20.01460", "2015-01-31": "8.01930", "2014-10-31": "20.17910", "2014-07-31": "21.20160", "2014-04-30": "20.63940", "2014-01-31": "19.80730", "2013-10-31": "16.10830", "2013-07-31": "6.39630", "2013-04-30": "18.56750", "2013-01-31": "14.19830", "2012-10-31": "16.70280", "2012-07-31": "16.32790", "2012-04-30": "16.84750", "2012-01-31": "15.52740", "2011-10-31": "15.12360", "2011-07-31": "20.36900", "2011-04-30": "19.38640", "2011-01-31": "12.16240", "2010-10-31": "15.98930", "2010-07-31": "15.28860", "2010-04-30": "13.18910", "2010-01-31": "16.99860", "2009-10-31": "19.05820", "2009-07-31": "13.67190", "2009-04-30": "12.98110", "2009-01-31": "11.79020", "2008-10-31": "13.99390", "2008-07-31": "17.54560", "2008-04-30": "19.44290", "2008-01-31": "19.98920", "2007-10-31": "20.89220", "2007-07-31": "19.43880", "2007-04-30": "8.87560", "2007-01-31": "1.05230", "2006-10-31": "16.95110", "2006-07-31": "19.30930", "2006-04-30": "18.83890", "2006-01-31": "18.94600", "2005-10-31": "19.02450", "2005-07-31": "18.74490", "2005-04-30": "17.82760", "2005-01-31": "17.99910"}, "Asset Turnover": {"2020-10-31": "0.09110", "2020-07-31": "0.10060", "2020-04-30": "0.10550", "2020-01-31": "0.11180", "2019-10-31": "0.10200", "2019-07-31": "0.10220", "2019-04-30": "0.11340", "2019-01-31": "0.12180", "2018-10-31": "0.11970", "2018-07-31": "0.13890", "2018-04-30": "0.16520", "2018-01-31": "0.17530", "2017-10-31": "0.17540", "2017-07-31": "0.18980", "2017-04-30": "0.17290", "2017-01-31": "0.20180", "2016-10-31": "0.20040", "2016-07-31": "0.17060", "2016-04-30": "0.16830", "2016-01-31": "0.17510", "2015-10-31": "0.16130", "2015-07-31": "0.21870", "2015-04-30": "0.19840", "2015-01-31": "0.20990", "2014-10-31": "0.19800", "2014-07-31": "0.20020", "2014-04-30": "0.15520", "2014-01-31": "0.15710", "2013-10-31": "0.14830", "2013-07-31": "0.18340", "2013-04-30": "0.17580", "2013-01-31": "0.17660", "2012-10-31": "0.15650", "2012-07-31": "0.15530", "2012-04-30": "0.15900", "2012-01-31": "0.16110", "2011-10-31": "0.16240", "2011-07-31": "0.17820", "2011-04-30": "0.17470", "2011-01-31": "0.17340", "2010-10-31": "0.23670", "2010-07-31": "0.23210", "2010-04-30": "0.24150", "2010-01-31": "0.24520", "2009-10-31": "0.23640", "2009-07-31": "0.22270", "2009-04-30": "0.20540", "2009-01-31": "0.21700", "2008-10-31": "0.25790", "2008-07-31": "0.30670", "2008-04-30": "0.32340", "2008-01-31": "0.34860", "2007-10-31": "0.30390", "2007-07-31": "0.46830", "2007-04-30": "0.41870", "2007-01-31": "0.40250", "2006-10-31": "0.34010", "2006-07-31": "0.30010", "2006-04-30": "0.30510", "2006-01-31": "0.30360", "2005-10-31": "0.28200", "2005-07-31": "0.28340", "2005-04-30": "0.28030", "2005-01-31": "0.25620"}, "Inventory Turnover Ratio": {"2020-10-31": "", "2020-07-31": "", "2020-04-30": "", "2020-01-31": "", "2019-10-31": "", "2019-07-31": "", "2019-04-30": "", "2019-01-31": "", "2018-10-31": "", "2018-07-31": "", "2018-04-30": "", "2018-01-31": "", "2017-10-31": "", "2017-07-31": "", "2017-04-30": "", "2017-01-31": "", "2016-10-31": "", "2016-07-31": "", "2016-04-30": "", "2016-01-31": "", "2015-10-31": "", "2015-07-31": "", "2015-04-30": "", "2015-01-31": "", "2014-10-31": "", "2014-07-31": "", "2014-04-30": "", "2014-01-31": "", "2013-10-31": "", "2013-07-31": "", "2013-04-30": "", "2013-01-31": "", "2012-10-31": "", "2012-07-31": "", "2012-04-30": "", "2012-01-31": "", "2011-10-31": "", "2011-07-31": "", "2011-04-30": "", "2011-01-31": "", "2010-10-31": "", "2010-07-31": "", "2010-04-30": "", "2010-01-31": "", "2009-10-31": "", "2009-07-31": "", "2009-04-30": "", "2009-01-31": "", "2008-10-31": "", "2008-07-31": "", "2008-04-30": "", "2008-01-31": "", "2007-10-31": "", "2007-07-31": "", "2007-04-30": "", "2007-01-31": "", "2006-10-31": "", "2006-07-31": "", "2006-04-30": "", "2006-01-31": "", "2005-10-31": "", "2005-07-31": "", "2005-04-30": "", "2005-01-31": ""}, "Receiveable Turnover": {"2020-10-31": "1.80570", "2020-07-31": "1.82080", "2020-04-30": "1.84550", "2020-01-31": "1.90490", "2019-10-31": "1.82350", "2019-07-31": "1.84170", "2019-04-30": "1.74850", "2019-01-31": "1.81520", "2018-10-31": "1.81970", "2018-07-31": "1.95790", "2018-04-30": "2.00400", "2018-01-31": "1.96850", "2017-10-31": "2.03930", "2017-07-31": "1.95150", "2017-04-30": "1.95850", "2017-01-31": "1.90500", "2016-10-31": "1.86300", "2016-07-31": "1.87400", "2016-04-30": "1.90900", "2016-01-31": "1.92400", "2015-10-31": "1.81870", "2015-07-31": "1.96600", "2015-04-30": "1.92700", "2015-01-31": "1.94260", "2014-10-31": "1.97690", "2014-07-31": "2.14460", "2014-04-30": "2.06400", "2014-01-31": "2.13870", "2013-10-31": "2.09690", "2013-07-31": "2.17300", "2013-04-30": "2.16600", "2013-01-31": "2.14280", "2012-10-31": "2.31970", "2012-07-31": "2.34690", "2012-04-30": "2.36240", "2012-01-31": "2.32970", "2011-10-31": "2.27790", "2011-07-31": "2.37820", "2011-04-30": "2.39000", "2011-01-31": "2.28880", "2010-10-31": "2.30250", "2010-07-31": "2.39940", "2010-04-30": "2.31220", "2010-01-31": "2.35670", "2009-10-31": "2.35370", "2009-07-31": "2.40040", "2009-04-30": "2.17880", "2009-01-31": "2.12490", "2008-10-31": "2.29890", "2008-07-31": "2.62420", "2008-04-30": "2.50400", "2008-01-31": "2.55780", "2007-10-31": "2.51160", "2007-07-31": "2.54870", "2007-04-30": "2.30410", "2007-01-31": "2.34160", "2006-10-31": "2.40080", "2006-07-31": "2.42280", "2006-04-30": "2.35160", "2006-01-31": "2.34750", "2005-10-31": "2.36250", "2005-07-31": "2.31480", "2005-04-30": "5.61450", "2005-01-31": "5.30810"}, "Days Sales In Receivables": {"2020-10-31": "49.84150", "2020-07-31": "49.42830", "2020-04-30": "48.76680", "2020-01-31": "47.24760", "2019-10-31": "49.35620", "2019-07-31": "48.86700", "2019-04-30": "51.47140", "2019-01-31": "49.58180", "2018-10-31": "49.45800", "2018-07-31": "45.96770", "2018-04-30": "44.91060", "2018-01-31": "45.71940", "2017-10-31": "44.13390", "2017-07-31": "46.11840", "2017-04-30": "45.95330", "2017-01-31": "47.24410", "2016-10-31": "48.30810", "2016-07-31": "48.02470", "2016-04-30": "47.14550", "2016-01-31": "46.77830", "2015-10-31": "49.48710", "2015-07-31": "45.77760", "2015-04-30": "46.70550", "2015-01-31": "46.33020", "2014-10-31": "45.52600", "2014-07-31": "41.96600", "2014-04-30": "43.60380", "2014-01-31": "42.08220", "2013-10-31": "42.92070", "2013-07-31": "41.41820", "2013-04-30": "41.55110", "2013-01-31": "42.00190", "2012-10-31": "38.79780", "2012-07-31": "38.34800", "2012-04-30": "38.09760", "2012-01-31": "38.63130", "2011-10-31": "39.51010", "2011-07-31": "37.84440", "2011-04-30": "37.65620", "2011-01-31": "39.32120", "2010-10-31": "39.08850", "2010-07-31": "37.50930", "2010-04-30": "38.92360", "2010-01-31": "38.18880", "2009-10-31": "38.23810", "2009-07-31": "37.49390", "2009-04-30": "41.30790", "2009-01-31": "42.35440", "2008-10-31": "39.14850", "2008-07-31": "34.29630", "2008-04-30": "35.94260", "2008-01-31": "35.18590", "2007-10-31": "35.83330", "2007-07-31": "35.31250", "2007-04-30": "39.06140", "2007-01-31": "38.43550", "2006-10-31": "37.48720", "2006-07-31": "37.14740", "2006-04-30": "38.27240", "2006-01-31": "38.33910", "2005-10-31": "38.09510", "2005-07-31": "38.87980", "2005-04-30": "16.03000", "2005-01-31": "16.95520"}, "ROE - Return On Equity": {"2020-10-31": "-2.56450", "2020-07-31": "2.06930", "2020-04-30": "2.19680", "2020-01-31": "9.06290", "2019-10-31": "10.04550", "2019-07-31": "9.61000", "2019-04-30": "10.37860", "2019-01-31": "8.63260", "2018-10-31": "9.49210", "2018-07-31": "9.74280", "2018-04-30": "8.81770", "2018-01-31": "8.04530", "2017-10-31": "8.84610", "2017-07-31": "8.29890", "2017-04-30": "9.84580", "2017-01-31": "8.65010", "2016-10-31": "9.40940", "2016-07-31": "10.54530", "2016-04-30": "11.28160", "2016-01-31": "10.67530", "2015-10-31": "9.77800", "2015-07-31": "11.12270", "2015-04-30": "11.92940", "2015-01-31": "5.35160", "2014-10-31": "12.94610", "2014-07-31": "12.14350", "2014-04-30": "11.40450", "2014-01-31": "10.86690", "2013-10-31": "10.74090", "2013-07-31": "3.82890", "2013-04-30": "10.89460", "2013-01-31": "10.76150", "2012-10-31": "12.13220", "2012-07-31": "11.34370", "2012-04-30": "12.15430", "2012-01-31": "13.58880", "2011-10-31": "9.88240", "2011-07-31": "14.07780", "2011-04-30": "11.26750", "2011-01-31": "12.77520", "2010-10-31": "14.65630", "2010-07-31": "11.31210", "2010-04-30": "12.58400", "2010-01-31": "15.06230", "2009-10-31": "16.42580", "2009-07-31": "10.28530", "2009-04-30": "9.34570", "2009-01-31": "9.52790", "2008-10-31": "17.53450", "2008-07-31": "21.81790", "2008-04-30": "28.85520", "2008-01-31": "40.54880", "2007-10-31": "26.78520", "2007-07-31": "13.60250", "2007-04-30": "4.90140", "2007-01-31": "0.52680", "2006-10-31": "7.76000", "2006-07-31": "8.40910", "2006-04-30": "8.15880", "2006-01-31": "8.04870", "2005-10-31": "7.91420", "2005-07-31": "7.92200", "2005-04-30": "7.29990", "2005-01-31": "7.12060"}, "Return On Tangible Equity": {"2020-10-31": "-3.59660", "2020-07-31": "2.79940", "2020-04-30": "2.97360", "2020-01-31": "12.39320", "2019-10-31": "14.01840", "2019-07-31": "13.69070", "2019-04-30": "15.03700", "2019-01-31": "12.63830", "2018-10-31": "13.70200", "2018-07-31": "14.11750", "2018-04-30": "12.88310", "2018-01-31": "11.75600", "2017-10-31": "13.51090", "2017-07-31": "13.60390", "2017-04-30": "17.86640", "2017-01-31": "16.11740", "2016-10-31": "16.18260", "2016-07-31": "20.13310", "2016-04-30": "21.94650", "2016-01-31": "20.99800", "2015-10-31": "18.50940", "2015-07-31": "21.25620", "2015-04-30": "22.47260", "2015-01-31": "10.29530", "2014-10-31": "23.41760", "2014-07-31": "21.79340", "2014-04-30": "20.23720", "2014-01-31": "18.94390", "2013-10-31": "19.59340", "2013-07-31": "7.18860", "2013-04-30": "20.63410", "2013-01-31": "23.17520", "2012-10-31": "18.62330", "2012-07-31": "18.61520", "2012-04-30": "21.02260", "2012-01-31": "24.03910", "2011-10-31": "18.10640", "2011-07-31": "24.78340", "2011-04-30": "20.39290", "2011-01-31": "23.13880", "2010-10-31": "29.80240", "2010-07-31": "25.04490", "2010-04-30": "30.11280", "2010-01-31": "40.41320", "2009-10-31": "55.76850", "2009-07-31": "32.64610", "2009-04-30": "31.81830", "2009-01-31": "42.27090", "2008-10-31": "53.92340", "2008-07-31": "76.79730", "2008-04-30": "114.07910", "2008-01-31": "1274.26600", "2007-10-31": "68.06950", "2007-07-31": "20.57500", "2007-04-30": "6.77140", "2007-01-31": "0.72080", "2006-10-31": "10.55250", "2006-07-31": "11.43320", "2006-04-30": "10.84740", "2006-01-31": "10.94780", "2005-10-31": "10.89390", "2005-07-31": "11.14420", "2005-04-30": "10.33270", "2005-01-31": "10.00470"}, "ROA - Return On Assets": {"2020-10-31": "-0.68590", "2020-07-31": "0.63100", "2020-04-30": "0.72930", "2020-01-31": "2.78710", "2019-10-31": "2.79640", "2019-07-31": "2.57260", "2019-04-30": "3.11380", "2019-01-31": "2.76550", "2018-10-31": "2.92310", "2018-07-31": "3.49210", "2018-04-30": "3.85900", "2018-01-31": "3.69260", "2017-10-31": "3.84170", "2017-07-31": "3.60910", "2017-04-30": "3.58240", "2017-01-31": "3.65860", "2016-10-31": "3.83130", "2016-07-31": "3.28980", "2016-04-30": "3.61600", "2016-01-31": "3.34010", "2015-10-31": "2.87340", "2015-07-31": "4.24220", "2015-04-30": "4.28160", "2015-01-31": "1.92270", "2014-10-31": "4.57600", "2014-07-31": "4.42620", "2014-04-30": "3.42100", "2014-01-31": "3.34620", "2013-10-31": "2.99630", "2013-07-31": "1.31130", "2013-04-30": "3.76840", "2013-01-31": "3.44470", "2012-10-31": "3.76060", "2012-07-31": "3.25850", "2012-04-30": "3.27540", "2012-01-31": "3.53610", "2011-10-31": "2.48940", "2011-07-31": "3.75610", "2011-04-30": "2.97620", "2011-01-31": "3.33030", "2010-10-31": "4.78460", "2010-07-31": "3.69500", "2010-04-30": "4.06850", "2010-01-31": "4.64550", "2009-10-31": "4.69150", "2009-07-31": "3.20100", "2009-04-30": "2.79130", "2009-01-31": "2.62120", "2008-10-31": "4.34810", "2008-07-31": "5.38130", "2008-04-30": "6.28850", "2008-01-31": "6.96760", "2007-10-31": "6.34890", "2007-07-31": "9.10350", "2007-04-30": "3.71650", "2007-01-31": "0.42350", "2006-10-31": "5.76580", "2006-07-31": "5.79510", "2006-04-30": "5.74840", "2006-01-31": "5.84380", "2005-10-31": "5.36550", "2005-07-31": "5.31230", "2005-04-30": "4.99750", "2005-01-31": "4.61110"}, "ROI - Return On Investment": {"2020-10-31": "-2.48270", "2020-07-31": "2.06930", "2020-04-30": "0.92710", "2020-01-31": "3.62250", "2019-10-31": "10.04540", "2019-07-31": "3.22040", "2019-04-30": "4.16080", "2019-01-31": "3.55120", "2018-10-31": "5.30990", "2018-07-31": "4.55000", "2018-04-30": "5.29440", "2018-01-31": "5.04120", "2017-10-31": "5.44780", "2017-07-31": "4.92280", "2017-04-30": "4.68580", "2017-01-31": "4.89000", "2016-10-31": "5.19420", "2016-07-31": "4.09220", "2016-04-30": "4.39030", "2016-01-31": "4.00260", "2015-10-31": "3.65560", "2015-07-31": "5.75720", "2015-04-30": "5.68020", "2015-01-31": "2.45920", "2014-10-31": "6.15270", "2014-07-31": "5.69920", "2014-04-30": "4.13490", "2014-01-31": "5.99630", "2013-10-31": "3.80380", "2013-07-31": "2.04040", "2013-04-30": "6.16930", "2013-01-31": "5.76690", "2012-10-31": "4.76890", "2012-07-31": "5.95540", "2012-04-30": "6.17540", "2012-01-31": "6.63710", "2011-10-31": "3.15660", "2011-07-31": "4.63400", "2011-04-30": "3.66520", "2011-01-31": "4.17200", "2010-10-31": "6.61090", "2010-07-31": "4.91650", "2010-04-30": "5.31350", "2010-01-31": "6.12020", "2009-10-31": "6.24950", "2009-07-31": "4.00700", "2009-04-30": "3.41970", "2009-01-31": "3.30490", "2008-10-31": "5.68890", "2008-07-31": "6.82140", "2008-04-30": "7.76950", "2008-01-31": "9.01100", "2007-10-31": "8.41820", "2007-07-31": "13.60250", "2007-04-30": "4.90140", "2007-01-31": "0.52680", "2006-10-31": "7.76000", "2006-07-31": "8.40910", "2006-04-30": "7.06100", "2006-01-31": "6.97850", "2005-10-31": "6.83170", "2005-07-31": "6.79090", "2005-04-30": "6.24970", "2005-01-31": "6.12580"}, "Book Value Per Share": {"2020-10-31": "11.54420", "2020-07-31": "11.12450", "2020-04-30": "11.16260", "2020-01-31": "10.85120", "2019-10-31": "10.42660", "2019-07-31": "9.95380", "2019-04-30": "9.52070", "2019-01-31": "9.24620", "2018-10-31": "9.47770", "2018-07-31": "9.33770", "2018-04-30": "9.13820", "2018-01-31": "9.12880", "2017-10-31": "8.54080", "2017-07-31": "7.73520", "2017-04-30": "6.83120", "2017-01-31": "6.45600", "2016-10-31": "6.18110", "2016-07-31": "5.51230", "2016-04-30": "5.40670", "2016-01-31": "5.14320", "2015-10-31": "5.36700", "2015-07-31": "5.31630", "2015-04-30": "5.39430", "2015-01-31": "5.12940", "2014-10-31": "5.55960", "2014-07-31": "5.63640", "2014-04-30": "5.66880", "2014-01-31": "5.75300", "2013-10-31": "5.52110", "2013-07-31": "5.39190", "2013-04-30": "5.37690", "2013-01-31": "4.79300", "2012-10-31": "5.27630", "2012-07-31": "4.79740", "2012-04-30": "4.46970", "2012-01-31": "4.12120", "2011-10-31": "3.98970", "2011-07-31": "4.17350", "2011-04-30": "4.02400", "2011-01-31": "3.89560", "2010-10-31": "3.47220", "2010-07-31": "3.25360", "2010-04-30": "3.08210", "2010-01-31": "2.88870", "2009-10-31": "2.61280", "2009-07-31": "2.71680", "2009-04-30": "2.46280", "2009-01-31": "2.27140", "2008-10-31": "2.07340", "2008-07-31": "1.96000", "2008-04-30": "1.59130", "2008-01-31": "1.23530", "2007-10-31": "1.93930", "2007-07-31": "3.31770", "2007-04-30": "3.74700", "2007-01-31": "3.84390", "2006-10-31": "3.92680", "2006-07-31": "3.91440", "2006-04-30": "3.82290", "2006-01-31": "3.82170", "2005-10-31": "3.67650", "2005-07-31": "3.45750", "2005-04-30": "3.38770", "2005-01-31": "3.45010"}, "Operating Cash Flow Per Share": {"2020-10-31": 0.5255, "2020-07-31": -1.2763, "2020-04-30": 3.4032, "2020-01-31": "0.15430", "2019-10-31": 1.1261, "2019-07-31": 1.4257, "2019-04-30": 1.6254, "2019-01-31": "0.29720", "2018-10-31": 0.9834, "2018-07-31": 1.8558, "2018-04-30": 0.5648, "2018-01-31": "-0.47780", "2017-10-31": -0.0211, "2017-07-31": 0.6648, "2017-04-30": 0.4709, "2017-01-31": "-0.29080", "2016-10-31": 0.584, "2016-07-31": 0.9001, "2016-04-30": 0.7683, "2016-01-31": "0.76110", "2015-10-31": 0.5263, "2015-07-31": 1.172, "2015-04-30": 0.7184, "2015-01-31": "-0.55590", "2014-10-31": 0.8452, "2014-07-31": 1.2293, "2014-04-30": 0.1108, "2014-01-31": "-1.37290", "2013-10-31": 0.9522, "2013-07-31": 0.4206, "2013-04-30": 0.1838, "2013-01-31": "-0.60620", "2012-10-31": 0.2894, "2012-07-31": 0.8462, "2012-04-30": 0.4888, "2012-01-31": "-0.07150", "2011-10-31": 0.4102, "2011-07-31": 0.5968, "2011-04-30": -0.0467, "2011-01-31": "0.47590", "2010-10-31": -0.7696, "2010-07-31": 0.8492, "2010-04-30": 0.2477, "2010-01-31": "0.45470", "2009-10-31": 0.4596, "2009-07-31": 0.5536, "2009-04-30": 0.207, "2009-01-31": "0.14290", "2008-10-31": 0.317, "2008-07-31": 0.5849, "2008-04-30": 0.3234, "2008-01-31": "-0.00070", "2007-10-31": 0.7762, "2007-07-31": 0.9457, "2007-04-30": 0.5451, "2007-01-31": "-0.29770", "2006-10-31": 1.2988, "2006-07-31": 0.548, "2006-04-30": -0.062, "2006-01-31": "0.13380", "2005-10-31": 0.5022, "2005-07-31": 0.1176, "2005-04-30": -0.3438, "2005-01-31": "0.46450"}, "Free Cash Flow Per Share": {"2020-10-31": 0.4835, "2020-07-31": -1.3128, "2020-04-30": 3.3594, "2020-01-31": "0.09470", "2019-10-31": 1.0852, "2019-07-31": 1.3507, "2019-04-30": 1.508, "2019-01-31": "0.22540", "2018-10-31": 0.9353, "2018-07-31": 1.8136, "2018-04-30": 0.5235, "2018-01-31": "-0.49870", "2017-10-31": -0.0591, "2017-07-31": 0.6461, "2017-04-30": 0.4399, "2017-01-31": "-0.31210", "2016-10-31": 0.5674, "2016-07-31": 0.8694, "2016-04-30": 0.7475, "2016-01-31": "0.73540", "2015-10-31": 0.4978, "2015-07-31": 1.1474, "2015-04-30": 0.6888, "2015-01-31": "-0.57030", "2014-10-31": 0.8305, "2014-07-31": 1.2161, "2014-04-30": 0.0901, "2014-01-31": "-1.38660", "2013-10-31": 0.935, "2013-07-31": 0.404, "2013-04-30": 0.1747, "2013-01-31": "-0.61460", "2012-10-31": 0.2792, "2012-07-31": 0.8421, "2012-04-30": 0.4803, "2012-01-31": "-0.08440", "2011-10-31": 0.3956, "2011-07-31": 0.5709, "2011-04-30": -0.0676, "2011-01-31": "0.44870", "2010-10-31": -0.8042, "2010-07-31": 0.8297, "2010-04-30": 0.2281, "2010-01-31": "0.42890", "2009-10-31": 0.4211, "2009-07-31": 0.5083, "2009-04-30": 0.074, "2009-01-31": "-0.02430", "2008-10-31": 0.1715, "2008-07-31": 0.5747, "2008-04-30": 0.2923, "2008-01-31": "-0.01490", "2007-10-31": 0.7354, "2007-07-31": 0.9209, "2007-04-30": 0.5315, "2007-01-31": "-0.31230", "2006-10-31": 1.2794, "2006-07-31": 0.5262, "2006-04-30": -0.1014, "2006-01-31": "0.12150", "2005-10-31": 0.4962, "2005-07-31": 0.1091, "2005-04-30": -0.3504, "2005-01-31": "0.46140"}}, "revenue": {"Eaton Vance Annual Revenue (Millions of US $)": {"2020": "$1,730", "2019": "$1,683", "2018": "$1,692", "2017": "$1,532", "2016": "$1,343", "2015": "$1,404", "2014": "$1,450", "2013": "$1,358", "2012": "$1,209", "2011": "$1,249", "2010": "$1,116", "2009": "$890", "2008": "$1,096", "2007": "$1,084", "2006": "$862", "2005": "$753"}, "Eaton Vance Quarterly Revenue (Millions of US $)": {"2020-10-31": "$451", "2020-07-31": "$421", "2020-04-30": "$406", "2020-01-31": "$453", "2019-10-31": "$434", "2019-07-31": "$431", "2019-04-30": "$412", "2019-01-31": "$406", "2018-10-31": "$431", "2018-07-31": "$429", "2018-04-30": "$413", "2018-01-31": "$420", "2017-10-31": "$409", "2017-07-31": "$394", "2017-04-30": "$375", "2017-01-31": "$355", "2016-10-31": "$347", "2016-07-31": "$341", "2016-04-30": "$323", "2016-01-31": "$332", "2015-10-31": "$341", "2015-07-31": "$356", "2015-04-30": "$352", "2015-01-31": "$355", "2014-10-31": "$368", "2014-07-31": "$368", "2014-04-30": "$354", "2014-01-31": "$360", "2013-10-31": "$357", "2013-07-31": "$350", "2013-04-30": "$332", "2013-01-31": "$319", "2012-10-31": "$310", "2012-07-31": "$299", "2012-04-30": "$305", "2012-01-31": "$296", "2011-10-31": "$297", "2011-07-31": "$327", "2011-04-30": "$316", "2011-01-31": "$309", "2010-10-31": "$298", "2010-07-31": "$273", "2010-04-30": "$273", "2010-01-31": "$272", "2009-10-31": "$254", "2009-07-31": "$228", "2009-04-30": "$198", "2009-01-31": "$209", "2008-10-31": "$250", "2008-07-31": "$283", "2008-04-30": "$273", "2008-01-31": "$290", "2007-10-31": "$294", "2007-07-31": "$287", "2007-04-30": "$260", "2007-01-31": "$243", "2006-10-31": "$227", "2006-07-31": "$217", "2006-04-30": "$212", "2006-01-31": "$207", "2005-10-31": "$198", "2005-07-31": "$191", "2005-04-30": "$183", "2005-01-31": "$182"}}, "gross-profit": {"Eaton Vance Annual Gross Profit (Millions of US $)": {"2020": "$1,730", "2019": "$1,683", "2018": "$1,692", "2017": "$1,532", "2016": "$1,343", "2015": "$1,404", "2014": "$1,450", "2013": "$1,358", "2012": "$1,209", "2011": "$1,249", "2010": "$1,116", "2009": "$890", "2008": "$1,096", "2007": "$1,084", "2006": "$862", "2005": "$753"}, "Eaton Vance Quarterly Gross Profit (Millions of US $)": {"2020-10-31": "$451", "2020-07-31": "$421", "2020-04-30": "$406", "2020-01-31": "$453", "2019-10-31": "$434", "2019-07-31": "$431", "2019-04-30": "$412", "2019-01-31": "$406", "2018-10-31": "$431", "2018-07-31": "$429", "2018-04-30": "$413", "2018-01-31": "$420", "2017-10-31": "$409", "2017-07-31": "$394", "2017-04-30": "$375", "2017-01-31": "$355", "2016-10-31": "$347", "2016-07-31": "$341", "2016-04-30": "$323", "2016-01-31": "$332", "2015-10-31": "$341", "2015-07-31": "$356", "2015-04-30": "$352", "2015-01-31": "$355", "2014-10-31": "$368", "2014-07-31": "$368", "2014-04-30": "$354", "2014-01-31": "$360", "2013-10-31": "$357", "2013-07-31": "$350", "2013-04-30": "$332", "2013-01-31": "$319", "2012-10-31": "$310", "2012-07-31": "$299", "2012-04-30": "$305", "2012-01-31": "$296", "2011-10-31": "$297", "2011-07-31": "$327", "2011-04-30": "$316", "2011-01-31": "$309", "2010-10-31": "$298", "2010-07-31": "$273", "2010-04-30": "$273", "2010-01-31": "$272", "2009-10-31": "$254", "2009-07-31": "$228", "2009-04-30": "$198", "2009-01-31": "$209", "2008-10-31": "$250", "2008-07-31": "$283", "2008-04-30": "$273", "2008-01-31": "$290", "2007-10-31": "$294", "2007-07-31": "$287", "2007-04-30": "$260", "2007-01-31": "$243", "2006-10-31": "$227", "2006-07-31": "$217", "2006-04-30": "$212", "2006-01-31": "$207", "2005-10-31": "$198", "2005-07-31": "$191", "2005-04-30": "$183", "2005-01-31": "$182"}}, "operating-income": {"Eaton Vance Annual Operating Income (Millions of US $)": {"2020": "$374", "2019": "$521", "2018": "$555", "2017": "$483", "2016": "$414", "2015": "$400", "2014": "$520", "2013": "$453", "2012": "$393", "2011": "$426", "2010": "$348", "2009": "$233", "2008": "$364", "2007": "$233", "2006": "$265", "2005": "$233"}, "Eaton Vance Quarterly Operating Income (Millions of US $)": {"2020-10-31": "$-14", "2020-07-31": "$131", "2020-04-30": "$122", "2020-01-31": "$135", "2019-10-31": "$135", "2019-07-31": "$137", "2019-04-30": "$127", "2019-01-31": "$121", "2018-10-31": "$144", "2018-07-31": "$142", "2018-04-30": "$133", "2018-01-31": "$136", "2017-10-31": "$138", "2017-07-31": "$121", "2017-04-30": "$118", "2017-01-31": "$105", "2016-10-31": "$111", "2016-07-31": "$107", "2016-04-30": "$96", "2016-01-31": "$101", "2015-10-31": "$111", "2015-07-31": "$117", "2015-04-30": "$122", "2015-01-31": "$51", "2014-10-31": "$139", "2014-07-31": "$131", "2014-04-30": "$125", "2014-01-31": "$124", "2013-10-31": "$125", "2013-07-31": "$119", "2013-04-30": "$108", "2013-01-31": "$101", "2012-10-31": "$106", "2012-07-31": "$95", "2012-04-30": "$99", "2012-01-31": "$93", "2011-10-31": "$105", "2011-07-31": "$115", "2011-04-30": "$107", "2011-01-31": "$99", "2010-10-31": "$100", "2010-07-31": "$79", "2010-04-30": "$81", "2010-01-31": "$87", "2009-10-31": "$77", "2009-07-31": "$59", "2009-04-30": "$45", "2009-01-31": "$52", "2008-10-31": "$76", "2008-07-31": "$92", "2008-04-30": "$96", "2008-01-31": "$99", "2007-10-31": "$106", "2007-07-31": "$89", "2007-04-30": "$36", "2007-01-31": "$2", "2006-10-31": "$72", "2006-07-31": "$68", "2006-04-30": "$61", "2006-01-31": "$64", "2005-10-31": "$62", "2005-07-31": "$61", "2005-04-30": "$55", "2005-01-31": "$56"}}, "ebitda": {"Eaton Vance Annual EBITDA (Millions of US $)": {"2020": "$423", "2019": "$567", "2018": "$599", "2017": "$518", "2016": "$451", "2015": "$437", "2014": "$559", "2013": "$498", "2012": "$440", "2011": "$487", "2010": "$408", "2009": "$290", "2008": "$426", "2007": "$304", "2006": "$336", "2005": "$304"}, "Eaton Vance Quarterly EBITDA (Millions of US $)": {"2020-10-31": "$-11", "2020-07-31": "$147", "2020-04-30": "$138", "2020-01-31": "$149", "2019-10-31": "$148", "2019-07-31": "$148", "2019-04-30": "$138", "2019-01-31": "$133", "2018-10-31": "$156", "2018-07-31": "$153", "2018-04-30": "$144", "2018-01-31": "$145", "2017-10-31": "$148", "2017-07-31": "$129", "2017-04-30": "$128", "2017-01-31": "$114", "2016-10-31": "$120", "2016-07-31": "$115", "2016-04-30": "$105", "2016-01-31": "$110", "2015-10-31": "$120", "2015-07-31": "$126", "2015-04-30": "$131", "2015-01-31": "$60", "2014-10-31": "$149", "2014-07-31": "$140", "2014-04-30": "$135", "2014-01-31": "$135", "2013-10-31": "$136", "2013-07-31": "$132", "2013-04-30": "$119", "2013-01-31": "$111", "2012-10-31": "$118", "2012-07-31": "$106", "2012-04-30": "$111", "2012-01-31": "$105", "2011-10-31": "$119", "2011-07-31": "$130", "2011-04-30": "$123", "2011-01-31": "$116", "2010-10-31": "$117", "2010-07-31": "$94", "2010-04-30": "$96", "2010-01-31": "$101", "2009-10-31": "$89", "2009-07-31": "$73", "2009-04-30": "$62", "2009-01-31": "$66", "2008-10-31": "$91", "2008-07-31": "$107", "2008-04-30": "$113", "2008-01-31": "$116", "2007-10-31": "$127", "2007-07-31": "$105", "2007-04-30": "$51", "2007-01-31": "$20", "2006-10-31": "$90", "2006-07-31": "$81", "2006-04-30": "$84", "2006-01-31": "$79", "2005-10-31": "$77", "2005-07-31": "$78", "2005-04-30": "$74", "2005-01-31": "$75"}}, "net-income": {"Eaton Vance Annual Net Income (Millions of US $)": {"2020": "$139", "2019": "$400", "2018": "$382", "2017": "$282", "2016": "$241", "2015": "$230", "2014": "$297", "2013": "$187", "2012": "$198", "2011": "$210", "2010": "$172", "2009": "$130", "2008": "$196", "2007": "$143", "2006": "$159", "2005": "$139"}, "Eaton Vance Quarterly Net Income (Millions of US $)": {"2020-10-31": "$-36", "2020-07-31": "$-2", "2020-04-30": "$72", "2020-01-31": "$104", "2019-10-31": "$109", "2019-07-31": "$102", "2019-04-30": "$102", "2019-01-31": "$87", "2018-10-31": "$105", "2018-07-31": "$102", "2018-04-30": "$97", "2018-01-31": "$78", "2017-10-31": "$82", "2017-07-31": "$67", "2017-04-30": "$72", "2017-01-31": "$61", "2016-10-31": "$65", "2016-07-31": "$63", "2016-04-30": "$55", "2016-01-31": "$58", "2015-10-31": "$64", "2015-07-31": "$68", "2015-04-30": "$70", "2015-01-31": "$28", "2014-10-31": "$74", "2014-07-31": "$78", "2014-04-30": "$73", "2014-01-31": "$71", "2013-10-31": "$57", "2013-07-31": "$22", "2013-04-30": "$62", "2013-01-31": "$45", "2012-10-31": "$52", "2012-07-31": "$49", "2012-04-30": "$51", "2012-01-31": "$46", "2011-10-31": "$45", "2011-07-31": "$67", "2011-04-30": "$61", "2011-01-31": "$38", "2010-10-31": "$48", "2010-07-31": "$42", "2010-04-30": "$36", "2010-01-31": "$46", "2009-10-31": "$48", "2009-07-31": "$31", "2009-04-30": "$26", "2009-01-31": "$25", "2008-10-31": "$35", "2008-07-31": "$50", "2008-04-30": "$53", "2008-01-31": "$58", "2007-10-31": "$61", "2007-07-31": "$56", "2007-04-30": "$23", "2007-01-31": "$3", "2006-10-31": "$39", "2006-07-31": "$42", "2006-04-30": "$40", "2006-01-31": "$39", "2005-10-31": "$38", "2005-07-31": "$36", "2005-04-30": "$33", "2005-01-31": "$33"}}, "eps-earnings-per-share-diluted": {"Eaton Vance Annual EPS": {"2020": "$1.20", "2019": "$3.50", "2018": "$3.11", "2017": "$2.42", "2016": "$2.12", "2015": "$1.92", "2014": "$2.44", "2013": "$1.53", "2012": "$1.72", "2011": "$1.75", "2010": "$1.40", "2009": "$1.07", "2008": "$1.57", "2007": "$1.06", "2006": "$1.18", "2005": "$0.99"}, "Eaton Vance Quarterly EPS": {"2020-10-31": "$-0.35", "2020-07-31": "$-0.01", "2020-04-30": "$0.65", "2020-01-31": "$0.91", "2019-10-31": "$0.96", "2019-07-31": "$0.90", "2019-04-30": "$0.89", "2019-01-31": "$0.75", "2018-10-31": "$0.87", "2018-07-31": "$0.83", "2018-04-30": "$0.78", "2018-01-31": "$0.63", "2017-10-31": "$0.69", "2017-07-31": "$0.58", "2017-04-30": "$0.62", "2017-01-31": "$0.53", "2016-10-31": "$0.59", "2016-07-31": "$0.55", "2016-04-30": "$0.48", "2016-01-31": "$0.50", "2015-10-31": "$0.53", "2015-07-31": "$0.57", "2015-04-30": "$0.58", "2015-01-31": "$0.24", "2014-10-31": "$0.66", "2014-07-31": "$0.63", "2014-04-30": "$0.59", "2014-01-31": "$0.56", "2013-10-31": "$0.47", "2013-07-31": "$0.18", "2013-04-30": "$0.50", "2013-01-31": "$0.38", "2012-10-31": "$0.45", "2012-07-31": "$0.43", "2012-04-30": "$0.44", "2012-01-31": "$0.40", "2011-10-31": "$0.40", "2011-07-31": "$0.55", "2011-04-30": "$0.50", "2011-01-31": "$0.30", "2010-10-31": "$0.40", "2010-07-31": "$0.34", "2010-04-30": "$0.29", "2010-01-31": "$0.37", "2009-10-31": "$0.40", "2009-07-31": "$0.25", "2009-04-30": "$0.21", "2009-01-31": "$0.21", "2008-10-31": "$0.28", "2008-07-31": "$0.40", "2008-04-30": "$0.43", "2008-01-31": "$0.46", "2007-10-31": "$0.46", "2007-07-31": "$0.41", "2007-04-30": "$0.17", "2007-01-31": "$0.02", "2006-10-31": "$0.30", "2006-07-31": "$0.31", "2006-04-30": "$0.29", "2006-01-31": "$0.28", "2005-10-31": "$0.27", "2005-07-31": "$0.26", "2005-04-30": "$0.23", "2005-01-31": "$0.23"}}, "shares-outstanding": {"Eaton Vance Annual Shares Outstanding (Millions of Shares)": {"2020": "116", "2019": "114", "2018": "123", "2017": "116", "2016": "114", "2015": "118", "2014": "122", "2013": "122", "2012": "115", "2011": "120", "2010": "123", "2009": "121", "2008": "124", "2007": "135", "2006": "137", "2005": "141"}, "Eaton Vance Quarterly Shares Outstanding (Millions of Shares)": {"2020-10-31": "116", "2020-07-31": "112", "2020-04-30": "112", "2020-01-31": "115", "2019-10-31": "114", "2019-07-31": "113", "2019-04-30": "114", "2019-01-31": "116", "2018-10-31": "123", "2018-07-31": "123", "2018-04-30": "124", "2018-01-31": "124", "2017-10-31": "116", "2017-07-31": "117", "2017-04-30": "116", "2017-01-31": "115", "2016-10-31": "114", "2016-07-31": "114", "2016-04-30": "114", "2016-01-31": "115", "2015-10-31": "118", "2015-07-31": "118", "2015-04-30": "120", "2015-01-31": "120", "2014-10-31": "122", "2014-07-31": "121", "2014-04-30": "123", "2014-01-31": "124", "2013-10-31": "122", "2013-07-31": "124", "2013-04-30": "123", "2013-01-31": "119", "2012-10-31": "115", "2012-07-31": "115", "2012-04-30": "116", "2012-01-31": "115", "2011-10-31": "120", "2011-07-31": "121", "2011-04-30": "122", "2011-01-31": "122", "2010-10-31": "123", "2010-07-31": "123", "2010-04-30": "124", "2010-01-31": "123", "2009-10-31": "121", "2009-07-31": "122", "2009-04-30": "119", "2009-01-31": "119", "2008-10-31": "124", "2008-07-31": "125", "2008-04-30": "123", "2008-01-31": "127", "2007-10-31": "135", "2007-07-31": "136", "2007-04-30": "135", "2007-01-31": "134", "2006-10-31": "137", "2006-07-31": "137", "2006-04-30": "139", "2006-01-31": "139", "2005-10-31": "141", "2005-07-31": "140", "2005-04-30": "141", "2005-01-31": "144"}}, "total-assets": {"Eaton Vance Annual Total Assets (Millions of US $)": {"2020": "$4,949", "2019": "$4,254", "2018": "$3,599", "2017": "$2,331", "2016": "$1,730", "2015": "$2,116", "2014": "$1,860", "2013": "$2,407", "2012": "$1,979", "2011": "$1,831", "2010": "$1,259", "2009": "$1,075", "2008": "$968", "2007": "$967", "2006": "$668", "2005": "$703"}, "Eaton Vance Quarterly Total Assets (Millions of US $)": {"2020-10-31": "$4,949", "2020-07-31": "$4,182", "2020-04-30": "$3,847", "2020-01-31": "$4,048", "2019-10-31": "$4,254", "2019-07-31": "$4,219", "2019-04-30": "$3,633", "2019-01-31": "$3,336", "2018-10-31": "$3,599", "2018-07-31": "$3,086", "2018-04-30": "$2,498", "2018-01-31": "$2,397", "2017-10-31": "$2,331", "2017-07-31": "$2,074", "2017-04-30": "$2,167", "2017-01-31": "$1,759", "2016-10-31": "$1,730", "2016-07-31": "$1,999", "2016-04-30": "$1,921", "2016-01-31": "$1,893", "2015-10-31": "$2,116", "2015-07-31": "$1,626", "2015-04-30": "$1,773", "2015-01-31": "$1,691", "2014-10-31": "$1,860", "2014-07-31": "$1,836", "2014-04-30": "$2,281", "2014-01-31": "$2,293", "2013-10-31": "$2,407", "2013-07-31": "$1,910", "2013-04-30": "$1,887", "2013-01-31": "$1,804", "2012-10-31": "$1,979", "2012-07-31": "$1,924", "2012-04-30": "$1,916", "2012-01-31": "$1,835", "2011-10-31": "$1,831", "2011-07-31": "$1,835", "2011-04-30": "$1,806", "2011-01-31": "$1,780", "2010-10-31": "$1,259", "2010-07-31": "$1,177", "2010-04-30": "$1,130", "2010-01-31": "$1,110", "2009-10-31": "$1,075", "2009-07-31": "$1,025", "2009-04-30": "$966", "2009-01-31": "$965", "2008-10-31": "$968", "2008-07-31": "$922", "2008-04-30": "$845", "2008-01-31": "$831", "2007-10-31": "$967", "2007-07-31": "$613", "2007-04-30": "$621", "2007-01-31": "$604", "2006-10-31": "$668", "2006-07-31": "$722", "2006-04-30": "$694", "2006-01-31": "$680", "2005-10-31": "$703", "2005-07-31": "$673", "2005-04-30": "$651", "2005-01-31": "$710"}}, "cash-on-hand": {"Eaton Vance Annual Cash on Hand (Millions of US $)": {"2020": "$3,739", "2019": "$3,371", "2018": "$2,770", "2017": "$1,540", "2016": "$1,014", "2015": "$1,440", "2014": "$1,166", "2013": "$1,721", "2012": "$1,416", "2011": "$1,278", "2010": "$642", "2009": "$361", "2008": "$367", "2007": "$485", "2006": "$227", "2005": "$274"}, "Eaton Vance Quarterly Cash on Hand (Millions of US $)": {"2020-10-31": "$3,739", "2020-07-31": "$3,073", "2020-04-30": "$2,728", "2020-01-31": "$2,951", "2019-10-31": "$3,371", "2019-07-31": "$3,366", "2019-04-30": "$2,799", "2019-01-31": "$2,552", "2018-10-31": "$2,770", "2018-07-31": "$2,312", "2018-04-30": "$1,738", "2018-01-31": "$1,640", "2017-10-31": "$1,540", "2017-07-31": "$1,300", "2017-04-30": "$1,414", "2017-01-31": "$1,025", "2016-10-31": "$1,014", "2016-07-31": "$1,340", "2016-04-30": "$1,285", "2016-01-31": "$1,264", "2015-10-31": "$1,440", "2015-07-31": "$958", "2015-04-30": "$1,092", "2015-01-31": "$1,014", "2014-10-31": "$1,166", "2014-07-31": "$1,192", "2014-04-30": "$1,629", "2014-01-31": "$1,641", "2013-10-31": "$1,721", "2013-07-31": "$1,229", "2013-04-30": "$1,243", "2013-01-31": "$1,130", "2012-10-31": "$1,416", "2012-07-31": "$1,378", "2012-04-30": "$1,324", "2012-01-31": "$1,299", "2011-10-31": "$1,278", "2011-07-31": "$1,284", "2011-04-30": "$1,264", "2011-01-31": "$1,248", "2010-10-31": "$642", "2010-07-31": "$385", "2010-04-30": "$324", "2010-01-31": "$399", "2009-10-31": "$361", "2009-07-31": "$333", "2009-04-30": "$309", "2009-01-31": "$318", "2008-10-31": "$367", "2008-07-31": "$381", "2008-04-30": "$351", "2008-01-31": "$346", "2007-10-31": "$485", "2007-07-31": "$136", "2007-04-30": "$155", "2007-01-31": "$151", "2006-10-31": "$227", "2006-07-31": "$296", "2006-04-30": "$286", "2006-01-31": "$252", "2005-10-31": "$274", "2005-07-31": "$252", "2005-04-30": "$285", "2005-01-31": "$327"}}, "long-term-debt": {"Eaton Vance Annual Long Term Debt (Millions of US $)": {"2020": "$44", "2019": "$", "2018": "$873", "2017": "$631", "2016": "$572", "2015": "$1,042", "2014": "$726", "2013": "$1,225", "2012": "$947", "2011": "$983", "2010": "$500", "2009": "$500", "2008": "$500", "2007": "$500", "2006": "$", "2005": "$75"}, "Eaton Vance Quarterly Long Term Debt (Millions of US $)": {"2020-10-31": "$44", "2020-07-31": "", "2020-04-30": "$1,749", "2020-01-31": "$1,870", "2019-10-31": "", "2019-07-31": "$2,241", "2019-04-30": "$1,629", "2019-01-31": "$1,529", "2018-10-31": "$873", "2018-07-31": "$1,262", "2018-04-30": "$728", "2018-01-31": "$656", "2017-10-31": "$631", "2017-07-31": "$619", "2017-04-30": "$868", "2017-01-31": "$572", "2016-10-31": "$572", "2016-07-31": "$984", "2016-04-30": "$966", "2016-01-31": "$987", "2015-10-31": "$1,042", "2015-07-31": "$578", "2015-04-30": "$700", "2015-01-31": "$714", "2014-10-31": "$726", "2014-07-31": "$757", "2014-04-30": "$1,203", "2014-01-31": "$574", "2013-10-31": "$1,225", "2013-07-31": "$573", "2013-04-30": "$500", "2013-01-31": "$500", "2012-10-31": "$947", "2012-07-31": "$500", "2012-04-30": "$500", "2012-01-31": "$500", "2011-10-31": "$983", "2011-07-31": "$998", "2011-04-30": "$990", "2011-01-31": "$957", "2010-10-31": "$500", "2010-07-31": "$500", "2010-04-30": "$500", "2010-01-31": "$500", "2009-10-31": "$500", "2009-07-31": "$500", "2009-04-30": "$500", "2009-01-31": "$500", "2008-10-31": "$500", "2008-07-31": "$500", "2008-04-30": "$500", "2008-01-31": "$500", "2007-10-31": "$500", "2007-07-31": "", "2007-04-30": "", "2007-01-31": "", "2006-10-31": "", "2006-07-31": "", "2006-04-30": "$76", "2006-01-31": "$76", "2005-10-31": "$75", "2005-07-31": "$75", "2005-04-30": "$75", "2005-01-31": "$75"}}, "total-liabilities": {"Eaton Vance Annual Total Liabilities (Millions of US $)": {"2020": "$3,626", "2019": "$3,070", "2018": "$2,491", "2017": "$1,319", "2016": "$1,026", "2015": "$1,495", "2014": "$1,203", "2013": "$1,736", "2012": "$1,366", "2011": "$1,370", "2010": "$848", "2009": "$768", "2008": "$728", "2007": "$738", "2006": "$172", "2005": "$226"}, "Eaton Vance Quarterly Total Liabilities (Millions of US $)": {"2020-10-31": "$3,626", "2020-07-31": "$2,907", "2020-04-30": "$2,570", "2020-01-31": "$2,803", "2019-10-31": "$3,070", "2019-07-31": "$3,089", "2019-04-30": "$2,543", "2019-01-31": "$2,267", "2018-10-31": "$2,491", "2018-07-31": "$1,980", "2018-04-30": "$1,405", "2018-01-31": "$1,297", "2017-10-31": "$1,319", "2017-07-31": "$1,172", "2017-04-30": "$1,379", "2017-01-31": "$1,015", "2016-10-31": "$1,026", "2016-07-31": "$1,376", "2016-04-30": "$1,305", "2016-01-31": "$1,301", "2015-10-31": "$1,495", "2015-07-31": "$1,006", "2015-04-30": "$1,136", "2015-01-31": "$1,083", "2014-10-31": "$1,203", "2014-07-31": "$1,167", "2014-04-30": "$1,597", "2014-01-31": "$1,587", "2013-10-31": "$1,736", "2013-07-31": "$1,256", "2013-04-30": "$1,234", "2013-01-31": "$1,226", "2012-10-31": "$1,366", "2012-07-31": "$1,371", "2012-04-30": "$1,400", "2012-01-31": "$1,357", "2011-10-31": "$1,370", "2011-07-31": "$1,346", "2011-04-30": "$1,329", "2011-01-31": "$1,316", "2010-10-31": "$848", "2010-07-31": "$792", "2010-04-30": "$765", "2010-01-31": "$767", "2009-10-31": "$768", "2009-07-31": "$706", "2009-04-30": "$678", "2009-01-31": "$700", "2008-10-31": "$728", "2008-07-31": "$695", "2008-04-30": "$661", "2008-01-31": "$689", "2007-10-31": "$738", "2007-07-31": "$203", "2007-04-30": "$150", "2007-01-31": "$118", "2006-10-31": "$172", "2006-07-31": "$224", "2006-04-30": "$205", "2006-01-31": "$186", "2005-10-31": "$226", "2005-07-31": "$222", "2005-04-30": "$205", "2005-01-31": "$250"}}, "total-share-holder-equity": {"Eaton Vance Annual Share Holder Equity (Millions of US $)": {"2020": "$1,324", "2019": "$1,184", "2018": "$1,108", "2017": "$1,012", "2016": "$705", "2015": "$622", "2014": "$657", "2013": "$672", "2012": "$614", "2011": "$461", "2010": "$411", "2009": "$307", "2008": "$240", "2007": "$229", "2006": "$496", "2005": "$476"}, "Eaton Vance Quarterly Share Holder Equity (Millions of US $)": {"2020-10-31": "$1,324", "2020-07-31": "$1,275", "2020-04-30": "$1,277", "2020-01-31": "$1,245", "2019-10-31": "$1,184", "2019-07-31": "$1,129", "2019-04-30": "$1,090", "2019-01-31": "$1,069", "2018-10-31": "$1,108", "2018-07-31": "$1,106", "2018-04-30": "$1,093", "2018-01-31": "$1,100", "2017-10-31": "$1,012", "2017-07-31": "$902", "2017-04-30": "$788", "2017-01-31": "$744", "2016-10-31": "$705", "2016-07-31": "$624", "2016-04-30": "$616", "2016-01-31": "$592", "2015-10-31": "$622", "2015-07-31": "$620", "2015-04-30": "$636", "2015-01-31": "$607", "2014-10-31": "$657", "2014-07-31": "$669", "2014-04-30": "$684", "2014-01-31": "$706", "2013-10-31": "$672", "2013-07-31": "$654", "2013-04-30": "$653", "2013-01-31": "$577", "2012-10-31": "$614", "2012-07-31": "$553", "2012-04-30": "$516", "2012-01-31": "$477", "2011-10-31": "$461", "2011-07-31": "$490", "2011-04-30": "$477", "2011-01-31": "$464", "2010-10-31": "$411", "2010-07-31": "$384", "2010-04-30": "$365", "2010-01-31": "$342", "2009-10-31": "$307", "2009-07-31": "$319", "2009-04-30": "$289", "2009-01-31": "$266", "2008-10-31": "$240", "2008-07-31": "$227", "2008-04-30": "$184", "2008-01-31": "$143", "2007-10-31": "$229", "2007-07-31": "$410", "2007-04-30": "$471", "2007-01-31": "$486", "2006-10-31": "$496", "2006-07-31": "$497", "2006-04-30": "$489", "2006-01-31": "$494", "2005-10-31": "$476", "2005-07-31": "$451", "2005-04-30": "$446", "2005-01-31": "$459"}}, "profit-margins": {"current": "8.01%"}, "gross margin": {"2020-10-31": "100.00%", "2020-07-31": "100.00%", "2020-04-30": "100.00%", "2020-01-31": "100.00%", "2019-10-31": "100.00%", "2019-07-31": "100.00%", "2019-04-30": "100.00%", "2019-01-31": "100.00%", "2018-10-31": "100.00%", "2018-07-31": "100.00%", "2018-04-30": "100.00%", "2018-01-31": "100.00%", "2017-10-31": "100.00%", "2017-07-31": "100.00%", "2017-04-30": "100.00%", "2017-01-31": "100.00%", "2016-10-31": "100.00%", "2016-07-31": "100.00%", "2016-04-30": "100.00%", "2016-01-31": "100.00%", "2015-10-31": "100.00%", "2015-07-31": "100.00%", "2015-04-30": "100.00%", "2015-01-31": "100.00%", "2014-10-31": "100.00%", "2014-07-31": "100.00%", "2014-04-30": "100.00%", "2014-01-31": "100.00%", "2013-10-31": "100.00%", "2013-07-31": "100.00%", "2013-04-30": "100.00%", "2013-01-31": "100.00%", "2012-10-31": "100.00%", "2012-07-31": "100.00%", "2012-04-30": "100.00%", "2012-01-31": "100.00%", "2011-10-31": "100.00%", "2011-07-31": "100.00%", "2011-04-30": "100.00%", "2011-01-31": "100.00%", "2010-10-31": "100.00%", "2010-07-31": "100.00%", "2010-04-30": "100.00%", "2010-01-31": "100.00%", "2009-10-31": "100.00%", "2009-07-31": "100.00%", "2009-04-30": "100.00%", "2009-01-31": "100.00%", "2008-10-31": "100.00%", "2008-07-31": "100.00%", "2008-04-30": "100.00%", "2008-01-31": "100.00%", "2007-10-31": "100.00%", "2007-07-31": "100.00%", "2007-04-30": "100.00%", "2007-01-31": "100.00%", "2006-10-31": "100.00%", "2006-07-31": "100.00%", "2006-04-30": "100.00%", "2006-01-31": "100.00%", "2005-10-31": "100.00%"}, "operating margin": {"2020-10-31": "21.61%", "2020-07-31": "30.51%", "2020-04-30": "30.68%", "2020-01-31": "30.87%", "2019-10-31": "30.90%", "2019-07-31": "31.49%", "2019-04-30": "31.82%", "2019-01-31": "32.16%", "2018-10-31": "32.78%", "2018-07-31": "32.85%", "2018-04-30": "32.27%", "2018-01-31": "32.10%", "2017-10-31": "31.44%", "2017-07-31": "30.93%", "2017-04-30": "31.10%", "2017-01-31": "30.67%", "2016-10-31": "30.90%", "2016-07-31": "31.04%", "2016-04-30": "31.43%", "2016-01-31": "32.66%", "2015-10-31": "28.56%", "2015-07-31": "29.98%", "2015-04-30": "30.70%", "2015-01-31": "30.87%", "2014-10-31": "35.79%", "2014-07-31": "35.09%", "2014-04-30": "34.69%", "2014-01-31": "34.02%", "2013-10-31": "33.36%", "2013-07-31": "33.10%", "2013-04-30": "32.54%", "2013-01-31": "32.52%", "2012-10-31": "32.48%", "2012-07-31": "32.75%", "2012-04-30": "33.63%", "2012-01-31": "33.98%", "2011-10-31": "34.11%", "2011-07-31": "33.68%", "2011-04-30": "32.19%", "2011-01-31": "31.14%", "2010-10-31": "31.09%", "2010-07-31": "30.22%", "2010-04-30": "29.60%", "2010-01-31": "28.15%", "2009-10-31": "26.21%", "2009-07-31": "26.21%", "2009-04-30": "28.19%", "2009-01-31": "31.13%", "2008-10-31": "33.12%", "2008-07-31": "34.47%", "2008-04-30": "34.09%", "2008-01-31": "29.18%", "2007-10-31": "21.49%", "2007-07-31": "19.57%", "2007-04-30": "18.80%", "2007-01-31": "22.58%", "2006-10-31": "30.71%", "2006-07-31": "30.58%", "2006-04-30": "30.69%", "2006-01-31": "31.07%", "2005-10-31": "31.03%"}, "ebitda margin": {"2020-10-31": "24.44%", "2020-07-31": "33.96%", "2020-04-30": "33.82%", "2020-01-31": "33.70%", "2019-10-31": "33.69%", "2019-07-31": "34.23%", "2019-04-30": "34.56%", "2019-01-31": "34.90%", "2018-10-31": "35.32%", "2018-07-31": "35.31%", "2018-04-30": "34.60%", "2018-01-31": "34.42%", "2017-10-31": "33.86%", "2017-07-31": "33.38%", "2017-04-30": "33.64%", "2017-01-31": "33.24%", "2016-10-31": "33.51%", "2016-07-31": "33.66%", "2016-04-30": "34.10%", "2016-01-31": "35.26%", "2015-10-31": "31.13%", "2015-07-31": "32.56%", "2015-04-30": "33.26%", "2015-01-31": "33.49%", "2014-10-31": "38.55%", "2014-07-31": "37.94%", "2014-04-30": "37.86%", "2014-01-31": "37.31%", "2013-10-31": "36.67%", "2013-07-31": "36.61%", "2013-04-30": "36.03%", "2013-01-31": "36.17%", "2012-10-31": "36.36%", "2012-07-31": "36.84%", "2012-04-30": "37.96%", "2012-01-31": "38.59%", "2011-10-31": "39.07%", "2011-07-31": "38.88%", "2011-04-30": "37.63%", "2011-01-31": "36.69%", "2010-10-31": "36.56%", "2010-07-31": "35.45%", "2010-04-30": "34.96%", "2010-01-31": "34.14%", "2009-10-31": "32.62%", "2009-07-31": "32.99%", "2009-04-30": "34.68%", "2009-01-31": "37.14%", "2008-10-31": "38.96%", "2008-07-31": "40.61%", "2008-04-30": "40.30%", "2008-01-31": "35.28%", "2007-10-31": "27.95%", "2007-07-31": "26.16%", "2007-04-30": "25.55%", "2007-01-31": "30.59%", "2006-10-31": "38.70%", "2006-07-31": "38.49%", "2006-04-30": "39.36%", "2006-01-31": "39.54%", "2005-10-31": "40.32%"}, "pre tax profit margin": {"2020-10-31": "19.35%", "2020-07-31": "29.58%", "2020-04-30": "28.19%", "2020-01-31": "33.76%", "2019-10-31": "33.21%", "2019-07-31": "32.62%", "2019-04-30": "32.60%", "2019-01-31": "31.39%", "2018-10-31": "32.07%", "2018-07-31": "32.26%", "2018-04-30": "31.30%", "2018-01-31": "31.54%", "2017-10-31": "30.59%", "2017-07-31": "29.78%", "2017-04-30": "30.04%", "2017-01-31": "30.01%", "2016-10-31": "30.45%", "2016-07-31": "29.99%", "2016-04-30": "30.10%", "2016-01-31": "30.49%", "2015-10-31": "26.28%", "2015-07-31": "28.02%", "2015-04-30": "28.97%", "2015-01-31": "29.00%", "2014-10-31": "33.86%", "2014-07-31": "32.87%", "2014-04-30": "27.80%", "2014-01-31": "27.38%", "2013-10-31": "26.51%", "2013-07-31": "27.38%", "2013-04-30": "32.38%", "2013-01-31": "32.44%", "2012-10-31": "33.39%", "2012-07-31": "31.50%", "2012-04-30": "32.00%", "2012-01-31": "31.39%", "2011-10-31": "30.58%", "2011-07-31": "31.68%", "2011-04-30": "29.77%", "2011-01-31": "29.23%", "2010-10-31": "29.21%", "2010-07-31": "27.99%", "2010-04-30": "27.46%", "2010-01-31": "25.74%", "2009-10-31": "23.28%", "2009-07-31": "21.24%", "2009-04-30": "23.30%", "2009-01-31": "26.80%", "2008-10-31": "29.47%", "2008-07-31": "32.72%", "2008-04-30": "33.22%", "2008-01-31": "29.00%", "2007-10-31": "21.96%", "2007-07-31": "19.57%", "2007-04-30": "18.59%", "2007-01-31": "22.47%", "2006-10-31": "30.36%", "2006-07-31": "31.29%", "2006-04-30": "31.44%", "2006-01-31": "31.19%", "2005-10-31": "31.03%"}, "net profit margin": {"2020-10-31": "7.97%", "2020-07-31": "16.51%", "2020-04-30": "22.45%", "2020-01-31": "24.10%", "2019-10-31": "23.77%", "2019-07-31": "23.57%", "2019-04-30": "23.60%", "2019-01-31": "23.29%", "2018-10-31": "22.56%", "2018-07-31": "21.48%", "2018-04-30": "19.80%", "2018-01-31": "18.71%", "2017-10-31": "18.40%", "2017-07-31": "18.01%", "2017-04-30": "18.41%", "2017-01-31": "17.86%", "2016-10-31": "17.94%", "2016-07-31": "17.95%", "2016-04-30": "18.12%", "2016-01-31": "18.83%", "2015-10-31": "16.38%", "2015-07-31": "16.77%", "2015-04-30": "17.33%", "2015-01-31": "17.51%", "2014-10-31": "20.41%", "2014-07-31": "19.39%", "2014-04-30": "15.69%", "2014-01-31": "15.15%", "2013-10-31": "13.70%", "2013-07-31": "13.81%", "2013-04-30": "16.51%", "2013-01-31": "15.98%", "2012-10-31": "16.36%", "2012-07-31": "15.96%", "2012-04-30": "17.06%", "2012-01-31": "17.72%", "2011-10-31": "16.89%", "2011-07-31": "17.12%", "2011-04-30": "15.80%", "2011-01-31": "14.22%", "2010-10-31": "15.41%", "2010-07-31": "16.04%", "2010-04-30": "15.68%", "2010-01-31": "15.86%", "2009-10-31": "14.62%", "2009-07-31": "13.22%", "2009-04-30": "14.47%", "2009-01-31": "16.06%", "2008-10-31": "17.88%", "2008-07-31": "19.47%", "2008-04-30": "19.93%", "2008-01-31": "17.51%", "2007-10-31": "13.19%", "2007-07-31": "11.90%", "2007-04-30": "11.30%", "2007-01-31": "13.79%", "2006-10-31": "18.54%", "2006-07-31": "19.06%", "2006-04-30": "18.94%", "2006-01-31": "18.74%", "2005-10-31": "18.57%"}, "pe ratio": {"current": "21.04", "2021-02-05": "57.02", "2020-10-31": "45.01", "2020-07-31": "13.36", "2020-04-30": "9.85", "2020-01-31": "11.36", "2019-10-31": "11.75", "2019-07-31": "11.67", "2019-04-30": "11.05", "2019-01-31": "10.50", "2018-10-31": "12.63", "2018-07-31": "15.69", "2018-04-30": "17.46", "2018-01-31": "19.62", "2017-10-31": "17.75", "2017-07-31": "18.05", "2017-04-30": "15.90", "2017-01-31": "16.45", "2016-10-31": "13.86", "2016-07-31": "15.11", "2016-04-30": "13.57", "2016-01-31": "10.67", "2015-10-31": "15.12", "2015-07-31": "14.94", "2015-04-30": "15.44", "2015-01-31": "14.97", "2014-10-31": "11.83", "2014-07-31": "12.26", "2014-04-30": "15.67", "2014-01-31": "17.32", "2013-10-31": "21.16", "2013-07-31": "20.38", "2013-04-30": "17.05", "2013-01-31": "15.94", "2012-10-31": "11.79", "2012-07-31": "11.37", "2012-04-30": "10.50", "2012-01-31": "9.85", "2011-10-31": "10.58", "2011-07-31": "10.66", "2011-04-30": "15.14", "2011-01-31": "15.63", "2010-10-31": "14.02", "2010-07-31": "14.72", "2010-04-30": "18.28", "2010-01-31": "15.71", "2009-10-31": "17.68", "2009-07-31": "19.74", "2009-04-30": "16.40", "2009-01-31": "9.59", "2008-10-31": "9.20", "2008-07-31": "13.75", "2008-04-30": "13.42", "2008-01-31": "15.94", "2007-10-31": "30.09", "2007-07-31": "30.17", "2007-04-30": "30.94", "2007-01-31": "24.03", "2006-10-31": "16.72"}, "price sales": {"2021-02-05": "4.64", "2020-10-31": "3.66", "2020-07-31": "2.21", "2020-04-30": "2.22", "2020-01-31": "2.75", "2019-10-31": "2.79", "2019-07-31": "2.76", "2019-04-30": "2.61", "2019-01-31": "2.45", "2018-10-31": "2.86", "2018-07-31": "3.35", "2018-04-30": "3.44", "2018-01-31": "3.66", "2017-10-31": "3.25", "2017-07-31": "3.26", "2017-04-30": "2.92", "2017-01-31": "2.92", "2016-10-31": "2.47", "2016-07-31": "2.68", "2016-04-30": "2.43", "2016-01-31": "1.98", "2015-10-31": "2.46", "2015-07-31": "2.57", "2015-04-30": "2.72", "2015-01-31": "2.66", "2014-10-31": "2.44", "2014-07-31": "2.33", "2014-04-30": "2.42", "2014-01-31": "2.58", "2013-10-31": "2.88", "2013-07-31": "2.83", "2013-04-30": "2.83", "2013-01-31": "2.57", "2012-10-31": "1.94", "2012-07-31": "1.86", "2012-04-30": "1.81", "2012-01-31": "1.76", "2011-10-31": "1.80", "2011-07-31": "1.83", "2011-04-30": "2.40", "2011-01-31": "2.23", "2010-10-31": "2.18", "2010-07-31": "2.34", "2010-04-30": "2.85", "2010-01-31": "2.48", "2009-10-31": "2.58", "2009-07-31": "2.62", "2009-04-30": "2.37", "2009-01-31": "1.53", "2008-10-31": "1.65", "2008-07-31": "2.71", "2008-04-30": "2.70", "2008-01-31": "2.83", "2007-10-31": "4.01", "2007-07-31": "3.58", "2007-04-30": "3.50", "2007-01-31": "3.32", "2006-10-31": "3.13"}, "price book": {"current": "6.10", "2021-02-05": "6.12", "2020-10-31": "4.83", "2020-07-31": "3.01", "2020-04-30": "3.02", "2020-01-31": "3.83", "2019-10-31": "3.94", "2019-07-31": "4.00", "2019-04-30": "3.88", "2019-01-31": "3.67", "2018-10-31": "4.15", "2018-07-31": "4.92", "2018-04-30": "5.12", "2018-01-31": "5.42", "2017-10-31": "5.03", "2017-07-31": "5.37", "2017-04-30": "5.28", "2017-01-31": "5.43", "2016-10-31": "4.71", "2016-07-31": "5.65", "2016-04-30": "5.22", "2016-01-31": "4.52", "2015-10-31": "5.41", "2015-07-31": "5.76", "2015-04-30": "6.04", "2015-01-31": "6.19", "2014-10-31": "5.19", "2014-07-31": "4.85", "2014-04-30": "4.92", "2014-01-31": "5.09", "2013-10-31": "5.79", "2013-07-31": "5.71", "2013-04-30": "5.61", "2013-01-31": "5.69", "2012-10-31": "3.87", "2012-07-31": "3.98", "2012-04-30": "4.21", "2012-01-31": "4.42", "2011-10-31": "4.64", "2011-07-31": "4.50", "2011-04-30": "5.83", "2011-01-31": "5.38", "2010-10-31": "5.69", "2010-07-31": "6.29", "2010-04-30": "7.77", "2010-01-31": "6.74", "2009-10-31": "7.31", "2009-07-31": "7.05", "2009-04-30": "7.39", "2009-01-31": "5.57", "2008-10-31": "6.96", "2008-07-31": "12.34", "2008-04-30": "14.92", "2008-01-31": "19.48", "2007-10-31": "16.60", "2007-07-31": "8.09", "2007-04-30": "6.52", "2007-01-31": "5.69", "2006-10-31": "4.98", "2006-07-31": "4.00", "2006-04-30": "4.69", "2006-01-31": "4.74"}, "price fcf": {"2021-02-05": "", "2020-10-31": "$2.62", "2020-07-31": "$3.23", "2020-04-30": "$5.89", "2020-01-31": "$4.04", "2019-10-31": "$4.17", "2019-07-31": "$4.02", "2019-04-30": "$4.48", "2019-01-31": "$3.50", "2018-10-31": "$2.77", "2018-07-31": "$1.78", "2018-04-30": "$0.61", "2018-01-31": "$0.53", "2017-10-31": "$0.71", "2017-07-31": "$1.34", "2017-04-30": "$1.56", "2017-01-31": "$1.87", "2016-10-31": "$2.92", "2016-07-31": "$2.85", "2016-04-30": "$3.13", "2016-01-31": "$3.07", "2015-10-31": "$1.76", "2015-07-31": "$2.10", "2015-04-30": "$2.17", "2015-01-31": "$1.57", "2014-10-31": "$0.75", "2014-07-31": "$0.85", "2014-04-30": "$0.04", "2014-01-31": "$0.13", "2013-10-31": "$0.90", "2013-07-31": "$0.24", "2013-04-30": "$0.68", "2013-01-31": "$0.99", "2012-10-31": "$1.52", "2012-07-31": "$1.63", "2012-04-30": "$1.36", "2012-01-31": "$0.81", "2011-10-31": "$1.35", "2011-07-31": "$0.15", "2011-04-30": "$0.41", "2011-01-31": "$0.70", "2010-10-31": "$0.68", "2010-07-31": "$1.91", "2010-04-30": "$1.59", "2010-01-31": "$1.43", "2009-10-31": "$0.98", "2009-07-31": "$0.73", "2009-04-30": "$0.80", "2009-01-31": "$1.01", "2008-10-31": "$1.02", "2008-07-31": "$1.59", "2008-04-30": "$1.93", "2008-01-31": "$2.17", "2007-10-31": "$1.88", "2007-07-31": "$2.42", "2007-04-30": "$2.02", "2007-01-31": "$1.39", "2006-10-31": "$1.83"}, "net worth": {"value": "$8.07B"}, "current ratio": {"current": "2.88", "2020-10-31": "2.88", "2020-07-31": "3.61", "2020-04-30": "5.28", "2020-01-31": "5.98", "2019-10-31": "3.44", "2019-07-31": "11.85", "2019-04-30": "11.82", "2019-01-31": "13.48", "2018-10-31": "2.62", "2018-07-31": "8.35", "2018-04-30": "8.05", "2018-01-31": "9.40", "2017-10-31": "5.44", "2017-07-31": "5.74", "2017-04-30": "7.92", "2017-01-31": "7.13", "2016-10-31": "4.45", "2016-07-31": "6.74", "2016-04-30": "7.92", "2016-01-31": "8.95", "2015-10-31": "5.87", "2015-07-31": "4.93", "2015-04-30": "6.78", "2015-01-31": "7.14", "2014-10-31": "4.91", "2014-07-31": "5.74", "2014-04-30": "9.47", "2014-01-31": "10.19", "2013-10-31": "7.43", "2013-07-31": "6.43", "2013-04-30": "8.16", "2013-01-31": "10.20", "2012-10-31": "6.80", "2012-07-31": "7.97", "2012-04-30": "9.65", "2012-01-31": "10.76", "2011-10-31": "6.70", "2011-07-31": "7.14", "2011-04-30": "9.04", "2011-01-31": "8.87", "2010-10-31": "3.72", "2010-07-31": "2.52", "2010-04-30": "2.93", "2010-01-31": "2.87", "2009-10-31": "2.59", "2009-07-31": "2.69", "2009-04-30": "3.42", "2009-01-31": "2.97", "2008-10-31": "2.53", "2008-07-31": "2.69", "2008-04-30": "3.09", "2008-01-31": "2.59", "2007-10-31": "2.85", "2007-07-31": "1.46", "2007-04-30": "2.31", "2007-01-31": "3.02", "2006-10-31": "2.36", "2006-07-31": "2.07", "2006-04-30": "4.18", "2006-01-31": "5.02", "2005-10-31": "3.17", "2005-07-31": "3.66", "2005-04-30": "4.24", "2005-01-31": "4.49"}, "quick ratio": {"2020-10-31": "0.00", "2020-07-31": "0.00", "2020-04-30": "0.00", "2020-01-31": "0.00", "2019-10-31": "0.00", "2019-07-31": "0.00", "2019-04-30": "0.00", "2019-01-31": "0.00", "2018-10-31": "0.00", "2018-07-31": "0.00", "2018-04-30": "0.00", "2018-01-31": "0.00", "2017-10-31": "0.00", "2017-07-31": "0.00", "2017-04-30": "0.00", "2017-01-31": "0.00", "2016-10-31": "0.00", "2016-07-31": "0.00", "2016-04-30": "0.00", "2016-01-31": "0.00", "2015-10-31": "0.00", "2015-07-31": "0.00", "2015-04-30": "0.00", "2015-01-31": "0.00", "2014-10-31": "0.00", "2014-07-31": "0.00", "2014-04-30": "0.00", "2014-01-31": "0.00", "2013-10-31": "0.00", "2013-07-31": "0.00", "2013-04-30": "0.00", "2013-01-31": "0.00", "2012-10-31": "0.00", "2012-07-31": "0.00", "2012-04-30": "0.00", "2012-01-31": "0.00", "2011-10-31": "0.00", "2011-07-31": "0.00", "2011-04-30": "0.00", "2011-01-31": "0.00", "2010-10-31": "0.00", "2010-07-31": "0.00", "2010-04-30": "0.00", "2010-01-31": "0.00", "2009-10-31": "0.00", "2009-07-31": "0.00", "2009-04-30": "0.00", "2009-01-31": "0.00", "2008-10-31": "0.00", "2008-07-31": "0.00", "2008-04-30": "0.00", "2008-01-31": "0.00", "2007-10-31": "0.00", "2007-07-31": "0.00", "2007-04-30": "0.00", "2007-01-31": "0.00", "2006-10-31": "0.00", "2006-07-31": "0.00", "2006-04-30": "0.00", "2006-01-31": "0.00", "2005-10-31": "0.00", "2005-07-31": "0.00", "2005-04-30": "0.00", "2005-01-31": "0.00"}, "debt equity ratio": {"current": "0.03", "2020-10-31": "2.74", "2020-07-31": "2.28", "2020-04-30": "2.01", "2020-01-31": "2.25", "2019-10-31": "2.59", "2019-07-31": "2.74", "2019-04-30": "2.33", "2019-01-31": "2.12", "2018-10-31": "2.25", "2018-07-31": "1.79", "2018-04-30": "1.29", "2018-01-31": "1.18", "2017-10-31": "1.30", "2017-07-31": "1.30", "2017-04-30": "1.75", "2017-01-31": "1.36", "2016-10-31": "1.46", "2016-07-31": "2.21", "2016-04-30": "2.12", "2016-01-31": "2.20", "2015-10-31": "2.40", "2015-07-31": "1.62", "2015-04-30": "1.79", "2015-01-31": "1.78", "2014-10-31": "1.83", "2014-07-31": "1.74", "2014-04-30": "2.33", "2014-01-31": "2.25", "2013-10-31": "2.59", "2013-07-31": "1.92", "2013-04-30": "1.89", "2013-01-31": "2.12", "2012-10-31": "2.23", "2012-07-31": "2.48", "2012-04-30": "2.71", "2012-01-31": "2.84", "2011-10-31": "2.97", "2011-07-31": "2.75", "2011-04-30": "2.79", "2011-01-31": "2.84", "2010-10-31": "2.06", "2010-07-31": "2.06", "2010-04-30": "2.09", "2010-01-31": "2.24", "2009-10-31": "2.50", "2009-07-31": "2.21", "2009-04-30": "2.35", "2009-01-31": "2.64", "2008-10-31": "3.03", "2008-07-31": "3.05", "2008-04-30": "3.59", "2008-01-31": "4.82", "2007-10-31": "3.22", "2007-07-31": "0.49", "2007-04-30": "0.32", "2007-01-31": "0.24", "2006-10-31": "0.35", "2006-07-31": "0.45", "2006-04-30": "0.42", "2006-01-31": "0.38", "2005-10-31": "0.48", "2005-07-31": "0.49", "2005-04-30": "0.46", "2005-01-31": "0.54"}, "return on equity": {"2020-10-31": "10.78%", "2020-07-31": "22.73%", "2020-04-30": "32.02%", "2020-01-31": "35.89%", "2019-10-31": "35.78%", "2019-07-31": "36.03%", "2019-04-30": "36.22%", "2019-01-31": "35.74%", "2018-10-31": "34.67%", "2018-07-31": "33.31%", "2018-04-30": "31.56%", "2018-01-31": "31.46%", "2017-10-31": "32.73%", "2017-07-31": "33.77%", "2017-04-30": "36.49%", "2017-01-31": "36.30%", "2016-10-31": "38.00%", "2016-07-31": "39.12%", "2016-04-30": "40.00%", "2016-01-31": "42.11%", "2015-10-31": "37.02%", "2015-07-31": "38.10%", "2015-04-30": "38.93%", "2015-01-31": "38.67%", "2014-10-31": "43.59%", "2014-07-31": "40.86%", "2014-04-30": "32.84%", "2014-01-31": "31.58%", "2013-10-31": "29.11%", "2013-07-31": "28.98%", "2013-04-30": "34.71%", "2013-01-31": "34.87%", "2012-10-31": "36.67%", "2012-07-31": "38.07%", "2012-04-30": "43.00%", "2012-01-31": "45.98%", "2011-10-31": "44.61%", "2011-07-31": "46.47%", "2011-04-30": "43.55%", "2011-01-31": "40.39%", "2010-10-31": "45.81%", "2010-07-31": "49.21%", "2010-04-30": "48.31%", "2010-01-31": "48.05%", "2009-10-31": "44.03%", "2009-07-31": "42.01%", "2009-04-30": "53.23%", "2009-01-31": "71.10%", "2008-10-31": "98.74%", "2008-07-31": "113.41%", "2008-04-30": "94.41%", "2008-01-31": "63.21%", "2007-10-31": "35.84%", "2007-07-31": "25.98%", "2007-04-30": "21.95%", "2007-01-31": "25.20%", "2006-10-31": "32.39%", "2006-07-31": "32.52%", "2006-04-30": "32.04%", "2006-01-31": "31.28%", "2005-10-31": "30.57%"}, "return on assets": {"2020-10-31": "3.24%", "2020-07-31": "6.93%", "2020-04-30": "9.46%", "2020-01-31": "10.33%", "2019-10-31": "10.36%", "2019-07-31": "10.71%", "2019-04-30": "11.60%", "2019-01-31": "12.49%", "2018-10-31": "13.20%", "2018-07-31": "13.93%", "2018-04-30": "13.94%", "2018-01-31": "13.33%", "2017-10-31": "13.54%", "2017-07-31": "13.71%", "2017-04-30": "13.64%", "2017-01-31": "13.17%", "2016-10-31": "12.78%", "2016-07-31": "12.11%", "2016-04-30": "12.97%", "2016-01-31": "14.04%", "2015-10-31": "12.77%", "2015-07-31": "13.81%", "2015-04-30": "13.97%", "2015-01-31": "13.20%", "2014-10-31": "14.32%", "2014-07-31": "12.66%", "2014-04-30": "10.03%", "2014-01-31": "9.98%", "2013-10-31": "9.29%", "2013-07-31": "9.55%", "2013-04-30": "10.96%", "2013-01-31": "10.34%", "2012-10-31": "10.35%", "2012-07-31": "10.18%", "2012-04-30": "11.27%", "2012-01-31": "11.99%", "2011-10-31": "11.64%", "2011-07-31": "12.81%", "2011-04-30": "12.55%", "2011-01-31": "12.27%", "2010-10-31": "14.71%", "2010-07-31": "15.32%", "2010-04-30": "14.84%", "2010-01-31": "14.46%", "2009-10-31": "12.90%", "2009-07-31": "11.93%", "2009-04-30": "14.24%", "2009-01-31": "17.62%", "2008-10-31": "21.99%", "2008-07-31": "24.91%", "2008-04-30": "28.01%", "2008-01-31": "26.12%", "2007-10-31": "20.39%", "2007-07-31": "19.31%", "2007-04-30": "16.37%", "2007-01-31": "18.45%", "2006-10-31": "23.15%", "2006-07-31": "22.72%", "2006-04-30": "22.25%", "2006-01-31": "21.57%", "2005-10-31": "20.46%"}, "return on investments": {"2020-10-31": "19.93%", "2020-07-31": "34.07%", "2020-04-30": "22.25%", "2020-01-31": "23.21%", "2019-10-31": "23.94%", "2019-07-31": "19.84%", "2019-04-30": "22.10%", "2019-01-31": "24.63%", "2018-10-31": "28.01%", "2018-07-31": "28.93%", "2018-04-30": "31.33%", "2018-01-31": "31.19%", "2017-10-31": "31.41%", "2017-07-31": "31.54%", "2017-04-30": "30.12%", "2017-01-31": "28.99%", "2016-10-31": "27.46%", "2016-07-31": "25.80%", "2016-04-30": "28.22%", "2016-01-31": "31.22%", "2015-10-31": "29.06%", "2015-07-31": "32.75%", "2015-04-30": "32.41%", "2015-01-31": "29.64%", "2014-10-31": "34.73%", "2014-07-31": "31.12%", "2014-04-30": "31.34%", "2014-01-31": "34.26%", "2013-10-31": "33.84%", "2013-07-31": "34.59%", "2013-04-30": "33.86%", "2013-01-31": "34.08%", "2012-10-31": "34.12%", "2012-07-31": "34.92%", "2012-04-30": "33.46%", "2012-01-31": "31.25%", "2011-10-31": "29.28%", "2011-07-31": "31.85%", "2011-04-30": "32.88%", "2011-01-31": "35.19%", "2010-10-31": "39.63%", "2010-07-31": "38.14%", "2010-04-30": "36.48%", "2010-01-31": "32.91%", "2009-10-31": "29.30%", "2009-07-31": "29.80%", "2009-04-30": "35.08%", "2009-01-31": "43.33%", "2008-10-31": "51.97%", "2008-07-31": "56.49%", "2008-04-30": "75.88%", "2008-01-31": "96.21%", "2007-10-31": "127.85%", "2007-07-31": "inf%", "2007-04-30": "inf%", "2007-01-31": "143.72%", "2006-10-31": "93.39%", "2006-07-31": "60.46%", "2006-04-30": "44.81%", "2006-01-31": "44.61%", "2005-10-31": "43.86%"}, "return on tangible equity": {"2020-10-31": "14.76%", "2020-07-31": "31.05%", "2020-04-30": "44.28%", "2020-01-31": "50.48%", "2019-10-31": "51.22%", "2019-07-31": "52.05%", "2019-04-30": "52.57%", "2019-01-31": "51.98%", "2018-10-31": "50.40%", "2018-07-31": "49.06%", "2018-04-30": "47.75%", "2018-01-31": "49.81%", "2017-10-31": "55.11%", "2017-07-31": "59.09%", "2017-04-30": "66.45%", "2017-01-31": "67.22%", "2016-10-31": "71.20%", "2016-07-31": "75.41%", "2016-04-30": "77.17%", "2016-01-31": "80.50%", "2015-10-31": "70.39%", "2015-07-31": "71.59%", "2015-04-30": "71.94%", "2015-01-31": "70.38%", "2014-10-31": "77.54%", "2014-07-31": "72.85%", "2014-04-30": "59.19%", "2014-01-31": "57.84%", "2013-10-31": "55.98%", "2013-07-31": "53.20%", "2013-04-30": "61.63%", "2013-01-31": "60.43%", "2012-10-31": "60.64%", "2012-07-31": "65.98%", "2012-04-30": "76.07%", "2012-01-31": "82.33%", "2011-10-31": "80.38%", "2011-07-31": "85.60%", "2011-04-30": "84.38%", "2011-01-31": "83.57%", "2010-10-31": "104.72%", "2010-07-31": "126.24%", "2010-04-30": "136.44%", "2010-01-31": "149.50%", "2009-10-31": "154.76%", "2009-07-31": "144.44%", "2009-04-30": "188.89%", "2009-01-31": "260.80%", "2008-10-31": "402.05%", "2008-07-31": "428.99%", "2008-04-30": "220.82%", "2008-01-31": "112.02%", "2007-10-31": "54.12%", "2007-07-31": "36.34%", "2007-04-30": "29.99%", "2007-01-31": "34.11%", "2006-10-31": "43.78%", "2006-07-31": "44.07%", "2006-04-30": "43.78%", "2006-01-31": "43.42%", "2005-10-31": "42.78%"}, "dividend yield history": {"last payout": "$1.50", "last yield": "2.12%"}}