{"ticker": "EBAY", "price": {"title": "EBay Historical Annual Stock Price Data", "value": 62.23, "historical": {"2021": {"Average Stock Price": "56.3158", "Year Open": "51.5000", "Year High": "62.2300", "Year Low": "51.5000", "Year Close": "62.2300", "Annual % Change": "23.84%"}, "2020": {"Average Stock Price": "45.9135", "Year Open": "36.3000", "Year High": "59.2700", "Year Low": "26.3400", "Year Close": "50.2500", "Annual % Change": "39.16%"}, "2019": {"Average Stock Price": "37.1835", "Year Open": "28.8500", "Year High": "41.5700", "Year Low": "28.3200", "Year Close": "36.1100", "Annual % Change": "28.64%"}, "2018": {"Average Stock Price": "36.0619", "Year Open": "38.0600", "Year High": "46.1900", "Year Low": "26.1400", "Year Close": "28.0700", "Annual % Change": "-25.62%"}, "2017": {"Average Stock Price": "35.0617", "Year Open": "29.8400", "Year High": "38.9900", "Year Low": "29.7600", "Year Close": "37.7400", "Annual % Change": "27.11%"}, "2016": {"Average Stock Price": "27.0675", "Year Open": "26.4300", "Year High": "32.9000", "Year Low": "22.0100", "Year Close": "29.6900", "Annual % Change": "8.04%"}, "2015": {"Average Stock Price": "44.1076", "Year Open": "56.2100", "Year High": "66.2900", "Year Low": "23.9950", "Year Close": "27.4800", "Annual % Change": "-51.03%"}, "2014": {"Average Stock Price": "53.4160", "Year Open": "53.9400", "Year High": "59.3000", "Year Low": "47.8800", "Year Close": "56.1200", "Annual % Change": "2.29%"}, "2013": {"Average Stock Price": "53.4643", "Year Open": "53.5900", "Year High": "57.7800", "Year Low": "48.7600", "Year Close": "54.8650", "Annual % Change": "7.58%"}, "2012": {"Average Stock Price": "42.2280", "Year Open": "31.3400", "Year High": "52.8200", "Year Low": "30.1600", "Year Close": "50.9977", "Annual % Change": "68.14%"}, "2011": {"Average Stock Price": "31.2200", "Year Open": "28.6800", "Year High": "34.6900", "Year Low": "26.9500", "Year Close": "30.3300", "Annual % Change": "8.98%"}, "2010": {"Average Stock Price": "24.6015", "Year Open": "23.9000", "Year High": "31.2100", "Year Low": "19.2600", "Year Close": "27.8300", "Annual % Change": "18.27%"}, "2009": {"Average Stock Price": "18.5330", "Year Open": "14.6600", "Year High": "25.4400", "Year Low": "10.2700", "Year Close": "23.5300", "Annual % Change": "68.55%"}, "2008": {"Average Stock Price": "24.3752", "Year Open": "32.4900", "Year High": "32.9400", "Year Low": "11.1700", "Year Close": "13.9600", "Annual % Change": "-57.94%"}, "2007": {"Average Stock Price": "33.6686", "Year Open": "30.1700", "Year High": "40.6000", "Year Low": "28.6200", "Year Close": "33.1900", "Annual % Change": "10.38%"}, "2006": {"Average Stock Price": "33.0322", "Year Open": "44.4600", "Year High": "46.7700", "Year Low": "22.9900", "Year Close": "30.0700", "Annual % Change": "-30.43%"}, "2005": {"Average Stock Price": "39.7810", "Year Open": "57.0550", "Year High": "57.0550", "Year Low": "31.1400", "Year Close": "43.2200", "Annual % Change": "-25.70%"}, "2004": {"Average Stock Price": "42.5386", "Year Open": "31.5000", "Year High": "58.8850", "Year Low": "31.5000", "Year Close": "58.1700", "Annual % Change": "80.07%"}, "2003": {"Average Stock Price": "24.8512", "Year Open": "17.3375", "Year High": "32.3050", "Year Low": "17.3375", "Year Close": "32.3050", "Annual % Change": "90.53%"}, "2002": {"Average Stock Price": "14.7462", "Year Open": "16.5425", "Year High": "17.6875", "Year Low": "12.2775", "Year Close": "16.9550", "Annual % Change": "1.38%"}, "2001": {"Average Stock Price": "13.5131", "Year Open": "7.5475", "Year High": "17.7600", "Year Low": "7.5475", "Year Close": "16.7250", "Annual % Change": "102.73%"}, "2000": {"Average Stock Price": "15.9483", "Year Open": "17.6625", "Year High": "30.4688", "Year Low": "6.9850", "Year Close": "8.2500", "Annual % Change": "-47.28%"}, "1999": {"Average Stock Price": "17.1866", "Year Open": "10.0000", "Year High": "26.8750", "Year Low": "7.5750", "Year Close": "15.6500", "Annual % Change": "55.66%"}}}, "market cap": {"value": "$42.9B"}, "income statement": {"Revenue": {"2020-12-31": "10271.00000", "2019-12-31": "8636.00000", "2018-12-31": "8650.00000", "2017-12-31": "9927.00000", "2016-12-31": "9298.00000", "2015-12-31": "8592.00000", "2014-12-31": "8790.00000", "2013-12-31": "8257.00000", "2012-12-31": "14072.00000", "2011-12-31": "11652.00000", "2010-12-31": "9156.00000", "2009-12-31": "8727.36200", "2008-12-31": "8541.26100", "2007-12-31": "7672.32900", "2006-12-31": "5969.74100", "2005-12-31": "4552.40100"}, "Cost Of Goods Sold": {"2020-12-31": "2473.00000", "2019-12-31": "2136.00000", "2018-12-31": "2023.00000", "2017-12-31": "2221.00000", "2016-12-31": "2004.00000", "2015-12-31": "1771.00000", "2014-12-31": "1663.00000", "2013-12-31": "1492.00000", "2012-12-31": "4216.00000", "2011-12-31": "3461.00000", "2010-12-31": "2564.00000", "2009-12-31": "2479.76200", "2008-12-31": "2228.06900", "2007-12-31": "1762.97200", "2006-12-31": "1256.79200", "2005-12-31": "818.10400"}, "Gross Profit": {"2020-12-31": "7798.00000", "2019-12-31": "6500.00000", "2018-12-31": "6627.00000", "2017-12-31": "7706.00000", "2016-12-31": "7294.00000", "2015-12-31": "6821.00000", "2014-12-31": "7127.00000", "2013-12-31": "6765.00000", "2012-12-31": "9856.00000", "2011-12-31": "8191.00000", "2010-12-31": "6592.00000", "2009-12-31": "6247.60100", "2008-12-31": "6313.19100", "2007-12-31": "5909.35700", "2006-12-31": "4712.94900", "2005-12-31": "3734.29700"}, "Research And Development Expenses": {"2020-12-31": "1087.00000", "2019-12-31": "976.00000", "2018-12-31": "1051.00000", "2017-12-31": "1224.00000", "2016-12-31": "1114.00000", "2015-12-31": "923.00000", "2014-12-31": "983.00000", "2013-12-31": "915.00000", "2012-12-31": "1573.00000", "2011-12-31": "1235.00000", "2010-12-31": "908.00000", "2009-12-31": "803.07000", "2008-12-31": "725.60000", "2007-12-31": "619.72700", "2006-12-31": "494.69500", "2005-12-31": "328.19100"}, "SG&A Expenses": {"2020-12-31": "3642.00000", "2019-12-31": "3373.00000", "2018-12-31": "3555.00000", "2017-12-31": "3908.00000", "2016-12-31": "3590.00000", "2015-12-31": "3389.00000", "2014-12-31": "3331.00000", "2013-12-31": "3024.00000", "2012-12-31": "4480.00000", "2011-12-31": "3799.00000", "2010-12-31": "3048.00000", "2009-12-31": "3304.06600", "2008-12-31": "2880.42200", "2007-12-31": "2787.49100", "2006-12-31": "2331.49600", "2005-12-31": "1835.45800"}, "Other Operating Income Or Expenses": {"2020-12-31": "-331.00000", "2019-12-31": "-262.00000", "2018-12-31": "-247.00000", "2017-12-31": "-272.00000", "2016-12-31": "-231.00000", "2015-12-31": "-271.00000", "2014-12-31": "-262.00000", "2013-12-31": "-236.00000", "2012-12-31": "-580.00000", "2011-12-31": "-517.00000", "2010-12-31": "-392.00000", "2009-12-31": "-382.82500", "2008-12-31": "-347.45300", "2007-12-31": "-293.91700", "2006-12-31": "-266.72400", "2005-12-31": ""}, "Operating Expenses": {"2020-12-31": "7560.00000", "2019-12-31": "6775.00000", "2018-12-31": "6898.00000", "2017-12-31": "7663.00000", "2016-12-31": "6973.00000", "2015-12-31": "6395.00000", "2014-12-31": "6314.00000", "2013-12-31": "5803.00000", "2012-12-31": "11184.00000", "2011-12-31": "9279.00000", "2010-12-31": "7102.00000", "2009-12-31": "7270.59600", "2008-12-31": "6465.57900", "2007-12-31": "7059.14900", "2006-12-31": "4546.78500", "2005-12-31": "3110.69400"}, "Operating Income": {"2020-12-31": "2711.00000", "2019-12-31": "1861.00000", "2018-12-31": "1752.00000", "2017-12-31": "2264.00000", "2016-12-31": "2325.00000", "2015-12-31": "2197.00000", "2014-12-31": "2476.00000", "2013-12-31": "2454.00000", "2012-12-31": "2888.00000", "2011-12-31": "2373.00000", "2010-12-31": "2054.00000", "2009-12-31": "1456.76600", "2008-12-31": "2075.68200", "2007-12-31": "613.17970", "2006-12-31": "1422.95600", "2005-12-31": "1441.70700"}, "Total Non-Operating Income/Expense": {"2020-12-31": "709.00000", "2019-12-31": "-112.00000", "2018-12-31": "497.00000", "2017-12-31": "11.00000", "2016-12-31": "1326.00000", "2015-12-31": "209.00000", "2014-12-31": "39.00000", "2013-12-31": "117.00000", "2012-12-31": "196.00000", "2011-12-31": "1537.00000", "2010-12-31": "44.00000", "2009-12-31": "1422.38500", "2008-12-31": "107.88200", "2007-12-31": "137.67100", "2006-12-31": "124.10100", "2005-12-31": "107.62100"}, "Pre-Tax Income": {"2020-12-31": "3420.00000", "2019-12-31": "1749.00000", "2018-12-31": "2249.00000", "2017-12-31": "2275.00000", "2016-12-31": "3651.00000", "2015-12-31": "2406.00000", "2014-12-31": "2515.00000", "2013-12-31": "2571.00000", "2012-12-31": "3084.00000", "2011-12-31": "3910.00000", "2010-12-31": "2098.00000", "2009-12-31": "2879.15100", "2008-12-31": "2183.56400", "2007-12-31": "750.85100", "2006-12-31": "1547.05700", "2005-12-31": "1549.32800"}, "Income Taxes": {"2020-12-31": "878.00000", "2019-12-31": "233.00000", "2018-12-31": "121.00000", "2017-12-31": "3288.00000", "2016-12-31": "-3634.00000", "2015-12-31": "459.00000", "2014-12-31": "3380.00000", "2013-12-31": "504.00000", "2012-12-31": "475.00000", "2011-12-31": "681.00000", "2010-12-31": "297.00000", "2009-12-31": "490.05400", "2008-12-31": "404.09000", "2007-12-31": "402.60000", "2006-12-31": "421.41800", "2005-12-31": "467.28500"}, "Income After Taxes": {"2020-12-31": "2542.00000", "2019-12-31": "1516.00000", "2018-12-31": "2128.00000", "2017-12-31": "-1013.00000", "2016-12-31": "7285.00000", "2015-12-31": "1947.00000", "2014-12-31": "-865.00000", "2013-12-31": "2067.00000", "2012-12-31": "2609.00000", "2011-12-31": "3229.00000", "2010-12-31": "1801.00000", "2009-12-31": "2389.09700", "2008-12-31": "1779.47400", "2007-12-31": "348.25100", "2006-12-31": "1125.63900", "2005-12-31": "1082.04300"}, "Other Income": {"2020-12-31": "", "2019-12-31": "", "2018-12-31": "", "2017-12-31": "", "2016-12-31": "", "2015-12-31": "", "2014-12-31": "", "2013-12-31": "", "2012-12-31": "", "2011-12-31": "", "2010-12-31": "", "2009-12-31": "", "2008-12-31": "", "2007-12-31": "", "2006-12-31": "", "2005-12-31": ""}, "Income From Continuous Operations": {"2020-12-31": "2542.00000", "2019-12-31": "1516.00000", "2018-12-31": "2128.00000", "2017-12-31": "-1013.00000", "2016-12-31": "7285.00000", "2015-12-31": "1947.00000", "2014-12-31": "-865.00000", "2013-12-31": "2067.00000", "2012-12-31": "2609.00000", "2011-12-31": "3229.00000", "2010-12-31": "1801.00000", "2009-12-31": "2389.09700", "2008-12-31": "1779.47400", "2007-12-31": "348.25100", "2006-12-31": "1125.63900", "2005-12-31": "1082.04300"}, "Income From Discontinued Operations": {"2020-12-31": "3125.00000", "2019-12-31": "270.00000", "2018-12-31": "402.00000", "2017-12-31": "-4.00000", "2016-12-31": "-19.00000", "2015-12-31": "-222.00000", "2014-12-31": "911.00000", "2013-12-31": "789.00000", "2012-12-31": "", "2011-12-31": "", "2010-12-31": "", "2009-12-31": "", "2008-12-31": "", "2007-12-31": "", "2006-12-31": "", "2005-12-31": ""}, "Net Income": {"2020-12-31": "5667.00000", "2019-12-31": "1786.00000", "2018-12-31": "2530.00000", "2017-12-31": "-1017.00000", "2016-12-31": "7266.00000", "2015-12-31": "1725.00000", "2014-12-31": "46.00000", "2013-12-31": "2856.00000", "2012-12-31": "2609.00000", "2011-12-31": "3229.00000", "2010-12-31": "1801.00000", "2009-12-31": "2389.09700", "2008-12-31": "1779.47400", "2007-12-31": "348.25100", "2006-12-31": "1125.63900", "2005-12-31": "1082.04300"}, "EBITDA": {"2020-12-31": "3320.00000", "2019-12-31": "2490.00000", "2018-12-31": "2387.00000", "2017-12-31": "2940.00000", "2016-12-31": "3007.00000", "2015-12-31": "2884.00000", "2014-12-31": "3158.00000", "2013-12-31": "3114.00000", "2012-12-31": "4088.00000", "2011-12-31": "3313.00000", "2010-12-31": "2816.00000", "2009-12-31": "2267.71200", "2008-12-31": "2795.49600", "2007-12-31": "2605.73900", "2006-12-31": "1967.50800", "2005-12-31": "1819.87200"}, "EBIT": {"2020-12-31": "2711.00000", "2019-12-31": "1861.00000", "2018-12-31": "1752.00000", "2017-12-31": "2264.00000", "2016-12-31": "2325.00000", "2015-12-31": "2197.00000", "2014-12-31": "2476.00000", "2013-12-31": "2454.00000", "2012-12-31": "2888.00000", "2011-12-31": "2373.00000", "2010-12-31": "2054.00000", "2009-12-31": "1456.76600", "2008-12-31": "2075.68200", "2007-12-31": "613.17970", "2006-12-31": "1422.95600", "2005-12-31": "1441.70700"}, "Basic Shares Outstanding": {"2020-12-31": "710.00000", "2019-12-31": "849.00000", "2018-12-31": "980.00000", "2017-12-31": "1064.00000", "2016-12-31": "1133.00000", "2015-12-31": "1208.00000", "2014-12-31": "1251.00000", "2013-12-31": "1295.00000", "2012-12-31": "1292.00000", "2011-12-31": "1293.00000", "2010-12-31": "1306.00000", "2009-12-31": "1289.84800", "2008-12-31": "1303.45400", "2007-12-31": "1358.79700", "2006-12-31": "1399.25100", "2005-12-31": "1361.70800"}, "Shares Outstanding": {"2020-12-31": "718.00000", "2019-12-31": "856.00000", "2018-12-31": "991.00000", "2017-12-31": "1064.00000", "2016-12-31": "1144.00000", "2015-12-31": "1220.00000", "2014-12-31": "1251.00000", "2013-12-31": "1313.00000", "2012-12-31": "1313.00000", "2011-12-31": "1313.00000", "2010-12-31": "1327.00000", "2009-12-31": "1304.98100", "2008-12-31": "1312.60800", "2007-12-31": "1376.17400", "2006-12-31": "1425.47200", "2005-12-31": "1393.87500"}, "Basic EPS": {"2020-12-31": "7.98000", "2019-12-31": "2.10000", "2018-12-31": "2.58000", "2017-12-31": "-0.95000", "2016-12-31": "6.41000", "2015-12-31": "1.43000", "2014-12-31": "0.04000", "2013-12-31": "2.20000", "2012-12-31": "2.02000", "2011-12-31": "2.50000", "2010-12-31": "1.38000", "2009-12-31": "1.85000", "2008-12-31": "1.37000", "2007-12-31": "0.26000", "2006-12-31": "0.80000", "2005-12-31": "0.79000"}, "EPS - Earnings Per Share": {"2020-12-31": "7.89000", "2019-12-31": "2.09000", "2018-12-31": "2.55000", "2017-12-31": "-0.95000", "2016-12-31": "6.35000", "2015-12-31": "1.42000", "2014-12-31": "0.04000", "2013-12-31": "2.18000", "2012-12-31": "1.99000", "2011-12-31": "2.46000", "2010-12-31": "1.36000", "2009-12-31": "1.83000", "2008-12-31": "1.36000", "2007-12-31": "0.25000", "2006-12-31": "0.79000", "2005-12-31": "0.78000"}}, "income statement, quarterly": {"Revenue": {"2020-12-31": "2426.00000", "2020-09-30": "2606.00000", "2020-06-30": "2865.00000", "2020-03-31": "2374.00000", "2019-12-31": "1717.00000", "2019-09-30": "2083.00000", "2019-06-30": "2423.00000", "2019-03-31": "2413.00000", "2018-12-31": "781.00000", "2018-09-30": "2649.00000", "2018-06-30": "2640.00000", "2018-03-31": "2580.00000", "2017-12-31": "2707.00000", "2017-09-30": "2498.00000", "2017-06-30": "2419.00000", "2017-03-31": "2303.00000", "2016-12-31": "2714.00000", "2016-09-30": "2217.00000", "2016-06-30": "2230.00000", "2016-03-31": "2137.00000", "2015-12-31": "2322.00000", "2015-09-30": "2099.00000", "2015-06-30": "2110.00000", "2015-03-31": "2061.00000", "2014-12-31": "2323.00000", "2014-09-30": "2150.00000", "2014-06-30": "4103.00000", "2014-03-31": "4262.00000", "2013-12-31": "4530.00000", "2013-09-30": "3892.00000", "2013-06-30": "3877.00000", "2013-03-31": "3748.00000", "2012-12-31": "3992.00000", "2012-09-30": "3404.00000", "2012-06-30": "3398.00000", "2012-03-31": "3277.00000", "2011-12-31": "3380.00000", "2011-09-30": "2966.00000", "2011-06-30": "2760.00000", "2011-03-31": "2546.00000", "2010-12-31": "2495.07600", "2010-09-30": "2249.48800", "2010-06-30": "2215.37900", "2010-03-31": "2196.05700", "2009-12-31": "2370.93300", "2009-09-30": "2237.85200", "2009-06-30": "2097.99200", "2009-03-31": "2020.58600", "2008-12-31": "2035.84500", "2008-09-30": "2117.53100", "2008-06-30": "2195.66100", "2008-03-31": "2192.22300", "2007-12-31": "2180.60600", "2007-09-30": "1889.22000", "2007-06-30": "1834.42900", "2007-03-31": "1768.07400", "2006-12-31": "1719.90100", "2006-09-30": "1448.63700", "2006-06-30": "1410.78400", "2006-03-31": "1390.41900", "2005-12-31": "1328.85900", "2005-09-30": "1105.51500", "2005-06-30": "1086.30300", "2005-03-31": "1031.72400"}, "Cost Of Goods Sold": {"2020-12-31": "693.00000", "2020-09-30": "656.00000", "2020-06-30": "598.00000", "2020-03-31": "526.00000", "2019-12-31": "514.00000", "2019-09-30": "530.00000", "2019-06-30": "553.00000", "2019-03-31": "539.00000", "2018-12-31": "259.00000", "2018-09-30": "608.00000", "2018-06-30": "597.00000", "2018-03-31": "559.00000", "2017-12-31": "590.00000", "2017-09-30": "557.00000", "2017-06-30": "560.00000", "2017-03-31": "514.00000", "2016-12-31": "536.00000", "2016-09-30": "498.00000", "2016-06-30": "493.00000", "2016-03-31": "477.00000", "2015-12-31": "493.00000", "2015-09-30": "433.00000", "2015-06-30": "434.00000", "2015-03-31": "411.00000", "2014-12-31": "442.00000", "2014-09-30": "413.00000", "2014-06-30": "1181.00000", "2014-03-31": "1351.00000", "2013-12-31": "1449.00000", "2013-09-30": "1224.00000", "2013-06-30": "1211.00000", "2013-03-31": "1152.00000", "2012-12-31": "1223.00000", "2012-09-30": "1022.00000", "2012-06-30": "987.00000", "2012-03-31": "983.00000", "2011-12-31": "1039.00000", "2011-09-30": "920.00000", "2011-06-30": "773.00000", "2011-03-31": "729.00000", "2010-12-31": "701.80600", "2010-09-30": "640.26800", "2010-06-30": "615.37100", "2010-03-31": "606.55500", "2009-12-31": "670.69510", "2009-09-30": "643.90800", "2009-06-30": "591.77300", "2009-03-31": "573.38600", "2008-12-31": "579.59110", "2008-09-30": "560.96300", "2008-06-30": "562.10300", "2008-03-31": "525.41200", "2007-12-31": "505.97310", "2007-09-30": "446.52100", "2007-06-30": "416.78900", "2007-03-31": "393.68900", "2006-12-31": "356.31700", "2006-09-30": "319.99500", "2006-06-30": "296.88300", "2006-03-31": "283.59700", "2005-12-31": "239.52000", "2005-09-30": "200.37500", "2005-06-30": "191.84000", "2005-03-31": "186.36900"}, "Gross Profit": {"2020-12-31": "1733.00000", "2020-09-30": "1950.00000", "2020-06-30": "2267.00000", "2020-03-31": "1848.00000", "2019-12-31": "1203.00000", "2019-09-30": "1553.00000", "2019-06-30": "1870.00000", "2019-03-31": "1874.00000", "2018-12-31": "522.00000", "2018-09-30": "2041.00000", "2018-06-30": "2043.00000", "2018-03-31": "2021.00000", "2017-12-31": "2117.00000", "2017-09-30": "1941.00000", "2017-06-30": "1859.00000", "2017-03-31": "1789.00000", "2016-12-31": "2178.00000", "2016-09-30": "1719.00000", "2016-06-30": "1737.00000", "2016-03-31": "1660.00000", "2015-12-31": "1829.00000", "2015-09-30": "1666.00000", "2015-06-30": "1676.00000", "2015-03-31": "1650.00000", "2014-12-31": "1881.00000", "2014-09-30": "1737.00000", "2014-06-30": "2922.00000", "2014-03-31": "2911.00000", "2013-12-31": "3081.00000", "2013-09-30": "2668.00000", "2013-06-30": "2666.00000", "2013-03-31": "2596.00000", "2012-12-31": "2769.00000", "2012-09-30": "2382.00000", "2012-06-30": "2411.00000", "2012-03-31": "2294.00000", "2011-12-31": "2341.00000", "2011-09-30": "2046.00000", "2011-06-30": "1987.00000", "2011-03-31": "1817.00000", "2010-12-31": "1793.27000", "2010-09-30": "1609.22000", "2010-06-30": "1600.00800", "2010-03-31": "1589.50200", "2009-12-31": "1700.23800", "2009-09-30": "1593.94400", "2009-06-30": "1506.21900", "2009-03-31": "1447.20000", "2008-12-31": "1456.25400", "2008-09-30": "1556.56800", "2008-06-30": "1633.55800", "2008-03-31": "1666.81100", "2007-12-31": "1674.63300", "2007-09-30": "1442.69900", "2007-06-30": "1417.64000", "2007-03-31": "1374.38500", "2006-12-31": "1363.58400", "2006-09-30": "1128.64200", "2006-06-30": "1113.90100", "2006-03-31": "1106.82200", "2005-12-31": "1089.33900", "2005-09-30": "905.14000", "2005-06-30": "894.46300", "2005-03-31": "845.35500"}, "Research And Development Expenses": {"2020-12-31": "225.00000", "2020-09-30": "287.00000", "2020-06-30": "308.00000", "2020-03-31": "267.00000", "2019-12-31": "166.00000", "2019-09-30": "243.00000", "2019-06-30": "295.00000", "2019-03-31": "272.00000", "2018-12-31": "58.00000", "2018-09-30": "307.00000", "2018-06-30": "352.00000", "2018-03-31": "334.00000", "2017-12-31": "317.00000", "2017-09-30": "316.00000", "2017-06-30": "313.00000", "2017-03-31": "278.00000", "2016-12-31": "292.00000", "2016-09-30": "288.00000", "2016-06-30": "295.00000", "2016-03-31": "239.00000", "2015-12-31": "229.00000", "2015-09-30": "241.00000", "2015-06-30": "232.00000", "2015-03-31": "221.00000", "2014-12-31": "236.00000", "2014-09-30": "246.00000", "2014-06-30": "468.00000", "2014-03-31": "480.00000", "2013-12-31": "450.00000", "2013-09-30": "433.00000", "2013-06-30": "451.00000", "2013-03-31": "434.00000", "2012-12-31": "416.00000", "2012-09-30": "389.00000", "2012-06-30": "394.00000", "2012-03-31": "374.00000", "2011-12-31": "344.00000", "2011-09-30": "319.00000", "2011-06-30": "297.00000", "2011-03-31": "275.00000", "2010-12-31": "245.74100", "2010-09-30": "226.80300", "2010-06-30": "225.31700", "2010-03-31": "210.13900", "2009-12-31": "197.94400", "2009-09-30": "205.20700", "2009-06-30": "198.40300", "2009-03-31": "201.51600", "2008-12-31": "171.20700", "2008-09-30": "190.84200", "2008-06-30": "186.79100", "2008-03-31": "176.76000", "2007-12-31": "169.31600", "2007-09-30": "164.87900", "2007-06-30": "147.93400", "2007-03-31": "137.59800", "2006-12-31": "131.24800", "2006-09-30": "120.40500", "2006-06-30": "123.97200", "2006-03-31": "119.07000", "2005-12-31": "103.88200", "2005-09-30": "78.88100", "2005-06-30": "71.63900", "2005-03-31": "73.78900"}, "SG&A Expenses": {"2020-12-31": "847.00000", "2020-09-30": "918.00000", "2020-06-30": "1036.00000", "2020-03-31": "841.00000", "2019-12-31": "671.00000", "2019-09-30": "827.00000", "2019-06-30": "944.00000", "2019-03-31": "931.00000", "2018-12-31": "223.00000", "2018-09-30": "1100.00000", "2018-06-30": "1206.00000", "2018-03-31": "1026.00000", "2017-12-31": "1048.00000", "2017-09-30": "973.00000", "2017-06-30": "994.00000", "2017-03-31": "893.00000", "2016-12-31": "1179.00000", "2016-09-30": "824.00000", "2016-06-30": "840.00000", "2016-03-31": "747.00000", "2015-12-31": "855.00000", "2015-09-30": "772.00000", "2015-06-30": "941.00000", "2015-03-31": "821.00000", "2014-12-31": "838.00000", "2014-09-30": "827.00000", "2014-06-30": "1333.00000", "2014-03-31": "1270.00000", "2013-12-31": "1298.00000", "2013-09-30": "1170.00000", "2013-06-30": "1190.00000", "2013-03-31": "1105.00000", "2012-12-31": "1228.00000", "2012-09-30": "1095.00000", "2012-06-30": "1107.00000", "2012-03-31": "1049.00000", "2011-12-31": "1014.00000", "2011-09-30": "959.00000", "2011-06-30": "1000.00000", "2011-03-31": "826.00000", "2010-12-31": "839.44510", "2010-09-30": "745.31500", "2010-06-30": "740.33600", "2010-03-31": "722.90400", "2009-12-31": "1146.82300", "2009-09-30": "763.63800", "2009-06-30": "721.99800", "2009-03-31": "671.60700", "2008-12-31": "623.44130", "2008-09-30": "700.66200", "2008-06-30": "760.04400", "2008-03-31": "796.27500", "2007-12-31": "531.94680", "2007-09-30": "772.68700", "2007-06-30": "761.24600", "2007-03-31": "721.61100", "2006-12-31": "470.32910", "2006-09-30": "622.00800", "2006-06-30": "620.92300", "2006-03-31": "618.23600", "2005-12-31": "569.35210", "2005-09-30": "440.32400", "2005-06-30": "418.04400", "2005-03-31": "407.73800"}, "Other Operating Income Or Expenses": {"2020-12-31": "-76.00000", "2020-09-30": "-60.00000", "2020-06-30": "-93.00000", "2020-03-31": "-102.00000", "2019-12-31": "-64.00000", "2019-09-30": "-68.00000", "2019-06-30": "-63.00000", "2019-03-31": "-67.00000", "2018-12-31": "-44.00000", "2018-09-30": "-65.00000", "2018-06-30": "-66.00000", "2018-03-31": "-72.00000", "2017-12-31": "-79.00000", "2017-09-30": "-68.00000", "2017-06-30": "-63.00000", "2017-03-31": "-62.00000", "2016-12-31": "-59.00000", "2016-09-30": "-56.00000", "2016-06-30": "-64.00000", "2016-03-31": "-52.00000", "2015-12-31": "-72.00000", "2015-09-30": "-65.00000", "2015-06-30": "-65.00000", "2015-03-31": "-69.00000", "2014-12-31": "-66.00000", "2014-09-30": "-58.00000", "2014-06-30": "-229.00000", "2014-03-31": "-204.00000", "2013-12-31": "-238.00000", "2013-09-30": "-185.00000", "2013-06-30": "-193.00000", "2013-03-31": "-175.00000", "2012-12-31": "-168.00000", "2012-09-30": "-148.00000", "2012-06-30": "-131.00000", "2012-03-31": "-134.00000", "2011-12-31": "-146.00000", "2011-09-30": "-146.00000", "2011-06-30": "-118.00000", "2011-03-31": "-107.00000", "2010-12-31": "-95.97500", "2010-09-30": "-97.96400", "2010-06-30": "-92.03200", "2010-03-31": "-106.02900", "2009-12-31": "-112.22800", "2009-09-30": "-96.68200", "2009-06-30": "-92.68100", "2009-03-31": "-81.23400", "2008-12-31": "-86.58100", "2008-09-30": "-88.26900", "2008-06-30": "-86.43800", "2008-03-31": "-86.16500", "2007-12-31": "", "2007-09-30": "", "2007-06-30": "", "2007-03-31": "", "2006-12-31": "", "2006-09-30": "", "2006-06-30": "", "2006-03-31": "", "2005-12-31": "", "2005-09-30": "", "2005-06-30": "", "2005-03-31": "-5.73100"}, "Operating Expenses": {"2020-12-31": "1844.00000", "2020-09-30": "1927.00000", "2020-06-30": "2044.00000", "2020-03-31": "1745.00000", "2019-12-31": "1415.00000", "2019-09-30": "1675.00000", "2019-06-30": "1865.00000", "2019-03-31": "1820.00000", "2018-12-31": "570.00000", "2018-09-30": "2093.00000", "2018-06-30": "2234.00000", "2018-03-31": "2001.00000", "2017-12-31": "2044.00000", "2017-09-30": "1924.00000", "2017-06-30": "1939.00000", "2017-03-31": "1756.00000", "2016-12-31": "2076.00000", "2016-09-30": "1675.00000", "2016-06-30": "1699.00000", "2016-03-31": "1523.00000", "2015-12-31": "1660.00000", "2015-09-30": "1521.00000", "2015-06-30": "1682.00000", "2015-03-31": "1532.00000", "2014-12-31": "1592.00000", "2014-09-30": "1554.00000", "2014-06-30": "3249.00000", "2014-03-31": "3384.00000", "2013-12-31": "3508.00000", "2013-09-30": "3093.00000", "2013-06-30": "3127.00000", "2013-03-31": "2948.00000", "2012-12-31": "3118.00000", "2012-09-30": "2737.00000", "2012-06-30": "2703.00000", "2012-03-31": "2624.00000", "2011-12-31": "2628.00000", "2011-09-30": "2429.00000", "2011-06-30": "2241.00000", "2011-03-31": "1981.00000", "2010-12-31": "1904.42600", "2010-09-30": "1759.31200", "2010-06-30": "1730.81400", "2010-03-31": "1707.44800", "2009-12-31": "2191.56100", "2009-09-30": "1794.91100", "2009-06-30": "1686.30300", "2009-03-31": "1597.82200", "2008-12-31": "1582.38300", "2008-09-30": "1593.45600", "2008-06-30": "1650.29400", "2008-03-31": "1639.44600", "2007-12-31": "1554.46600", "2007-09-30": "2826.91300", "2007-06-30": "1377.52300", "2007-03-31": "1300.24700", "2006-12-31": "1270.01600", "2006-09-30": "1109.60400", "2006-06-30": "1099.37000", "2006-03-31": "1067.79500", "2005-12-31": "958.44780", "2005-09-30": "748.77910", "2005-06-30": "707.31700", "2005-03-31": "696.15000"}, "Operating Income": {"2020-12-31": "582.00000", "2020-09-30": "679.00000", "2020-06-30": "821.00000", "2020-03-31": "629.00000", "2019-12-31": "302.00000", "2019-09-30": "408.00000", "2019-06-30": "558.00000", "2019-03-31": "593.00000", "2018-12-31": "211.00000", "2018-09-30": "556.00000", "2018-06-30": "406.00000", "2018-03-31": "579.00000", "2017-12-31": "663.00000", "2017-09-30": "574.00000", "2017-06-30": "480.00000", "2017-03-31": "547.00000", "2016-12-31": "638.00000", "2016-09-30": "542.00000", "2016-06-30": "531.00000", "2016-03-31": "614.00000", "2015-12-31": "662.00000", "2015-09-30": "578.00000", "2015-06-30": "428.00000", "2015-03-31": "529.00000", "2014-12-31": "731.00000", "2014-09-30": "596.00000", "2014-06-30": "854.00000", "2014-03-31": "878.00000", "2013-12-31": "1022.00000", "2013-09-30": "799.00000", "2013-06-30": "750.00000", "2013-03-31": "800.00000", "2012-12-31": "874.00000", "2012-09-30": "667.00000", "2012-06-30": "695.00000", "2012-03-31": "653.00000", "2011-12-31": "752.00000", "2011-09-30": "537.00000", "2011-06-30": "519.00000", "2011-03-31": "565.00000", "2010-12-31": "590.65000", "2010-09-30": "490.17600", "2010-06-30": "484.56490", "2010-03-31": "488.60880", "2009-12-31": "179.37210", "2009-09-30": "442.94120", "2009-06-30": "411.68900", "2009-03-31": "422.76400", "2008-12-31": "453.46240", "2008-09-30": "524.07500", "2008-06-30": "545.36690", "2008-03-31": "552.77690", "2007-12-31": "626.14010", "2007-09-30": "-937.69290", "2007-06-30": "456.90590", "2007-03-31": "467.82690", "2006-12-31": "449.88530", "2006-09-30": "339.03300", "2006-06-30": "311.41410", "2006-03-31": "322.62400", "2005-12-31": "370.41100", "2005-09-30": "356.73600", "2005-06-30": "378.98600", "2005-03-31": "335.57400"}, "Total Non-Operating Income/Expense": {"2020-12-31": "430.00000", "2020-09-30": "95.00000", "2020-06-30": "182.00000", "2020-03-31": "2.00000", "2019-12-31": "17.00000", "2019-09-30": "-142.00000", "2019-06-30": "-51.00000", "2019-03-31": "64.00000", "2018-12-31": "-164.00000", "2018-09-30": "392.00000", "2018-06-30": "301.00000", "2018-03-31": "-32.00000", "2017-12-31": "-102.00000", "2017-09-30": "120.00000", "2017-06-30": "-18.00000", "2017-03-31": "11.00000", "2016-12-31": "1366.00000", "2016-09-30": "-9.00000", "2016-06-30": "-8.00000", "2016-03-31": "-23.00000", "2015-12-31": "-12.00000", "2015-09-30": "87.00000", "2015-06-30": "124.00000", "2015-03-31": "10.00000", "2014-12-31": "7.00000", "2014-09-30": "17.00000", "2014-06-30": "10.00000", "2014-03-31": "-5.00000", "2013-12-31": "6.00000", "2013-09-30": "74.00000", "2013-06-30": "6.00000", "2013-03-31": "9.00000", "2012-12-31": "3.00000", "2012-09-30": "5.00000", "2012-06-30": "156.00000", "2012-03-31": "31.00000", "2011-12-31": "1683.00000", "2011-09-30": "79.00000", "2011-06-30": "-228.00000", "2011-03-31": "3.00000", "2010-12-31": "-3.69200", "2010-09-30": "26.82500", "2010-06-30": "14.82100", "2010-03-31": "6.04600", "2009-12-31": "1413.42800", "2009-09-30": "-4.60600", "2009-06-30": "-4.52900", "2009-03-31": "18.09200", "2008-12-31": "19.80500", "2008-09-30": "38.56700", "2008-06-30": "22.76600", "2008-03-31": "26.74400", "2007-12-31": "45.32500", "2007-09-30": "35.63500", "2007-06-30": "31.23300", "2007-03-31": "25.47800", "2006-12-31": "33.71200", "2006-09-30": "40.67700", "2006-06-30": "24.70000", "2006-03-31": "25.01200", "2005-12-31": "24.59200", "2005-09-30": "30.22600", "2005-06-30": "32.12000", "2005-03-31": "20.68300"}, "Pre-Tax Income": {"2020-12-31": "1012.00000", "2020-09-30": "774.00000", "2020-06-30": "1003.00000", "2020-03-31": "631.00000", "2019-12-31": "319.00000", "2019-09-30": "266.00000", "2019-06-30": "507.00000", "2019-03-31": "657.00000", "2018-12-31": "47.00000", "2018-09-30": "948.00000", "2018-06-30": "707.00000", "2018-03-31": "547.00000", "2017-12-31": "561.00000", "2017-09-30": "694.00000", "2017-06-30": "462.00000", "2017-03-31": "558.00000", "2016-12-31": "2004.00000", "2016-09-30": "533.00000", "2016-06-30": "523.00000", "2016-03-31": "591.00000", "2015-12-31": "650.00000", "2015-09-30": "665.00000", "2015-06-30": "552.00000", "2015-03-31": "539.00000", "2014-12-31": "738.00000", "2014-09-30": "613.00000", "2014-06-30": "864.00000", "2014-03-31": "873.00000", "2013-12-31": "1028.00000", "2013-09-30": "873.00000", "2013-06-30": "756.00000", "2013-03-31": "809.00000", "2012-12-31": "877.00000", "2012-09-30": "672.00000", "2012-06-30": "851.00000", "2012-03-31": "684.00000", "2011-12-31": "2435.00000", "2011-09-30": "616.00000", "2011-06-30": "291.00000", "2011-03-31": "568.00000", "2010-12-31": "586.95800", "2010-09-30": "517.00100", "2010-06-30": "499.38600", "2010-03-31": "494.65500", "2009-12-31": "1592.80000", "2009-09-30": "438.33500", "2009-06-30": "407.16000", "2009-03-31": "440.85600", "2008-12-31": "473.26780", "2008-09-30": "562.64200", "2008-06-30": "568.13300", "2008-03-31": "579.52100", "2007-12-31": "671.46490", "2007-09-30": "-902.05800", "2007-06-30": "488.13900", "2007-03-31": "493.30500", "2006-12-31": "483.59700", "2006-09-30": "379.71000", "2006-06-30": "336.11400", "2006-03-31": "347.63600", "2005-12-31": "395.00300", "2005-09-30": "386.96200", "2005-06-30": "411.10600", "2005-03-31": "356.25700"}, "Income Taxes": {"2020-12-31": "316.00000", "2020-09-30": "153.00000", "2020-06-30": "263.00000", "2020-03-31": "146.00000", "2019-12-31": "-71.00000", "2019-09-30": "56.00000", "2019-06-30": "107.00000", "2019-03-31": "141.00000", "2018-12-31": "-316.00000", "2018-09-30": "228.00000", "2018-06-30": "69.00000", "2018-03-31": "140.00000", "2017-12-31": "3158.00000", "2017-09-30": "174.00000", "2017-06-30": "433.00000", "2017-03-31": "-477.00000", "2016-12-31": "-3944.00000", "2016-09-30": "115.00000", "2016-06-30": "86.00000", "2016-03-31": "109.00000", "2015-12-31": "127.00000", "2015-09-30": "120.00000", "2015-06-30": "122.00000", "2015-03-31": "90.00000", "2014-12-31": "9.00000", "2014-09-30": "104.00000", "2014-06-30": "144.00000", "2014-03-31": "3199.00000", "2013-12-31": "-178.00000", "2013-09-30": "184.00000", "2013-06-30": "116.00000", "2013-03-31": "132.00000", "2012-12-31": "-126.00000", "2012-09-30": "75.00000", "2012-06-30": "159.00000", "2012-03-31": "114.00000", "2011-12-31": "456.00000", "2011-09-30": "125.00000", "2011-06-30": "8.00000", "2011-03-31": "92.00000", "2010-12-31": "27.73200", "2010-09-30": "85.07200", "2010-06-30": "87.19400", "2010-03-31": "97.00200", "2009-12-31": "237.89400", "2009-09-30": "88.59900", "2009-06-30": "79.81800", "2009-03-31": "83.74300", "2008-12-31": "106.07600", "2008-09-30": "70.42300", "2008-06-30": "107.78800", "2008-03-31": "119.80300", "2007-12-31": "140.57900", "2007-09-30": "33.57700", "2007-06-30": "112.31500", "2007-03-31": "116.12900", "2006-12-31": "137.13000", "2006-09-30": "98.81400", "2006-06-30": "86.12000", "2006-03-31": "99.35400", "2005-12-31": "115.83000", "2005-09-30": "131.98900", "2005-06-30": "119.51800", "2005-03-31": "99.94800"}, "Income After Taxes": {"2020-12-31": "696.00000", "2020-09-30": "621.00000", "2020-06-30": "740.00000", "2020-03-31": "485.00000", "2019-12-31": "390.00000", "2019-09-30": "210.00000", "2019-06-30": "400.00000", "2019-03-31": "516.00000", "2018-12-31": "363.00000", "2018-09-30": "720.00000", "2018-06-30": "638.00000", "2018-03-31": "407.00000", "2017-12-31": "-2597.00000", "2017-09-30": "520.00000", "2017-06-30": "29.00000", "2017-03-31": "1035.00000", "2016-12-31": "5948.00000", "2016-09-30": "418.00000", "2016-06-30": "437.00000", "2016-03-31": "482.00000", "2015-12-31": "523.00000", "2015-09-30": "545.00000", "2015-06-30": "430.00000", "2015-03-31": "449.00000", "2014-12-31": "729.00000", "2014-09-30": "509.00000", "2014-06-30": "720.00000", "2014-03-31": "-2326.00000", "2013-12-31": "1206.00000", "2013-09-30": "689.00000", "2013-06-30": "640.00000", "2013-03-31": "677.00000", "2012-12-31": "1003.00000", "2012-09-30": "597.00000", "2012-06-30": "692.00000", "2012-03-31": "570.00000", "2011-12-31": "1979.00000", "2011-09-30": "491.00000", "2011-06-30": "283.00000", "2011-03-31": "476.00000", "2010-12-31": "559.22600", "2010-09-30": "431.92900", "2010-06-30": "412.19200", "2010-03-31": "397.65300", "2009-12-31": "1354.90600", "2009-09-30": "349.73600", "2009-06-30": "327.34200", "2009-03-31": "357.11300", "2008-12-31": "367.19200", "2008-09-30": "492.21900", "2008-06-30": "460.34500", "2008-03-31": "459.71800", "2007-12-31": "530.88600", "2007-09-30": "-935.63500", "2007-06-30": "375.82400", "2007-03-31": "377.17600", "2006-12-31": "346.46700", "2006-09-30": "280.89600", "2006-06-30": "249.99400", "2006-03-31": "248.28200", "2005-12-31": "279.17290", "2005-09-30": "254.97300", "2005-06-30": "291.58800", "2005-03-31": "256.30900"}, "Other Income": {"2020-12-31": "", "2020-09-30": "", "2020-06-30": "", "2020-03-31": "", "2019-12-31": "", "2019-09-30": "", "2019-06-30": "", "2019-03-31": "", "2018-12-31": "", "2018-09-30": "", "2018-06-30": "", "2018-03-31": "", "2017-12-31": "", "2017-09-30": "", "2017-06-30": "", "2017-03-31": "", "2016-12-31": "", "2016-09-30": "", "2016-06-30": "", "2016-03-31": "", "2015-12-31": "", "2015-09-30": "", "2015-06-30": "", "2015-03-31": "", "2014-12-31": "", "2014-09-30": "", "2014-06-30": "", "2014-03-31": "", "2013-12-31": "", "2013-09-30": "", "2013-06-30": "", "2013-03-31": "", "2012-12-31": "", "2012-09-30": "", "2012-06-30": "", "2012-03-31": "", "2011-12-31": "", "2011-09-30": "", "2011-06-30": "", "2011-03-31": "", "2010-12-31": "", "2010-09-30": "", "2010-06-30": "", "2010-03-31": "", "2009-12-31": "", "2009-09-30": "", "2009-06-30": "", "2009-03-31": "", "2008-12-31": "", "2008-09-30": "", "2008-06-30": "", "2008-03-31": "", "2007-12-31": "", "2007-09-30": "", "2007-06-30": "", "2007-03-31": "", "2006-12-31": "", "2006-09-30": "", "2006-06-30": "", "2006-03-31": "", "2005-12-31": "", "2005-09-30": "", "2005-06-30": "", "2005-03-31": ""}, "Income From Continuous Operations": {"2020-12-31": "696.00000", "2020-09-30": "621.00000", "2020-06-30": "740.00000", "2020-03-31": "485.00000", "2019-12-31": "390.00000", "2019-09-30": "210.00000", "2019-06-30": "400.00000", "2019-03-31": "516.00000", "2018-12-31": "363.00000", "2018-09-30": "720.00000", "2018-06-30": "638.00000", "2018-03-31": "407.00000", "2017-12-31": "-2597.00000", "2017-09-30": "520.00000", "2017-06-30": "29.00000", "2017-03-31": "1035.00000", "2016-12-31": "5948.00000", "2016-09-30": "418.00000", "2016-06-30": "437.00000", "2016-03-31": "482.00000", "2015-12-31": "523.00000", "2015-09-30": "545.00000", "2015-06-30": "430.00000", "2015-03-31": "449.00000", "2014-12-31": "729.00000", "2014-09-30": "509.00000", "2014-06-30": "720.00000", "2014-03-31": "-2326.00000", "2013-12-31": "1206.00000", "2013-09-30": "689.00000", "2013-06-30": "640.00000", "2013-03-31": "677.00000", "2012-12-31": "1003.00000", "2012-09-30": "597.00000", "2012-06-30": "692.00000", "2012-03-31": "570.00000", "2011-12-31": "1979.00000", "2011-09-30": "491.00000", "2011-06-30": "283.00000", "2011-03-31": "476.00000", "2010-12-31": "559.22600", "2010-09-30": "431.92900", "2010-06-30": "412.19200", "2010-03-31": "397.65300", "2009-12-31": "1354.90600", "2009-09-30": "349.73600", "2009-06-30": "327.34200", "2009-03-31": "357.11300", "2008-12-31": "367.19200", "2008-09-30": "492.21900", "2008-06-30": "460.34500", "2008-03-31": "459.71800", "2007-12-31": "530.88600", "2007-09-30": "-935.63500", "2007-06-30": "375.82400", "2007-03-31": "377.17600", "2006-12-31": "346.46700", "2006-09-30": "280.89600", "2006-06-30": "249.99400", "2006-03-31": "248.28200", "2005-12-31": "279.22100", "2005-09-30": "254.97100", "2005-06-30": "291.56000", "2005-03-31": "256.29100"}, "Income From Discontinued Operations": {"2020-12-31": "149.00000", "2020-09-30": "43.00000", "2020-06-30": "6.00000", "2020-03-31": "2927.00000", "2019-12-31": "166.00000", "2019-09-30": "100.00000", "2019-06-30": "2.00000", "2019-03-31": "2.00000", "2018-12-31": "397.00000", "2018-09-30": "1.00000", "2018-06-30": "4.00000", "2018-03-31": "0.00000", "2017-12-31": "", "2017-09-30": "", "2017-06-30": "", "2017-03-31": "", "2016-12-31": "-12.00000", "2016-09-30": "-5.00000", "2016-06-30": "-2.00000", "2016-03-31": "", "2015-12-31": "-46.00000", "2015-09-30": "-6.00000", "2015-06-30": "-347.00000", "2015-03-31": "177.00000", "2014-12-31": "294.00000", "2014-09-30": "164.00000", "2014-06-30": "-44.00000", "2014-03-31": "", "2013-12-31": "", "2013-09-30": "", "2013-06-30": "", "2013-03-31": "", "2012-12-31": "", "2012-09-30": "", "2012-06-30": "", "2012-03-31": "", "2011-12-31": "", "2011-09-30": "", "2011-06-30": "", "2011-03-31": "", "2010-12-31": "", "2010-09-30": "", "2010-06-30": "", "2010-03-31": "", "2009-12-31": "", "2009-09-30": "", "2009-06-30": "", "2009-03-31": "", "2008-12-31": "", "2008-09-30": "", "2008-06-30": "", "2008-03-31": "", "2007-12-31": "", "2007-09-30": "", "2007-06-30": "", "2007-03-31": "", "2006-12-31": "", "2006-09-30": "", "2006-06-30": "", "2006-03-31": "", "2005-12-31": "", "2005-09-30": "", "2005-06-30": "", "2005-03-31": ""}, "Net Income": {"2020-12-31": "845.00000", "2020-09-30": "664.00000", "2020-06-30": "746.00000", "2020-03-31": "3412.00000", "2019-12-31": "556.00000", "2019-09-30": "310.00000", "2019-06-30": "402.00000", "2019-03-31": "518.00000", "2018-12-31": "760.00000", "2018-09-30": "721.00000", "2018-06-30": "642.00000", "2018-03-31": "407.00000", "2017-12-31": "-2601.00000", "2017-09-30": "520.00000", "2017-06-30": "29.00000", "2017-03-31": "1035.00000", "2016-12-31": "5936.00000", "2016-09-30": "413.00000", "2016-06-30": "435.00000", "2016-03-31": "482.00000", "2015-12-31": "477.00000", "2015-09-30": "539.00000", "2015-06-30": "83.00000", "2015-03-31": "626.00000", "2014-12-31": "1023.00000", "2014-09-30": "673.00000", "2014-06-30": "676.00000", "2014-03-31": "-2326.00000", "2013-12-31": "850.00000", "2013-09-30": "689.00000", "2013-06-30": "640.00000", "2013-03-31": "677.00000", "2012-12-31": "751.00000", "2012-09-30": "597.00000", "2012-06-30": "692.00000", "2012-03-31": "570.00000", "2011-12-31": "1979.00000", "2011-09-30": "491.00000", "2011-06-30": "283.00000", "2011-03-31": "476.00000", "2010-12-31": "559.22600", "2010-09-30": "431.92900", "2010-06-30": "412.19200", "2010-03-31": "397.65300", "2009-12-31": "1354.90600", "2009-09-30": "349.73600", "2009-06-30": "327.34200", "2009-03-31": "357.11300", "2008-12-31": "367.19200", "2008-09-30": "492.21900", "2008-06-30": "460.34500", "2008-03-31": "459.71800", "2007-12-31": "530.88600", "2007-09-30": "-935.63500", "2007-06-30": "375.82400", "2007-03-31": "377.17600", "2006-12-31": "346.46700", "2006-09-30": "280.89600", "2006-06-30": "249.99400", "2006-03-31": "248.28200", "2005-12-31": "279.22100", "2005-09-30": "254.97100", "2005-06-30": "291.56000", "2005-03-31": "256.29100"}, "EBITDA": {"2020-12-31": "720.00000", "2020-09-30": "831.00000", "2020-06-30": "993.00000", "2020-03-31": "776.00000", "2019-12-31": "457.00000", "2019-09-30": "552.00000", "2019-06-30": "726.00000", "2019-03-31": "755.00000", "2018-12-31": "322.00000", "2018-09-30": "731.00000", "2018-06-30": "576.00000", "2018-03-31": "758.00000", "2017-12-31": "835.00000", "2017-09-30": "747.00000", "2017-06-30": "648.00000", "2017-03-31": "710.00000", "2016-12-31": "814.00000", "2016-09-30": "714.00000", "2016-06-30": "698.00000", "2016-03-31": "781.00000", "2015-12-31": "833.00000", "2015-09-30": "760.00000", "2015-06-30": "602.00000", "2015-03-31": "689.00000", "2014-12-31": "895.00000", "2014-09-30": "499.00000", "2014-06-30": "1087.00000", "2014-03-31": "1260.00000", "2013-12-31": "649.00000", "2013-09-30": "1156.00000", "2013-06-30": "1097.00000", "2013-03-31": "1129.00000", "2012-12-31": "1192.00000", "2012-09-30": "978.00000", "2012-06-30": "985.00000", "2012-03-31": "934.00000", "2011-12-31": "1025.00000", "2011-09-30": "803.00000", "2011-06-30": "727.00000", "2011-03-31": "758.00000", "2010-12-31": "782.47300", "2010-09-30": "684.51400", "2010-06-30": "672.38200", "2010-03-31": "676.63070", "2009-12-31": "380.15610", "2009-09-30": "658.00920", "2009-06-30": "609.49400", "2009-03-31": "620.05300", "2008-12-31": "655.35940", "2008-09-30": "702.65300", "2008-06-30": "718.72600", "2008-03-31": "718.75680", "2007-12-31": "785.87010", "2007-09-30": "604.96510", "2007-06-30": "603.62790", "2007-03-31": "611.27590", "2006-12-31": "593.50120", "2006-09-30": "474.25700", "2006-06-30": "453.84010", "2006-03-31": "445.91000", "2005-12-31": "491.70900", "2005-09-30": "448.63800", "2005-06-30": "460.69490", "2005-03-31": "418.83000"}, "EBIT": {"2020-12-31": "582.00000", "2020-09-30": "679.00000", "2020-06-30": "821.00000", "2020-03-31": "629.00000", "2019-12-31": "302.00000", "2019-09-30": "408.00000", "2019-06-30": "558.00000", "2019-03-31": "593.00000", "2018-12-31": "211.00000", "2018-09-30": "556.00000", "2018-06-30": "406.00000", "2018-03-31": "579.00000", "2017-12-31": "663.00000", "2017-09-30": "574.00000", "2017-06-30": "480.00000", "2017-03-31": "547.00000", "2016-12-31": "638.00000", "2016-09-30": "542.00000", "2016-06-30": "531.00000", "2016-03-31": "614.00000", "2015-12-31": "662.00000", "2015-09-30": "578.00000", "2015-06-30": "428.00000", "2015-03-31": "529.00000", "2014-12-31": "731.00000", "2014-09-30": "596.00000", "2014-06-30": "854.00000", "2014-03-31": "878.00000", "2013-12-31": "1022.00000", "2013-09-30": "799.00000", "2013-06-30": "750.00000", "2013-03-31": "800.00000", "2012-12-31": "874.00000", "2012-09-30": "667.00000", "2012-06-30": "695.00000", "2012-03-31": "653.00000", "2011-12-31": "752.00000", "2011-09-30": "537.00000", "2011-06-30": "519.00000", "2011-03-31": "565.00000", "2010-12-31": "590.65030", "2010-09-30": "490.17600", "2010-06-30": "484.56490", "2010-03-31": "488.60880", "2009-12-31": "179.37190", "2009-09-30": "442.94120", "2009-06-30": "411.68900", "2009-03-31": "422.76400", "2008-12-31": "453.46290", "2008-09-30": "524.07500", "2008-06-30": "545.36690", "2008-03-31": "552.77690", "2007-12-31": "626.13980", "2007-09-30": "-937.69290", "2007-06-30": "456.90590", "2007-03-31": "467.82690", "2006-12-31": "449.88500", "2006-09-30": "339.03300", "2006-06-30": "311.41410", "2006-03-31": "322.62400", "2005-12-31": "370.41110", "2005-09-30": "356.73600", "2005-06-30": "378.98600", "2005-03-31": "335.57400"}, "Basic Shares Outstanding": {"2020-12-31": "710.00000", "2020-09-30": "696.00000", "2020-06-30": "703.00000", "2020-03-31": "753.00000", "2019-12-31": "849.00000", "2019-09-30": "830.00000", "2019-06-30": "860.00000", "2019-03-31": "900.00000", "2018-12-31": "980.00000", "2018-09-30": "974.00000", "2018-06-30": "992.00000", "2018-03-31": "1010.00000", "2017-12-31": "1064.00000", "2017-09-30": "1062.00000", "2017-06-30": "1076.00000", "2017-03-31": "1083.00000", "2016-12-31": "1133.00000", "2016-09-30": "1126.00000", "2016-06-30": "1144.00000", "2016-03-31": "1159.00000", "2015-12-31": "1191.00000", "2015-09-30": "1210.00000", "2015-06-30": "1217.00000", "2015-03-31": "1216.00000", "2014-12-31": "1230.00000", "2014-09-30": "1242.00000", "2014-06-30": "1258.00000", "2014-03-31": "1276.00000", "2013-12-31": "1295.00000", "2013-09-30": "1295.00000", "2013-06-30": "1297.00000", "2013-03-31": "1295.00000", "2012-12-31": "1294.00000", "2012-09-30": "1292.00000", "2012-06-30": "1291.00000", "2012-03-31": "1288.00000", "2011-12-31": "1293.00000", "2011-09-30": "1290.00000", "2011-06-30": "1297.00000", "2011-03-31": "1297.00000", "2010-12-31": "1306.00000", "2010-09-30": "1308.88800", "2010-06-30": "1310.04200", "2010-03-31": "1301.24800", "2009-12-31": "1289.84800", "2009-09-30": "1293.51100", "2009-06-30": "1288.81500", "2009-03-31": "1283.81000", "2008-12-31": "1303.45400", "2008-09-30": "1288.93700", "2008-06-30": "1312.00700", "2008-03-31": "1333.79100", "2007-12-31": "1358.79700", "2007-09-30": "1354.78600", "2007-06-30": "1361.04600", "2007-03-31": "1366.91500", "2006-12-31": "1399.25100", "2006-09-30": "1406.38200", "2006-06-30": "1411.92500", "2006-03-31": "1406.30900", "2005-12-31": "1361.70800", "2005-09-30": "1357.23900", "2005-06-30": "1351.37500", "2005-03-31": "1343.44200"}, "Shares Outstanding": {"2020-12-31": "718.00000", "2020-09-30": "708.00000", "2020-06-30": "711.00000", "2020-03-31": "757.00000", "2019-12-31": "856.00000", "2019-09-30": "837.00000", "2019-06-30": "867.00000", "2019-03-31": "908.00000", "2018-12-31": "991.00000", "2018-09-30": "983.00000", "2018-06-30": "1004.00000", "2018-03-31": "1029.00000", "2017-12-31": "1064.00000", "2017-09-30": "1078.00000", "2017-06-30": "1091.00000", "2017-03-31": "1102.00000", "2016-12-31": "1144.00000", "2016-09-30": "1139.00000", "2016-06-30": "1149.00000", "2016-03-31": "1170.00000", "2015-12-31": "1204.00000", "2015-09-30": "1223.00000", "2015-06-30": "1225.00000", "2015-03-31": "1229.00000", "2014-12-31": "1241.00000", "2014-09-30": "1251.00000", "2014-06-30": "1267.00000", "2014-03-31": "1276.00000", "2013-12-31": "1310.00000", "2013-09-30": "1310.00000", "2013-06-30": "1313.00000", "2013-03-31": "1319.00000", "2012-12-31": "1318.00000", "2012-09-30": "1314.00000", "2012-06-30": "1309.00000", "2012-03-31": "1308.00000", "2011-12-31": "1313.00000", "2011-09-30": "1309.00000", "2011-06-30": "1315.00000", "2011-03-31": "1320.00000", "2010-12-31": "1327.00000", "2010-09-30": "1328.41500", "2010-06-30": "1329.61800", "2010-03-31": "1326.02100", "2009-12-31": "1304.98100", "2009-09-30": "1311.27400", "2009-06-30": "1300.43400", "2009-03-31": "1287.81400", "2008-12-31": "1312.60800", "2008-09-30": "1297.48400", "2008-06-30": "1325.13600", "2008-03-31": "1343.98900", "2007-12-31": "1376.17400", "2007-09-30": "1354.78600", "2007-06-30": "1378.69700", "2007-03-31": "1384.28700", "2006-12-31": "1425.47200", "2006-09-30": "1426.11200", "2006-06-30": "1435.75700", "2006-03-31": "1437.58100", "2005-12-31": "1393.87500", "2005-09-30": "1387.03800", "2005-06-30": "1379.08800", "2005-03-31": "1382.15000"}, "Basic EPS": {"2020-12-31": "1.44000", "2020-09-30": "0.95000", "2020-06-30": "1.06000", "2020-03-31": "4.53000", "2019-12-31": "0.68000", "2019-09-30": "0.37000", "2019-06-30": "0.47000", "2019-03-31": "0.58000", "2018-12-31": "0.80000", "2018-09-30": "0.74000", "2018-06-30": "0.64000", "2018-03-31": "0.40000", "2017-12-31": "-2.43000", "2017-09-30": "0.49000", "2017-06-30": "0.03000", "2017-03-31": "0.96000", "2016-12-31": "5.24000", "2016-09-30": "0.37000", "2016-06-30": "0.38000", "2016-03-31": "0.42000", "2015-12-31": "0.40000", "2015-09-30": "0.45000", "2015-06-30": "0.07000", "2015-03-31": "0.51000", "2014-12-31": "0.83000", "2014-09-30": "0.54000", "2014-06-30": "0.54000", "2014-03-31": "-1.82000", "2013-12-31": "0.66000", "2013-09-30": "0.53000", "2013-06-30": "0.49000", "2013-03-31": "0.52000", "2012-12-31": "0.58000", "2012-09-30": "0.46000", "2012-06-30": "0.54000", "2012-03-31": "0.44000", "2011-12-31": "1.53000", "2011-09-30": "0.38000", "2011-06-30": "0.22000", "2011-03-31": "0.37000", "2010-12-31": "0.43000", "2010-09-30": "0.33000", "2010-06-30": "0.31000", "2010-03-31": "0.31000", "2009-12-31": "1.05000", "2009-09-30": "0.27000", "2009-06-30": "0.25000", "2009-03-31": "0.28000", "2008-12-31": "0.30000", "2008-09-30": "0.38000", "2008-06-30": "0.35000", "2008-03-31": "0.34000", "2007-12-31": "0.39000", "2007-09-30": "-0.69000", "2007-06-30": "0.28000", "2007-03-31": "0.28000", "2006-12-31": "0.24000", "2006-09-30": "0.20000", "2006-06-30": "0.18000", "2006-03-31": "0.18000", "2005-12-31": "0.19000", "2005-09-30": "0.19000", "2005-06-30": "0.22000", "2005-03-31": "0.19000"}, "EPS - Earnings Per Share": {"2020-12-31": "1.39000", "2020-09-30": "0.94000", "2020-06-30": "1.05000", "2020-03-31": "4.51000", "2019-12-31": "0.69000", "2019-09-30": "0.37000", "2019-06-30": "0.46000", "2019-03-31": "0.57000", "2018-12-31": "0.78000", "2018-09-30": "0.73000", "2018-06-30": "0.64000", "2018-03-31": "0.40000", "2017-12-31": "-2.40000", "2017-09-30": "0.48000", "2017-06-30": "0.03000", "2017-03-31": "0.94000", "2016-12-31": "5.20000", "2016-09-30": "0.36000", "2016-06-30": "0.38000", "2016-03-31": "0.41000", "2015-12-31": "0.39000", "2015-09-30": "0.45000", "2015-06-30": "0.07000", "2015-03-31": "0.51000", "2014-12-31": "0.82000", "2014-09-30": "0.54000", "2014-06-30": "0.53000", "2014-03-31": "-1.82000", "2013-12-31": "0.65000", "2013-09-30": "0.53000", "2013-06-30": "0.49000", "2013-03-31": "0.51000", "2012-12-31": "0.57000", "2012-09-30": "0.45000", "2012-06-30": "0.53000", "2012-03-31": "0.44000", "2011-12-31": "1.51000", "2011-09-30": "0.37000", "2011-06-30": "0.22000", "2011-03-31": "0.36000", "2010-12-31": "0.42000", "2010-09-30": "0.33000", "2010-06-30": "0.31000", "2010-03-31": "0.30000", "2009-12-31": "1.03000", "2009-09-30": "0.27000", "2009-06-30": "0.25000", "2009-03-31": "0.28000", "2008-12-31": "0.29000", "2008-09-30": "0.38000", "2008-06-30": "0.35000", "2008-03-31": "0.34000", "2007-12-31": "0.40000", "2007-09-30": "-0.69000", "2007-06-30": "0.27000", "2007-03-31": "0.27000", "2006-12-31": "0.25000", "2006-09-30": "0.20000", "2006-06-30": "0.17000", "2006-03-31": "0.17000", "2005-12-31": "0.20000", "2005-09-30": "0.18000", "2005-06-30": "0.21000", "2005-03-31": "0.19000"}}, "balance sheet": {"Cash On Hand": {"2020-12-31": "3826.00000", "2019-12-31": "2751.00000", "2018-12-31": "4915.00000", "2017-12-31": "5863.00000", "2016-12-31": "7149.00000", "2015-12-31": "6131.00000", "2014-12-31": "7835.00000", "2013-12-31": "9025.00000", "2012-12-31": "9408.00000", "2011-12-31": "5929.00000", "2010-12-31": "6622.81400", "2009-12-31": "4943.80400", "2008-12-31": "3352.66200", "2007-12-31": "4897.45500", "2006-12-31": "3217.63300", "2005-12-31": "2117.93200"}, "Receivables": {"2020-12-31": "412.00000", "2019-12-31": "555.00000", "2018-12-31": "712.00000", "2017-12-31": "696.00000", "2016-12-31": "592.00000", "2015-12-31": "619.00000", "2014-12-31": "600.00000", "2013-12-31": "12948.00000", "2012-12-31": "11076.00000", "2011-12-31": "6151.00000", "2010-12-31": "3005.09700", "2009-12-31": "2565.45200", "2008-12-31": "1903.15900", "2007-12-31": "1994.13500", "2006-12-31": "792.49200", "2005-12-31": "578.07000"}, "Inventory": {"2020-12-31": "", "2019-12-31": "", "2018-12-31": "", "2017-12-31": "", "2016-12-31": "", "2015-12-31": "", "2014-12-31": "", "2013-12-31": "", "2012-12-31": "", "2011-12-31": "", "2010-12-31": "", "2009-12-31": "", "2008-12-31": "", "2007-12-31": "", "2006-12-31": "", "2005-12-31": ""}, "Pre-Paid Expenses": {"2020-12-31": "", "2019-12-31": "", "2018-12-31": "", "2017-12-31": "", "2016-12-31": "", "2015-12-31": "", "2014-12-31": "", "2013-12-31": "", "2012-12-31": "", "2011-12-31": "", "2010-12-31": "", "2009-12-31": "", "2008-12-31": "", "2007-12-31": "", "2006-12-31": "", "2005-12-31": ""}, "Other Current Assets": {"2020-12-31": "2952.00000", "2019-12-31": "1259.00000", "2018-12-31": "1499.00000", "2017-12-31": "1185.00000", "2016-12-31": "1134.00000", "2015-12-31": "1154.00000", "2014-12-31": "1048.00000", "2013-12-31": "1310.00000", "2012-12-31": "914.00000", "2011-12-31": "581.00000", "2010-12-31": "481.23800", "2009-12-31": "328.10600", "2008-12-31": "460.69800", "2007-12-31": "230.91500", "2006-12-31": "960.46100", "2005-12-31": "487.23500"}, "Total Current Assets": {"2020-12-31": "7190.00000", "2019-12-31": "4706.00000", "2018-12-31": "7126.00000", "2017-12-31": "7744.00000", "2016-12-31": "8875.00000", "2015-12-31": "7904.00000", "2014-12-31": "26531.00000", "2013-12-31": "23283.00000", "2012-12-31": "21398.00000", "2011-12-31": "12661.00000", "2010-12-31": "11065.34000", "2009-12-31": "8460.20800", "2008-12-31": "6286.59000", "2007-12-31": "7122.50500", "2006-12-31": "4970.58600", "2005-12-31": "3183.23700"}, "Property, Plant, And Equipment": {"2020-12-31": "1358.00000", "2019-12-31": "1460.00000", "2018-12-31": "1597.00000", "2017-12-31": "1597.00000", "2016-12-31": "1516.00000", "2015-12-31": "1554.00000", "2014-12-31": "1486.00000", "2013-12-31": "2760.00000", "2012-12-31": "2491.00000", "2011-12-31": "1986.00000", "2010-12-31": "1523.33300", "2009-12-31": "1314.32800", "2008-12-31": "1198.71400", "2007-12-31": "1120.45200", "2006-12-31": "998.19600", "2005-12-31": "801.60200"}, "Long-Term Investments": {"2020-12-31": "833.00000", "2019-12-31": "1275.00000", "2018-12-31": "3778.00000", "2017-12-31": "6331.00000", "2016-12-31": "3969.00000", "2015-12-31": "3391.00000", "2014-12-31": "5736.00000", "2013-12-31": "4971.00000", "2012-12-31": "3044.00000", "2011-12-31": "2453.00000", "2010-12-31": "2492.01200", "2009-12-31": "1381.76500", "2008-12-31": "106.17800", "2007-12-31": "138.23700", "2006-12-31": "277.85300", "2005-12-31": "825.66700"}, "Goodwill And Intangible Assets": {"2020-12-31": "4687.00000", "2019-12-31": "4572.00000", "2018-12-31": "5252.00000", "2017-12-31": "4842.00000", "2016-12-31": "4603.00000", "2015-12-31": "4541.00000", "2014-12-31": "4804.00000", "2013-12-31": "10208.00000", "2012-12-31": "9665.00000", "2011-12-31": "9771.00000", "2010-12-31": "6733.87400", "2009-12-31": "6910.89800", "2008-12-31": "7761.53200", "2007-12-31": "6853.19100", "2006-12-31": "7227.25500", "2005-12-31": "6943.35900"}, "Other Long-Term Assets": {"2020-12-31": "1196.00000", "2019-12-31": "1292.00000", "2018-12-31": "274.00000", "2017-12-31": "273.00000", "2016-12-31": "276.00000", "2015-12-31": "365.00000", "2014-12-31": "207.00000", "2013-12-31": "266.00000", "2012-12-31": "476.00000", "2011-12-31": "449.00000", "2010-12-31": "189.20500", "2009-12-31": "341.12100", "2008-12-31": "239.42500", "2007-12-31": "131.65200", "2006-12-31": "20.12100", "2005-12-31": "35.12100"}, "Total Long-Term Assets": {"2020-12-31": "12120.00000", "2019-12-31": "13468.00000", "2018-12-31": "15693.00000", "2017-12-31": "18242.00000", "2016-12-31": "14972.00000", "2015-12-31": "9851.00000", "2014-12-31": "18601.00000", "2013-12-31": "18205.00000", "2012-12-31": "15676.00000", "2011-12-31": "14659.00000", "2010-12-31": "10938.42000", "2009-12-31": "9948.11200", "2008-12-31": "9305.84900", "2007-12-31": "8243.53200", "2006-12-31": "8523.42500", "2005-12-31": "8605.75000"}, "Total Assets": {"2020-12-31": "19310.00000", "2019-12-31": "18174.00000", "2018-12-31": "22819.00000", "2017-12-31": "25986.00000", "2016-12-31": "23847.00000", "2015-12-31": "17755.00000", "2014-12-31": "45132.00000", "2013-12-31": "41488.00000", "2012-12-31": "37074.00000", "2011-12-31": "27320.00000", "2010-12-31": "22003.76000", "2009-12-31": "18408.32000", "2008-12-31": "15592.44000", "2007-12-31": "15366.04000", "2006-12-31": "13494.01000", "2005-12-31": "11788.99000"}, "Total Current Liabilities": {"2020-12-31": "4002.00000", "2019-12-31": "4066.00000", "2018-12-31": "4454.00000", "2017-12-31": "3559.00000", "2016-12-31": "3847.00000", "2015-12-31": "2263.00000", "2014-12-31": "17531.00000", "2013-12-31": "12639.00000", "2012-12-31": "10924.00000", "2011-12-31": "6734.00000", "2010-12-31": "4516.51400", "2009-12-31": "3641.96800", "2008-12-31": "3705.08700", "2007-12-31": "3099.57900", "2006-12-31": "2518.39500", "2005-12-31": "1484.93500"}, "Long Term Debt": {"2020-12-31": "7745.00000", "2019-12-31": "7043.00000", "2018-12-31": "7685.00000", "2017-12-31": "9234.00000", "2016-12-31": "7509.00000", "2015-12-31": "6749.00000", "2014-12-31": "6777.00000", "2013-12-31": "4117.00000", "2012-12-31": "4106.00000", "2011-12-31": "1525.00000", "2010-12-31": "1494.22700", "2009-12-31": "", "2008-12-31": "", "2007-12-31": "", "2006-12-31": "", "2005-12-31": ""}, "Other Non-Current Liabilities": {"2020-12-31": "1263.00000", "2019-12-31": "1353.00000", "2018-12-31": "1474.00000", "2017-12-31": "1720.00000", "2016-12-31": "499.00000", "2015-12-31": "75.00000", "2014-12-31": "79.00000", "2013-12-31": "244.00000", "2012-12-31": "207.00000", "2011-12-31": "58.00000", "2010-12-31": "45.38500", "2009-12-31": "49.56100", "2008-12-31": "49.52900", "2007-12-31": "51.29900", "2006-12-31": "39.20000", "2005-12-31": "40.38800"}, "Total Long Term Liabilities": {"2020-12-31": "11747.00000", "2019-12-31": "11238.00000", "2018-12-31": "12084.00000", "2017-12-31": "14378.00000", "2016-12-31": "9461.00000", "2015-12-31": "8916.00000", "2014-12-31": "7695.00000", "2013-12-31": "5202.00000", "2012-12-31": "5285.00000", "2011-12-31": "2656.00000", "2010-12-31": "2185.06900", "2009-12-31": "978.70400", "2008-12-31": "803.49400", "2007-12-31": "561.85600", "2006-12-31": "70.98400", "2005-12-31": "256.07000"}, "Total Liabilities": {"2020-12-31": "15749.00000", "2019-12-31": "15304.00000", "2018-12-31": "16538.00000", "2017-12-31": "17937.00000", "2016-12-31": "13308.00000", "2015-12-31": "11179.00000", "2014-12-31": "25226.00000", "2013-12-31": "17841.00000", "2012-12-31": "16209.00000", "2011-12-31": "9390.00000", "2010-12-31": "6701.58300", "2009-12-31": "4620.67200", "2008-12-31": "4508.58100", "2007-12-31": "3661.43500", "2006-12-31": "2589.37900", "2005-12-31": "1741.00500"}, "Common Stock Net": {"2020-12-31": "2.00000", "2019-12-31": "2.00000", "2018-12-31": "2.00000", "2017-12-31": "2.00000", "2016-12-31": "2.00000", "2015-12-31": "2.00000", "2014-12-31": "2.00000", "2013-12-31": "2.00000", "2012-12-31": "2.00000", "2011-12-31": "2.00000", "2010-12-31": "1.51300", "2009-12-31": "1.48600", "2008-12-31": "1.47000", "2007-12-31": "1.45800", "2006-12-31": "1.43100", "2005-12-31": "1.41200"}, "Retained Earnings (Accumulated Deficit)": {"2020-12-31": "22961.00000", "2019-12-31": "17754.00000", "2018-12-31": "16459.00000", "2017-12-31": "13929.00000", "2016-12-31": "14959.00000", "2015-12-31": "7713.00000", "2014-12-31": "18900.00000", "2013-12-31": "18854.00000", "2012-12-31": "15998.00000", "2011-12-31": "13389.00000", "2010-12-31": "10160.08000", "2009-12-31": "8359.11700", "2008-12-31": "5970.02000", "2007-12-31": "4190.54600", "2006-12-31": "3842.15000", "2005-12-31": "2716.51100"}, "Comprehensive Income": {"2020-12-31": "616.00000", "2019-12-31": "384.00000", "2018-12-31": "498.00000", "2017-12-31": "717.00000", "2016-12-31": "-124.00000", "2015-12-31": "526.00000", "2014-12-31": "1171.00000", "2013-12-31": "1156.00000", "2012-12-31": "856.00000", "2011-12-31": "549.00000", "2010-12-31": "751.31400", "2009-12-31": "818.10400", "2008-12-31": "903.48500", "2007-12-31": "1701.27600", "2006-12-31": "696.19700", "2005-12-31": "103.13000"}, "Other Share Holders Equity": {"2020-12-31": "", "2019-12-31": "", "2018-12-31": "", "2017-12-31": "", "2016-12-31": "", "2015-12-31": "", "2014-12-31": "", "2013-12-31": "", "2012-12-31": "", "2011-12-31": "", "2010-12-31": "", "2009-12-31": "", "2008-12-31": "", "2007-12-31": "", "2006-12-31": "", "2005-12-31": ""}, "Share Holder Equity": {"2020-12-31": "3561.00000", "2019-12-31": "2870.00000", "2018-12-31": "6281.00000", "2017-12-31": "8049.00000", "2016-12-31": "10539.00000", "2015-12-31": "6576.00000", "2014-12-31": "19906.00000", "2013-12-31": "23647.00000", "2012-12-31": "20865.00000", "2011-12-31": "17930.00000", "2010-12-31": "15302.18000", "2009-12-31": "13787.65000", "2008-12-31": "11083.86000", "2007-12-31": "11704.60000", "2006-12-31": "10904.63000", "2005-12-31": "10047.98000"}, "Total Liabilities And Share Holders Equity": {"2020-12-31": "19310.00000", "2019-12-31": "18174.00000", "2018-12-31": "22819.00000", "2017-12-31": "25986.00000", "2016-12-31": "23847.00000", "2015-12-31": "17755.00000", "2014-12-31": "45132.00000", "2013-12-31": "41488.00000", "2012-12-31": "37074.00000", "2011-12-31": "27320.00000", "2010-12-31": "22003.76000", "2009-12-31": "18408.32000", "2008-12-31": "15592.44000", "2007-12-31": "15366.04000", "2006-12-31": "13494.01000", "2005-12-31": "11788.99000"}}, "balance sheet, quarterly": {"Cash On Hand": {"2020-12-31": "3826.00000", "2020-09-30": "3660.00000", "2020-06-30": "5303.00000", "2020-03-31": "4430.00000", "2019-12-31": "2751.00000", "2019-09-30": "3086.00000", "2019-06-30": "4477.00000", "2019-03-31": "4441.00000", "2018-12-31": "4915.00000", "2018-09-30": "4838.00000", "2018-06-30": "4007.00000", "2018-03-31": "4806.00000", "2017-12-31": "5863.00000", "2017-09-30": "6030.00000", "2017-06-30": "9017.00000", "2017-03-31": "6754.00000", "2016-12-31": "7149.00000", "2016-09-30": "8045.00000", "2016-06-30": "8086.00000", "2016-03-31": "8013.00000", "2015-12-31": "6131.00000", "2015-09-30": "5301.00000", "2015-06-30": "10554.00000", "2015-03-31": "9679.00000", "2014-12-31": "7835.00000", "2014-09-30": "10391.00000", "2014-06-30": "7369.00000", "2014-03-31": "7844.00000", "2013-12-31": "9025.00000", "2013-09-30": "10271.00000", "2013-06-30": "10436.00000", "2013-03-31": "9402.00000", "2012-12-31": "9408.00000", "2012-09-30": "9135.00000", "2012-06-30": "5754.00000", "2012-03-31": "5871.00000", "2011-12-31": "5929.00000", "2011-09-30": "4012.87400", "2011-06-30": "4396.92600", "2011-03-31": "6764.60800", "2010-12-31": "6622.81400", "2010-09-30": "5362.52200", "2010-06-30": "4897.88200", "2010-03-31": "4527.90100", "2009-12-31": "4943.80400", "2009-09-30": "3159.30200", "2009-06-30": "3014.81900", "2009-03-31": "3237.44400", "2008-12-31": "3352.66200", "2008-09-30": "3643.85300", "2008-06-30": "4051.36400", "2008-03-31": "3987.87800", "2007-12-31": "4897.45500", "2007-09-30": "3988.69900", "2007-06-30": "3617.53900", "2007-03-31": "3299.21800", "2006-12-31": "3217.63300", "2006-09-30": "3256.99000", "2006-06-30": "3387.91600", "2006-03-31": "2735.23800", "2005-12-31": "2117.93200", "2005-09-30": "3102.63700", "2005-06-30": "2784.67700", "2005-03-31": "2046.36300"}, "Receivables": {"2020-12-31": "412.00000", "2020-09-30": "477.00000", "2020-06-30": "845.00000", "2020-03-31": "635.00000", "2019-12-31": "555.00000", "2019-09-30": "714.00000", "2019-06-30": "797.00000", "2019-03-31": "716.00000", "2018-12-31": "712.00000", "2018-09-30": "761.00000", "2018-06-30": "745.00000", "2018-03-31": "683.00000", "2017-12-31": "696.00000", "2017-09-30": "626.00000", "2017-06-30": "619.00000", "2017-03-31": "592.00000", "2016-12-31": "592.00000", "2016-09-30": "626.00000", "2016-06-30": "628.00000", "2016-03-31": "599.00000", "2015-12-31": "619.00000", "2015-09-30": "595.00000", "2015-06-30": "12014.00000", "2015-03-31": "15172.00000", "2014-12-31": "600.00000", "2014-09-30": "13879.00000", "2014-06-30": "13741.00000", "2014-03-31": "13202.00000", "2013-12-31": "12948.00000", "2013-09-30": "12279.00000", "2013-06-30": "12028.00000", "2013-03-31": "11790.00000", "2012-12-31": "11076.00000", "2012-09-30": "7293.00000", "2012-06-30": "6564.00000", "2012-03-31": "4973.00000", "2011-12-31": "6151.00000", "2011-09-30": "3890.83100", "2011-06-30": "3931.06900", "2011-03-31": "3193.88900", "2010-12-31": "3005.09700", "2010-09-30": "2902.66300", "2010-06-30": "2645.91000", "2010-03-31": "2708.57400", "2009-12-31": "2565.45200", "2009-09-30": "2413.27600", "2009-06-30": "2328.01600", "2009-03-31": "1976.80800", "2008-12-31": "1903.15900", "2008-09-30": "1992.29100", "2008-06-30": "2163.79200", "2008-03-31": "2227.84000", "2007-12-31": "1994.13500", "2007-09-30": "976.60600", "2007-06-30": "881.89100", "2007-03-31": "805.49400", "2006-12-31": "792.49200", "2006-09-30": "673.78500", "2006-06-30": "529.90300", "2006-03-31": "544.17300", "2005-12-31": "578.07000", "2005-09-30": "484.83100", "2005-06-30": "469.81200", "2005-03-31": "479.81400"}, "Inventory": {"2020-12-31": "", "2020-09-30": "", "2020-06-30": "", "2020-03-31": "", "2019-12-31": "", "2019-09-30": "", "2019-06-30": "", "2019-03-31": "", "2018-12-31": "", "2018-09-30": "", "2018-06-30": "", "2018-03-31": "", "2017-12-31": "", "2017-09-30": "", "2017-06-30": "", "2017-03-31": "", "2016-12-31": "", "2016-09-30": "", "2016-06-30": "", "2016-03-31": "", "2015-12-31": "", "2015-09-30": "", "2015-06-30": "", "2015-03-31": "", "2014-12-31": "", "2014-09-30": "", "2014-06-30": "", "2014-03-31": "", "2013-12-31": "", "2013-09-30": "", "2013-06-30": "", "2013-03-31": "", "2012-12-31": "", "2012-09-30": "", "2012-06-30": "", "2012-03-31": "", "2011-12-31": "", "2011-09-30": "", "2011-06-30": "", "2011-03-31": "", "2010-12-31": "", "2010-09-30": "", "2010-06-30": "", "2010-03-31": "", "2009-12-31": "", "2009-09-30": "", "2009-06-30": "", "2009-03-31": "", "2008-12-31": "", "2008-09-30": "", "2008-06-30": "", "2008-03-31": "", "2007-12-31": "", "2007-09-30": "", "2007-06-30": "", "2007-03-31": "", "2006-12-31": "", "2006-09-30": "", "2006-06-30": "", "2006-03-31": "", "2005-12-31": "", "2005-09-30": "", "2005-06-30": "", "2005-03-31": ""}, "Pre-Paid Expenses": {"2020-12-31": "", "2020-09-30": "", "2020-06-30": "", "2020-03-31": "", "2019-12-31": "", "2019-09-30": "", "2019-06-30": "", "2019-03-31": "", "2018-12-31": "", "2018-09-30": "", "2018-06-30": "", "2018-03-31": "", "2017-12-31": "", "2017-09-30": "", "2017-06-30": "", "2017-03-31": "", "2016-12-31": "", "2016-09-30": "", "2016-06-30": "", "2016-03-31": "", "2015-12-31": "", "2015-09-30": "", "2015-06-30": "", "2015-03-31": "", "2014-12-31": "", "2014-09-30": "", "2014-06-30": "", "2014-03-31": "", "2013-12-31": "", "2013-09-30": "", "2013-06-30": "", "2013-03-31": "", "2012-12-31": "", "2012-09-30": "", "2012-06-30": "", "2012-03-31": "", "2011-12-31": "", "2011-09-30": "", "2011-06-30": "", "2011-03-31": "", "2010-12-31": "", "2010-09-30": "", "2010-06-30": "", "2010-03-31": "", "2009-12-31": "", "2009-09-30": "", "2009-06-30": "", "2009-03-31": "", "2008-12-31": "", "2008-09-30": "", "2008-06-30": "", "2008-03-31": "", "2007-12-31": "", "2007-09-30": "", "2007-06-30": "", "2007-03-31": "", "2006-12-31": "", "2006-09-30": "", "2006-06-30": "", "2006-03-31": "", "2005-12-31": "", "2005-09-30": "", "2005-06-30": "", "2005-03-31": ""}, "Other Current Assets": {"2020-12-31": "2952.00000", "2020-09-30": "2602.00000", "2020-06-30": "1246.00000", "2020-03-31": "1183.00000", "2019-12-31": "1259.00000", "2019-09-30": "1409.00000", "2019-06-30": "1570.00000", "2019-03-31": "1508.00000", "2018-12-31": "1499.00000", "2018-09-30": "1364.00000", "2018-06-30": "1432.00000", "2018-03-31": "1274.00000", "2017-12-31": "1185.00000", "2017-09-30": "1202.00000", "2017-06-30": "1270.00000", "2017-03-31": "1147.00000", "2016-12-31": "1134.00000", "2016-09-30": "1112.00000", "2016-06-30": "1200.00000", "2016-03-31": "1091.00000", "2015-12-31": "1154.00000", "2015-09-30": "2384.00000", "2015-06-30": "2829.00000", "2015-03-31": "1663.00000", "2014-12-31": "1048.00000", "2014-09-30": "1384.00000", "2014-06-30": "1268.00000", "2014-03-31": "1313.00000", "2013-12-31": "1310.00000", "2013-09-30": "926.00000", "2013-06-30": "982.00000", "2013-03-31": "1144.00000", "2012-12-31": "914.00000", "2012-09-30": "982.00000", "2012-06-30": "960.00000", "2012-03-31": "728.00000", "2011-12-31": "581.00000", "2011-09-30": "671.77000", "2011-06-30": "493.21000", "2011-03-31": "603.71600", "2010-12-31": "481.23800", "2010-09-30": "463.76100", "2010-06-30": "484.20500", "2010-03-31": "445.69500", "2009-12-31": "328.10600", "2009-09-30": "389.20000", "2009-06-30": "399.95500", "2009-03-31": "439.21400", "2008-12-31": "460.69800", "2008-09-30": "372.20200", "2008-06-30": "305.23100", "2008-03-31": "242.27600", "2007-12-31": "230.91500", "2007-09-30": "1396.44600", "2007-06-30": "980.94600", "2007-03-31": "994.89700", "2006-12-31": "960.46100", "2006-09-30": "843.90800", "2006-06-30": "628.41000", "2006-03-31": "620.83200", "2005-12-31": "487.23500", "2005-09-30": "403.52500", "2005-06-30": "435.33900", "2005-03-31": "421.87500"}, "Total Current Assets": {"2020-12-31": "7190.00000", "2020-09-30": "6739.00000", "2020-06-30": "7394.00000", "2020-03-31": "6248.00000", "2019-12-31": "4706.00000", "2019-09-30": "5209.00000", "2019-06-30": "6844.00000", "2019-03-31": "6665.00000", "2018-12-31": "7126.00000", "2018-09-30": "6963.00000", "2018-06-30": "6184.00000", "2018-03-31": "6763.00000", "2017-12-31": "7744.00000", "2017-09-30": "7858.00000", "2017-06-30": "10906.00000", "2017-03-31": "8493.00000", "2016-12-31": "8875.00000", "2016-09-30": "9783.00000", "2016-06-30": "9914.00000", "2016-03-31": "9703.00000", "2015-12-31": "7904.00000", "2015-09-30": "8280.00000", "2015-06-30": "28549.00000", "2015-03-31": "26514.00000", "2014-12-31": "26531.00000", "2014-09-30": "25654.00000", "2014-06-30": "22378.00000", "2014-03-31": "22359.00000", "2013-12-31": "23283.00000", "2013-09-30": "23476.00000", "2013-06-30": "23446.00000", "2013-03-31": "22336.00000", "2012-12-31": "21398.00000", "2012-09-30": "17410.00000", "2012-06-30": "13278.00000", "2012-03-31": "13089.00000", "2011-12-31": "12661.00000", "2011-09-30": "9762.34500", "2011-06-30": "9861.09200", "2011-03-31": "11514.83000", "2010-12-31": "11065.34000", "2010-09-30": "9454.52800", "2010-06-30": "8675.31300", "2010-03-31": "8277.43800", "2009-12-31": "8460.20800", "2009-09-30": "6473.58700", "2009-06-30": "6249.90000", "2009-03-31": "6161.03400", "2008-12-31": "6286.59000", "2008-09-30": "6008.34600", "2008-06-30": "6520.38700", "2008-03-31": "6457.99400", "2007-12-31": "7122.50500", "2007-09-30": "6361.75100", "2007-06-30": "5480.37600", "2007-03-31": "5099.60900", "2006-12-31": "4970.58600", "2006-09-30": "4774.68300", "2006-06-30": "4546.22900", "2006-03-31": "3900.24300", "2005-12-31": "3183.23700", "2005-09-30": "3990.99300", "2005-06-30": "3689.82800", "2005-03-31": "2948.05200"}, "Property, Plant, And Equipment": {"2020-12-31": "1358.00000", "2020-09-30": "1301.00000", "2020-06-30": "1364.00000", "2020-03-31": "1409.00000", "2019-12-31": "1460.00000", "2019-09-30": "1516.00000", "2019-06-30": "1573.00000", "2019-03-31": "1582.00000", "2018-12-31": "1597.00000", "2018-09-30": "1580.00000", "2018-06-30": "1576.00000", "2018-03-31": "1548.00000", "2017-12-31": "1597.00000", "2017-09-30": "1546.00000", "2017-06-30": "1538.00000", "2017-03-31": "1496.00000", "2016-12-31": "1516.00000", "2016-09-30": "1526.00000", "2016-06-30": "1502.00000", "2016-03-31": "1497.00000", "2015-12-31": "1554.00000", "2015-09-30": "1535.00000", "2015-06-30": "2781.00000", "2015-03-31": "2947.00000", "2014-12-31": "1486.00000", "2014-09-30": "2825.00000", "2014-06-30": "2685.00000", "2014-03-31": "2686.00000", "2013-12-31": "2760.00000", "2013-09-30": "2763.00000", "2013-06-30": "2697.00000", "2013-03-31": "2575.00000", "2012-12-31": "2491.00000", "2012-09-30": "2393.00000", "2012-06-30": "2238.00000", "2012-03-31": "2109.00000", "2011-12-31": "1986.00000", "2011-09-30": "1859.19000", "2011-06-30": "1727.08100", "2011-03-31": "1547.94300", "2010-12-31": "1523.33300", "2010-09-30": "1466.04700", "2010-06-30": "1429.21000", "2010-03-31": "1346.85000", "2009-12-31": "1314.32800", "2009-09-30": "1293.77500", "2009-06-30": "1254.76900", "2009-03-31": "1197.42000", "2008-12-31": "1198.71400", "2008-09-30": "1215.46900", "2008-06-30": "1124.52700", "2008-03-31": "1135.76500", "2007-12-31": "1120.45200", "2007-09-30": "1059.60700", "2007-06-30": "1032.67300", "2007-03-31": "1035.71400", "2006-12-31": "998.19600", "2006-09-30": "999.21400", "2006-06-30": "942.43700", "2006-03-31": "860.49300", "2005-12-31": "801.60200", "2005-09-30": "762.41300", "2005-06-30": "745.25700", "2005-03-31": "693.46000"}, "Long-Term Investments": {"2020-12-31": "833.00000", "2020-09-30": "663.00000", "2020-06-30": "832.00000", "2020-03-31": "1077.00000", "2019-12-31": "1275.00000", "2019-09-30": "1446.00000", "2019-06-30": "1936.00000", "2019-03-31": "2969.00000", "2018-12-31": "3778.00000", "2018-09-30": "4276.00000", "2018-06-30": "5418.00000", "2018-03-31": "5919.00000", "2017-12-31": "6331.00000", "2017-09-30": "6302.00000", "2017-06-30": "4754.00000", "2017-03-31": "4540.00000", "2016-12-31": "3969.00000", "2016-09-30": "3921.00000", "2016-06-30": "3541.00000", "2016-03-31": "3370.00000", "2015-12-31": "3391.00000", "2015-09-30": "3572.00000", "2015-06-30": "5881.00000", "2015-03-31": "5647.00000", "2014-12-31": "5736.00000", "2014-09-30": "5875.00000", "2014-06-30": "6217.00000", "2014-03-31": "5211.00000", "2013-12-31": "4971.00000", "2013-09-30": "4138.00000", "2013-06-30": "2506.00000", "2013-03-31": "3172.00000", "2012-12-31": "3044.00000", "2012-09-30": "2500.00000", "2012-06-30": "2630.00000", "2012-03-31": "2861.00000", "2011-12-31": "2453.00000", "2011-09-30": "3018.59600", "2011-06-30": "3078.39800", "2011-03-31": "2715.36300", "2010-12-31": "2492.01200", "2010-09-30": "2101.40500", "2010-06-30": "1827.88600", "2010-03-31": "1977.56700", "2009-12-31": "1381.76500", "2009-09-30": "479.28500", "2009-06-30": "119.65900", "2009-03-31": "89.36100", "2008-12-31": "106.17800", "2008-09-30": "133.62900", "2008-06-30": "130.35300", "2008-03-31": "120.26300", "2007-12-31": "138.23700", "2007-09-30": "455.28100", "2007-06-30": "176.13800", "2007-03-31": "220.66200", "2006-12-31": "277.85300", "2006-09-30": "538.87500", "2006-06-30": "622.86200", "2006-03-31": "793.49700", "2005-12-31": "825.66700", "2005-09-30": "827.19100", "2005-06-30": "1064.26000", "2005-03-31": "1417.57600"}, "Goodwill And Intangible Assets": {"2020-12-31": "4687.00000", "2020-09-30": "4556.00000", "2020-06-30": "4966.00000", "2020-03-31": "4900.00000", "2019-12-31": "4572.00000", "2019-09-30": "5176.00000", "2019-06-30": "5279.00000", "2019-03-31": "5316.00000", "2018-12-31": "5252.00000", "2018-09-30": "5276.00000", "2018-06-30": "5322.00000", "2018-03-31": "4868.00000", "2017-12-31": "4842.00000", "2017-09-30": "4747.00000", "2017-06-30": "4757.00000", "2017-03-31": "4734.00000", "2016-12-31": "4603.00000", "2016-09-30": "4844.00000", "2016-06-30": "4561.00000", "2016-03-31": "4601.00000", "2015-12-31": "4541.00000", "2015-09-30": "4532.00000", "2015-06-30": "8185.00000", "2015-03-31": "9446.00000", "2014-12-31": "4804.00000", "2014-09-30": "9862.00000", "2014-06-30": "10081.00000", "2014-03-31": "10062.00000", "2013-12-31": "10208.00000", "2013-09-30": "9429.00000", "2013-06-30": "9320.00000", "2013-03-31": "9478.00000", "2012-12-31": "9665.00000", "2012-09-30": "9726.00000", "2012-06-30": "9689.00000", "2012-03-31": "9756.00000", "2011-12-31": "9771.00000", "2011-09-30": "9794.63300", "2011-06-30": "9707.53700", "2011-03-31": "7027.47500", "2010-12-31": "6733.87400", "2010-09-30": "6708.01400", "2010-06-30": "6532.07600", "2010-03-31": "6833.30900", "2009-12-31": "6910.89800", "2009-09-30": "8925.86600", "2009-06-30": "8750.45100", "2009-03-31": "7440.58000", "2008-12-31": "7761.53200", "2008-09-30": "6639.74300", "2008-06-30": "7077.40000", "2008-03-31": "7160.20100", "2007-12-31": "6853.19100", "2007-09-30": "6822.88100", "2007-06-30": "7598.50500", "2007-03-31": "7520.99600", "2006-12-31": "7227.25500", "2006-09-30": "7127.27500", "2006-06-30": "7113.98700", "2006-03-31": "6987.06300", "2005-12-31": "6943.35900", "2005-09-30": "4020.14000", "2005-06-30": "3507.33500", "2005-03-31": "3481.04100"}, "Other Long-Term Assets": {"2020-12-31": "1196.00000", "2020-09-30": "914.00000", "2020-06-30": "719.00000", "2020-03-31": "410.00000", "2019-12-31": "1292.00000", "2019-09-30": "359.00000", "2019-06-30": "399.00000", "2019-03-31": "391.00000", "2018-12-31": "274.00000", "2018-09-30": "565.00000", "2018-06-30": "436.00000", "2018-03-31": "291.00000", "2017-12-31": "273.00000", "2017-09-30": "276.00000", "2017-06-30": "286.00000", "2017-03-31": "282.00000", "2016-12-31": "276.00000", "2016-09-30": "428.00000", "2016-06-30": "475.00000", "2016-03-31": "437.00000", "2015-12-31": "365.00000", "2015-09-30": "419.00000", "2015-06-30": "262.00000", "2015-03-31": "287.00000", "2014-12-31": "207.00000", "2014-09-30": "260.00000", "2014-06-30": "279.00000", "2014-03-31": "227.00000", "2013-12-31": "266.00000", "2013-09-30": "261.00000", "2013-06-30": "581.00000", "2013-03-31": "439.00000", "2012-12-31": "476.00000", "2012-09-30": "473.00000", "2012-06-30": "423.00000", "2012-03-31": "392.00000", "2011-12-31": "449.00000", "2011-09-30": "465.77300", "2011-06-30": "459.84600", "2011-03-31": "199.25100", "2010-12-31": "189.20500", "2010-09-30": "218.06800", "2010-06-30": "283.09900", "2010-03-31": "255.01400", "2009-12-31": "341.12100", "2009-09-30": "183.85900", "2009-06-30": "191.51000", "2009-03-31": "239.39200", "2008-12-31": "239.42500", "2008-09-30": "242.97000", "2008-06-30": "168.95800", "2008-03-31": "172.08200", "2007-12-31": "131.65200", "2007-09-30": "87.29200", "2007-06-30": "73.46500", "2007-03-31": "43.07000", "2006-12-31": "20.12100", "2006-09-30": "23.07100", "2006-06-30": "24.73600", "2006-03-31": "27.23900", "2005-12-31": "35.12100", "2005-09-30": "25.30600", "2005-06-30": "26.44200", "2005-03-31": "49.02900"}, "Total Long-Term Assets": {"2020-12-31": "12120.00000", "2020-09-30": "11682.00000", "2020-06-30": "12620.00000", "2020-03-31": "12681.00000", "2019-12-31": "13468.00000", "2019-09-30": "13505.00000", "2019-06-30": "14325.00000", "2019-03-31": "15664.00000", "2018-12-31": "15693.00000", "2018-09-30": "16689.00000", "2018-06-30": "17804.00000", "2018-03-31": "17792.00000", "2017-12-31": "18242.00000", "2017-09-30": "18085.00000", "2017-06-30": "16577.00000", "2017-03-31": "16315.00000", "2016-12-31": "14972.00000", "2016-09-30": "10719.00000", "2016-06-30": "10079.00000", "2016-03-31": "9905.00000", "2015-12-31": "9851.00000", "2015-09-30": "10058.00000", "2015-06-30": "17109.00000", "2015-03-31": "18327.00000", "2014-12-31": "18601.00000", "2014-09-30": "18822.00000", "2014-06-30": "19262.00000", "2014-03-31": "18186.00000", "2013-12-31": "18205.00000", "2013-09-30": "16591.00000", "2013-06-30": "15104.00000", "2013-03-31": "15664.00000", "2012-12-31": "15676.00000", "2012-09-30": "15092.00000", "2012-06-30": "14980.00000", "2012-03-31": "15118.00000", "2011-12-31": "14659.00000", "2011-09-30": "15138.19000", "2011-06-30": "14972.86000", "2011-03-31": "11490.03000", "2010-12-31": "10938.42000", "2010-09-30": "10493.54000", "2010-06-30": "10072.27000", "2010-03-31": "10412.74000", "2009-12-31": "9948.11200", "2009-09-30": "10882.79000", "2009-06-30": "10316.39000", "2009-03-31": "8966.75200", "2008-12-31": "9305.84900", "2008-09-30": "8231.81100", "2008-06-30": "8501.23800", "2008-03-31": "8588.31200", "2007-12-31": "8243.53200", "2007-09-30": "8425.06100", "2007-06-30": "8880.78100", "2007-03-31": "8820.44200", "2006-12-31": "8523.42500", "2006-09-30": "8688.43600", "2006-06-30": "8704.02200", "2006-03-31": "8668.29200", "2005-12-31": "8605.75000", "2005-09-30": "5635.05000", "2005-06-30": "5343.29400", "2005-03-31": "5641.10600"}, "Total Assets": {"2020-12-31": "19310.00000", "2020-09-30": "18421.00000", "2020-06-30": "20014.00000", "2020-03-31": "18929.00000", "2019-12-31": "18174.00000", "2019-09-30": "18714.00000", "2019-06-30": "21169.00000", "2019-03-31": "22329.00000", "2018-12-31": "22819.00000", "2018-09-30": "23652.00000", "2018-06-30": "23988.00000", "2018-03-31": "24555.00000", "2017-12-31": "25986.00000", "2017-09-30": "25943.00000", "2017-06-30": "27483.00000", "2017-03-31": "24808.00000", "2016-12-31": "23847.00000", "2016-09-30": "20502.00000", "2016-06-30": "19993.00000", "2016-03-31": "19608.00000", "2015-12-31": "17755.00000", "2015-09-30": "18338.00000", "2015-06-30": "45658.00000", "2015-03-31": "44841.00000", "2014-12-31": "45132.00000", "2014-09-30": "44476.00000", "2014-06-30": "41640.00000", "2014-03-31": "40545.00000", "2013-12-31": "41488.00000", "2013-09-30": "40067.00000", "2013-06-30": "38550.00000", "2013-03-31": "38000.00000", "2012-12-31": "37074.00000", "2012-09-30": "32502.00000", "2012-06-30": "28258.00000", "2012-03-31": "28207.00000", "2011-12-31": "27320.00000", "2011-09-30": "24900.54000", "2011-06-30": "24833.95000", "2011-03-31": "23004.86000", "2010-12-31": "22003.76000", "2010-09-30": "19948.06000", "2010-06-30": "18747.58000", "2010-03-31": "18690.18000", "2009-12-31": "18408.32000", "2009-09-30": "17356.37000", "2009-06-30": "16566.29000", "2009-03-31": "15127.79000", "2008-12-31": "15592.44000", "2008-09-30": "14240.16000", "2008-06-30": "15021.63000", "2008-03-31": "15046.30000", "2007-12-31": "15366.04000", "2007-09-30": "14786.81000", "2007-06-30": "14361.16000", "2007-03-31": "13920.05000", "2006-12-31": "13494.01000", "2006-09-30": "13463.12000", "2006-06-30": "13250.25000", "2006-03-31": "12568.54000", "2005-12-31": "11788.99000", "2005-09-30": "9626.04300", "2005-06-30": "9033.12200", "2005-03-31": "8589.15800"}, "Total Current Liabilities": {"2020-12-31": "4002.00000", "2020-09-30": "3840.00000", "2020-06-30": "4692.00000", "2020-03-31": "4673.00000", "2019-12-31": "4066.00000", "2019-09-30": "3685.00000", "2019-06-30": "5209.00000", "2019-03-31": "4500.00000", "2018-12-31": "4454.00000", "2018-09-30": "4006.00000", "2018-06-30": "2608.00000", "2018-03-31": "2568.00000", "2017-12-31": "3559.00000", "2017-09-30": "3190.00000", "2017-06-30": "4596.00000", "2017-03-31": "4433.00000", "2016-12-31": "3847.00000", "2016-09-30": "3763.00000", "2016-06-30": "2206.00000", "2016-03-31": "2107.00000", "2015-12-31": "2263.00000", "2015-09-30": "4436.00000", "2015-06-30": "17060.00000", "2015-03-31": "17611.00000", "2014-12-31": "17531.00000", "2014-09-30": "16491.00000", "2014-06-30": "17538.00000", "2014-03-31": "15741.00000", "2013-12-31": "12639.00000", "2013-09-30": "12028.00000", "2013-06-30": "11670.00000", "2013-03-31": "11720.00000", "2012-12-31": "10924.00000", "2012-09-30": "7061.00000", "2012-06-30": "6800.00000", "2012-03-31": "6965.00000", "2011-12-31": "6734.00000", "2011-09-30": "6145.15200", "2011-06-30": "6143.27200", "2011-03-31": "4763.54900", "2010-12-31": "4516.51400", "2010-09-30": "3808.90900", "2010-06-30": "3564.26100", "2010-03-31": "3587.01100", "2009-12-31": "3641.96800", "2009-09-30": "3646.67800", "2009-06-30": "3730.36400", "2009-03-31": "3159.92400", "2008-12-31": "3705.08700", "2008-09-30": "2854.73300", "2008-06-30": "3006.23400", "2008-03-31": "3080.43200", "2007-12-31": "3099.57900", "2007-09-30": "3272.86700", "2007-06-30": "2328.64300", "2007-03-31": "2250.57100", "2006-12-31": "2518.39500", "2006-09-30": "2220.68500", "2006-06-30": "1719.40500", "2006-03-31": "1681.50800", "2005-12-31": "1484.93500", "2005-09-30": "1266.79200", "2005-06-30": "1186.81800", "2005-03-31": "1149.10600"}, "Long Term Debt": {"2020-12-31": "7745.00000", "2020-09-30": "7738.00000", "2020-06-30": "8161.00000", "2020-03-31": "7724.00000", "2019-12-31": "7043.00000", "2019-09-30": "7235.00000", "2019-06-30": "7243.00000", "2019-03-31": "7700.00000", "2018-12-31": "7685.00000", "2018-09-30": "7661.00000", "2018-06-30": "9201.00000", "2018-03-31": "9208.00000", "2017-12-31": "9234.00000", "2017-09-30": "9249.00000", "2017-06-30": "9251.00000", "2017-03-31": "6756.00000", "2016-12-31": "7509.00000", "2016-09-30": "7582.00000", "2016-06-30": "9054.00000", "2016-03-31": "9030.00000", "2015-12-31": "6749.00000", "2015-09-30": "6814.00000", "2015-06-30": "6757.00000", "2015-03-31": "6795.00000", "2014-12-31": "6777.00000", "2014-09-30": "7346.00000", "2014-06-30": "4118.00000", "2014-03-31": "4124.00000", "2013-12-31": "4117.00000", "2013-09-30": "4123.00000", "2013-06-30": "4123.00000", "2013-03-31": "4105.00000", "2012-12-31": "4106.00000", "2012-09-30": "4506.00000", "2012-06-30": "1518.00000", "2012-03-31": "1521.00000", "2011-12-31": "1525.00000", "2011-09-30": "1528.15800", "2011-06-30": "1530.21100", "2011-03-31": "1494.48200", "2010-12-31": "1494.22700", "2010-09-30": "", "2010-06-30": "", "2010-03-31": "", "2009-12-31": "", "2009-09-30": "", "2009-06-30": "", "2009-03-31": "", "2008-12-31": "", "2008-09-30": "", "2008-06-30": "", "2008-03-31": "", "2007-12-31": "", "2007-09-30": "", "2007-06-30": "", "2007-03-31": "", "2006-12-31": "", "2006-09-30": "", "2006-06-30": "", "2006-03-31": "", "2005-12-31": "", "2005-09-30": "", "2005-06-30": "", "2005-03-31": ""}, "Other Non-Current Liabilities": {"2020-12-31": "1263.00000", "2020-09-30": "1264.00000", "2020-06-30": "1264.00000", "2020-03-31": "1342.00000", "2019-12-31": "1353.00000", "2019-09-30": "1407.00000", "2019-06-30": "1408.00000", "2019-03-31": "1486.00000", "2018-12-31": "1474.00000", "2018-09-30": "1740.00000", "2018-06-30": "1743.00000", "2018-03-31": "1869.00000", "2017-12-31": "1720.00000", "2017-09-30": "64.00000", "2017-06-30": "64.00000", "2017-03-31": "66.00000", "2016-12-31": "499.00000", "2016-09-30": "70.00000", "2016-06-30": "76.00000", "2016-03-31": "74.00000", "2015-12-31": "75.00000", "2015-09-30": "85.00000", "2015-06-30": "123.00000", "2015-03-31": "129.00000", "2014-12-31": "79.00000", "2014-09-30": "120.00000", "2014-06-30": "240.00000", "2014-03-31": "243.00000", "2013-12-31": "244.00000", "2013-09-30": "235.00000", "2013-06-30": "217.00000", "2013-03-31": "231.00000", "2012-12-31": "207.00000", "2012-09-30": "77.00000", "2012-06-30": "72.00000", "2012-03-31": "66.00000", "2011-12-31": "58.00000", "2011-09-30": "56.16900", "2011-06-30": "55.79200", "2011-03-31": "49.81900", "2010-12-31": "45.38500", "2010-09-30": "50.20200", "2010-06-30": "46.85500", "2010-03-31": "49.59800", "2009-12-31": "49.56100", "2009-09-30": "51.18500", "2009-06-30": "54.66400", "2009-03-31": "47.83900", "2008-12-31": "49.52900", "2008-09-30": "51.80300", "2008-06-30": "52.53100", "2008-03-31": "52.84100", "2007-12-31": "51.29900", "2007-09-30": "48.86300", "2007-06-30": "45.19700", "2007-03-31": "42.79500", "2006-12-31": "39.20000", "2006-09-30": "37.44400", "2006-06-30": "40.55200", "2006-03-31": "39.79700", "2005-12-31": "40.38800", "2005-09-30": "33.69000", "2005-06-30": "34.48600", "2005-03-31": "34.76100"}, "Total Long Term Liabilities": {"2020-12-31": "11747.00000", "2020-09-30": "11661.00000", "2020-06-30": "12420.00000", "2020-03-31": "12141.00000", "2019-12-31": "11238.00000", "2019-09-30": "11759.00000", "2019-06-30": "11854.00000", "2019-03-31": "12626.00000", "2018-12-31": "12084.00000", "2018-09-30": "12717.00000", "2018-06-30": "14234.00000", "2018-03-31": "14391.00000", "2017-12-31": "14378.00000", "2017-09-30": "11470.00000", "2017-06-30": "11413.00000", "2017-03-31": "8780.00000", "2016-12-31": "9461.00000", "2016-09-30": "9920.00000", "2016-06-30": "11334.00000", "2016-03-31": "11184.00000", "2015-12-31": "8916.00000", "2015-09-30": "7410.00000", "2015-06-30": "8793.00000", "2015-03-31": "7692.00000", "2014-12-31": "7695.00000", "2014-09-30": "8175.00000", "2014-06-30": "5132.00000", "2014-03-31": "5195.00000", "2013-12-31": "5202.00000", "2013-09-30": "5272.00000", "2013-06-30": "5229.00000", "2013-03-31": "5168.00000", "2012-12-31": "5285.00000", "2012-09-30": "5528.00000", "2012-06-30": "2546.00000", "2012-03-31": "2533.00000", "2011-12-31": "2656.00000", "2011-09-30": "2590.05900", "2011-06-30": "2480.80000", "2011-03-31": "2296.89800", "2010-12-31": "2185.06900", "2010-09-30": "1105.20100", "2010-06-30": "1014.03200", "2010-03-31": "978.05800", "2009-12-31": "978.70400", "2009-09-30": "958.52700", "2009-06-30": "914.35300", "2009-03-31": "852.15600", "2008-12-31": "803.49400", "2008-09-30": "691.72900", "2008-06-30": "643.34500", "2008-03-31": "604.67100", "2007-12-31": "561.85600", "2007-09-30": "641.25300", "2007-06-30": "492.98500", "2007-03-31": "453.29300", "2006-12-31": "70.98400", "2006-09-30": "139.56600", "2006-06-30": "247.37400", "2006-03-31": "260.22700", "2005-12-31": "256.07000", "2005-09-30": "331.88700", "2005-06-30": "277.18300", "2005-03-31": "205.24600"}, "Total Liabilities": {"2020-12-31": "15749.00000", "2020-09-30": "15501.00000", "2020-06-30": "17112.00000", "2020-03-31": "16814.00000", "2019-12-31": "15304.00000", "2019-09-30": "15444.00000", "2019-06-30": "17063.00000", "2019-03-31": "17126.00000", "2018-12-31": "16538.00000", "2018-09-30": "16723.00000", "2018-06-30": "16842.00000", "2018-03-31": "16959.00000", "2017-12-31": "17937.00000", "2017-09-30": "14660.00000", "2017-06-30": "16009.00000", "2017-03-31": "13213.00000", "2016-12-31": "13308.00000", "2016-09-30": "13683.00000", "2016-06-30": "13540.00000", "2016-03-31": "13291.00000", "2015-12-31": "11179.00000", "2015-09-30": "11846.00000", "2015-06-30": "25853.00000", "2015-03-31": "25303.00000", "2014-12-31": "25226.00000", "2014-09-30": "24666.00000", "2014-06-30": "22670.00000", "2014-03-31": "20936.00000", "2013-12-31": "17841.00000", "2013-09-30": "17300.00000", "2013-06-30": "16899.00000", "2013-03-31": "16888.00000", "2012-12-31": "16209.00000", "2012-09-30": "12589.00000", "2012-06-30": "9346.00000", "2012-03-31": "9498.00000", "2011-12-31": "9390.00000", "2011-09-30": "8735.21100", "2011-06-30": "8624.07200", "2011-03-31": "7060.44700", "2010-12-31": "6701.58300", "2010-09-30": "4914.11000", "2010-06-30": "4578.29300", "2010-03-31": "4565.06900", "2009-12-31": "4620.67200", "2009-09-30": "4605.20500", "2009-06-30": "4644.71700", "2009-03-31": "4012.08000", "2008-12-31": "4508.58100", "2008-09-30": "3546.46200", "2008-06-30": "3649.57900", "2008-03-31": "3685.10300", "2007-12-31": "3661.43500", "2007-09-30": "3914.12000", "2007-06-30": "2821.62800", "2007-03-31": "2703.86400", "2006-12-31": "2589.37900", "2006-09-30": "2360.25100", "2006-06-30": "1966.77900", "2006-03-31": "1941.73500", "2005-12-31": "1741.00500", "2005-09-30": "1598.67900", "2005-06-30": "1464.00100", "2005-03-31": "1354.35200"}, "Common Stock Net": {"2020-12-31": "2.00000", "2020-09-30": "2.00000", "2020-06-30": "2.00000", "2020-03-31": "2.00000", "2019-12-31": "2.00000", "2019-09-30": "2.00000", "2019-06-30": "2.00000", "2019-03-31": "2.00000", "2018-12-31": "2.00000", "2018-09-30": "2.00000", "2018-06-30": "2.00000", "2018-03-31": "2.00000", "2017-12-31": "2.00000", "2017-09-30": "2.00000", "2017-06-30": "2.00000", "2017-03-31": "2.00000", "2016-12-31": "2.00000", "2016-09-30": "2.00000", "2016-06-30": "2.00000", "2016-03-31": "2.00000", "2015-12-31": "2.00000", "2015-09-30": "2.00000", "2015-06-30": "2.00000", "2015-03-31": "2.00000", "2014-12-31": "2.00000", "2014-09-30": "2.00000", "2014-06-30": "2.00000", "2014-03-31": "2.00000", "2013-12-31": "2.00000", "2013-09-30": "2.00000", "2013-06-30": "2.00000", "2013-03-31": "2.00000", "2012-12-31": "2.00000", "2012-09-30": "2.00000", "2012-06-30": "2.00000", "2012-03-31": "2.00000", "2011-12-31": "2.00000", "2011-09-30": "1.53100", "2011-06-30": "1.52800", "2011-03-31": "1.52400", "2010-12-31": "1.51300", "2010-09-30": "1.50500", "2010-06-30": "1.50000", "2010-03-31": "1.49500", "2009-12-31": "1.48600", "2009-09-30": "1.48100", "2009-06-30": "1.47800", "2009-03-31": "1.47500", "2008-12-31": "1.47000", "2008-09-30": "1.46500", "2008-06-30": "1.46400", "2008-03-31": "1.46000", "2007-12-31": "1.45800", "2007-09-30": "1.45100", "2007-06-30": "1.44100", "2007-03-31": "1.43600", "2006-12-31": "1.43100", "2006-09-30": "1.42600", "2006-06-30": "1.41500", "2006-03-31": "1.40900", "2005-12-31": "1.41200", "2005-09-30": "1.36000", "2005-06-30": "1.35400", "2005-03-31": "1.34900"}, "Retained Earnings (Accumulated Deficit)": {"2020-12-31": "22961.00000", "2020-09-30": "22230.00000", "2020-06-30": "21681.00000", "2020-03-31": "21051.00000", "2019-12-31": "17754.00000", "2019-09-30": "17315.00000", "2019-06-30": "17125.00000", "2019-03-31": "16847.00000", "2018-12-31": "16459.00000", "2018-09-30": "15699.00000", "2018-06-30": "14977.00000", "2018-03-31": "14335.00000", "2017-12-31": "13929.00000", "2017-09-30": "16544.00000", "2017-06-30": "16021.00000", "2017-03-31": "15994.00000", "2016-12-31": "14959.00000", "2016-09-30": "9036.00000", "2016-06-30": "8642.00000", "2016-03-31": "8207.00000", "2015-12-31": "7713.00000", "2015-09-30": "7255.00000", "2015-06-30": "19609.00000", "2015-03-31": "19526.00000", "2014-12-31": "18900.00000", "2014-09-30": "17877.00000", "2014-06-30": "17204.00000", "2014-03-31": "16528.00000", "2013-12-31": "18854.00000", "2013-09-30": "18004.00000", "2013-06-30": "17315.00000", "2013-03-31": "16675.00000", "2012-12-31": "15998.00000", "2012-09-30": "15248.00000", "2012-06-30": "14651.00000", "2012-03-31": "13959.00000", "2011-12-31": "13389.00000", "2011-09-30": "11409.85000", "2011-06-30": "10919.35000", "2011-03-31": "10635.94000", "2010-12-31": "10160.08000", "2010-09-30": "9600.89100", "2010-06-30": "9168.96200", "2010-03-31": "8756.77000", "2009-12-31": "8359.11700", "2009-09-30": "7004.21100", "2009-06-30": "6654.47500", "2009-03-31": "6327.13300", "2008-12-31": "5970.02000", "2008-09-30": "5602.82800", "2008-06-30": "5110.60900", "2008-03-31": "4650.26400", "2007-12-31": "4190.54600", "2007-09-30": "3659.66000", "2007-06-30": "4595.29500", "2007-03-31": "4219.47100", "2006-12-31": "3842.15000", "2006-09-30": "3495.68300", "2006-06-30": "3214.78700", "2006-03-31": "2964.79300", "2005-12-31": "2716.51100", "2005-09-30": "2437.29000", "2005-06-30": "2182.31900", "2005-03-31": "1890.75900"}, "Comprehensive Income": {"2020-12-31": "616.00000", "2020-09-30": "411.00000", "2020-06-30": "321.00000", "2020-03-31": "285.00000", "2019-12-31": "384.00000", "2019-09-30": "361.00000", "2019-06-30": "464.00000", "2019-03-31": "464.00000", "2018-12-31": "498.00000", "2018-09-30": "550.00000", "2018-06-30": "581.00000", "2018-03-31": "800.00000", "2017-12-31": "717.00000", "2017-09-30": "538.00000", "2017-06-30": "437.00000", "2017-03-31": "165.00000", "2016-12-31": "-124.00000", "2016-09-30": "1204.00000", "2016-06-30": "829.00000", "2016-03-31": "685.00000", "2015-12-31": "526.00000", "2015-09-30": "443.00000", "2015-06-30": "942.00000", "2015-03-31": "980.00000", "2014-12-31": "1171.00000", "2014-09-30": "1223.00000", "2014-06-30": "1231.00000", "2014-03-31": "1084.00000", "2013-12-31": "1156.00000", "2013-09-30": "1205.00000", "2013-06-30": "826.00000", "2013-03-31": "724.00000", "2012-12-31": "856.00000", "2012-09-30": "649.00000", "2012-06-30": "464.00000", "2012-03-31": "864.00000", "2011-12-31": "549.00000", "2011-09-30": "673.39000", "2011-06-30": "1291.10100", "2011-03-31": "1138.57000", "2010-12-31": "751.31400", "2010-09-30": "858.07400", "2010-06-30": "161.13300", "2010-03-31": "674.50000", "2009-12-31": "818.10400", "2009-09-30": "1252.63100", "2009-06-30": "865.05400", "2009-03-31": "518.63900", "2008-12-31": "903.48500", "2008-09-30": "1081.10900", "2008-06-30": "1729.58400", "2008-03-31": "1791.38700", "2007-12-31": "1701.27600", "2007-09-30": "1331.49400", "2007-06-30": "859.56100", "2007-03-31": "764.09000", "2006-12-31": "696.19700", "2006-09-30": "461.56800", "2006-06-30": "386.69700", "2006-03-31": "231.22100", "2005-12-31": "103.13000", "2005-09-30": "146.94900", "2005-06-30": "162.28500", "2005-03-31": "225.86500"}, "Other Share Holders Equity": {"2020-12-31": "", "2020-09-30": "", "2020-06-30": "", "2020-03-31": "", "2019-12-31": "", "2019-09-30": "", "2019-06-30": "", "2019-03-31": "", "2018-12-31": "", "2018-09-30": "", "2018-06-30": "", "2018-03-31": "", "2017-12-31": "", "2017-09-30": "", "2017-06-30": "", "2017-03-31": "", "2016-12-31": "", "2016-09-30": "", "2016-06-30": "", "2016-03-31": "", "2015-12-31": "", "2015-09-30": "", "2015-06-30": "", "2015-03-31": "", "2014-12-31": "", "2014-09-30": "", "2014-06-30": "", "2014-03-31": "", "2013-12-31": "", "2013-09-30": "", "2013-06-30": "", "2013-03-31": "", "2012-12-31": "", "2012-09-30": "", "2012-06-30": "", "2012-03-31": "", "2011-12-31": "", "2011-09-30": "", "2011-06-30": "", "2011-03-31": "", "2010-12-31": "", "2010-09-30": "", "2010-06-30": "", "2010-03-31": "", "2009-12-31": "", "2009-09-30": "", "2009-06-30": "", "2009-03-31": "", "2008-12-31": "", "2008-09-30": "", "2008-06-30": "", "2008-03-31": "", "2007-12-31": "", "2007-09-30": "", "2007-06-30": "", "2007-03-31": "", "2006-12-31": "", "2006-09-30": "", "2006-06-30": "", "2006-03-31": "", "2005-12-31": "", "2005-09-30": "", "2005-06-30": "", "2005-03-31": ""}, "Share Holder Equity": {"2020-12-31": "3561.00000", "2020-09-30": "2920.00000", "2020-06-30": "2902.00000", "2020-03-31": "2115.00000", "2019-12-31": "2870.00000", "2019-09-30": "3270.00000", "2019-06-30": "4106.00000", "2019-03-31": "5203.00000", "2018-12-31": "6281.00000", "2018-09-30": "6929.00000", "2018-06-30": "7146.00000", "2018-03-31": "7596.00000", "2017-12-31": "8049.00000", "2017-09-30": "11283.00000", "2017-06-30": "11474.00000", "2017-03-31": "11595.00000", "2016-12-31": "10539.00000", "2016-09-30": "6819.00000", "2016-06-30": "6453.00000", "2016-03-31": "6317.00000", "2015-12-31": "6576.00000", "2015-09-30": "6492.00000", "2015-06-30": "19805.00000", "2015-03-31": "19538.00000", "2014-12-31": "19906.00000", "2014-09-30": "19810.00000", "2014-06-30": "18970.00000", "2014-03-31": "19609.00000", "2013-12-31": "23647.00000", "2013-09-30": "22767.00000", "2013-06-30": "21651.00000", "2013-03-31": "21112.00000", "2012-12-31": "20865.00000", "2012-09-30": "19913.00000", "2012-06-30": "18912.00000", "2012-03-31": "18709.00000", "2011-12-31": "17930.00000", "2011-09-30": "16165.33000", "2011-06-30": "16209.88000", "2011-03-31": "15944.41000", "2010-12-31": "15302.18000", "2010-09-30": "15033.95000", "2010-06-30": "14169.29000", "2010-03-31": "14125.11000", "2009-12-31": "13787.65000", "2009-09-30": "12751.17000", "2009-06-30": "11921.57000", "2009-03-31": "11115.71000", "2008-12-31": "11083.86000", "2008-09-30": "10693.70000", "2008-06-30": "11372.05000", "2008-03-31": "11361.20000", "2007-12-31": "11704.60000", "2007-09-30": "10872.69000", "2007-06-30": "11539.53000", "2007-03-31": "11216.19000", "2006-12-31": "10904.63000", "2006-09-30": "11102.87000", "2006-06-30": "11283.47000", "2006-03-31": "10626.80000", "2005-12-31": "10047.98000", "2005-09-30": "8027.36400", "2005-06-30": "7569.12100", "2005-03-31": "7234.80600"}, "Total Liabilities And Share Holders Equity": {"2020-12-31": "19310.00000", "2020-09-30": "18421.00000", "2020-06-30": "20014.00000", "2020-03-31": "18929.00000", "2019-12-31": "18174.00000", "2019-09-30": "18714.00000", "2019-06-30": "21169.00000", "2019-03-31": "22329.00000", "2018-12-31": "22819.00000", "2018-09-30": "23652.00000", "2018-06-30": "23988.00000", "2018-03-31": "24555.00000", "2017-12-31": "25986.00000", "2017-09-30": "25943.00000", "2017-06-30": "27483.00000", "2017-03-31": "24808.00000", "2016-12-31": "23847.00000", "2016-09-30": "20502.00000", "2016-06-30": "19993.00000", "2016-03-31": "19608.00000", "2015-12-31": "17755.00000", "2015-09-30": "18338.00000", "2015-06-30": "45658.00000", "2015-03-31": "44841.00000", "2014-12-31": "45132.00000", "2014-09-30": "44476.00000", "2014-06-30": "41640.00000", "2014-03-31": "40545.00000", "2013-12-31": "41488.00000", "2013-09-30": "40067.00000", "2013-06-30": "38550.00000", "2013-03-31": "38000.00000", "2012-12-31": "37074.00000", "2012-09-30": "32502.00000", "2012-06-30": "28258.00000", "2012-03-31": "28207.00000", "2011-12-31": "27320.00000", "2011-09-30": "24900.54000", "2011-06-30": "24833.95000", "2011-03-31": "23004.86000", "2010-12-31": "22003.76000", "2010-09-30": "19948.06000", "2010-06-30": "18747.58000", "2010-03-31": "18690.18000", "2009-12-31": "18408.32000", "2009-09-30": "17356.37000", "2009-06-30": "16566.29000", "2009-03-31": "15127.79000", "2008-12-31": "15592.44000", "2008-09-30": "14240.16000", "2008-06-30": "15021.63000", "2008-03-31": "15046.30000", "2007-12-31": "15366.04000", "2007-09-30": "14786.81000", "2007-06-30": "14361.16000", "2007-03-31": "13920.05000", "2006-12-31": "13494.01000", "2006-09-30": "13463.12000", "2006-06-30": "13250.25000", "2006-03-31": "12568.54000", "2005-12-31": "11788.99000", "2005-09-30": "9626.04300", "2005-06-30": "9033.12200", "2005-03-31": "8589.15800"}}, "cash flow statement": {"Net Income/Loss": {"2020-12-31": "5667.00000", "2019-12-31": "1786.00000", "2018-12-31": "2530.00000", "2017-12-31": "-1017.00000", "2016-12-31": "7266.00000", "2015-12-31": "1725.00000", "2014-12-31": "46.00000", "2013-12-31": "2856.00000", "2012-12-31": "2609.00000", "2011-12-31": "3229.00000", "2010-12-31": "1801.00000", "2009-12-31": "2389.09700", "2008-12-31": "1779.47400", "2007-12-31": "348.25100", "2006-12-31": "1125.63900", "2005-12-31": "1082.04300"}, "Total Depreciation And Amortization - Cash Flow": {"2020-12-31": "609.00000", "2019-12-31": "629.00000", "2018-12-31": "635.00000", "2017-12-31": "676.00000", "2016-12-31": "682.00000", "2015-12-31": "687.00000", "2014-12-31": "682.00000", "2013-12-31": "660.00000", "2012-12-31": "1200.00000", "2011-12-31": "940.00000", "2010-12-31": "762.00000", "2009-12-31": "810.94600", "2008-12-31": "719.81400", "2007-12-31": "1992.55900", "2006-12-31": "544.55200", "2005-12-31": "378.16500"}, "Other Non-Cash Items": {"2020-12-31": "-3689.00000", "2019-12-31": "868.00000", "2018-12-31": "-23.00000", "2017-12-31": "2369.00000", "2016-12-31": "-5127.00000", "2015-12-31": "1727.00000", "2014-12-31": "4801.00000", "2013-12-31": "1588.00000", "2012-12-31": "785.00000", "2011-12-31": "-574.00000", "2010-12-31": "1080.00000", "2009-12-31": "-512.53200", "2008-12-31": "489.43900", "2007-12-31": "387.52900", "2006-12-31": "412.47800", "2005-12-31": "553.87600"}, "Total Non-Cash Items": {"2020-12-31": "-3080.00000", "2019-12-31": "1497.00000", "2018-12-31": "612.00000", "2017-12-31": "3045.00000", "2016-12-31": "-4445.00000", "2015-12-31": "2414.00000", "2014-12-31": "5483.00000", "2013-12-31": "2248.00000", "2012-12-31": "1985.00000", "2011-12-31": "366.00000", "2010-12-31": "1842.00000", "2009-12-31": "298.41390", "2008-12-31": "1209.25300", "2007-12-31": "2380.08800", "2006-12-31": "957.03000", "2005-12-31": "932.04100"}, "Change In Accounts Receivable": {"2020-12-31": "8.00000", "2019-12-31": "-108.00000", "2018-12-31": "-76.00000", "2017-12-31": "-195.00000", "2016-12-31": "-48.00000", "2015-12-31": "-105.00000", "2014-12-31": "51.00000", "2013-12-31": "-89.00000", "2012-12-31": "-207.00000", "2011-12-31": "-292.00000", "2010-12-31": "-112.00000", "2009-12-31": "-97.49400", "2008-12-31": "-66.85300", "2007-12-31": "-185.51600", "2006-12-31": "-744.88700", "2005-12-31": "-284.59900"}, "Change In Inventories": {"2020-12-31": "", "2019-12-31": "", "2018-12-31": "", "2017-12-31": "", "2016-12-31": "", "2015-12-31": "", "2014-12-31": "", "2013-12-31": "", "2012-12-31": "", "2011-12-31": "", "2010-12-31": "", "2009-12-31": "", "2008-12-31": "", "2007-12-31": "", "2006-12-31": "", "2005-12-31": ""}, "Change In Accounts Payable": {"2020-12-31": "101.00000", "2019-12-31": "-11.00000", "2018-12-31": "-33.00000", "2017-12-31": "19.00000", "2016-12-31": "-28.00000", "2015-12-31": "226.00000", "2014-12-31": "81.00000", "2013-12-31": "-13.00000", "2012-12-31": "-16.00000", "2011-12-31": "29.00000", "2010-12-31": "-9.00000", "2009-12-31": "-27.23500", "2008-12-31": "14.94600", "2007-12-31": "36.95400", "2006-12-31": "32.98600", "2005-12-31": "0.56400"}, "Change In Assets/Liabilities": {"2020-12-31": "-609.00000", "2019-12-31": "342.00000", "2018-12-31": "31.00000", "2017-12-31": "-121.00000", "2016-12-31": "121.00000", "2015-12-31": "9.00000", "2014-12-31": "-35.00000", "2013-12-31": "-470.00000", "2012-12-31": "-378.00000", "2011-12-31": "12.00000", "2010-12-31": "-181.00000", "2009-12-31": "151.83300", "2008-12-31": "-72.68000", "2007-12-31": "-157.24500", "2006-12-31": "47.30300", "2005-12-31": "-50.33700"}, "Total Change In Assets/Liabilities": {"2020-12-31": "-168.00000", "2019-12-31": "-169.00000", "2018-12-31": "-503.00000", "2017-12-31": "1118.00000", "2016-12-31": "20.00000", "2015-12-31": "-106.00000", "2014-12-31": "148.00000", "2013-12-31": "-109.00000", "2012-12-31": "-756.00000", "2011-12-31": "-321.00000", "2010-12-31": "-897.00000", "2009-12-31": "220.57500", "2008-12-31": "-106.73200", "2007-12-31": "-87.01000", "2006-12-31": "165.12200", "2005-12-31": "-4.19300"}, "Cash Flow From Operating Activities": {"2020-12-31": "2419.00000", "2019-12-31": "3114.00000", "2018-12-31": "2658.00000", "2017-12-31": "3146.00000", "2016-12-31": "2826.00000", "2015-12-31": "4033.00000", "2014-12-31": "5677.00000", "2013-12-31": "4995.00000", "2012-12-31": "3838.00000", "2011-12-31": "3274.00000", "2010-12-31": "2746.00000", "2009-12-31": "2908.08600", "2008-12-31": "2881.99500", "2007-12-31": "2641.32900", "2006-12-31": "2247.79100", "2005-12-31": "2009.89100"}, "Net Change In Property, Plant, And Equipment": {"2020-12-31": "-494.00000", "2019-12-31": "-523.00000", "2018-12-31": "-623.00000", "2017-12-31": "-666.00000", "2016-12-31": "-626.00000", "2015-12-31": "-668.00000", "2014-12-31": "-622.00000", "2013-12-31": "-678.00000", "2012-12-31": "-1257.00000", "2011-12-31": "-963.00000", "2010-12-31": "-724.00000", "2009-12-31": "-567.09400", "2008-12-31": "-565.89000", "2007-12-31": "-453.96700", "2006-12-31": "-515.44800", "2005-12-31": "-309.99100"}, "Net Change In Intangible Assets": {"2020-12-31": "", "2019-12-31": "", "2018-12-31": "", "2017-12-31": "", "2016-12-31": "", "2015-12-31": "", "2014-12-31": "", "2013-12-31": "", "2012-12-31": "", "2011-12-31": "", "2010-12-31": "", "2009-12-31": "", "2008-12-31": "", "2007-12-31": "", "2006-12-31": "", "2005-12-31": ""}, "Net Acquisitions/Divestitures": {"2020-12-31": "", "2019-12-31": "", "2018-12-31": "-302.00000", "2017-12-31": "-34.00000", "2016-12-31": "-212.00000", "2015-12-31": "-24.00000", "2014-12-31": "-55.00000", "2013-12-31": "-138.00000", "2012-12-31": "1.00000", "2011-12-31": "-954.00000", "2010-12-31": "-91.00000", "2009-12-31": "570.88810", "2008-12-31": "-1360.29300", "2007-12-31": "-863.56500", "2006-12-31": "-45.50500", "2005-12-31": "-2732.23000"}, "Net Change In Short-term Investments": {"2020-12-31": "", "2019-12-31": "", "2018-12-31": "1029.00000", "2017-12-31": "-514.00000", "2016-12-31": "", "2015-12-31": "", "2014-12-31": "", "2013-12-31": "", "2012-12-31": "", "2011-12-31": "", "2010-12-31": "", "2009-12-31": "", "2008-12-31": "", "2007-12-31": "", "2006-12-31": "", "2005-12-31": ""}, "Net Change In Long-Term Investments": {"2020-12-31": "242.00000", "2019-12-31": "3422.00000", "2018-12-31": "2786.00000", "2017-12-31": "-79.00000", "2016-12-31": "-1149.00000", "2015-12-31": "37.00000", "2014-12-31": "-637.00000", "2013-12-31": "-3267.00000", "2012-12-31": "-2434.00000", "2011-12-31": "-1281.00000", "2010-12-31": "-1588.00000", "2009-12-31": "-1159.66400", "2008-12-31": "28.07200", "2007-12-31": "618.08110", "2006-12-31": "796.96410", "2005-12-31": "604.18590"}, "Net Change In Investments - Total": {"2020-12-31": "242.00000", "2019-12-31": "3422.00000", "2018-12-31": "3815.00000", "2017-12-31": "-593.00000", "2016-12-31": "-1149.00000", "2015-12-31": "37.00000", "2014-12-31": "-637.00000", "2013-12-31": "-3267.00000", "2012-12-31": "-2434.00000", "2011-12-31": "-1281.00000", "2010-12-31": "-1588.00000", "2009-12-31": "-1159.66400", "2008-12-31": "28.07200", "2007-12-31": "618.08110", "2006-12-31": "796.96410", "2005-12-31": "604.18590"}, "Investing Activities - Other": {"2020-12-31": "4046.00000", "2019-12-31": "-112.00000", "2018-12-31": "4.00000", "2017-12-31": "-2.00000", "2016-12-31": "-30.00000", "2015-12-31": "-2956.00000", "2014-12-31": "-1359.00000", "2013-12-31": "-1929.00000", "2012-12-31": "-73.00000", "2011-12-31": "-109.00000", "2010-12-31": "119.00000", "2009-12-31": "6.48700", "2008-12-31": "-159.23500", "2007-12-31": "6.30500", "2006-12-31": "-7.15800", "2005-12-31": "-14.69600"}, "Cash Flow From Investing Activities": {"2020-12-31": "3794.00000", "2019-12-31": "2787.00000", "2018-12-31": "2894.00000", "2017-12-31": "-1295.00000", "2016-12-31": "-2017.00000", "2015-12-31": "-3611.00000", "2014-12-31": "-2673.00000", "2013-12-31": "-6012.00000", "2012-12-31": "-3763.00000", "2011-12-31": "-3307.00000", "2010-12-31": "-2284.00000", "2009-12-31": "-1149.38300", "2008-12-31": "-2057.34600", "2007-12-31": "-693.14600", "2006-12-31": "228.85300", "2005-12-31": "-2452.73100"}, "Net Long-Term Debt": {"2020-12-31": "-6.00000", "2019-12-31": "-1550.00000", "2018-12-31": "-750.00000", "2017-12-31": "1032.00000", "2016-12-31": "2196.00000", "2015-12-31": "-850.00000", "2014-12-31": "3482.00000", "2013-12-31": "-400.00000", "2012-12-31": "2976.00000", "2011-12-31": "-199.00000", "2010-12-31": "1489.00000", "2009-12-31": "", "2008-12-31": "", "2007-12-31": "", "2006-12-31": "", "2005-12-31": "-128.23900"}, "Net Current Debt": {"2020-12-31": "", "2019-12-31": "", "2018-12-31": "", "2017-12-31": "", "2016-12-31": "", "2015-12-31": "", "2014-12-31": "", "2013-12-31": "", "2012-12-31": "-550.00000", "2011-12-31": "250.00000", "2010-12-31": "300.00000", "2009-12-31": "-1000.00000", "2008-12-31": "366.01900", "2007-12-31": "200.00000", "2006-12-31": "", "2005-12-31": ""}, "Debt Issuance/Retirement Net - Total": {"2020-12-31": "-6.00000", "2019-12-31": "-1550.00000", "2018-12-31": "-750.00000", "2017-12-31": "1032.00000", "2016-12-31": "2196.00000", "2015-12-31": "-850.00000", "2014-12-31": "3482.00000", "2013-12-31": "-400.00000", "2012-12-31": "2426.00000", "2011-12-31": "51.00000", "2010-12-31": "1789.00000", "2009-12-31": "-1000.00000", "2008-12-31": "366.01900", "2007-12-31": "200.00000", "2006-12-31": "", "2005-12-31": "-128.23900"}, "Net Common Equity Issued/Repurchased": {"2020-12-31": "-5047.00000", "2019-12-31": "-4867.00000", "2018-12-31": "-4393.00000", "2017-12-31": "-2626.00000", "2016-12-31": "-2841.00000", "2015-12-31": "-1928.00000", "2014-12-31": "-4358.00000", "2013-12-31": "-906.00000", "2012-12-31": "-415.00000", "2011-12-31": "-822.00000", "2010-12-31": "-475.00000", "2009-12-31": "102.52600", "2008-12-31": "-2025.14300", "2007-12-31": "-978.44200", "2006-12-31": "-1353.05800", "2005-12-31": "599.84500"}, "Net Total Equity Issued/Repurchased": {"2020-12-31": "-5047.00000", "2019-12-31": "-4867.00000", "2018-12-31": "-4393.00000", "2017-12-31": "-2626.00000", "2016-12-31": "-2841.00000", "2015-12-31": "-1928.00000", "2014-12-31": "-4358.00000", "2013-12-31": "-906.00000", "2012-12-31": "-415.00000", "2011-12-31": "-822.00000", "2010-12-31": "-475.00000", "2009-12-31": "102.52600", "2008-12-31": "-2025.14300", "2007-12-31": "-978.44200", "2006-12-31": "-1353.05800", "2005-12-31": "599.84500"}, "Total Common And Preferred Stock Dividends Paid": {"2020-12-31": "-447.00000", "2019-12-31": "-473.00000", "2018-12-31": "", "2017-12-31": "", "2016-12-31": "", "2015-12-31": "", "2014-12-31": "", "2013-12-31": "", "2012-12-31": "", "2011-12-31": "", "2010-12-31": "", "2009-12-31": "", "2008-12-31": "", "2007-12-31": "", "2006-12-31": "", "2005-12-31": ""}, "Financial Activities - Other": {"2020-12-31": "-192.00000", "2019-12-31": "-201.00000", "2018-12-31": "-255.00000", "2017-12-31": "-190.00000", "2016-12-31": "-99.00000", "2015-12-31": "-1776.00000", "2014-12-31": "-146.00000", "2013-12-31": "-48.00000", "2012-12-31": "-60.00000", "2011-12-31": "-67.00000", "2010-12-31": "-79.00000", "2009-12-31": "-48.18200", "2008-12-31": "-14.72700", "2007-12-31": "84.83000", "2006-12-31": "92.37100", "2005-12-31": ""}, "Cash Flow From Financial Activities": {"2020-12-31": "-5692.00000", "2019-12-31": "-7091.00000", "2018-12-31": "-5398.00000", "2017-12-31": "-1784.00000", "2016-12-31": "-744.00000", "2015-12-31": "-4554.00000", "2014-12-31": "-1022.00000", "2013-12-31": "-1354.00000", "2012-12-31": "1951.00000", "2011-12-31": "-838.00000", "2010-12-31": "1235.00000", "2009-12-31": "-945.65600", "2008-12-31": "-1673.85100", "2007-12-31": "-693.61200", "2006-12-31": "-1260.68700", "2005-12-31": "471.60600"}, "Net Cash Flow": {"2020-12-31": "598.00000", "2019-12-31": "-1223.00000", "2018-12-31": "79.00000", "2017-12-31": "305.00000", "2016-12-31": "-25.00000", "2015-12-31": "-4496.00000", "2014-12-31": "1834.00000", "2013-12-31": "-2323.00000", "2012-12-31": "2126.00000", "2011-12-31": "-886.00000", "2010-12-31": "1577.00000", "2009-12-31": "810.89000", "2008-12-31": "-1032.26300", "2007-12-31": "1558.39900", "2006-12-31": "1349.21200", "2005-12-31": "-16.46500"}, "Stock-Based Compensation": {"2020-12-31": "431.00000", "2019-12-31": "431.00000", "2018-12-31": "465.00000", "2017-12-31": "483.00000", "2016-12-31": "416.00000", "2015-12-31": "379.00000", "2014-12-31": "344.00000", "2013-12-31": "298.00000", "2012-12-31": "488.00000", "2011-12-31": "458.00000", "2010-12-31": "381.00000", "2009-12-31": "394.80700", "2008-12-31": "353.32300", "2007-12-31": "301.81300", "2006-12-31": "317.41000", "2005-12-31": "31.77200"}, "Common Stock Dividends Paid": {"2020-12-31": "-447.00000", "2019-12-31": "-473.00000", "2018-12-31": "", "2017-12-31": "", "2016-12-31": "", "2015-12-31": "", "2014-12-31": "", "2013-12-31": "", "2012-12-31": "", "2011-12-31": "", "2010-12-31": "", "2009-12-31": "", "2008-12-31": "", "2007-12-31": "", "2006-12-31": "", "2005-12-31": ""}}, "cash flow statement, quarterly": {"Net Income/Loss": {"2020-12-31": 845, "2020-09-30": 664, "2020-06-30": 746, "2020-03-31": "3412.00000", "2019-12-31": 556, "2019-09-30": 310, "2019-06-30": 402, "2019-03-31": "518.00000", "2018-12-31": 760, "2018-09-30": 721, "2018-06-30": 642, "2018-03-31": "407.00000", "2017-12-31": -2601, "2017-09-30": 520, "2017-06-30": 29, "2017-03-31": "1035.00000", "2016-12-31": 5936, "2016-09-30": 413, "2016-06-30": 435, "2016-03-31": "482.00000", "2015-12-31": 477, "2015-09-30": 539, "2015-06-30": 83, "2015-03-31": "626.00000", "2014-12-31": 1023, "2014-09-30": 673, "2014-06-30": 676, "2014-03-31": "-2326.00000", "2013-12-31": 850, "2013-09-30": 689, "2013-06-30": 640, "2013-03-31": "677.00000", "2012-12-31": 750, "2012-09-30": 597, "2012-06-30": 692, "2012-03-31": "570.00000", "2011-12-31": 1979, "2011-09-30": 491, "2011-06-30": 283, "2011-03-31": "476.00000", "2010-12-31": 559.226, "2010-09-30": 431.929, "2010-06-30": 412.192, "2010-03-31": "397.65300", "2009-12-31": 1354.906, "2009-09-30": 349.736, "2009-06-30": 327.342, "2009-03-31": "357.11300", "2008-12-31": 367.192, "2008-09-30": 492.219, "2008-06-30": 460.345, "2008-03-31": "459.71800", "2007-12-31": 530.886, "2007-09-30": -935.635, "2007-06-30": 375.824, "2007-03-31": "377.17600", "2006-12-31": 346.467, "2006-09-30": 280.896, "2006-06-30": 249.994, "2006-03-31": "248.28200", "2005-12-31": 279.221, "2005-09-30": 254.971, "2005-06-30": 291.56, "2005-03-31": "256.29100"}, "Total Depreciation And Amortization - Cash Flow": {"2020-12-31": 138, "2020-09-30": 152, "2020-06-30": 172, "2020-03-31": "147.00000", "2019-12-31": 155, "2019-09-30": 144, "2019-06-30": 168, "2019-03-31": "162.00000", "2018-12-31": 111, "2018-09-30": 175, "2018-06-30": 170, "2018-03-31": "179.00000", "2017-12-31": 172, "2017-09-30": 173, "2017-06-30": 168, "2017-03-31": "163.00000", "2016-12-31": 176, "2016-09-30": 172, "2016-06-30": 167, "2016-03-31": "167.00000", "2015-12-31": 171, "2015-09-30": 182, "2015-06-30": 174, "2015-03-31": "160.00000", "2014-12-31": 164, "2014-09-30": -97, "2014-06-30": 233, "2014-03-31": "382.00000", "2013-12-31": -373, "2013-09-30": 357, "2013-06-30": 347, "2013-03-31": "329.00000", "2012-12-31": 318, "2012-09-30": 311, "2012-06-30": 290, "2012-03-31": "281.00000", "2011-12-31": 273, "2011-09-30": 266, "2011-06-30": 208, "2011-03-31": "193.00000", "2010-12-31": 191.823, "2010-09-30": 194.338, "2010-06-30": 187.817, "2010-03-31": "188.02200", "2009-12-31": 200.784, "2009-09-30": 215.068, "2009-06-30": 197.805, "2009-03-31": "197.28900", "2008-12-31": 201.897, "2008-09-30": 178.578, "2008-06-30": 173.359, "2008-03-31": "165.98000", "2007-12-31": 159.73, "2007-09-30": 1542.658, "2007-06-30": 146.722, "2007-03-31": "143.44900", "2006-12-31": 143.616, "2006-09-30": 135.224, "2006-06-30": 142.426, "2006-03-31": "123.28600", "2005-12-31": 121.298, "2005-09-30": 91.902, "2005-06-30": 81.709, "2005-03-31": "83.25600"}, "Other Non-Cash Items": {"2020-12-31": -256, "2020-09-30": -602, "2020-06-30": 2, "2020-03-31": "-2833.00000", "2019-12-31": 147, "2019-09-30": 375, "2019-06-30": 282, "2019-03-31": "64.00000", "2018-12-31": 108, "2018-09-30": -153, "2018-06-30": -144, "2018-03-31": "166.00000", "2017-12-31": 2047, "2017-09-30": 109, "2017-06-30": 615, "2017-03-31": "-402.00000", "2016-12-31": -5488, "2016-09-30": 105, "2016-06-30": 144, "2016-03-31": "112.00000", "2015-12-31": 21, "2015-09-30": 36, "2015-06-30": 1035, "2015-03-31": "635.00000", "2014-12-31": 346, "2014-09-30": 657, "2014-06-30": 337, "2014-03-31": "3461.00000", "2013-12-31": 440, "2013-09-30": 161, "2013-06-30": 251, "2013-03-31": "736.00000", "2012-12-31": 130, "2012-09-30": 270, "2012-06-30": 140, "2012-03-31": "245.00000", "2011-12-31": -1475, "2011-09-30": 199, "2011-06-30": 476, "2011-03-31": "226.00000", "2010-12-31": 496.143, "2010-09-30": 191.744, "2010-06-30": 184.015, "2010-03-31": "208.09800", "2009-12-31": -1085.898, "2009-09-30": 189.171, "2009-06-30": 189.115, "2009-03-31": "195.08000", "2008-12-31": -40.914, "2008-09-30": 178.52, "2008-06-30": 178.287, "2008-03-31": "173.54600", "2007-12-31": 12.75, "2007-09-30": 136.134, "2007-06-30": 138.773, "2007-03-31": "99.87200", "2006-12-31": 113.774, "2006-09-30": 11.447, "2006-06-30": 144.195, "2006-03-31": "143.06200", "2005-12-31": 130.308, "2005-09-30": 166.011, "2005-06-30": 129.704, "2005-03-31": "127.85300"}, "Total Non-Cash Items": {"2020-12-31": -118, "2020-09-30": -450, "2020-06-30": 174, "2020-03-31": "-2686.00000", "2019-12-31": 302, "2019-09-30": 519, "2019-06-30": 450, "2019-03-31": "226.00000", "2018-12-31": 219, "2018-09-30": 22, "2018-06-30": 26, "2018-03-31": "345.00000", "2017-12-31": 2219, "2017-09-30": 282, "2017-06-30": 783, "2017-03-31": "-239.00000", "2016-12-31": -5312, "2016-09-30": 277, "2016-06-30": 311, "2016-03-31": "279.00000", "2015-12-31": 192, "2015-09-30": 218, "2015-06-30": 1209, "2015-03-31": "795.00000", "2014-12-31": 510, "2014-09-30": 560, "2014-06-30": 570, "2014-03-31": "3843.00000", "2013-12-31": 67, "2013-09-30": 518, "2013-06-30": 598, "2013-03-31": "1065.00000", "2012-12-31": 448, "2012-09-30": 581, "2012-06-30": 430, "2012-03-31": "526.00000", "2011-12-31": -1202, "2011-09-30": 465, "2011-06-30": 684, "2011-03-31": "419.00000", "2010-12-31": 687.966, "2010-09-30": 386.082, "2010-06-30": 371.832, "2010-03-31": "396.12000", "2009-12-31": -885.1141, "2009-09-30": 404.239, "2009-06-30": 386.92, "2009-03-31": "392.36900", "2008-12-31": 160.983, "2008-09-30": 357.098, "2008-06-30": 351.646, "2008-03-31": "339.52600", "2007-12-31": 172.48, "2007-09-30": 1678.792, "2007-06-30": 285.495, "2007-03-31": "243.32100", "2006-12-31": 257.39, "2006-09-30": 146.671, "2006-06-30": 286.621, "2006-03-31": "266.34800", "2005-12-31": 251.606, "2005-09-30": 257.913, "2005-06-30": 211.413, "2005-03-31": "211.10900"}, "Change In Accounts Receivable": {"2020-12-31": 8, "2020-09-30": 0, "2020-06-30": 0, "2020-03-31": "", "2019-12-31": -108, "2019-09-30": 0, "2019-06-30": 0, "2019-03-31": "", "2018-12-31": -76, "2018-09-30": 0, "2018-06-30": 0, "2018-03-31": "", "2017-12-31": -195, "2017-09-30": 0, "2017-06-30": 0, "2017-03-31": "", "2016-12-31": -48, "2016-09-30": 0, "2016-06-30": 0, "2016-03-31": "", "2015-12-31": -105, "2015-09-30": 0, "2015-06-30": 0, "2015-03-31": "", "2014-12-31": 51, "2014-09-30": 0, "2014-06-30": 0, "2014-03-31": "", "2013-12-31": -89, "2013-09-30": 0, "2013-06-30": 0, "2013-03-31": "", "2012-12-31": -207, "2012-09-30": 0, "2012-06-30": 0, "2012-03-31": "", "2011-12-31": -292, "2011-09-30": 0, "2011-06-30": 0, "2011-03-31": "", "2010-12-31": -112, "2010-09-30": 0, "2010-06-30": 0, "2010-03-31": "", "2009-12-31": -97.494, "2009-09-30": 0, "2009-06-30": 0, "2009-03-31": "", "2008-12-31": -66.853, "2008-09-30": 0, "2008-06-30": 0, "2008-03-31": "", "2007-12-31": -99.2, "2007-09-30": -53.399, "2007-06-30": -20.241, "2007-03-31": "-12.67600", "2006-12-31": -627.856, "2006-09-30": -79.433, "2006-06-30": -14.697, "2006-03-31": "-22.90100", "2005-12-31": -201.364, "2005-09-30": -11.853, "2005-06-30": -17.22, "2005-03-31": "-54.16200"}, "Change In Inventories": {"2020-12-31": 0, "2020-09-30": 0, "2020-06-30": 0, "2020-03-31": "", "2019-12-31": 0, "2019-09-30": 0, "2019-06-30": 0, "2019-03-31": "", "2018-12-31": 0, "2018-09-30": 0, "2018-06-30": 0, "2018-03-31": "", "2017-12-31": 0, "2017-09-30": 0, "2017-06-30": 0, "2017-03-31": "", "2016-12-31": 0, "2016-09-30": 0, "2016-06-30": 0, "2016-03-31": "", "2015-12-31": 0, "2015-09-30": 0, "2015-06-30": 0, "2015-03-31": "", "2014-12-31": 0, "2014-09-30": 0, "2014-06-30": 0, "2014-03-31": "", "2013-12-31": 0, "2013-09-30": 0, "2013-06-30": 0, "2013-03-31": "", "2012-12-31": 0, "2012-09-30": 0, "2012-06-30": 0, "2012-03-31": "", "2011-12-31": 0, "2011-09-30": 0, "2011-06-30": 0, "2011-03-31": "", "2010-12-31": 0, "2010-09-30": 0, "2010-06-30": 0, "2010-03-31": "", "2009-12-31": 0, "2009-09-30": 0, "2009-06-30": 0, "2009-03-31": "", "2008-12-31": 0, "2008-09-30": 0, "2008-06-30": 0, "2008-03-31": "", "2007-12-31": 0, "2007-09-30": 0, "2007-06-30": 0, "2007-03-31": "", "2006-12-31": 0, "2006-09-30": 0, "2006-06-30": 0, "2006-03-31": "", "2005-12-31": 0, "2005-09-30": 0, "2005-06-30": 0, "2005-03-31": ""}, "Change In Accounts Payable": {"2020-12-31": 101, "2020-09-30": 0, "2020-06-30": 0, "2020-03-31": "", "2019-12-31": -11, "2019-09-30": 0, "2019-06-30": 0, "2019-03-31": "", "2018-12-31": -33, "2018-09-30": 0, "2018-06-30": 0, "2018-03-31": "", "2017-12-31": 19, "2017-09-30": 0, "2017-06-30": 0, "2017-03-31": "", "2016-12-31": -28, "2016-09-30": 0, "2016-06-30": 0, "2016-03-31": "", "2015-12-31": 226, "2015-09-30": 0, "2015-06-30": 0, "2015-03-31": "", "2014-12-31": 81, "2014-09-30": 0, "2014-06-30": 0, "2014-03-31": "", "2013-12-31": -13, "2013-09-30": 0, "2013-06-30": 0, "2013-03-31": "", "2012-12-31": -16, "2012-09-30": 0, "2012-06-30": 0, "2012-03-31": "", "2011-12-31": 29, "2011-09-30": 0, "2011-06-30": 0, "2011-03-31": "", "2010-12-31": -9, "2010-09-30": 0, "2010-06-30": 0, "2010-03-31": "", "2009-12-31": -27.235, "2009-09-30": 0, "2009-06-30": 0, "2009-03-31": "", "2008-12-31": 14.946, "2008-09-30": 0, "2008-06-30": 0, "2008-03-31": "", "2007-12-31": 24.247, "2007-09-30": 4.147, "2007-06-30": 0.153, "2007-03-31": "8.40700", "2006-12-31": -30.915, "2006-09-30": -11.391, "2006-06-30": 23.336, "2006-03-31": "51.95600", "2005-12-31": 5.802, "2005-09-30": -8.237, "2005-06-30": -17.91, "2005-03-31": "20.90900"}, "Change In Assets/Liabilities": {"2020-12-31": -410, "2020-09-30": -109, "2020-06-30": 44, "2020-03-31": "-134.00000", "2019-12-31": 464, "2019-09-30": 180, "2019-06-30": -108, "2019-03-31": "-194.00000", "2018-12-31": 769, "2018-09-30": -185, "2018-06-30": -296, "2018-03-31": "-257.00000", "2017-12-31": 131, "2017-09-30": 75, "2017-06-30": -113, "2017-03-31": "-214.00000", "2016-12-31": 112, "2016-09-30": 112, "2016-06-30": 17, "2016-03-31": "-120.00000", "2015-12-31": 486, "2015-09-30": -71, "2015-06-30": -136, "2015-03-31": "-270.00000", "2014-12-31": -75, "2014-09-30": 135, "2014-06-30": 248, "2014-03-31": "-343.00000", "2013-12-31": 435, "2013-09-30": 127, "2013-06-30": -227, "2013-03-31": "-805.00000", "2012-12-31": 565, "2012-09-30": -24, "2012-06-30": -354, "2012-03-31": "-565.00000", "2011-12-31": 539, "2011-09-30": -147, "2011-06-30": -185, "2011-03-31": "-195.00000", "2010-12-31": 323.053, "2010-09-30": -70.897, "2010-06-30": -57.645, "2010-03-31": "-375.51100", "2009-12-31": 232.066, "2009-09-30": -15.734, "2009-06-30": 16.456, "2009-03-31": "-80.95500", "2008-12-31": 189.82, "2008-09-30": -155.914, "2008-06-30": -73.584, "2008-03-31": "-33.00200", "2007-12-31": 74.274, "2007-09-30": -185.456, "2007-06-30": -21.05, "2007-03-31": "-25.01300", "2006-12-31": 393.42, "2006-09-30": -359.892, "2006-06-30": 11.136, "2006-03-31": "2.63900", "2005-12-31": -123.897, "2005-09-30": 175.615, "2005-06-30": -10.589, "2005-03-31": "-91.46600"}, "Total Change In Assets/Liabilities": {"2020-12-31": 31, "2020-09-30": -109, "2020-06-30": 44, "2020-03-31": "-134.00000", "2019-12-31": -47, "2019-09-30": 180, "2019-06-30": -108, "2019-03-31": "-194.00000", "2018-12-31": 235, "2018-09-30": -185, "2018-06-30": -296, "2018-03-31": "-257.00000", "2017-12-31": 1370, "2017-09-30": 75, "2017-06-30": -113, "2017-03-31": "-214.00000", "2016-12-31": 11, "2016-09-30": 112, "2016-06-30": 17, "2016-03-31": "-120.00000", "2015-12-31": 371, "2015-09-30": -71, "2015-06-30": -136, "2015-03-31": "-270.00000", "2014-12-31": 108, "2014-09-30": 135, "2014-06-30": 248, "2014-03-31": "-343.00000", "2013-12-31": 796, "2013-09-30": 127, "2013-06-30": -227, "2013-03-31": "-805.00000", "2012-12-31": 187, "2012-09-30": -24, "2012-06-30": -354, "2012-03-31": "-565.00000", "2011-12-31": 206, "2011-09-30": -147, "2011-06-30": -185, "2011-03-31": "-195.00000", "2010-12-31": -392.947, "2010-09-30": -70.897, "2010-06-30": -57.645, "2010-03-31": "-375.51100", "2009-12-31": 300.808, "2009-09-30": -15.734, "2009-06-30": 16.456, "2009-03-31": "-80.95500", "2008-12-31": 155.768, "2008-09-30": -155.914, "2008-06-30": -73.584, "2008-03-31": "-33.00200", "2007-12-31": 89.4, "2007-09-30": -113.671, "2007-06-30": -6.734, "2007-03-31": "-56.00500", "2006-12-31": 22.104, "2006-09-30": 94.546, "2006-06-30": -21.102, "2006-03-31": "69.57400", "2005-12-31": -4.59, "2005-09-30": -21.181, "2005-06-30": -6.441, "2005-03-31": "28.01900"}, "Cash Flow From Operating Activities": {"2020-12-31": 758, "2020-09-30": 105, "2020-06-30": 964, "2020-03-31": "592.00000", "2019-12-31": 811, "2019-09-30": 1009, "2019-06-30": 744, "2019-03-31": "550.00000", "2018-12-31": 1233, "2018-09-30": 558, "2018-06-30": 372, "2018-03-31": "495.00000", "2017-12-31": 988, "2017-09-30": 877, "2017-06-30": 699, "2017-03-31": "582.00000", "2016-12-31": 620, "2016-09-30": 802, "2016-06-30": 763, "2016-03-31": "641.00000", "2015-12-31": 1040, "2015-09-30": 686, "2015-06-30": 1156, "2015-03-31": "1151.00000", "2014-12-31": 1641, "2014-09-30": 1368, "2014-06-30": 1494, "2014-03-31": "1174.00000", "2013-12-31": 1713, "2013-09-30": 1334, "2013-06-30": 1011, "2013-03-31": "937.00000", "2012-12-31": 1385, "2012-09-30": 1154, "2012-06-30": 768, "2012-03-31": "531.00000", "2011-12-31": 983, "2011-09-30": 809, "2011-06-30": 782, "2011-03-31": "700.00000", "2010-12-31": 854.245, "2010-09-30": 747.114, "2010-06-30": 726.379, "2010-03-31": "418.26200", "2009-12-31": 770.6, "2009-09-30": 738.241, "2009-06-30": 730.718, "2009-03-31": "668.52700", "2008-12-31": 683.943, "2008-09-30": 693.403, "2008-06-30": 738.407, "2008-03-31": "766.24200", "2007-12-31": 792.766, "2007-09-30": 629.486, "2007-06-30": 654.585, "2007-03-31": "564.49200", "2006-12-31": 625.961, "2006-09-30": 522.113, "2006-06-30": 515.513, "2006-03-31": "584.20400", "2005-12-31": 526.237, "2005-09-30": 491.703, "2005-06-30": 496.532, "2005-03-31": "495.41900"}, "Net Change In Property, Plant, And Equipment": {"2020-12-31": -168, "2020-09-30": -130, "2020-06-30": -98, "2020-03-31": "-98.00000", "2019-12-31": -129, "2019-09-30": -81, "2019-06-30": -133, "2019-03-31": "-180.00000", "2018-12-31": -102, "2018-09-30": -179, "2018-06-30": -184, "2018-03-31": "-158.00000", "2017-12-31": -192, "2017-09-30": -157, "2017-06-30": -182, "2017-03-31": "-135.00000", "2016-12-31": -136, "2016-09-30": -185, "2016-06-30": -147, "2016-03-31": "-158.00000", "2015-12-31": -129, "2015-09-30": -242, "2015-06-30": -201, "2015-03-31": "-96.00000", "2014-12-31": -200, "2014-09-30": -1, "2014-06-30": -215, "2014-03-31": "-206.00000", "2013-12-31": 291, "2013-09-30": -317, "2013-06-30": -353, "2013-03-31": "-299.00000", "2012-12-31": -296, "2012-09-30": -362, "2012-06-30": -357, "2012-03-31": "-242.00000", "2011-12-31": -291, "2011-09-30": -284, "2011-06-30": -239, "2011-03-31": "-149.00000", "2010-12-31": -197.555, "2010-09-30": -166.988, "2010-06-30": -207.201, "2010-03-31": "-152.25600", "2009-12-31": -172.938, "2009-09-30": -174.768, "2009-06-30": -128.454, "2009-03-31": "-90.93400", "2008-12-31": -159.151, "2008-09-30": -150.412, "2008-06-30": -121.683, "2008-03-31": "-134.64400", "2007-12-31": -127.932, "2007-09-30": -119.294, "2007-06-30": -121.328, "2007-03-31": "-85.41300", "2006-12-31": -96.573, "2006-09-30": -136.867, "2006-06-30": -148.432, "2006-03-31": "-133.57600", "2005-12-31": -97.747, "2005-09-30": -42.181, "2005-06-30": -90.479, "2005-03-31": "-79.58400"}, "Net Change In Intangible Assets": {"2020-12-31": 0, "2020-09-30": 0, "2020-06-30": 0, "2020-03-31": "", "2019-12-31": 0, "2019-09-30": 0, "2019-06-30": 0, "2019-03-31": "", "2018-12-31": 0, "2018-09-30": 0, "2018-06-30": 0, "2018-03-31": "", "2017-12-31": 0, "2017-09-30": 0, "2017-06-30": 0, "2017-03-31": "", "2016-12-31": 0, "2016-09-30": 0, "2016-06-30": 0, "2016-03-31": "", "2015-12-31": 0, "2015-09-30": 0, "2015-06-30": 0, "2015-03-31": "", "2014-12-31": 0, "2014-09-30": 0, "2014-06-30": 0, "2014-03-31": "", "2013-12-31": 0, "2013-09-30": 0, "2013-06-30": 0, "2013-03-31": "", "2012-12-31": 0, "2012-09-30": 0, "2012-06-30": 0, "2012-03-31": "", "2011-12-31": 0, "2011-09-30": 0, "2011-06-30": 0, "2011-03-31": "", "2010-12-31": 0, "2010-09-30": 0, "2010-06-30": 0, "2010-03-31": "", "2009-12-31": 0, "2009-09-30": 0, "2009-06-30": 0, "2009-03-31": "", "2008-12-31": 0, "2008-09-30": 0, "2008-06-30": 0, "2008-03-31": "", "2007-12-31": 0, "2007-09-30": 0, "2007-06-30": 0, "2007-03-31": "", "2006-12-31": 0, "2006-09-30": 0, "2006-06-30": 0, "2006-03-31": "", "2005-12-31": 0, "2005-09-30": 0, "2005-06-30": 0, "2005-03-31": ""}, "Net Acquisitions/Divestitures": {"2020-12-31": 0, "2020-09-30": 42, "2020-06-30": -42, "2020-03-31": "", "2019-12-31": 0, "2019-09-30": 93, "2019-06-30": 0, "2019-03-31": "-93.00000", "2018-12-31": 0, "2018-09-30": 0, "2018-06-30": -302, "2018-03-31": "", "2017-12-31": -12, "2017-09-30": -2, "2017-06-30": -20, "2017-03-31": "", "2016-12-31": -212, "2016-09-30": 0, "2016-06-30": 0, "2016-03-31": "", "2015-12-31": 0, "2015-09-30": -24, "2015-06-30": 0, "2015-03-31": "", "2014-12-31": 0, "2014-09-30": -20, "2014-06-30": -31, "2014-03-31": "-4.00000", "2013-12-31": -53, "2013-09-30": -70, "2013-06-30": -7, "2013-03-31": "-8.00000", "2012-12-31": 0, "2012-09-30": -10, "2012-06-30": 14, "2012-03-31": "-3.00000", "2011-12-31": 2201, "2011-09-30": -308, "2011-06-30": -2656, "2011-03-31": "-191.00000", "2010-12-31": -84, "2010-09-30": 0, "2010-06-30": -7, "2010-03-31": "", "2009-12-31": 1780.3211, "2009-09-30": 0, "2009-06-30": -1209.433, "2009-03-31": "", "2008-12-31": -1201.229, "2008-09-30": 0, "2008-06-30": -10.1, "2008-03-31": "-148.96400", "2007-12-31": -543.37, "2007-09-30": 0, "2007-06-30": -61.636, "2007-03-31": "-258.55900", "2006-12-31": 0, "2006-09-30": 0, "2006-06-30": -45.505, "2006-03-31": "", "2005-12-31": -1613.486, "2005-09-30": -592.13, "2005-06-30": -81.606, "2005-03-31": "-445.00800"}, "Net Change In Short-term Investments": {"2020-12-31": 0, "2020-09-30": 0, "2020-06-30": 0, "2020-03-31": "", "2019-12-31": 0, "2019-09-30": 0, "2019-06-30": 0, "2019-03-31": "", "2018-12-31": 0, "2018-09-30": 1029, "2018-06-30": 0, "2018-03-31": "", "2017-12-31": 0, "2017-09-30": -514, "2017-06-30": 0, "2017-03-31": "", "2016-12-31": 0, "2016-09-30": 0, "2016-06-30": 0, "2016-03-31": "", "2015-12-31": 0, "2015-09-30": 0, "2015-06-30": 0, "2015-03-31": "", "2014-12-31": 0, "2014-09-30": 0, "2014-06-30": 0, "2014-03-31": "", "2013-12-31": 0, "2013-09-30": 0, "2013-06-30": 0, "2013-03-31": "", "2012-12-31": 0, "2012-09-30": 0, "2012-06-30": 0, "2012-03-31": "", "2011-12-31": 0, "2011-09-30": 0, "2011-06-30": 0, "2011-03-31": "", "2010-12-31": 0, "2010-09-30": 0, "2010-06-30": 0, "2010-03-31": "", "2009-12-31": 0, "2009-09-30": 0, "2009-06-30": 0, "2009-03-31": "", "2008-12-31": 0, "2008-09-30": 0, "2008-06-30": 0, "2008-03-31": "", "2007-12-31": 0, "2007-09-30": 0, "2007-06-30": 0, "2007-03-31": "", "2006-12-31": 0, "2006-09-30": 0, "2006-06-30": 0, "2006-03-31": "", "2005-12-31": 0, "2005-09-30": 0, "2005-06-30": 0, "2005-03-31": ""}, "Net Change In Long-Term Investments": {"2020-12-31": 399, "2020-09-30": 1850, "2020-06-30": -497, "2020-03-31": "-1510.00000", "2019-12-31": 489, "2019-09-30": 1273, "2019-06-30": 828, "2019-03-31": "832.00000", "2018-12-31": 532, "2018-09-30": 64, "2018-06-30": 334, "2018-03-31": "1856.00000", "2017-12-31": 419, "2017-09-30": 1290, "2017-06-30": -1808, "2017-03-31": "20.00000", "2016-12-31": 704, "2016-09-30": -244, "2016-06-30": -704, "2016-03-31": "-905.00000", "2015-12-31": -1090, "2015-09-30": 525, "2015-06-30": 1003, "2015-03-31": "-401.00000", "2014-12-31": 1966, "2014-09-30": -1994, "2014-06-30": -1352, "2014-03-31": "743.00000", "2013-12-31": -341, "2013-09-30": -2517, "2013-06-30": -2, "2013-03-31": "-407.00000", "2012-12-31": -1567, "2012-09-30": 3, "2012-06-30": -227, "2012-03-31": "-643.00000", "2011-12-31": -441, "2011-09-30": -372, "2011-06-30": -210, "2011-03-31": "-258.00000", "2010-12-31": -610.637, "2010-09-30": -387.958, "2010-06-30": 79.892, "2010-03-31": "-669.29700", "2009-12-31": -725.781, "2009-09-30": -419.105, "2009-06-30": -53.332, "2009-03-31": "38.55400", "2008-12-31": 93.814, "2008-09-30": -74.521, "2008-06-30": 14.072, "2008-03-31": "-5.29300", "2007-12-31": 39.5632, "2007-09-30": 113.3939, "2007-06-30": 184.955, "2007-03-31": "280.16900", "2006-12-31": 462.0981, "2006-09-30": 64.931, "2006-06-30": 282.245, "2006-03-31": "-12.31000", "2005-12-31": 118.9089, "2005-09-30": 346.258, "2005-06-30": 261.448, "2005-03-31": "-122.42900"}, "Net Change In Investments - Total": {"2020-12-31": 399, "2020-09-30": 1850, "2020-06-30": -497, "2020-03-31": "-1510.00000", "2019-12-31": 489, "2019-09-30": 1273, "2019-06-30": 828, "2019-03-31": "832.00000", "2018-12-31": 532, "2018-09-30": 1093, "2018-06-30": 334, "2018-03-31": "1856.00000", "2017-12-31": 419, "2017-09-30": 776, "2017-06-30": -1808, "2017-03-31": "20.00000", "2016-12-31": 704, "2016-09-30": -244, "2016-06-30": -704, "2016-03-31": "-905.00000", "2015-12-31": -1090, "2015-09-30": 525, "2015-06-30": 1003, "2015-03-31": "-401.00000", "2014-12-31": 1966, "2014-09-30": -1994, "2014-06-30": -1352, "2014-03-31": "743.00000", "2013-12-31": -341, "2013-09-30": -2517, "2013-06-30": -2, "2013-03-31": "-407.00000", "2012-12-31": -1567, "2012-09-30": 3, "2012-06-30": -227, "2012-03-31": "-643.00000", "2011-12-31": -441, "2011-09-30": -372, "2011-06-30": -210, "2011-03-31": "-258.00000", "2010-12-31": -610.637, "2010-09-30": -387.958, "2010-06-30": 79.892, "2010-03-31": "-669.29700", "2009-12-31": -725.781, "2009-09-30": -419.105, "2009-06-30": -53.332, "2009-03-31": "38.55400", "2008-12-31": 93.814, "2008-09-30": -74.521, "2008-06-30": 14.072, "2008-03-31": "-5.29300", "2007-12-31": 39.5632, "2007-09-30": 113.3939, "2007-06-30": 184.955, "2007-03-31": "280.16900", "2006-12-31": 462.0981, "2006-09-30": 64.931, "2006-06-30": 282.245, "2006-03-31": "-12.31000", "2005-12-31": 118.9089, "2005-09-30": 346.258, "2005-06-30": 261.448, "2005-03-31": "-122.42900"}, "Investing Activities - Other": {"2020-12-31": -17, "2020-09-30": -51, "2020-06-30": 0, "2020-03-31": "4114.00000", "2019-12-31": -2, "2019-09-30": -142, "2019-06-30": 33, "2019-03-31": "-1.00000", "2018-12-31": -9, "2018-09-30": 12, "2018-06-30": 1, "2018-03-31": "", "2017-12-31": -3, "2017-09-30": 0, "2017-06-30": 0, "2017-03-31": "1.00000", "2016-12-31": 195, "2016-09-30": -166, "2016-06-30": -47, "2016-03-31": "-12.00000", "2015-12-31": 896, "2015-09-30": -1126, "2015-06-30": -2499, "2015-03-31": "-227.00000", "2014-12-31": -694, "2014-09-30": -601, "2014-06-30": -63, "2014-03-31": "-1.00000", "2013-12-31": -1915, "2013-09-30": 0, "2013-06-30": -9, "2013-03-31": "-5.00000", "2012-12-31": 4, "2012-09-30": -61, "2012-06-30": -11, "2012-03-31": "-5.00000", "2011-12-31": -7, "2011-09-30": 0, "2011-06-30": -103, "2011-03-31": "1.00000", "2010-12-31": -1.076, "2010-09-30": -0.151, "2010-06-30": -0.357, "2010-03-31": "120.58400", "2009-12-31": 0.598, "2009-09-30": -9.526, "2009-06-30": 15.094, "2009-03-31": "0.32100", "2008-12-31": -107.866, "2008-09-30": -0.165, "2008-06-30": -5.742, "2008-03-31": "-45.46200", "2007-12-31": 0.782, "2007-09-30": 3.411, "2007-06-30": 0.959, "2007-03-31": "1.15300", "2006-12-31": 1.638, "2006-09-30": -7.551, "2006-06-30": -1.245, "2006-03-31": "", "2005-12-31": -12.121, "2005-09-30": -0.622, "2005-06-30": -1.953, "2005-03-31": ""}, "Cash Flow From Investing Activities": {"2020-12-31": 214, "2020-09-30": 1711, "2020-06-30": -637, "2020-03-31": "2506.00000", "2019-12-31": 358, "2019-09-30": 1143, "2019-06-30": 728, "2019-03-31": "558.00000", "2018-12-31": 421, "2018-09-30": 926, "2018-06-30": -151, "2018-03-31": "1698.00000", "2017-12-31": 212, "2017-09-30": 617, "2017-06-30": -2010, "2017-03-31": "-114.00000", "2016-12-31": 551, "2016-09-30": -595, "2016-06-30": -898, "2016-03-31": "-1075.00000", "2015-12-31": -323, "2015-09-30": -867, "2015-06-30": -1697, "2015-03-31": "-724.00000", "2014-12-31": 1072, "2014-09-30": -2616, "2014-06-30": -1661, "2014-03-31": "532.00000", "2013-12-31": -2018, "2013-09-30": -2904, "2013-06-30": -371, "2013-03-31": "-719.00000", "2012-12-31": -1859, "2012-09-30": -430, "2012-06-30": -581, "2012-03-31": "-893.00000", "2011-12-31": 1462, "2011-09-30": -964, "2011-06-30": -3208, "2011-03-31": "-597.00000", "2010-12-31": -893.268, "2010-09-30": -555.097, "2010-06-30": -134.666, "2010-03-31": "-700.96900", "2009-12-31": 882.2, "2009-09-30": -603.399, "2009-06-30": -1376.125, "2009-03-31": "-52.05900", "2008-12-31": -1374.432, "2008-09-30": -225.098, "2008-06-30": -123.453, "2008-03-31": "-334.36300", "2007-12-31": -630.957, "2007-09-30": -2.489, "2007-06-30": 2.95, "2007-03-31": "-62.65000", "2006-12-31": 367.163, "2006-09-30": -79.487, "2006-06-30": 87.063, "2006-03-31": "-145.88600", "2005-12-31": -1604.445, "2005-09-30": -288.675, "2005-06-30": 87.41, "2005-03-31": "-647.02100"}, "Net Long-Term Debt": {"2020-12-31": 0, "2020-09-30": -932, "2020-06-30": -68, "2020-03-31": "994.00000", "2019-12-31": 0, "2019-09-30": -1550, "2019-06-30": 0, "2019-03-31": "", "2018-12-31": 0, "2018-09-30": 0, "2018-06-30": 0, "2018-03-31": "-750.00000", "2017-12-31": -2, "2017-09-30": -1450, "2017-06-30": 2484, "2017-03-31": "", "2016-12-31": -3, "2016-09-30": -17, "2016-06-30": 0, "2016-03-31": "2216.00000", "2015-12-31": -600, "2015-09-30": -250, "2015-06-30": 0, "2015-03-31": "", "2014-12-31": 0, "2014-09-30": 3482, "2014-06-30": 0, "2014-03-31": "", "2013-12-31": -400, "2013-09-30": 0, "2013-06-30": 0, "2013-03-31": "", "2012-12-31": 0, "2012-09-30": 2976, "2012-06-30": 0, "2012-03-31": "", "2011-12-31": 0, "2011-09-30": -199, "2011-06-30": 0, "2011-03-31": "", "2010-12-31": 1489, "2010-09-30": 0, "2010-06-30": 0, "2010-03-31": "", "2009-12-31": 800, "2009-09-30": -200, "2009-06-30": 0, "2009-03-31": "-600.00000", "2008-12-31": 200, "2008-09-30": -200, "2008-06-30": 200, "2008-03-31": "-200.00000", "2007-12-31": 0, "2007-09-30": 0, "2007-06-30": 0, "2007-03-31": "", "2006-12-31": 0, "2006-09-30": 0, "2006-06-30": 0, "2006-03-31": "", "2005-12-31": 0, "2005-09-30": 0, "2005-06-30": 0, "2005-03-31": "-128.23900"}, "Net Current Debt": {"2020-12-31": 0, "2020-09-30": 0, "2020-06-30": 0, "2020-03-31": "", "2019-12-31": 0, "2019-09-30": 0, "2019-06-30": 0, "2019-03-31": "", "2018-12-31": 0, "2018-09-30": 0, "2018-06-30": 0, "2018-03-31": "", "2017-12-31": 0, "2017-09-30": 0, "2017-06-30": 0, "2017-03-31": "", "2016-12-31": 0, "2016-09-30": 0, "2016-06-30": 0, "2016-03-31": "", "2015-12-31": 0, "2015-09-30": 0, "2015-06-30": 0, "2015-03-31": "", "2014-12-31": 0, "2014-09-30": -1200, "2014-06-30": 1200, "2014-03-31": "", "2013-12-31": 0, "2013-09-30": 0, "2013-06-30": 0, "2013-03-31": "", "2012-12-31": 0, "2012-09-30": -550, "2012-06-30": 0, "2012-03-31": "", "2011-12-31": -450, "2011-09-30": 186, "2011-06-30": 514, "2011-03-31": "", "2010-12-31": 300, "2010-09-30": 0, "2010-06-30": 0, "2010-03-31": "", "2009-12-31": -1000, "2009-09-30": 0, "2009-06-30": 0, "2009-03-31": "", "2008-12-31": 366.019, "2008-09-30": 200, "2008-06-30": -200, "2008-03-31": "", "2007-12-31": 200, "2007-09-30": 0, "2007-06-30": 0, "2007-03-31": "", "2006-12-31": 0, "2006-09-30": 0, "2006-06-30": 0, "2006-03-31": "", "2005-12-31": 0, "2005-09-30": 0, "2005-06-30": 0, "2005-03-31": ""}, "Debt Issuance/Retirement Net - Total": {"2020-12-31": 0, "2020-09-30": -932, "2020-06-30": -68, "2020-03-31": "994.00000", "2019-12-31": 0, "2019-09-30": -1550, "2019-06-30": 0, "2019-03-31": "", "2018-12-31": 0, "2018-09-30": 0, "2018-06-30": 0, "2018-03-31": "-750.00000", "2017-12-31": -2, "2017-09-30": -1450, "2017-06-30": 2484, "2017-03-31": "", "2016-12-31": -3, "2016-09-30": -17, "2016-06-30": 0, "2016-03-31": "2216.00000", "2015-12-31": -600, "2015-09-30": -250, "2015-06-30": 0, "2015-03-31": "", "2014-12-31": 0, "2014-09-30": 2282, "2014-06-30": 1200, "2014-03-31": "", "2013-12-31": -400, "2013-09-30": 0, "2013-06-30": 0, "2013-03-31": "", "2012-12-31": 0, "2012-09-30": 2426, "2012-06-30": 0, "2012-03-31": "", "2011-12-31": -450, "2011-09-30": -13, "2011-06-30": 514, "2011-03-31": "", "2010-12-31": 1789, "2010-09-30": 0, "2010-06-30": 0, "2010-03-31": "", "2009-12-31": -200, "2009-09-30": -200, "2009-06-30": 0, "2009-03-31": "-600.00000", "2008-12-31": 566.019, "2008-09-30": 0, "2008-06-30": 0, "2008-03-31": "-200.00000", "2007-12-31": 200, "2007-09-30": 0, "2007-06-30": 0, "2007-03-31": "", "2006-12-31": 0, "2006-09-30": 0, "2006-06-30": 0, "2006-03-31": "", "2005-12-31": 0, "2005-09-30": 0, "2005-06-30": 0, "2005-03-31": "-128.23900"}, "Net Common Equity Issued/Repurchased": {"2020-12-31": -392, "2020-09-30": -675, "2020-06-30": 12, "2020-03-31": "-3992.00000", "2019-12-31": -955, "2019-09-30": -1018, "2019-06-30": -1468, "2019-03-31": "-1426.00000", "2018-12-31": -1472, "2018-09-30": -988, "2018-06-30": -933, "2018-03-31": "-1000.00000", "2017-12-31": -876, "2017-09-30": -895, "2017-06-30": -456, "2017-03-31": "-399.00000", "2016-12-31": -906, "2016-09-30": -486, "2016-06-30": -455, "2016-03-31": "-994.00000", "2015-12-31": -589, "2015-09-30": -485, "2015-06-30": 108, "2015-03-31": "-962.00000", "2014-12-31": -1060, "2014-09-30": 16, "2014-06-30": -1558, "2014-03-31": "-1756.00000", "2013-12-31": -119, "2013-09-30": -89, "2013-06-30": -324, "2013-03-31": "-374.00000", "2012-12-31": -132, "2012-09-30": 87, "2012-06-30": -215, "2012-03-31": "-155.00000", "2011-12-31": -196, "2011-09-30": -1, "2011-06-30": -341, "2011-03-31": "-284.00000", "2010-12-31": -296.19, "2010-09-30": -278.449, "2010-06-30": 57.522, "2010-03-31": "42.11700", "2009-12-31": 50.73, "2009-09-30": 16.061, "2009-06-30": 32.909, "2009-03-31": "2.82600", "2008-12-31": 37.184, "2008-09-30": -606.351, "2008-06-30": -483.407, "2008-03-31": "-972.56900", "2007-12-31": -172.942, "2007-09-30": -315.08, "2007-06-30": -251.49, "2007-03-31": "-238.93000", "2006-12-31": -895.592, "2006-09-30": -632.467, "2006-06-30": 94.395, "2006-03-31": "80.60600", "2005-12-31": 215.461, "2005-09-30": 124.718, "2005-06-30": 80.387, "2005-03-31": "179.27900"}, "Net Total Equity Issued/Repurchased": {"2020-12-31": -392, "2020-09-30": -675, "2020-06-30": 12, "2020-03-31": "-3992.00000", "2019-12-31": -955, "2019-09-30": -1018, "2019-06-30": -1468, "2019-03-31": "-1426.00000", "2018-12-31": -1472, "2018-09-30": -988, "2018-06-30": -933, "2018-03-31": "-1000.00000", "2017-12-31": -876, "2017-09-30": -895, "2017-06-30": -456, "2017-03-31": "-399.00000", "2016-12-31": -906, "2016-09-30": -486, "2016-06-30": -455, "2016-03-31": "-994.00000", "2015-12-31": -589, "2015-09-30": -485, "2015-06-30": 108, "2015-03-31": "-962.00000", "2014-12-31": -1060, "2014-09-30": 16, "2014-06-30": -1558, "2014-03-31": "-1756.00000", "2013-12-31": -119, "2013-09-30": -89, "2013-06-30": -324, "2013-03-31": "-374.00000", "2012-12-31": -132, "2012-09-30": 87, "2012-06-30": -215, "2012-03-31": "-155.00000", "2011-12-31": -196, "2011-09-30": -1, "2011-06-30": -341, "2011-03-31": "-284.00000", "2010-12-31": -296.19, "2010-09-30": -278.449, "2010-06-30": 57.522, "2010-03-31": "42.11700", "2009-12-31": 50.73, "2009-09-30": 16.061, "2009-06-30": 32.909, "2009-03-31": "2.82600", "2008-12-31": 37.184, "2008-09-30": -606.351, "2008-06-30": -483.407, "2008-03-31": "-972.56900", "2007-12-31": -172.942, "2007-09-30": -315.08, "2007-06-30": -251.49, "2007-03-31": "-238.93000", "2006-12-31": -895.592, "2006-09-30": -632.467, "2006-06-30": 94.395, "2006-03-31": "80.60600", "2005-12-31": 215.461, "2005-09-30": 124.718, "2005-06-30": 80.387, "2005-03-31": "179.27900"}, "Total Common And Preferred Stock Dividends Paid": {"2020-12-31": -110, "2020-09-30": -111, "2020-06-30": -112, "2020-03-31": "-114.00000", "2019-12-31": -113, "2019-09-30": -115, "2019-06-30": -120, "2019-03-31": "-125.00000", "2018-12-31": 0, "2018-09-30": 0, "2018-06-30": 0, "2018-03-31": "", "2017-12-31": 0, "2017-09-30": 0, "2017-06-30": 0, "2017-03-31": "", "2016-12-31": 0, "2016-09-30": 0, "2016-06-30": 0, "2016-03-31": "", "2015-12-31": 0, "2015-09-30": 0, "2015-06-30": 0, "2015-03-31": "", "2014-12-31": 0, "2014-09-30": 0, "2014-06-30": 0, "2014-03-31": "", "2013-12-31": 0, "2013-09-30": 0, "2013-06-30": 0, "2013-03-31": "", "2012-12-31": 0, "2012-09-30": 0, "2012-06-30": 0, "2012-03-31": "", "2011-12-31": 0, "2011-09-30": 0, "2011-06-30": 0, "2011-03-31": "", "2010-12-31": 0, "2010-09-30": 0, "2010-06-30": 0, "2010-03-31": "", "2009-12-31": 0, "2009-09-30": 0, "2009-06-30": 0, "2009-03-31": "", "2008-12-31": 0, "2008-09-30": 0, "2008-06-30": 0, "2008-03-31": "", "2007-12-31": 0, "2007-09-30": 0, "2007-06-30": 0, "2007-03-31": "", "2006-12-31": 0, "2006-09-30": 0, "2006-06-30": 0, "2006-03-31": "", "2005-12-31": 0, "2005-09-30": 0, "2005-06-30": 0, "2005-03-31": ""}, "Financial Activities - Other": {"2020-12-31": -47, "2020-09-30": -55, "2020-06-30": -41, "2020-03-31": "-49.00000", "2019-12-31": -40, "2019-09-30": -42, "2019-06-30": -65, "2019-03-31": "-54.00000", "2018-12-31": -39, "2018-09-30": -32, "2018-06-30": -109, "2018-03-31": "-75.00000", "2017-12-31": -18, "2017-09-30": -57, "2017-06-30": -96, "2017-03-31": "-19.00000", "2016-12-31": -17, "2016-09-30": 0, "2016-06-30": -82, "2016-03-31": "", "2015-12-31": -33, "2015-09-30": -1619, "2015-06-30": -101, "2015-03-31": "-23.00000", "2014-12-31": -5, "2014-09-30": -17, "2014-06-30": -87, "2014-03-31": "-37.00000", "2013-12-31": 19, "2013-09-30": -2, "2013-06-30": -28, "2013-03-31": "-37.00000", "2012-12-31": 1, "2012-09-30": 3, "2012-06-30": 0, "2012-03-31": "-64.00000", "2011-12-31": -2, "2011-09-30": -10, "2011-06-30": 0, "2011-03-31": "-55.00000", "2010-12-31": 1.276, "2010-09-30": -31, "2010-06-30": 0.231, "2010-03-31": "-49.50700", "2009-12-31": -14.343, "2009-09-30": -14.443, "2009-06-30": -2.05, "2009-03-31": "-17.34600", "2008-12-31": -0.899, "2008-09-30": -3.709, "2008-06-30": 0.192, "2008-03-31": "-10.31100", "2007-12-31": 15.804, "2007-09-30": 39.252, "2007-06-30": 16.001, "2007-03-31": "13.77300", "2006-12-31": 15.108, "2006-09-30": 16.29, "2006-06-30": 37.601, "2006-03-31": "23.37200", "2005-12-31": 0, "2005-09-30": 0, "2005-06-30": 0, "2005-03-31": ""}, "Cash Flow From Financial Activities": {"2020-12-31": -549, "2020-09-30": -1773, "2020-06-30": -209, "2020-03-31": "-3161.00000", "2019-12-31": -1108, "2019-09-30": -2725, "2019-06-30": -1653, "2019-03-31": "-1605.00000", "2018-12-31": -1511, "2018-09-30": -1020, "2018-06-30": -1042, "2018-03-31": "-1825.00000", "2017-12-31": -896, "2017-09-30": -2402, "2017-06-30": 1932, "2017-03-31": "-418.00000", "2016-12-31": -926, "2016-09-30": -503, "2016-06-30": -537, "2016-03-31": "1222.00000", "2015-12-31": -1222, "2015-09-30": -2354, "2015-06-30": 7, "2015-03-31": "-985.00000", "2014-12-31": -1065, "2014-09-30": 2281, "2014-06-30": -445, "2014-03-31": "-1793.00000", "2013-12-31": -500, "2013-09-30": -91, "2013-06-30": -352, "2013-03-31": "-411.00000", "2012-12-31": -131, "2012-09-30": 2516, "2012-06-30": -215, "2012-03-31": "-219.00000", "2011-12-31": -648, "2011-09-30": -24, "2011-06-30": 173, "2011-03-31": "-339.00000", "2010-12-31": 1494.086, "2010-09-30": -309.449, "2010-06-30": 57.753, "2010-03-31": "-7.39000", "2009-12-31": -163.613, "2009-09-30": -198.382, "2009-06-30": 30.859, "2009-03-31": "-614.52000", "2008-12-31": 602.304, "2008-09-30": -610.06, "2008-06-30": -483.215, "2008-03-31": "-1182.88000", "2007-12-31": 42.862, "2007-09-30": -275.828, "2007-06-30": -235.489, "2007-03-31": "-225.15700", "2006-12-31": -880.484, "2006-09-30": -616.177, "2006-06-30": 131.996, "2006-03-31": "103.97800", "2005-12-31": 215.461, "2005-09-30": 124.718, "2005-06-30": 80.387, "2005-03-31": "51.04000"}, "Net Cash Flow": {"2020-12-31": 475, "2020-09-30": 94, "2020-06-30": 126, "2020-03-31": "-97.00000", "2019-12-31": 87, "2019-09-30": -612, "2019-06-30": -191, "2019-03-31": "-507.00000", "2018-12-31": 118, "2018-09-30": 465, "2018-06-30": -910, "2018-03-31": "406.00000", "2017-12-31": 358, "2017-09-30": -875, "2017-06-30": 658, "2017-03-31": "164.00000", "2016-12-31": 54, "2016-09-30": -248, "2016-06-30": -685, "2016-03-31": "854.00000", "2015-12-31": -583, "2015-09-30": -2572, "2015-06-30": -486, "2015-03-31": "-855.00000", "2014-12-31": 1538, "2014-09-30": 956, "2014-06-30": -581, "2014-03-31": "-79.00000", "2013-12-31": -786, "2013-09-30": -1575, "2013-06-30": 325, "2013-03-31": "-287.00000", "2012-12-31": -514, "2012-09-30": 3293, "2012-06-30": -126, "2012-03-31": "-527.00000", "2011-12-31": 1692, "2011-09-30": -267, "2011-06-30": -2198, "2011-03-31": "-113.00000", "2010-12-31": 1395.911, "2010-09-30": 143.465, "2010-06-30": 444.439, "2010-03-31": "-406.81500", "2009-12-31": 1441.959, "2009-09-30": -15.758, "2009-06-30": -483.542, "2009-03-31": "-131.76900", "2008-12-31": -153.789, "2008-09-30": -353.311, "2008-06-30": 130.846, "2008-03-31": "-656.00900", "2007-12-31": 308.6, "2007-09-30": 494.242, "2007-06-30": 451.34, "2007-03-31": "304.21700", "2006-12-31": 180.535, "2006-09-30": -152.124, "2006-06-30": 757.947, "2006-03-31": "562.85400", "2005-12-31": -867.018, "2005-09-30": 324.949, "2005-06-30": 638.877, "2005-03-31": "-113.27300"}, "Stock-Based Compensation": {"2020-12-31": 120, "2020-09-30": 95, "2020-06-30": 116, "2020-03-31": "100.00000", "2019-12-31": 110, "2019-09-30": 80, "2019-06-30": 129, "2019-03-31": "112.00000", "2018-12-31": 69, "2018-09-30": 125, "2018-06-30": 151, "2018-03-31": "120.00000", "2017-12-31": 127, "2017-09-30": 118, "2017-06-30": 137, "2017-03-31": "101.00000", "2016-12-31": 110, "2016-09-30": 105, "2016-06-30": 113, "2016-03-31": "88.00000", "2015-12-31": 78, "2015-09-30": 93, "2015-06-30": 115, "2015-03-31": "93.00000", "2014-12-31": 93, "2014-09-30": -56, "2014-06-30": 158, "2014-03-31": "149.00000", "2013-12-31": -114, "2013-09-30": 140, "2013-06-30": 161, "2013-03-31": "111.00000", "2012-12-31": 128, "2012-09-30": 122, "2012-06-30": 127, "2012-03-31": "111.00000", "2011-12-31": 112, "2011-09-30": 108, "2011-06-30": 119, "2011-03-31": "119.00000", "2010-12-31": 93.168, "2010-09-30": 93.78, "2010-06-30": 91.983, "2010-03-31": "102.06900", "2009-12-31": 92.038, "2009-09-30": 92.489, "2009-06-30": 96.434, "2009-03-31": "113.84600", "2008-12-31": 83.842, "2008-09-30": 90.251, "2008-06-30": 91.849, "2008-03-31": "87.38100", "2007-12-31": 69.653, "2007-09-30": 80.589, "2007-06-30": 79.621, "2007-03-31": "71.95000", "2006-12-31": 74.665, "2006-09-30": 73.519, "2006-06-30": 85.408, "2006-03-31": "83.81800", "2005-12-31": 22.801, "2005-09-30": 5.325, "2005-06-30": 3.646, "2005-03-31": ""}, "Common Stock Dividends Paid": {"2020-12-31": -110, "2020-09-30": -111, "2020-06-30": -112, "2020-03-31": "-114.00000", "2019-12-31": -113, "2019-09-30": -115, "2019-06-30": -120, "2019-03-31": "-125.00000", "2018-12-31": 0, "2018-09-30": 0, "2018-06-30": 0, "2018-03-31": "", "2017-12-31": 0, "2017-09-30": 0, "2017-06-30": 0, "2017-03-31": "", "2016-12-31": 0, "2016-09-30": 0, "2016-06-30": 0, "2016-03-31": "", "2015-12-31": 0, "2015-09-30": 0, "2015-06-30": 0, "2015-03-31": "", "2014-12-31": 0, "2014-09-30": 0, "2014-06-30": 0, "2014-03-31": "", "2013-12-31": 0, "2013-09-30": 0, "2013-06-30": 0, "2013-03-31": "", "2012-12-31": 0, "2012-09-30": 0, "2012-06-30": 0, "2012-03-31": "", "2011-12-31": 0, "2011-09-30": 0, "2011-06-30": 0, "2011-03-31": "", "2010-12-31": 0, "2010-09-30": 0, "2010-06-30": 0, "2010-03-31": "", "2009-12-31": 0, "2009-09-30": 0, "2009-06-30": 0, "2009-03-31": "", "2008-12-31": 0, "2008-09-30": 0, "2008-06-30": 0, "2008-03-31": "", "2007-12-31": 0, "2007-09-30": 0, "2007-06-30": 0, "2007-03-31": "", "2006-12-31": 0, "2006-09-30": 0, "2006-06-30": 0, "2006-03-31": "", "2005-12-31": 0, "2005-09-30": 0, "2005-06-30": 0, "2005-03-31": ""}}, "financial ratios": {"Current Ratio": {"2020-12-31": "1.79660", "2019-12-31": "1.15740", "2018-12-31": "1.59990", "2017-12-31": "2.17590", "2016-12-31": "2.30700", "2015-12-31": "3.49270", "2014-12-31": "1.51340", "2013-12-31": "1.84220", "2012-12-31": "1.95880", "2011-12-31": "1.88020", "2010-12-31": "2.45000", "2009-12-31": "2.32300", "2008-12-31": "1.69670", "2007-12-31": "2.29790", "2006-12-31": "1.97370", "2005-12-31": "2.14370"}, "Long-term Debt / Capital": {"2020-12-31": "0.68500", "2019-12-31": "0.71050", "2018-12-31": "0.55030", "2017-12-31": "0.53430", "2016-12-31": "0.41610", "2015-12-31": "0.50650", "2014-12-31": "0.25400", "2013-12-31": "0.14830", "2012-12-31": "0.16440", "2011-12-31": "0.07840", "2010-12-31": "0.08900", "2009-12-31": "", "2008-12-31": "", "2007-12-31": "", "2006-12-31": "", "2005-12-31": ""}, "Debt/Equity Ratio": {"2020-12-31": "2.18000", "2019-12-31": "2.80940", "2018-12-31": "1.46970", "2017-12-31": "1.24430", "2016-12-31": "0.85020", "2015-12-31": "1.02630", "2014-12-31": "0.38320", "2013-12-31": "0.17440", "2012-12-31": "0.21660", "2011-12-31": "0.11660", "2010-12-31": "0.11730", "2009-12-31": "", "2008-12-31": "0.09020", "2007-12-31": "0.01710", "2006-12-31": "", "2005-12-31": ""}, "Gross Margin": {"2020-12-31": "75.92250", "2019-12-31": "75.26630", "2018-12-31": "76.61270", "2017-12-31": "77.62670", "2016-12-31": "78.44700", "2015-12-31": "79.38780", "2014-12-31": "81.08080", "2013-12-31": "81.93050", "2012-12-31": "70.03980", "2011-12-31": "70.29690", "2010-12-31": "71.99650", "2009-12-31": "71.58640", "2008-12-31": "73.91410", "2007-12-31": "77.02170", "2006-12-31": "78.94730", "2005-12-31": "82.02920"}, "Operating Margin": {"2020-12-31": "26.39470", "2019-12-31": "21.54930", "2018-12-31": "20.25430", "2017-12-31": "22.80650", "2016-12-31": "25.00540", "2015-12-31": "25.57030", "2014-12-31": "28.16840", "2013-12-31": "29.72020", "2012-12-31": "20.52300", "2011-12-31": "20.36560", "2010-12-31": "22.43340", "2009-12-31": "16.69190", "2008-12-31": "24.30180", "2007-12-31": "7.99210", "2006-12-31": "23.83610", "2005-12-31": "31.66920"}, "EBIT Margin": {"2020-12-31": "26.39470", "2019-12-31": "21.54930", "2018-12-31": "20.25430", "2017-12-31": "22.80650", "2016-12-31": "25.00540", "2015-12-31": "25.57030", "2014-12-31": "28.16840", "2013-12-31": "29.72020", "2012-12-31": "20.52300", "2011-12-31": "20.36560", "2010-12-31": "22.43340", "2009-12-31": "16.69190", "2008-12-31": "24.30180", "2007-12-31": "7.99210", "2006-12-31": "23.83610", "2005-12-31": "31.66920"}, "EBITDA Margin": {"2020-12-31": "32.32400", "2019-12-31": "28.83280", "2018-12-31": "27.59540", "2017-12-31": "29.61620", "2016-12-31": "32.34030", "2015-12-31": "33.56610", "2014-12-31": "35.92720", "2013-12-31": "37.71350", "2012-12-31": "29.05060", "2011-12-31": "28.43290", "2010-12-31": "30.75580", "2009-12-31": "25.98390", "2008-12-31": "32.72930", "2007-12-31": "33.96280", "2006-12-31": "32.95800", "2005-12-31": "39.97610"}, "Pre-Tax Profit Margin": {"2020-12-31": "33.29760", "2019-12-31": "20.25240", "2018-12-31": "26.00000", "2017-12-31": "22.91730", "2016-12-31": "39.26650", "2015-12-31": "28.00280", "2014-12-31": "28.61210", "2013-12-31": "31.13720", "2012-12-31": "21.91590", "2011-12-31": "33.55650", "2010-12-31": "22.91390", "2009-12-31": "32.98990", "2008-12-31": "25.56490", "2007-12-31": "9.78650", "2006-12-31": "25.91500", "2005-12-31": "34.03320"}, "Net Profit Margin": {"2020-12-31": "55.17480", "2019-12-31": "20.68090", "2018-12-31": "29.24860", "2017-12-31": "-10.24480", "2016-12-31": "78.14580", "2015-12-31": "20.07680", "2014-12-31": "0.52330", "2013-12-31": "34.58880", "2012-12-31": "18.54040", "2011-12-31": "27.71200", "2010-12-31": "19.67020", "2009-12-31": "27.37480", "2008-12-31": "20.83390", "2007-12-31": "4.53910", "2006-12-31": "18.85570", "2005-12-31": "23.76860"}, "Asset Turnover": {"2020-12-31": "0.53190", "2019-12-31": "0.47520", "2018-12-31": "0.37910", "2017-12-31": "0.38200", "2016-12-31": "0.38990", "2015-12-31": "0.48390", "2014-12-31": "0.19480", "2013-12-31": "0.19900", "2012-12-31": "0.37960", "2011-12-31": "0.42650", "2010-12-31": "0.41610", "2009-12-31": "0.47410", "2008-12-31": "0.54780", "2007-12-31": "0.49930", "2006-12-31": "0.44240", "2005-12-31": "0.38620"}, "Inventory Turnover Ratio": {"2020-12-31": "", "2019-12-31": "", "2018-12-31": "", "2017-12-31": "", "2016-12-31": "", "2015-12-31": "", "2014-12-31": "", "2013-12-31": "", "2012-12-31": "", "2011-12-31": "", "2010-12-31": "", "2009-12-31": "", "2008-12-31": "", "2007-12-31": "", "2006-12-31": "", "2005-12-31": ""}, "Receiveable Turnover": {"2020-12-31": "24.92960", "2019-12-31": "15.56040", "2018-12-31": "12.14890", "2017-12-31": "14.26290", "2016-12-31": "15.70610", "2015-12-31": "13.88050", "2014-12-31": "14.65000", "2013-12-31": "0.63770", "2012-12-31": "1.27050", "2011-12-31": "1.89430", "2010-12-31": "3.04680", "2009-12-31": "3.40190", "2008-12-31": "4.48790", "2007-12-31": "3.84740", "2006-12-31": "7.53290", "2005-12-31": "7.87520"}, "Days Sales In Receivables": {"2020-12-31": "14.64120", "2019-12-31": "23.45700", "2018-12-31": "30.04390", "2017-12-31": "25.59080", "2016-12-31": "23.23940", "2015-12-31": "26.29600", "2014-12-31": "24.91470", "2013-12-31": "572.36520", "2012-12-31": "287.28960", "2011-12-31": "192.68070", "2010-12-31": "119.79690", "2009-12-31": "107.29360", "2008-12-31": "81.32910", "2007-12-31": "94.86810", "2006-12-31": "48.45430", "2005-12-31": "46.34820"}, "ROE - Return On Equity": {"2020-12-31": "71.38450", "2019-12-31": "52.82230", "2018-12-31": "33.88000", "2017-12-31": "-12.58540", "2016-12-31": "69.12420", "2015-12-31": "29.60770", "2014-12-31": "-4.34540", "2013-12-31": "8.74110", "2012-12-31": "12.50420", "2011-12-31": "18.00890", "2010-12-31": "11.76960", "2009-12-31": "17.32780", "2008-12-31": "16.05470", "2007-12-31": "2.97530", "2006-12-31": "10.32260", "2005-12-31": "10.76880"}, "Return On Tangible Equity": {"2020-12-31": "-225.75490", "2019-12-31": "-89.07170", "2018-12-31": "206.80270", "2017-12-31": "-31.58720", "2016-12-31": "122.72570", "2015-12-31": "95.67570", "2014-12-31": "-5.72770", "2013-12-31": "15.38060", "2012-12-31": "23.29460", "2011-12-31": "39.57590", "2010-12-31": "21.01930", "2009-12-31": "34.74170", "2008-12-31": "53.56110", "2007-12-31": "7.17830", "2006-12-31": "30.60980", "2005-12-31": "34.85270"}, "ROA - Return On Assets": {"2020-12-31": "13.16420", "2019-12-31": "8.34160", "2018-12-31": "9.32560", "2017-12-31": "-3.89830", "2016-12-31": "30.54890", "2015-12-31": "10.96590", "2014-12-31": "-1.91660", "2013-12-31": "4.98220", "2012-12-31": "7.03730", "2011-12-31": "11.81920", "2010-12-31": "8.18500", "2009-12-31": "12.97840", "2008-12-31": "11.41240", "2007-12-31": "2.26640", "2006-12-31": "8.34180", "2005-12-31": "9.17840"}, "ROI - Return On Investment": {"2020-12-31": "22.48360", "2019-12-31": "15.29310", "2018-12-31": "15.23700", "2017-12-31": "-5.86130", "2016-12-31": "40.36460", "2015-12-31": "14.61160", "2014-12-31": "-3.24180", "2013-12-31": "7.44490", "2012-12-31": "10.44810", "2011-12-31": "16.59730", "2010-12-31": "10.72250", "2009-12-31": "17.32780", "2008-12-31": "16.05460", "2007-12-31": "2.97530", "2006-12-31": "10.32260", "2005-12-31": "10.76880"}, "Book Value Per Share": {"2020-12-31": "5.20610", "2019-12-31": "3.60550", "2018-12-31": "6.86450", "2017-12-31": "7.82220", "2016-12-31": "9.69550", "2015-12-31": "5.55410", "2014-12-31": "16.26310", "2013-12-31": "18.27430", "2012-12-31": "16.12440", "2011-12-31": "13.94250", "2010-12-31": "11.79170", "2009-12-31": "10.62390", "2008-12-31": "8.64560", "2007-12-31": "8.66870", "2006-12-31": "7.96820", "2005-12-31": "7.15570"}, "Operating Cash Flow Per Share": {"2020-12-31": -0.2688, "2019-12-31": 0.9558, "2018-12-31": -0.2747, "2017-12-31": 0.4865, "2016-12-31": -0.8354, "2015-12-31": -1.2323, "2014-12-31": 0.7337, "2013-12-31": 0.8812, "2012-12-31": 0.4296, "2011-12-31": 0.4242, "2010-12-31": -0.1592, "2009-12-31": 0.0329, "2008-12-31": 0.2763, "2007-12-31": 0.3424, "2006-12-31": 0.135, "2005-12-31": 1.4419}, "Free Cash Flow Per Share": {"2020-12-31": -0.3458, "2019-12-31": 0.9734, "2018-12-31": -0.2773, "2017-12-31": 0.4077, "2016-12-31": -0.8351, "2015-12-31": -1.2826, "2014-12-31": 0.7529, "2013-12-31": 1.3222, "2012-12-31": 0.2056, "2011-12-31": 0.2364, "2010-12-31": -0.2702, "2009-12-31": 0.0294, "2008-12-31": 0.175, "2007-12-31": 0.3742, "2006-12-31": -0.0043, "2005-12-31": 1.2196}}, "financial ratios, quarterly": {"Current Ratio": {"2020-12-31": "1.79660", "2020-09-30": "1.75490", "2020-06-30": "1.57590", "2020-03-31": "1.33700", "2019-12-31": "1.15740", "2019-09-30": "1.41360", "2019-06-30": "1.31390", "2019-03-31": "1.48110", "2018-12-31": "1.59990", "2018-09-30": "1.73810", "2018-06-30": "2.37120", "2018-03-31": "2.63360", "2017-12-31": "2.17590", "2017-09-30": "2.46330", "2017-06-30": "2.37290", "2017-03-31": "1.91590", "2016-12-31": "2.30700", "2016-09-30": "2.59980", "2016-06-30": "4.49410", "2016-03-31": "4.60510", "2015-12-31": "3.49270", "2015-09-30": "1.86650", "2015-06-30": "1.67340", "2015-03-31": "1.50550", "2014-12-31": "1.51340", "2014-09-30": "1.55560", "2014-06-30": "1.27600", "2014-03-31": "1.42040", "2013-12-31": "1.84220", "2013-09-30": "1.95180", "2013-06-30": "2.00910", "2013-03-31": "1.90580", "2012-12-31": "1.95880", "2012-09-30": "2.46570", "2012-06-30": "1.95260", "2012-03-31": "1.87930", "2011-12-31": "1.88020", "2011-09-30": "1.58860", "2011-06-30": "1.60520", "2011-03-31": "2.41730", "2010-12-31": "2.45000", "2010-09-30": "2.48220", "2010-06-30": "2.43400", "2010-03-31": "2.30760", "2009-12-31": "2.32300", "2009-09-30": "1.77520", "2009-06-30": "1.67540", "2009-03-31": "1.94970", "2008-12-31": "1.69670", "2008-09-30": "2.10470", "2008-06-30": "2.16900", "2008-03-31": "2.09650", "2007-12-31": "2.29790", "2007-09-30": "1.94380", "2007-06-30": "2.35350", "2007-03-31": "2.26590", "2006-12-31": "1.97370", "2006-09-30": "2.15010", "2006-06-30": "2.64410", "2006-03-31": "2.31950", "2005-12-31": "2.14370", "2005-09-30": "3.15050", "2005-06-30": "3.10900", "2005-03-31": "2.56550"}, "Long-term Debt / Capital": {"2020-12-31": "0.68500", "2020-09-30": "0.72600", "2020-06-30": "0.73770", "2020-03-31": "0.78500", "2019-12-31": "0.71050", "2019-09-30": "0.68870", "2019-06-30": "0.63820", "2019-03-31": "0.59680", "2018-12-31": "0.55030", "2018-09-30": "0.52510", "2018-06-30": "0.56290", "2018-03-31": "0.54800", "2017-12-31": "0.53430", "2017-09-30": "0.45050", "2017-06-30": "0.44640", "2017-03-31": "0.36820", "2016-12-31": "0.41610", "2016-09-30": "0.52650", "2016-06-30": "0.58390", "2016-03-31": "0.58840", "2015-12-31": "0.50650", "2015-09-30": "0.51210", "2015-06-30": "0.25440", "2015-03-31": "0.25800", "2014-12-31": "0.25400", "2014-09-30": "0.27050", "2014-06-30": "0.17840", "2014-03-31": "0.17380", "2013-12-31": "0.14830", "2013-09-30": "0.15330", "2013-06-30": "0.16000", "2013-03-31": "0.16280", "2012-12-31": "0.16440", "2012-09-30": "0.18450", "2012-06-30": "0.07430", "2012-03-31": "0.07520", "2011-12-31": "0.07840", "2011-09-30": "0.08640", "2011-06-30": "0.08630", "2011-03-31": "0.08570", "2010-12-31": "0.08900", "2010-09-30": "", "2010-06-30": "", "2010-03-31": "", "2009-12-31": "", "2009-09-30": "", "2009-06-30": "", "2009-03-31": "", "2008-12-31": "", "2008-09-30": "", "2008-06-30": "", "2008-03-31": "", "2007-12-31": "", "2007-09-30": "", "2007-06-30": "", "2007-03-31": "", "2006-12-31": "", "2006-09-30": "", "2006-06-30": "", "2006-03-31": "", "2005-12-31": "", "2005-09-30": "", "2005-06-30": "", "2005-03-31": ""}, "Debt/Equity Ratio": {"2020-12-31": "2.18000", "2020-09-30": "2.65580", "2020-06-30": "2.99000", "2020-03-31": "4.13190", "2019-12-31": "2.80940", "2019-09-30": "2.37090", "2019-06-30": "2.26640", "2019-03-31": "1.77780", "2018-12-31": "1.46970", "2018-09-30": "1.32880", "2018-06-30": "1.28800", "2018-03-31": "1.21490", "2017-12-31": "1.24430", "2017-09-30": "0.88610", "2017-06-30": "0.99930", "2017-03-31": "0.77330", "2016-12-31": "0.85020", "2016-09-30": "1.32440", "2016-06-30": "1.40310", "2016-03-31": "1.43040", "2015-12-31": "1.02630", "2015-09-30": "1.14590", "2015-06-30": "0.38490", "2015-03-31": "0.39220", "2014-12-31": "0.38320", "2014-09-30": "0.38340", "2014-06-30": "0.28050", "2014-03-31": "0.21050", "2013-12-31": "0.17440", "2013-09-30": "0.19900", "2013-06-30": "0.20940", "2013-03-31": "0.21390", "2012-12-31": "0.21660", "2012-09-30": "0.22690", "2012-06-30": "0.11010", "2012-03-31": "0.11140", "2011-12-31": "0.11660", "2011-09-30": "0.15740", "2011-06-30": "0.15700", "2011-03-31": "0.11250", "2010-12-31": "0.11730", "2010-09-30": "", "2010-06-30": "", "2010-03-31": "", "2009-12-31": "", "2009-09-30": "0.01570", "2009-06-30": "0.03360", "2009-03-31": "0.03600", "2008-12-31": "0.09020", "2008-09-30": "", "2008-06-30": "", "2008-03-31": "", "2007-12-31": "0.01710", "2007-09-30": "", "2007-06-30": "", "2007-03-31": "", "2006-12-31": "", "2006-09-30": "", "2006-06-30": "", "2006-03-31": "", "2005-12-31": "", "2005-09-30": "", "2005-06-30": "", "2005-03-31": ""}, "Gross Margin": {"2020-12-31": "71.43450", "2020-09-30": "74.82730", "2020-06-30": "79.12740", "2020-03-31": "77.84330", "2019-12-31": "70.06410", "2019-09-30": "74.55590", "2019-06-30": "77.17710", "2019-03-31": "77.66270", "2018-12-31": "66.83740", "2018-09-30": "77.04790", "2018-06-30": "77.38640", "2018-03-31": "78.33330", "2017-12-31": "78.20470", "2017-09-30": "77.70220", "2017-06-30": "76.84990", "2017-03-31": "77.68130", "2016-12-31": "80.25060", "2016-09-30": "77.53720", "2016-06-30": "77.89240", "2016-03-31": "77.67900", "2015-12-31": "78.76830", "2015-09-30": "79.37110", "2015-06-30": "79.43130", "2015-03-31": "80.05820", "2014-12-31": "80.97290", "2014-09-30": "80.79070", "2014-06-30": "71.21620", "2014-03-31": "68.30130", "2013-12-31": "68.01320", "2013-09-30": "68.55090", "2013-06-30": "68.76450", "2013-03-31": "69.26360", "2012-12-31": "69.36370", "2012-09-30": "69.97650", "2012-06-30": "70.95350", "2012-03-31": "70.00310", "2011-12-31": "69.26040", "2011-09-30": "68.98180", "2011-06-30": "71.99280", "2011-03-31": "71.36690", "2010-12-31": "71.87240", "2010-09-30": "71.53720", "2010-06-30": "72.22280", "2010-03-31": "72.37980", "2009-12-31": "71.71180", "2009-09-30": "71.22650", "2009-06-30": "71.79340", "2009-03-31": "71.62280", "2008-12-31": "71.53070", "2008-09-30": "73.50860", "2008-06-30": "74.39940", "2008-03-31": "76.03290", "2007-12-31": "76.79670", "2007-09-30": "76.36480", "2007-06-30": "77.27960", "2007-03-31": "77.73350", "2006-12-31": "79.28270", "2006-09-30": "77.91060", "2006-06-30": "78.95620", "2006-03-31": "79.60350", "2005-12-31": "81.97550", "2005-09-30": "81.87500", "2005-06-30": "82.34010", "2005-03-31": "81.93620"}, "Operating Margin": {"2020-12-31": "23.99010", "2020-09-30": "26.05530", "2020-06-30": "28.65620", "2020-03-31": "26.49540", "2019-12-31": "17.58880", "2019-09-30": "19.58710", "2019-06-30": "23.02930", "2019-03-31": "24.57520", "2018-12-31": "27.01670", "2018-09-30": "20.98910", "2018-06-30": "15.37880", "2018-03-31": "22.44190", "2017-12-31": "24.49210", "2017-09-30": "22.97840", "2017-06-30": "19.84290", "2017-03-31": "23.75160", "2016-12-31": "23.50770", "2016-09-30": "24.44750", "2016-06-30": "23.81170", "2016-03-31": "28.73190", "2015-12-31": "28.50990", "2015-09-30": "27.53690", "2015-06-30": "20.28440", "2015-03-31": "25.66720", "2014-12-31": "31.46790", "2014-09-30": "27.72090", "2014-06-30": "20.81400", "2014-03-31": "20.60070", "2013-12-31": "22.56070", "2013-09-30": "20.52930", "2013-06-30": "19.34490", "2013-03-31": "21.34470", "2012-12-31": "21.89380", "2012-09-30": "19.59460", "2012-06-30": "20.45320", "2012-03-31": "19.92680", "2011-12-31": "22.24850", "2011-09-30": "18.10520", "2011-06-30": "18.80440", "2011-03-31": "22.19170", "2010-12-31": "23.67260", "2010-09-30": "21.79060", "2010-06-30": "21.87280", "2010-03-31": "22.24940", "2009-12-31": "7.56550", "2009-09-30": "19.79310", "2009-06-30": "19.62300", "2009-03-31": "20.92280", "2008-12-31": "22.27390", "2008-09-30": "24.74930", "2008-06-30": "24.83840", "2008-03-31": "25.21540", "2007-12-31": "28.71400", "2007-09-30": "-49.63390", "2007-06-30": "24.90730", "2007-03-31": "26.45970", "2006-12-31": "26.15760", "2006-09-30": "23.40360", "2006-06-30": "22.07380", "2006-03-31": "23.20340", "2005-12-31": "27.87440", "2005-09-30": "32.26880", "2005-06-30": "34.88770", "2005-03-31": "32.52560"}, "EBIT Margin": {"2020-12-31": "23.99010", "2020-09-30": "26.05530", "2020-06-30": "28.65620", "2020-03-31": "26.49540", "2019-12-31": "17.58880", "2019-09-30": "19.58710", "2019-06-30": "23.02930", "2019-03-31": "24.57520", "2018-12-31": "27.01670", "2018-09-30": "20.98910", "2018-06-30": "15.37880", "2018-03-31": "22.44190", "2017-12-31": "24.49210", "2017-09-30": "22.97840", "2017-06-30": "19.84290", "2017-03-31": "23.75160", "2016-12-31": "23.50770", "2016-09-30": "24.44750", "2016-06-30": "23.81170", "2016-03-31": "28.73190", "2015-12-31": "28.50990", "2015-09-30": "27.53690", "2015-06-30": "20.28440", "2015-03-31": "25.66720", "2014-12-31": "31.46790", "2014-09-30": "27.72090", "2014-06-30": "20.81400", "2014-03-31": "20.60070", "2013-12-31": "22.56070", "2013-09-30": "20.52930", "2013-06-30": "19.34490", "2013-03-31": "21.34470", "2012-12-31": "21.89380", "2012-09-30": "19.59460", "2012-06-30": "20.45320", "2012-03-31": "19.92680", "2011-12-31": "22.24850", "2011-09-30": "18.10520", "2011-06-30": "18.80440", "2011-03-31": "22.19170", "2010-12-31": "23.67260", "2010-09-30": "21.79060", "2010-06-30": "21.87280", "2010-03-31": "22.24940", "2009-12-31": "7.56550", "2009-09-30": "19.79310", "2009-06-30": "19.62300", "2009-03-31": "20.92280", "2008-12-31": "22.27390", "2008-09-30": "24.74930", "2008-06-30": "24.83840", "2008-03-31": "25.21540", "2007-12-31": "28.71400", "2007-09-30": "-49.63390", "2007-06-30": "24.90730", "2007-03-31": "26.45970", "2006-12-31": "26.15760", "2006-09-30": "23.40360", "2006-06-30": "22.07380", "2006-03-31": "23.20340", "2005-12-31": "27.87440", "2005-09-30": "32.26880", "2005-06-30": "34.88770", "2005-03-31": "32.52560"}, "EBITDA Margin": {"2020-12-31": "", "2020-09-30": "", "2020-06-30": "", "2020-03-31": "", "2019-12-31": "", "2019-09-30": "", "2019-06-30": "", "2019-03-31": "", "2018-12-31": "", "2018-09-30": "", "2018-06-30": "", "2018-03-31": "", "2017-12-31": "", "2017-09-30": "", "2017-06-30": "", "2017-03-31": "", "2016-12-31": "", "2016-09-30": "", "2016-06-30": "", "2016-03-31": "", "2015-12-31": "", "2015-09-30": "", "2015-06-30": "", "2015-03-31": "", "2014-12-31": "", "2014-09-30": "", "2014-06-30": "", "2014-03-31": "", "2013-12-31": "", "2013-09-30": "", "2013-06-30": "", "2013-03-31": "", "2012-12-31": "", "2012-09-30": "", "2012-06-30": "", "2012-03-31": "", "2011-12-31": "", "2011-09-30": "", "2011-06-30": "", "2011-03-31": "", "2010-12-31": "", "2010-09-30": "", "2010-06-30": "", "2010-03-31": "", "2009-12-31": "", "2009-09-30": "", "2009-06-30": "", "2009-03-31": "", "2008-12-31": "", "2008-09-30": "", "2008-06-30": "", "2008-03-31": "", "2007-12-31": "", "2007-09-30": "", "2007-06-30": "", "2007-03-31": "", "2006-12-31": "", "2006-09-30": "", "2006-06-30": "", "2006-03-31": "", "2005-12-31": "", "2005-09-30": "", "2005-06-30": "", "2005-03-31": ""}, "Pre-Tax Profit Margin": {"2020-12-31": "41.71480", "2020-09-30": "29.70070", "2020-06-30": "35.00870", "2020-03-31": "26.57960", "2019-12-31": "18.57890", "2019-09-30": "12.77000", "2019-06-30": "20.92450", "2019-03-31": "27.22750", "2018-12-31": "6.01790", "2018-09-30": "35.78710", "2018-06-30": "26.78030", "2018-03-31": "21.20160", "2017-12-31": "20.72410", "2017-09-30": "27.78220", "2017-06-30": "19.09880", "2017-03-31": "24.22930", "2016-12-31": "73.83940", "2016-09-30": "24.04150", "2016-06-30": "23.45290", "2016-03-31": "27.65560", "2015-12-31": "27.99310", "2015-09-30": "31.68180", "2015-06-30": "26.16110", "2015-03-31": "26.15240", "2014-12-31": "31.76930", "2014-09-30": "28.51160", "2014-06-30": "21.05780", "2014-03-31": "20.48330", "2013-12-31": "22.69320", "2013-09-30": "22.43060", "2013-06-30": "19.49960", "2013-03-31": "21.58480", "2012-12-31": "21.96890", "2012-09-30": "19.74150", "2012-06-30": "25.04410", "2012-03-31": "20.87280", "2011-12-31": "72.04140", "2011-09-30": "20.76870", "2011-06-30": "10.54350", "2011-03-31": "22.30950", "2010-12-31": "23.52470", "2010-09-30": "22.98310", "2010-06-30": "22.54180", "2010-03-31": "22.52470", "2009-12-31": "67.18030", "2009-09-30": "19.58730", "2009-06-30": "19.40710", "2009-03-31": "21.81820", "2008-12-31": "23.24680", "2008-09-30": "26.57070", "2008-06-30": "25.87530", "2008-03-31": "26.43530", "2007-12-31": "30.79260", "2007-09-30": "-47.74760", "2007-06-30": "26.60990", "2007-03-31": "27.90070", "2006-12-31": "28.11770", "2006-09-30": "26.21150", "2006-06-30": "23.82460", "2006-03-31": "25.00230", "2005-12-31": "29.72500", "2005-09-30": "35.00290", "2005-06-30": "37.84450", "2005-03-31": "34.53030"}, "Net Profit Margin": {"2020-12-31": "34.83100", "2020-09-30": "25.47970", "2020-06-30": "26.03840", "2020-03-31": "143.72370", "2019-12-31": "32.38210", "2019-09-30": "14.88240", "2019-06-30": "16.59100", "2019-03-31": "21.46710", "2018-12-31": "97.31110", "2018-09-30": "27.21780", "2018-06-30": "24.31820", "2018-03-31": "15.77520", "2017-12-31": "-96.08420", "2017-09-30": "20.81670", "2017-06-30": "1.19880", "2017-03-31": "44.94140", "2016-12-31": "218.71780", "2016-09-30": "18.62880", "2016-06-30": "19.50670", "2016-03-31": "22.55500", "2015-12-31": "20.54260", "2015-09-30": "25.67890", "2015-06-30": "3.93360", "2015-03-31": "30.37360", "2014-12-31": "44.03790", "2014-09-30": "31.30230", "2014-06-30": "16.47580", "2014-03-31": "-54.57530", "2013-12-31": "18.76380", "2013-09-30": "17.70300", "2013-06-30": "16.50760", "2013-03-31": "18.06300", "2012-12-31": "18.81260", "2012-09-30": "17.53820", "2012-06-30": "20.36490", "2012-03-31": "17.39400", "2011-12-31": "58.55030", "2011-09-30": "16.55430", "2011-06-30": "10.25360", "2011-03-31": "18.69600", "2010-12-31": "22.41320", "2010-09-30": "19.20120", "2010-06-30": "18.60590", "2010-03-31": "18.10760", "2009-12-31": "57.14650", "2009-09-30": "15.62820", "2009-06-30": "15.60260", "2009-03-31": "17.67370", "2008-12-31": "18.03630", "2008-09-30": "23.24500", "2008-06-30": "20.96610", "2008-03-31": "20.97040", "2007-12-31": "24.34580", "2007-09-30": "-49.52490", "2007-06-30": "20.48730", "2007-03-31": "21.33260", "2006-12-31": "20.14460", "2006-09-30": "19.39040", "2006-06-30": "17.72020", "2006-03-31": "17.85660", "2005-12-31": "21.01210", "2005-09-30": "23.06360", "2005-06-30": "26.83970", "2005-03-31": "24.84100"}, "Asset Turnover": {"2020-12-31": "0.12560", "2020-09-30": "0.14150", "2020-06-30": "0.14310", "2020-03-31": "0.12540", "2019-12-31": "0.09450", "2019-09-30": "0.11130", "2019-06-30": "0.11450", "2019-03-31": "0.10810", "2018-12-31": "0.03420", "2018-09-30": "0.11200", "2018-06-30": "0.11010", "2018-03-31": "0.10510", "2017-12-31": "0.10420", "2017-09-30": "0.09630", "2017-06-30": "0.08800", "2017-03-31": "0.09280", "2016-12-31": "0.11380", "2016-09-30": "0.10810", "2016-06-30": "0.11150", "2016-03-31": "0.10900", "2015-12-31": "0.13080", "2015-09-30": "0.11450", "2015-06-30": "0.04620", "2015-03-31": "0.04600", "2014-12-31": "0.05150", "2014-09-30": "0.04830", "2014-06-30": "0.09850", "2014-03-31": "0.10510", "2013-12-31": "0.10920", "2013-09-30": "0.09710", "2013-06-30": "0.10060", "2013-03-31": "0.09860", "2012-12-31": "0.10770", "2012-09-30": "0.10470", "2012-06-30": "0.12020", "2012-03-31": "0.11620", "2011-12-31": "0.12370", "2011-09-30": "0.11910", "2011-06-30": "0.11110", "2011-03-31": "0.11070", "2010-12-31": "0.11340", "2010-09-30": "0.11280", "2010-06-30": "0.11820", "2010-03-31": "0.11750", "2009-12-31": "0.12880", "2009-09-30": "0.12890", "2009-06-30": "0.12660", "2009-03-31": "0.13360", "2008-12-31": "0.13060", "2008-09-30": "0.14870", "2008-06-30": "0.14620", "2008-03-31": "0.14570", "2007-12-31": "0.14190", "2007-09-30": "0.12780", "2007-06-30": "0.12770", "2007-03-31": "0.12700", "2006-12-31": "0.12750", "2006-09-30": "0.10760", "2006-06-30": "0.10650", "2006-03-31": "0.11060", "2005-12-31": "0.11270", "2005-09-30": "0.11480", "2005-06-30": "0.12030", "2005-03-31": "0.12010"}, "Inventory Turnover Ratio": {"2020-12-31": "", "2020-09-30": "", "2020-06-30": "", "2020-03-31": "", "2019-12-31": "", "2019-09-30": "", "2019-06-30": "", "2019-03-31": "", "2018-12-31": "", "2018-09-30": "", "2018-06-30": "", "2018-03-31": "", "2017-12-31": "", "2017-09-30": "", "2017-06-30": "", "2017-03-31": "", "2016-12-31": "", "2016-09-30": "", "2016-06-30": "", "2016-03-31": "", "2015-12-31": "", "2015-09-30": "", "2015-06-30": "", "2015-03-31": "", "2014-12-31": "", "2014-09-30": "", "2014-06-30": "", "2014-03-31": "", "2013-12-31": "", "2013-09-30": "", "2013-06-30": "", "2013-03-31": "", "2012-12-31": "", "2012-09-30": "", "2012-06-30": "", "2012-03-31": "", "2011-12-31": "", "2011-09-30": "", "2011-06-30": "", "2011-03-31": "", "2010-12-31": "", "2010-09-30": "", "2010-06-30": "", "2010-03-31": "", "2009-12-31": "", "2009-09-30": "", "2009-06-30": "", "2009-03-31": "", "2008-12-31": "", "2008-09-30": "", "2008-06-30": "", "2008-03-31": "", "2007-12-31": "", "2007-09-30": "", "2007-06-30": "", "2007-03-31": "", "2006-12-31": "", "2006-09-30": "", "2006-06-30": "", "2006-03-31": "", "2005-12-31": "", "2005-09-30": "", "2005-06-30": "", "2005-03-31": ""}, "Receiveable Turnover": {"2020-12-31": "5.88840", "2020-09-30": "5.46330", "2020-06-30": "3.39050", "2020-03-31": "3.73860", "2019-12-31": "3.09370", "2019-09-30": "2.91740", "2019-06-30": "3.04020", "2019-03-31": "3.37010", "2018-12-31": "1.09690", "2018-09-30": "3.48090", "2018-06-30": "3.54360", "2018-03-31": "3.77750", "2017-12-31": "3.88940", "2017-09-30": "3.99040", "2017-06-30": "3.90790", "2017-03-31": "3.89020", "2016-12-31": "4.58450", "2016-09-30": "3.54150", "2016-06-30": "3.55100", "2016-03-31": "3.56760", "2015-12-31": "3.75120", "2015-09-30": "3.52770", "2015-06-30": "0.17560", "2015-03-31": "0.13580", "2014-12-31": "3.87170", "2014-09-30": "0.15490", "2014-06-30": "0.29860", "2014-03-31": "0.32280", "2013-12-31": "0.34990", "2013-09-30": "0.31700", "2013-06-30": "0.32230", "2013-03-31": "0.31790", "2012-12-31": "0.36040", "2012-09-30": "0.46670", "2012-06-30": "0.51770", "2012-03-31": "0.65900", "2011-12-31": "0.54950", "2011-09-30": "0.76230", "2011-06-30": "0.70210", "2011-03-31": "0.79710", "2010-12-31": "0.83030", "2010-09-30": "0.77500", "2010-06-30": "0.83730", "2010-03-31": "0.81080", "2009-12-31": "0.92420", "2009-09-30": "0.92730", "2009-06-30": "0.90120", "2009-03-31": "1.02210", "2008-12-31": "1.06970", "2008-09-30": "1.06290", "2008-06-30": "1.01470", "2008-03-31": "0.98400", "2007-12-31": "1.09350", "2007-09-30": "1.93450", "2007-06-30": "2.08010", "2007-03-31": "2.19500", "2006-12-31": "2.17020", "2006-09-30": "2.15000", "2006-06-30": "2.66230", "2006-03-31": "2.55510", "2005-12-31": "2.29880", "2005-09-30": "2.28020", "2005-06-30": "2.31220", "2005-03-31": "2.15030"}, "Days Sales In Receivables": {"2020-12-31": "15.28440", "2020-09-30": "16.47350", "2020-06-30": "26.54450", "2020-03-31": "24.07330", "2019-12-31": "29.09140", "2019-09-30": "30.84970", "2019-06-30": "29.60380", "2019-03-31": "26.70540", "2018-12-31": "82.04870", "2018-09-30": "25.85500", "2018-06-30": "25.39770", "2018-03-31": "23.82560", "2017-12-31": "23.14000", "2017-09-30": "22.55400", "2017-06-30": "23.03020", "2017-03-31": "23.13500", "2016-12-31": "19.63150", "2016-09-30": "25.41270", "2016-06-30": "25.34530", "2016-03-31": "25.22700", "2015-12-31": "23.99230", "2015-09-30": "25.51220", "2015-06-30": "512.44550", "2015-03-31": "662.53280", "2014-12-31": "23.24580", "2014-09-30": "580.98140", "2014-06-30": "301.41120", "2014-03-31": "278.78460", "2013-12-31": "257.24500", "2013-09-30": "283.94400", "2013-06-30": "279.21590", "2013-03-31": "283.11100", "2012-12-31": "249.70940", "2012-09-30": "192.82320", "2012-06-30": "173.85520", "2012-03-31": "136.57920", "2011-12-31": "163.78400", "2011-09-30": "118.06300", "2011-06-30": "128.18700", "2011-03-31": "112.90260", "2010-12-31": "108.39700", "2010-09-30": "116.13290", "2010-06-30": "107.49040", "2010-03-31": "111.00420", "2009-12-31": "97.38390", "2009-09-30": "97.05510", "2009-06-30": "99.86760", "2009-03-31": "88.05010", "2008-12-31": "84.13420", "2008-09-30": "84.67700", "2008-06-30": "88.69370", "2008-03-31": "91.46220", "2007-12-31": "82.30380", "2007-09-30": "46.52430", "2007-06-30": "43.26700", "2007-03-31": "41.00190", "2006-12-31": "41.47000", "2006-09-30": "41.86050", "2006-06-30": "33.80480", "2006-03-31": "35.22360", "2005-12-31": "39.15110", "2005-09-30": "39.47010", "2005-06-30": "38.92380", "2005-03-31": "41.85540"}, "ROE - Return On Equity": {"2020-12-31": "19.54510", "2020-09-30": "21.26710", "2020-06-30": "25.49970", "2020-03-31": "22.93140", "2019-12-31": "13.58890", "2019-09-30": "6.42200", "2019-06-30": "9.74180", "2019-03-31": "9.91740", "2018-12-31": "5.77930", "2018-09-30": "10.39110", "2018-06-30": "8.92810", "2018-03-31": "5.35810", "2017-12-31": "-32.26490", "2017-09-30": "4.60870", "2017-06-30": "0.25270", "2017-03-31": "8.92630", "2016-12-31": "56.43800", "2016-09-30": "6.12990", "2016-06-30": "6.77200", "2016-03-31": "7.63020", "2015-12-31": "7.95320", "2015-09-30": "8.39490", "2015-06-30": "2.17120", "2015-03-31": "2.29810", "2014-12-31": "3.66220", "2014-09-30": "2.56940", "2014-06-30": "3.79550", "2014-03-31": "-11.86190", "2013-12-31": "5.10000", "2013-09-30": "3.02630", "2013-06-30": "2.95600", "2013-03-31": "3.20670", "2012-12-31": "4.80710", "2012-09-30": "2.99800", "2012-06-30": "3.65910", "2012-03-31": "3.04670", "2011-12-31": "11.03740", "2011-09-30": "3.03740", "2011-06-30": "1.74580", "2011-03-31": "2.98540", "2010-12-31": "3.65460", "2010-09-30": "2.87300", "2010-06-30": "2.90910", "2010-03-31": "2.81520", "2009-12-31": "9.82700", "2009-09-30": "2.74280", "2009-06-30": "2.74580", "2009-03-31": "3.21270", "2008-12-31": "3.31290", "2008-09-30": "4.60290", "2008-06-30": "4.04800", "2008-03-31": "4.04640", "2007-12-31": "4.53570", "2007-09-30": "-8.60540", "2007-06-30": "3.25680", "2007-03-31": "3.36280", "2006-12-31": "3.17720", "2006-09-30": "2.52990", "2006-06-30": "2.21560", "2006-03-31": "2.33640", "2005-12-31": "2.77890", "2005-09-30": "3.17630", "2005-06-30": "3.85200", "2005-03-31": "3.54250"}, "Return On Tangible Equity": {"2020-12-31": "-61.81170", "2020-09-30": "-37.95840", "2020-06-30": "-35.85270", "2020-03-31": "-17.41470", "2019-12-31": "-22.91420", "2019-09-30": "-11.01780", "2019-06-30": "-34.10060", "2019-03-31": "-456.63720", "2018-12-31": "35.27700", "2018-09-30": "43.55720", "2018-06-30": "34.97810", "2018-03-31": "14.91940", "2017-12-31": "-80.97910", "2017-09-30": "7.95590", "2017-06-30": "0.43170", "2017-03-31": "15.08530", "2016-12-31": "100.20220", "2016-09-30": "21.16460", "2016-06-30": "23.09730", "2016-03-31": "28.08860", "2015-12-31": "25.70020", "2015-09-30": "27.80610", "2015-06-30": "3.70050", "2015-03-31": "4.44910", "2014-12-31": "4.82720", "2014-09-30": "5.11660", "2014-06-30": "8.09990", "2014-03-31": "-24.36370", "2013-12-31": "8.97390", "2013-09-30": "5.16570", "2013-06-30": "5.19020", "2013-03-31": "5.81920", "2012-12-31": "8.95540", "2012-09-30": "5.86040", "2012-06-30": "7.50300", "2012-03-31": "6.36660", "2011-12-31": "24.25540", "2011-09-30": "7.70720", "2011-06-30": "4.35230", "2011-03-31": "5.33820", "2010-12-31": "6.52670", "2010-09-30": "5.18780", "2010-06-30": "5.39720", "2010-03-31": "5.45340", "2009-12-31": "19.70270", "2009-09-30": "9.14270", "2009-06-30": "10.32260", "2009-03-31": "9.71700", "2008-12-31": "11.05230", "2008-09-30": "12.14170", "2008-06-30": "10.71900", "2008-03-31": "10.94310", "2007-12-31": "10.94290", "2007-09-30": "-23.10320", "2007-06-30": "9.53620", "2007-03-31": "10.20720", "2006-12-31": "9.42160", "2006-09-30": "7.06550", "2006-06-30": "5.99580", "2006-03-31": "6.82140", "2005-12-31": "8.99370", "2005-09-30": "6.36280", "2005-06-30": "7.17810", "2005-03-31": "6.82760"}, "ROA - Return On Assets": {"2020-12-31": "3.60440", "2020-09-30": "3.37120", "2020-06-30": "3.69740", "2020-03-31": "2.56220", "2019-12-31": "2.14590", "2019-09-30": "1.12220", "2019-06-30": "1.88960", "2019-03-31": "2.31090", "2018-12-31": "1.59080", "2018-09-30": "3.04410", "2018-06-30": "2.65970", "2018-03-31": "1.65750", "2017-12-31": "-9.99380", "2017-09-30": "2.00440", "2017-06-30": "0.10550", "2017-03-31": "4.17200", "2016-12-31": "24.94230", "2016-09-30": "2.03880", "2016-06-30": "2.18580", "2016-03-31": "2.45820", "2015-12-31": "2.94560", "2015-09-30": "2.97200", "2015-06-30": "0.94180", "2015-03-31": "1.00130", "2014-12-31": "1.61530", "2014-09-30": "1.14440", "2014-06-30": "1.72910", "2014-03-31": "-5.73680", "2013-12-31": "2.90690", "2013-09-30": "1.71960", "2013-06-30": "1.66020", "2013-03-31": "1.78160", "2012-12-31": "2.70540", "2012-09-30": "1.83680", "2012-06-30": "2.44890", "2012-03-31": "2.02080", "2011-12-31": "7.24380", "2011-09-30": "1.97180", "2011-06-30": "1.13960", "2011-03-31": "2.06910", "2010-12-31": "2.54150", "2010-09-30": "2.16530", "2010-06-30": "2.19860", "2010-03-31": "2.12760", "2009-12-31": "7.36030", "2009-09-30": "2.01500", "2009-06-30": "1.97600", "2009-03-31": "2.36060", "2008-12-31": "2.35490", "2008-09-30": "3.45660", "2008-06-30": "3.06450", "2008-03-31": "3.05540", "2007-12-31": "3.45490", "2007-09-30": "-6.32750", "2007-06-30": "2.61690", "2007-03-31": "2.70960", "2006-12-31": "2.56760", "2006-09-30": "2.08640", "2006-06-30": "1.88670", "2006-03-31": "1.97540", "2005-12-31": "2.36850", "2005-09-30": "2.64880", "2005-06-30": "3.22770", "2005-03-31": "2.98390"}, "ROI - Return On Investment": {"2020-12-31": "6.15600", "2020-09-30": "5.82660", "2020-06-30": "6.68900", "2020-03-31": "4.92940", "2019-12-31": "3.93420", "2019-09-30": "1.99900", "2019-06-30": "3.52450", "2019-03-31": "3.99910", "2018-12-31": "2.59920", "2018-09-30": "4.93490", "2018-06-30": "3.90290", "2018-03-31": "2.42200", "2017-12-31": "-15.02630", "2017-09-30": "2.53260", "2017-06-30": "0.13990", "2017-03-31": "5.64000", "2016-12-31": "32.95660", "2016-09-30": "2.90260", "2016-06-30": "2.81810", "2016-03-31": "3.14070", "2015-12-31": "3.92500", "2015-09-30": "4.09590", "2015-06-30": "1.61890", "2015-03-31": "1.70510", "2014-12-31": "2.73210", "2014-09-30": "1.87440", "2014-06-30": "3.11850", "2014-03-31": "-9.80070", "2013-12-31": "4.34380", "2013-09-30": "2.56230", "2013-06-30": "2.48310", "2013-03-31": "2.68470", "2012-12-31": "4.01670", "2012-09-30": "2.44480", "2012-06-30": "3.38720", "2012-03-31": "2.81760", "2011-12-31": "10.17220", "2011-09-30": "2.77500", "2011-06-30": "1.59530", "2011-03-31": "2.72950", "2010-12-31": "3.32940", "2010-09-30": "2.87300", "2010-06-30": "2.90910", "2010-03-31": "2.81520", "2009-12-31": "9.82700", "2009-09-30": "2.74280", "2009-06-30": "2.74580", "2009-03-31": "3.21270", "2008-12-31": "3.31290", "2008-09-30": "4.60290", "2008-06-30": "4.04800", "2008-03-31": "4.04640", "2007-12-31": "4.53570", "2007-09-30": "-8.60540", "2007-06-30": "3.25680", "2007-03-31": "3.36280", "2006-12-31": "3.17720", "2006-09-30": "2.52990", "2006-06-30": "2.21560", "2006-03-31": "2.33640", "2005-12-31": "2.77890", "2005-09-30": "3.17630", "2005-06-30": "3.85200", "2005-03-31": "3.54250"}, "Book Value Per Share": {"2020-12-31": "5.20610", "2020-09-30": "4.23800", "2020-06-30": "4.11630", "2020-03-31": "3.01710", "2019-12-31": "3.60550", "2019-09-30": "3.99270", "2019-06-30": "4.87650", "2019-03-31": "5.93950", "2018-12-31": "6.86450", "2018-09-30": "7.19520", "2018-06-30": "7.22550", "2018-03-31": "7.54320", "2017-12-31": "7.82220", "2017-09-30": "10.75600", "2017-06-30": "10.70340", "2017-03-31": "10.75600", "2016-12-31": "9.69550", "2016-09-30": "6.10470", "2016-06-30": "5.70050", "2016-03-31": "5.52670", "2015-12-31": "5.55410", "2015-09-30": "5.39650", "2015-06-30": "16.26030", "2015-03-31": "16.14710", "2014-12-31": "16.26310", "2014-09-30": "15.95010", "2014-06-30": "15.28610", "2014-03-31": "15.47670", "2013-12-31": "18.27430", "2013-09-30": "17.59430", "2013-06-30": "16.73180", "2013-03-31": "16.30270", "2012-12-31": "16.12440", "2012-09-30": "15.38870", "2012-06-30": "14.68320", "2012-03-31": "14.49190", "2011-12-31": "13.94250", "2011-09-30": "12.52500", "2011-06-30": "12.58130", "2011-03-31": "12.28710", "2010-12-31": "11.79170", "2010-09-30": "11.53340", "2010-06-30": "10.80040", "2010-03-31": "10.80850", "2009-12-31": "10.62390", "2009-09-30": "9.86340", "2009-06-30": "9.24060", "2009-03-31": "8.64050", "2008-12-31": "8.64560", "2008-09-30": "8.37510", "2008-06-30": "8.74530", "2008-03-31": "8.63580", "2007-12-31": "8.66870", "2007-09-30": "8.03820", "2007-06-30": "8.43220", "2007-03-31": "8.22600", "2006-12-31": "7.96820", "2006-09-30": "7.96610", "2006-06-30": "7.97310", "2006-03-31": "7.54170", "2005-12-31": "7.15570", "2005-09-30": "5.90050", "2005-06-30": "5.59270", "2005-03-31": "5.36370"}, "Operating Cash Flow Per Share": {"2020-12-31": 1.0231, "2020-09-30": 0.1575, "2020-06-30": 1.4065, "2020-03-31": "0.78200", "2019-12-31": 0.8864, "2019-09-30": 1.259, "2019-06-30": 0.8868, "2019-03-31": "0.60570", "2018-12-31": 1.2325, "2018-09-30": 0.5861, "2018-06-30": 0.3825, "2018-03-31": "0.48100", "2017-12-31": 0.9549, "2017-09-30": 0.8277, "2017-06-30": 0.6461, "2017-03-31": "0.52810", "2016-12-31": 0.5335, "2016-09-30": 0.7149, "2016-06-30": 0.674, "2016-03-31": "0.54790", "2015-12-31": 0.9024, "2015-09-30": 0.564, "2015-06-30": 0.9468, "2015-03-31": "0.93650", "2014-12-31": 1.3483, "2014-09-30": 1.1204, "2014-06-30": 1.1857, "2014-03-31": "0.92010", "2013-12-31": 1.3077, "2013-09-30": 1.0217, "2013-06-30": 0.7732, "2013-03-31": "0.71040", "2012-12-31": 1.0452, "2012-09-30": 0.8744, "2012-06-30": 0.5864, "2012-03-31": "0.40600", "2011-12-31": 0.7433, "2011-09-30": 0.6232, "2011-06-30": 0.5967, "2011-03-31": "0.53030", "2010-12-31": 0.6452, "2010-09-30": 0.5632, "2010-06-30": 0.5455, "2010-03-31": "0.31540", "2009-12-31": 0.5984, "2009-09-30": 0.5541, "2009-06-30": 0.5569, "2009-03-31": "0.51910", "2008-12-31": 0.5015, "2008-09-30": 0.5586, "2008-06-30": 0.5654, "2008-03-31": "0.57010", "2007-12-31": 0.5548, "2007-09-30": 0.4803, "2007-06-30": 0.4764, "2007-03-31": "0.40780", "2006-12-31": 0.4397, "2006-09-30": 0.3713, "2006-06-30": 0.3595, "2006-03-31": "0.40640", "2005-12-31": 0.3722, "2005-09-30": 0.3504, "2005-06-30": 0.3609, "2005-03-31": "0.35840"}, "Free Cash Flow Per Share": {"2020-12-31": 0.7955, "2020-09-30": -0.0272, "2020-06-30": 1.2602, "2020-03-31": "0.65260", "2019-12-31": 0.7461, "2019-09-30": 1.1493, "2019-06-30": 0.724, "2019-03-31": "0.40750", "2018-12-31": 1.1339, "2018-09-30": 0.3967, "2018-06-30": 0.1954, "2018-03-31": "0.32750", "2017-12-31": 0.7686, "2017-09-30": 0.6786, "2017-06-30": 0.478, "2017-03-31": "0.40560", "2016-12-31": 0.4165, "2016-09-30": 0.5501, "2016-06-30": 0.5437, "2016-03-31": "0.41280", "2015-12-31": 0.7884, "2015-09-30": 0.3657, "2015-06-30": 0.7824, "2015-03-31": "0.85840", "2014-12-31": 1.1844, "2014-09-30": 1.1154, "2014-06-30": 1.0149, "2014-03-31": "0.75860", "2013-12-31": 1.5298, "2013-09-30": 0.7785, "2013-06-30": 0.5034, "2013-03-31": "0.48370", "2012-12-31": 0.8228, "2012-09-30": 0.6007, "2012-06-30": 0.3139, "2012-03-31": "0.22090", "2011-12-31": 0.5233, "2011-09-30": 0.4049, "2011-06-30": 0.4145, "2011-03-31": "0.41740", "2010-12-31": 0.4959, "2010-09-30": 0.4373, "2010-06-30": 0.3899, "2010-03-31": "0.20060", "2009-12-31": 0.4644, "2009-09-30": 0.4222, "2009-06-30": 0.4588, "2009-03-31": "0.44850", "2008-12-31": 0.3839, "2008-09-30": 0.4386, "2008-06-30": 0.4721, "2008-03-31": "0.46990", "2007-12-31": 0.4657, "2007-09-30": 0.3895, "2007-06-30": 0.3882, "2007-03-31": "0.34610", "2006-12-31": 0.3718, "2006-09-30": 0.274, "2006-06-30": 0.256, "2006-03-31": "0.31350", "2005-12-31": 0.303, "2005-09-30": 0.3206, "2005-06-30": 0.2951, "2005-03-31": "0.30090"}}, "revenue": {"EBay Annual Revenue (Millions of US $)": {"2020": "$10,271", "2019": "$8,636", "2018": "$8,650", "2017": "$9,927", "2016": "$9,298", "2015": "$8,592", "2014": "$8,790", "2013": "$8,257", "2012": "$14,072", "2011": "$11,652", "2010": "$9,156", "2009": "$8,727", "2008": "$8,541", "2007": "$7,672", "2006": "$5,970", "2005": "$4,552"}, "EBay Quarterly Revenue (Millions of US $)": {"2020-12-31": "$2,426", "2020-09-30": "$2,606", "2020-06-30": "$2,865", "2020-03-31": "$2,374", "2019-12-31": "$1,717", "2019-09-30": "$2,083", "2019-06-30": "$2,423", "2019-03-31": "$2,413", "2018-12-31": "$781", "2018-09-30": "$2,649", "2018-06-30": "$2,640", "2018-03-31": "$2,580", "2017-12-31": "$2,707", "2017-09-30": "$2,498", "2017-06-30": "$2,419", "2017-03-31": "$2,303", "2016-12-31": "$2,714", "2016-09-30": "$2,217", "2016-06-30": "$2,230", "2016-03-31": "$2,137", "2015-12-31": "$2,322", "2015-09-30": "$2,099", "2015-06-30": "$2,110", "2015-03-31": "$2,061", "2014-12-31": "$2,323", "2014-09-30": "$2,150", "2014-06-30": "$4,103", "2014-03-31": "$4,262", "2013-12-31": "$4,530", "2013-09-30": "$3,892", "2013-06-30": "$3,877", "2013-03-31": "$3,748", "2012-12-31": "$3,992", "2012-09-30": "$3,404", "2012-06-30": "$3,398", "2012-03-31": "$3,277", "2011-12-31": "$3,380", "2011-09-30": "$2,966", "2011-06-30": "$2,760", "2011-03-31": "$2,546", "2010-12-31": "$2,495", "2010-09-30": "$2,249", "2010-06-30": "$2,215", "2010-03-31": "$2,196", "2009-12-31": "$2,371", "2009-09-30": "$2,238", "2009-06-30": "$2,098", "2009-03-31": "$2,021", "2008-12-31": "$2,036", "2008-09-30": "$2,118", "2008-06-30": "$2,196", "2008-03-31": "$2,192", "2007-12-31": "$2,181", "2007-09-30": "$1,889", "2007-06-30": "$1,834", "2007-03-31": "$1,768", "2006-12-31": "$1,720", "2006-09-30": "$1,449", "2006-06-30": "$1,411", "2006-03-31": "$1,390", "2005-12-31": "$1,329", "2005-09-30": "$1,106", "2005-06-30": "$1,086", "2005-03-31": "$1,032"}}, "gross-profit": {"EBay Annual Gross Profit (Millions of US $)": {"2020": "$7,798", "2019": "$6,500", "2018": "$6,627", "2017": "$7,706", "2016": "$7,294", "2015": "$6,821", "2014": "$7,127", "2013": "$6,765", "2012": "$9,856", "2011": "$8,191", "2010": "$6,592", "2009": "$6,248", "2008": "$6,313", "2007": "$5,909", "2006": "$4,713", "2005": "$3,734"}, "EBay Quarterly Gross Profit (Millions of US $)": {"2020-12-31": "$1,733", "2020-09-30": "$1,950", "2020-06-30": "$2,267", "2020-03-31": "$1,848", "2019-12-31": "$1,203", "2019-09-30": "$1,553", "2019-06-30": "$1,870", "2019-03-31": "$1,874", "2018-12-31": "$522", "2018-09-30": "$2,041", "2018-06-30": "$2,043", "2018-03-31": "$2,021", "2017-12-31": "$2,117", "2017-09-30": "$1,941", "2017-06-30": "$1,859", "2017-03-31": "$1,789", "2016-12-31": "$2,178", "2016-09-30": "$1,719", "2016-06-30": "$1,737", "2016-03-31": "$1,660", "2015-12-31": "$1,829", "2015-09-30": "$1,666", "2015-06-30": "$1,676", "2015-03-31": "$1,650", "2014-12-31": "$1,881", "2014-09-30": "$1,737", "2014-06-30": "$2,922", "2014-03-31": "$2,911", "2013-12-31": "$3,081", "2013-09-30": "$2,668", "2013-06-30": "$2,666", "2013-03-31": "$2,596", "2012-12-31": "$2,769", "2012-09-30": "$2,382", "2012-06-30": "$2,411", "2012-03-31": "$2,294", "2011-12-31": "$2,341", "2011-09-30": "$2,046", "2011-06-30": "$1,987", "2011-03-31": "$1,817", "2010-12-31": "$1,793", "2010-09-30": "$1,609", "2010-06-30": "$1,600", "2010-03-31": "$1,590", "2009-12-31": "$1,700", "2009-09-30": "$1,594", "2009-06-30": "$1,506", "2009-03-31": "$1,447", "2008-12-31": "$1,456", "2008-09-30": "$1,557", "2008-06-30": "$1,634", "2008-03-31": "$1,667", "2007-12-31": "$1,675", "2007-09-30": "$1,443", "2007-06-30": "$1,418", "2007-03-31": "$1,374", "2006-12-31": "$1,364", "2006-09-30": "$1,129", "2006-06-30": "$1,114", "2006-03-31": "$1,107", "2005-12-31": "$1,089", "2005-09-30": "$905", "2005-06-30": "$894", "2005-03-31": "$845"}}, "operating-income": {"EBay Annual Operating Income (Millions of US $)": {"2020": "$2,711", "2019": "$1,861", "2018": "$1,752", "2017": "$2,264", "2016": "$2,325", "2015": "$2,197", "2014": "$2,476", "2013": "$2,454", "2012": "$2,888", "2011": "$2,373", "2010": "$2,054", "2009": "$1,457", "2008": "$2,076", "2007": "$613", "2006": "$1,423", "2005": "$1,442"}, "EBay Quarterly Operating Income (Millions of US $)": {"2020-12-31": "$582", "2020-09-30": "$679", "2020-06-30": "$821", "2020-03-31": "$629", "2019-12-31": "$302", "2019-09-30": "$408", "2019-06-30": "$558", "2019-03-31": "$593", "2018-12-31": "$211", "2018-09-30": "$556", "2018-06-30": "$406", "2018-03-31": "$579", "2017-12-31": "$663", "2017-09-30": "$574", "2017-06-30": "$480", "2017-03-31": "$547", "2016-12-31": "$638", "2016-09-30": "$542", "2016-06-30": "$531", "2016-03-31": "$614", "2015-12-31": "$662", "2015-09-30": "$578", "2015-06-30": "$428", "2015-03-31": "$529", "2014-12-31": "$731", "2014-09-30": "$596", "2014-06-30": "$854", "2014-03-31": "$878", "2013-12-31": "$1,022", "2013-09-30": "$799", "2013-06-30": "$750", "2013-03-31": "$800", "2012-12-31": "$874", "2012-09-30": "$667", "2012-06-30": "$695", "2012-03-31": "$653", "2011-12-31": "$752", "2011-09-30": "$537", "2011-06-30": "$519", "2011-03-31": "$565", "2010-12-31": "$591", "2010-09-30": "$490", "2010-06-30": "$485", "2010-03-31": "$489", "2009-12-31": "$179", "2009-09-30": "$443", "2009-06-30": "$412", "2009-03-31": "$423", "2008-12-31": "$453", "2008-09-30": "$524", "2008-06-30": "$545", "2008-03-31": "$553", "2007-12-31": "$626", "2007-09-30": "$-938", "2007-06-30": "$457", "2007-03-31": "$468", "2006-12-31": "$450", "2006-09-30": "$339", "2006-06-30": "$311", "2006-03-31": "$323", "2005-12-31": "$370", "2005-09-30": "$357", "2005-06-30": "$379", "2005-03-31": "$336"}}, "ebitda": {"EBay Annual EBITDA (Millions of US $)": {"2020": "$3,320", "2019": "$2,490", "2018": "$2,387", "2017": "$2,940", "2016": "$3,007", "2015": "$2,884", "2014": "$3,158", "2013": "$3,114", "2012": "$4,088", "2011": "$3,313", "2010": "$2,816", "2009": "$2,268", "2008": "$2,795", "2007": "$2,606", "2006": "$1,968", "2005": "$1,820"}, "EBay Quarterly EBITDA (Millions of US $)": {"2020-12-31": "$720", "2020-09-30": "$831", "2020-06-30": "$993", "2020-03-31": "$776", "2019-12-31": "$457", "2019-09-30": "$552", "2019-06-30": "$726", "2019-03-31": "$755", "2018-12-31": "$322", "2018-09-30": "$731", "2018-06-30": "$576", "2018-03-31": "$758", "2017-12-31": "$835", "2017-09-30": "$747", "2017-06-30": "$648", "2017-03-31": "$710", "2016-12-31": "$814", "2016-09-30": "$714", "2016-06-30": "$698", "2016-03-31": "$781", "2015-12-31": "$833", "2015-09-30": "$760", "2015-06-30": "$602", "2015-03-31": "$689", "2014-12-31": "$895", "2014-09-30": "$499", "2014-06-30": "$1,087", "2014-03-31": "$1,260", "2013-12-31": "$649", "2013-09-30": "$1,156", "2013-06-30": "$1,097", "2013-03-31": "$1,129", "2012-12-31": "$1,192", "2012-09-30": "$978", "2012-06-30": "$985", "2012-03-31": "$934", "2011-12-31": "$1,025", "2011-09-30": "$803", "2011-06-30": "$727", "2011-03-31": "$758", "2010-12-31": "$782", "2010-09-30": "$685", "2010-06-30": "$672", "2010-03-31": "$677", "2009-12-31": "$380", "2009-09-30": "$658", "2009-06-30": "$609", "2009-03-31": "$620", "2008-12-31": "$655", "2008-09-30": "$703", "2008-06-30": "$719", "2008-03-31": "$719", "2007-12-31": "$786", "2007-09-30": "$605", "2007-06-30": "$604", "2007-03-31": "$611", "2006-12-31": "$594", "2006-09-30": "$474", "2006-06-30": "$454", "2006-03-31": "$446", "2005-12-31": "$492", "2005-09-30": "$449", "2005-06-30": "$461", "2005-03-31": "$419"}}, "net-income": {"EBay Annual Net Income (Millions of US $)": {"2020": "$5,667", "2019": "$1,786", "2018": "$2,530", "2017": "$-1,017", "2016": "$7,266", "2015": "$1,725", "2014": "$46", "2013": "$2,856", "2012": "$2,609", "2011": "$3,229", "2010": "$1,801", "2009": "$2,389", "2008": "$1,779", "2007": "$348", "2006": "$1,126", "2005": "$1,082"}, "EBay Quarterly Net Income (Millions of US $)": {"2020-12-31": "$845", "2020-09-30": "$664", "2020-06-30": "$746", "2020-03-31": "$3,412", "2019-12-31": "$556", "2019-09-30": "$310", "2019-06-30": "$402", "2019-03-31": "$518", "2018-12-31": "$760", "2018-09-30": "$721", "2018-06-30": "$642", "2018-03-31": "$407", "2017-12-31": "$-2,601", "2017-09-30": "$520", "2017-06-30": "$29", "2017-03-31": "$1,035", "2016-12-31": "$5,936", "2016-09-30": "$413", "2016-06-30": "$435", "2016-03-31": "$482", "2015-12-31": "$477", "2015-09-30": "$539", "2015-06-30": "$83", "2015-03-31": "$626", "2014-12-31": "$1,023", "2014-09-30": "$673", "2014-06-30": "$676", "2014-03-31": "$-2,326", "2013-12-31": "$850", "2013-09-30": "$689", "2013-06-30": "$640", "2013-03-31": "$677", "2012-12-31": "$751", "2012-09-30": "$597", "2012-06-30": "$692", "2012-03-31": "$570", "2011-12-31": "$1,979", "2011-09-30": "$491", "2011-06-30": "$283", "2011-03-31": "$476", "2010-12-31": "$559", "2010-09-30": "$432", "2010-06-30": "$412", "2010-03-31": "$398", "2009-12-31": "$1,355", "2009-09-30": "$350", "2009-06-30": "$327", "2009-03-31": "$357", "2008-12-31": "$367", "2008-09-30": "$492", "2008-06-30": "$460", "2008-03-31": "$460", "2007-12-31": "$531", "2007-09-30": "$-936", "2007-06-30": "$376", "2007-03-31": "$377", "2006-12-31": "$346", "2006-09-30": "$281", "2006-06-30": "$250", "2006-03-31": "$248", "2005-12-31": "$279", "2005-09-30": "$255", "2005-06-30": "$292", "2005-03-31": "$256"}}, "eps-earnings-per-share-diluted": {"EBay Annual EPS": {"2020": "$7.89", "2019": "$2.09", "2018": "$2.55", "2017": "$-0.95", "2016": "$6.35", "2015": "$1.42", "2014": "$0.04", "2013": "$2.18", "2012": "$1.99", "2011": "$2.46", "2010": "$1.36", "2009": "$1.83", "2008": "$1.36", "2007": "$0.25", "2006": "$0.79", "2005": "$0.78"}, "EBay Quarterly EPS": {"2020-12-31": "$1.39", "2020-09-30": "$0.94", "2020-06-30": "$1.05", "2020-03-31": "$4.51", "2019-12-31": "$0.69", "2019-09-30": "$0.37", "2019-06-30": "$0.46", "2019-03-31": "$0.57", "2018-12-31": "$0.78", "2018-09-30": "$0.73", "2018-06-30": "$0.64", "2018-03-31": "$0.40", "2017-12-31": "$-2.40", "2017-09-30": "$0.48", "2017-06-30": "$0.03", "2017-03-31": "$0.94", "2016-12-31": "$5.20", "2016-09-30": "$0.36", "2016-06-30": "$0.38", "2016-03-31": "$0.41", "2015-12-31": "$0.39", "2015-09-30": "$0.45", "2015-06-30": "$0.07", "2015-03-31": "$0.51", "2014-12-31": "$0.82", "2014-09-30": "$0.54", "2014-06-30": "$0.53", "2014-03-31": "$-1.82", "2013-12-31": "$0.65", "2013-09-30": "$0.53", "2013-06-30": "$0.49", "2013-03-31": "$0.51", "2012-12-31": "$0.57", "2012-09-30": "$0.45", "2012-06-30": "$0.53", "2012-03-31": "$0.44", "2011-12-31": "$1.51", "2011-09-30": "$0.37", "2011-06-30": "$0.22", "2011-03-31": "$0.36", "2010-12-31": "$0.42", "2010-09-30": "$0.33", "2010-06-30": "$0.31", "2010-03-31": "$0.30", "2009-12-31": "$1.03", "2009-09-30": "$0.27", "2009-06-30": "$0.25", "2009-03-31": "$0.28", "2008-12-31": "$0.29", "2008-09-30": "$0.38", "2008-06-30": "$0.35", "2008-03-31": "$0.34", "2007-12-31": "$0.40", "2007-09-30": "$-0.69", "2007-06-30": "$0.27", "2007-03-31": "$0.27", "2006-12-31": "$0.25", "2006-09-30": "$0.20", "2006-06-30": "$0.17", "2006-03-31": "$0.17", "2005-12-31": "$0.20", "2005-09-30": "$0.18", "2005-06-30": "$0.21", "2005-03-31": "$0.19"}}, "shares-outstanding": {"EBay Annual Shares Outstanding (Millions of Shares)": {"2020": "718", "2019": "856", "2018": "991", "2017": "1,064", "2016": "1,144", "2015": "1,220", "2014": "1,251", "2013": "1,313", "2012": "1,313", "2011": "1,313", "2010": "1,327", "2009": "1,305", "2008": "1,313", "2007": "1,376", "2006": "1,425", "2005": "1,394"}, "EBay Quarterly Shares Outstanding (Millions of Shares)": {"2020-12-31": "718", "2020-09-30": "708", "2020-06-30": "711", "2020-03-31": "757", "2019-12-31": "856", "2019-09-30": "837", "2019-06-30": "867", "2019-03-31": "908", "2018-12-31": "991", "2018-09-30": "983", "2018-06-30": "1,004", "2018-03-31": "1,029", "2017-12-31": "1,064", "2017-09-30": "1,078", "2017-06-30": "1,091", "2017-03-31": "1,102", "2016-12-31": "1,144", "2016-09-30": "1,139", "2016-06-30": "1,149", "2016-03-31": "1,170", "2015-12-31": "1,204", "2015-09-30": "1,223", "2015-06-30": "1,225", "2015-03-31": "1,229", "2014-12-31": "1,241", "2014-09-30": "1,251", "2014-06-30": "1,267", "2014-03-31": "1,276", "2013-12-31": "1,310", "2013-09-30": "1,310", "2013-06-30": "1,313", "2013-03-31": "1,319", "2012-12-31": "1,318", "2012-09-30": "1,314", "2012-06-30": "1,309", "2012-03-31": "1,308", "2011-12-31": "1,313", "2011-09-30": "1,309", "2011-06-30": "1,315", "2011-03-31": "1,320", "2010-12-31": "1,327", "2010-09-30": "1,328", "2010-06-30": "1,330", "2010-03-31": "1,326", "2009-12-31": "1,305", "2009-09-30": "1,311", "2009-06-30": "1,300", "2009-03-31": "1,288", "2008-12-31": "1,313", "2008-09-30": "1,297", "2008-06-30": "1,325", "2008-03-31": "1,344", "2007-12-31": "1,376", "2007-09-30": "1,355", "2007-06-30": "1,379", "2007-03-31": "1,384", "2006-12-31": "1,425", "2006-09-30": "1,426", "2006-06-30": "1,436", "2006-03-31": "1,438", "2005-12-31": "1,394", "2005-09-30": "1,387", "2005-06-30": "1,379", "2005-03-31": "1,382"}}, "total-assets": {"EBay Annual Total Assets (Millions of US $)": {"2020": "$19,310", "2019": "$18,174", "2018": "$22,819", "2017": "$25,986", "2016": "$23,847", "2015": "$17,755", "2014": "$45,132", "2013": "$41,488", "2012": "$37,074", "2011": "$27,320", "2010": "$22,004", "2009": "$18,408", "2008": "$15,592", "2007": "$15,366", "2006": "$13,494", "2005": "$11,789"}, "EBay Quarterly Total Assets (Millions of US $)": {"2020-12-31": "$19,310", "2020-09-30": "$18,421", "2020-06-30": "$20,014", "2020-03-31": "$18,929", "2019-12-31": "$18,174", "2019-09-30": "$18,714", "2019-06-30": "$21,169", "2019-03-31": "$22,329", "2018-12-31": "$22,819", "2018-09-30": "$23,652", "2018-06-30": "$23,988", "2018-03-31": "$24,555", "2017-12-31": "$25,986", "2017-09-30": "$25,943", "2017-06-30": "$27,483", "2017-03-31": "$24,808", "2016-12-31": "$23,847", "2016-09-30": "$20,502", "2016-06-30": "$19,993", "2016-03-31": "$19,608", "2015-12-31": "$17,755", "2015-09-30": "$18,338", "2015-06-30": "$45,658", "2015-03-31": "$44,841", "2014-12-31": "$45,132", "2014-09-30": "$44,476", "2014-06-30": "$41,640", "2014-03-31": "$40,545", "2013-12-31": "$41,488", "2013-09-30": "$40,067", "2013-06-30": "$38,550", "2013-03-31": "$38,000", "2012-12-31": "$37,074", "2012-09-30": "$32,502", "2012-06-30": "$28,258", "2012-03-31": "$28,207", "2011-12-31": "$27,320", "2011-09-30": "$24,901", "2011-06-30": "$24,834", "2011-03-31": "$23,005", "2010-12-31": "$22,004", "2010-09-30": "$19,948", "2010-06-30": "$18,748", "2010-03-31": "$18,690", "2009-12-31": "$18,408", "2009-09-30": "$17,356", "2009-06-30": "$16,566", "2009-03-31": "$15,128", "2008-12-31": "$15,592", "2008-09-30": "$14,240", "2008-06-30": "$15,022", "2008-03-31": "$15,046", "2007-12-31": "$15,366", "2007-09-30": "$14,787", "2007-06-30": "$14,361", "2007-03-31": "$13,920", "2006-12-31": "$13,494", "2006-09-30": "$13,463", "2006-06-30": "$13,250", "2006-03-31": "$12,569", "2005-12-31": "$11,789", "2005-09-30": "$9,626", "2005-06-30": "$9,033", "2005-03-31": "$8,589"}}, "cash-on-hand": {"EBay Annual Cash on Hand (Millions of US $)": {"2020": "$3,826", "2019": "$2,751", "2018": "$4,915", "2017": "$5,863", "2016": "$7,149", "2015": "$6,131", "2014": "$7,835", "2013": "$9,025", "2012": "$9,408", "2011": "$5,929", "2010": "$6,623", "2009": "$4,944", "2008": "$3,353", "2007": "$4,897", "2006": "$3,218", "2005": "$2,118"}, "EBay Quarterly Cash on Hand (Millions of US $)": {"2020-12-31": "$3,826", "2020-09-30": "$3,660", "2020-06-30": "$5,303", "2020-03-31": "$4,430", "2019-12-31": "$2,751", "2019-09-30": "$3,086", "2019-06-30": "$4,477", "2019-03-31": "$4,441", "2018-12-31": "$4,915", "2018-09-30": "$4,838", "2018-06-30": "$4,007", "2018-03-31": "$4,806", "2017-12-31": "$5,863", "2017-09-30": "$6,030", "2017-06-30": "$9,017", "2017-03-31": "$6,754", "2016-12-31": "$7,149", "2016-09-30": "$8,045", "2016-06-30": "$8,086", "2016-03-31": "$8,013", "2015-12-31": "$6,131", "2015-09-30": "$5,301", "2015-06-30": "$10,554", "2015-03-31": "$9,679", "2014-12-31": "$7,835", "2014-09-30": "$10,391", "2014-06-30": "$7,369", "2014-03-31": "$7,844", "2013-12-31": "$9,025", "2013-09-30": "$10,271", "2013-06-30": "$10,436", "2013-03-31": "$9,402", "2012-12-31": "$9,408", "2012-09-30": "$9,135", "2012-06-30": "$5,754", "2012-03-31": "$5,871", "2011-12-31": "$5,929", "2011-09-30": "$4,013", "2011-06-30": "$4,397", "2011-03-31": "$6,765", "2010-12-31": "$6,623", "2010-09-30": "$5,363", "2010-06-30": "$4,898", "2010-03-31": "$4,528", "2009-12-31": "$4,944", "2009-09-30": "$3,159", "2009-06-30": "$3,015", "2009-03-31": "$3,237", "2008-12-31": "$3,353", "2008-09-30": "$3,644", "2008-06-30": "$4,051", "2008-03-31": "$3,988", "2007-12-31": "$4,897", "2007-09-30": "$3,989", "2007-06-30": "$3,618", "2007-03-31": "$3,299", "2006-12-31": "$3,218", "2006-09-30": "$3,257", "2006-06-30": "$3,388", "2006-03-31": "$2,735", "2005-12-31": "$2,118", "2005-09-30": "$3,103", "2005-06-30": "$2,785", "2005-03-31": "$2,046"}}, "long-term-debt": {"EBay Annual Long Term Debt (Millions of US $)": {"2020": "$7,745", "2019": "$7,043", "2018": "$7,685", "2017": "$9,234", "2016": "$7,509", "2015": "$6,749", "2014": "$6,777", "2013": "$4,117", "2012": "$4,106", "2011": "$1,525", "2010": "$1,494", "2009": "$", "2008": "$", "2007": "$", "2006": "$", "2005": "$"}, "EBay Quarterly Long Term Debt (Millions of US $)": {"2020-12-31": "$7,745", "2020-09-30": "$7,738", "2020-06-30": "$8,161", "2020-03-31": "$7,724", "2019-12-31": "$7,043", "2019-09-30": "$7,235", "2019-06-30": "$7,243", "2019-03-31": "$7,700", "2018-12-31": "$7,685", "2018-09-30": "$7,661", "2018-06-30": "$9,201", "2018-03-31": "$9,208", "2017-12-31": "$9,234", "2017-09-30": "$9,249", "2017-06-30": "$9,251", "2017-03-31": "$6,756", "2016-12-31": "$7,509", "2016-09-30": "$7,582", "2016-06-30": "$9,054", "2016-03-31": "$9,030", "2015-12-31": "$6,749", "2015-09-30": "$6,814", "2015-06-30": "$6,757", "2015-03-31": "$6,795", "2014-12-31": "$6,777", "2014-09-30": "$7,346", "2014-06-30": "$4,118", "2014-03-31": "$4,124", "2013-12-31": "$4,117", "2013-09-30": "$4,123", "2013-06-30": "$4,123", "2013-03-31": "$4,105", "2012-12-31": "$4,106", "2012-09-30": "$4,506", "2012-06-30": "$1,518", "2012-03-31": "$1,521", "2011-12-31": "$1,525", "2011-09-30": "$1,528", "2011-06-30": "$1,530", "2011-03-31": "$1,494", "2010-12-31": "$1,494", "2010-09-30": "", "2010-06-30": "", "2010-03-31": "", "2009-12-31": "", "2009-09-30": "", "2009-06-30": "", "2009-03-31": "", "2008-12-31": "", "2008-09-30": "", "2008-06-30": "", "2008-03-31": "", "2007-12-31": "", "2007-09-30": "", "2007-06-30": "", "2007-03-31": "", "2006-12-31": "", "2006-09-30": "", "2006-06-30": "", "2006-03-31": "", "2005-12-31": "", "2005-09-30": "", "2005-06-30": "", "2005-03-31": ""}}, "total-liabilities": {"EBay Annual Total Liabilities (Millions of US $)": {"2020": "$15,749", "2019": "$15,304", "2018": "$16,538", "2017": "$17,937", "2016": "$13,308", "2015": "$11,179", "2014": "$25,226", "2013": "$17,841", "2012": "$16,209", "2011": "$9,390", "2010": "$6,702", "2009": "$4,621", "2008": "$4,509", "2007": "$3,661", "2006": "$2,589", "2005": "$1,741"}, "EBay Quarterly Total Liabilities (Millions of US $)": {"2020-12-31": "$15,749", "2020-09-30": "$15,501", "2020-06-30": "$17,112", "2020-03-31": "$16,814", "2019-12-31": "$15,304", "2019-09-30": "$15,444", "2019-06-30": "$17,063", "2019-03-31": "$17,126", "2018-12-31": "$16,538", "2018-09-30": "$16,723", "2018-06-30": "$16,842", "2018-03-31": "$16,959", "2017-12-31": "$17,937", "2017-09-30": "$14,660", "2017-06-30": "$16,009", "2017-03-31": "$13,213", "2016-12-31": "$13,308", "2016-09-30": "$13,683", "2016-06-30": "$13,540", "2016-03-31": "$13,291", "2015-12-31": "$11,179", "2015-09-30": "$11,846", "2015-06-30": "$25,853", "2015-03-31": "$25,303", "2014-12-31": "$25,226", "2014-09-30": "$24,666", "2014-06-30": "$22,670", "2014-03-31": "$20,936", "2013-12-31": "$17,841", "2013-09-30": "$17,300", "2013-06-30": "$16,899", "2013-03-31": "$16,888", "2012-12-31": "$16,209", "2012-09-30": "$12,589", "2012-06-30": "$9,346", "2012-03-31": "$9,498", "2011-12-31": "$9,390", "2011-09-30": "$8,735", "2011-06-30": "$8,624", "2011-03-31": "$7,060", "2010-12-31": "$6,702", "2010-09-30": "$4,914", "2010-06-30": "$4,578", "2010-03-31": "$4,565", "2009-12-31": "$4,621", "2009-09-30": "$4,605", "2009-06-30": "$4,645", "2009-03-31": "$4,012", "2008-12-31": "$4,509", "2008-09-30": "$3,546", "2008-06-30": "$3,650", "2008-03-31": "$3,685", "2007-12-31": "$3,661", "2007-09-30": "$3,914", "2007-06-30": "$2,822", "2007-03-31": "$2,704", "2006-12-31": "$2,589", "2006-09-30": "$2,360", "2006-06-30": "$1,967", "2006-03-31": "$1,942", "2005-12-31": "$1,741", "2005-09-30": "$1,599", "2005-06-30": "$1,464", "2005-03-31": "$1,354"}}, "total-share-holder-equity": {"EBay Annual Share Holder Equity (Millions of US $)": {"2020": "$3,561", "2019": "$2,870", "2018": "$6,281", "2017": "$8,049", "2016": "$10,539", "2015": "$6,576", "2014": "$19,906", "2013": "$23,647", "2012": "$20,865", "2011": "$17,930", "2010": "$15,302", "2009": "$13,788", "2008": "$11,084", "2007": "$11,705", "2006": "$10,905", "2005": "$10,048"}, "EBay Quarterly Share Holder Equity (Millions of US $)": {"2020-12-31": "$3,561", "2020-09-30": "$2,920", "2020-06-30": "$2,902", "2020-03-31": "$2,115", "2019-12-31": "$2,870", "2019-09-30": "$3,270", "2019-06-30": "$4,106", "2019-03-31": "$5,203", "2018-12-31": "$6,281", "2018-09-30": "$6,929", "2018-06-30": "$7,146", "2018-03-31": "$7,596", "2017-12-31": "$8,049", "2017-09-30": "$11,283", "2017-06-30": "$11,474", "2017-03-31": "$11,595", "2016-12-31": "$10,539", "2016-09-30": "$6,819", "2016-06-30": "$6,453", "2016-03-31": "$6,317", "2015-12-31": "$6,576", "2015-09-30": "$6,492", "2015-06-30": "$19,805", "2015-03-31": "$19,538", "2014-12-31": "$19,906", "2014-09-30": "$19,810", "2014-06-30": "$18,970", "2014-03-31": "$19,609", "2013-12-31": "$23,647", "2013-09-30": "$22,767", "2013-06-30": "$21,651", "2013-03-31": "$21,112", "2012-12-31": "$20,865", "2012-09-30": "$19,913", "2012-06-30": "$18,912", "2012-03-31": "$18,709", "2011-12-31": "$17,930", "2011-09-30": "$16,165", "2011-06-30": "$16,210", "2011-03-31": "$15,944", "2010-12-31": "$15,302", "2010-09-30": "$15,034", "2010-06-30": "$14,169", "2010-03-31": "$14,125", "2009-12-31": "$13,788", "2009-09-30": "$12,751", "2009-06-30": "$11,922", "2009-03-31": "$11,116", "2008-12-31": "$11,084", "2008-09-30": "$10,694", "2008-06-30": "$11,372", "2008-03-31": "$11,361", "2007-12-31": "$11,705", "2007-09-30": "$10,873", "2007-06-30": "$11,540", "2007-03-31": "$11,216", "2006-12-31": "$10,905", "2006-09-30": "$11,103", "2006-06-30": "$11,283", "2006-03-31": "$10,627", "2005-12-31": "$10,048", "2005-09-30": "$8,027", "2005-06-30": "$7,569", "2005-03-31": "$7,235"}}, "profit-margins": {"current": "52.9%"}, "gross margin": {"2020-12-31": "75.92%", "2020-09-30": "76.01%", "2020-06-30": "76.02%", "2020-03-31": "75.31%", "2019-12-31": "75.27%", "2019-09-30": "75.57%", "2019-06-30": "76.30%", "2019-03-31": "76.39%", "2018-12-31": "76.61%", "2018-09-30": "77.74%", "2018-06-30": "77.91%", "2018-03-31": "77.79%", "2017-12-31": "77.63%", "2017-09-30": "78.19%", "2017-06-30": "78.16%", "2017-03-31": "78.43%", "2016-12-31": "78.45%", "2016-09-30": "77.98%", "2016-06-30": "78.43%", "2016-03-31": "78.81%", "2015-12-31": "79.39%", "2015-09-30": "79.98%", "2015-06-30": "80.33%", "2015-03-31": "77.00%", "2014-12-31": "73.62%", "2014-09-30": "70.79%", "2014-06-30": "68.99%", "2014-03-31": "68.39%", "2013-12-31": "68.62%", "2013-09-30": "68.99%", "2013-06-30": "69.32%", "2013-03-31": "69.85%", "2012-12-31": "70.04%", "2012-09-30": "70.05%", "2012-06-30": "69.83%", "2012-03-31": "70.00%", "2011-12-31": "70.30%", "2011-09-30": "70.99%", "2011-06-30": "71.70%", "2011-03-31": "71.74%", "2010-12-31": "72.00%", "2010-09-30": "71.96%", "2010-06-30": "71.88%", "2010-03-31": "71.77%", "2009-12-31": "71.57%", "2009-09-30": "71.52%", "2009-06-30": "72.11%", "2009-03-31": "72.80%", "2008-12-31": "73.92%", "2008-09-30": "75.20%", "2008-06-30": "75.89%", "2008-03-31": "76.62%", "2007-12-31": "77.03%", "2007-09-30": "77.65%", "2007-06-30": "78.05%", "2007-03-31": "78.47%", "2006-12-31": "78.96%", "2006-09-30": "79.57%", "2006-06-30": "80.50%", "2006-03-31": "81.35%", "2005-12-31": "81.99%"}, "operating margin": {"2020-12-31": "26.39%", "2020-09-30": "25.42%", "2020-06-30": "23.90%", "2020-03-31": "22.07%", "2019-12-31": "21.55%", "2019-09-30": "22.99%", "2019-06-30": "23.20%", "2019-03-31": "20.82%", "2018-12-31": "20.25%", "2018-09-30": "20.84%", "2018-06-30": "21.31%", "2018-03-31": "22.50%", "2017-12-31": "22.81%", "2017-09-30": "22.54%", "2017-06-30": "22.86%", "2017-03-31": "23.86%", "2016-12-31": "25.01%", "2016-09-30": "26.38%", "2016-06-30": "27.14%", "2016-03-31": "26.33%", "2015-12-31": "25.57%", "2015-09-30": "26.37%", "2015-06-30": "26.42%", "2015-03-31": "25.48%", "2014-12-31": "23.83%", "2014-09-30": "22.27%", "2014-06-30": "21.17%", "2014-03-31": "20.83%", "2013-12-31": "21.01%", "2013-09-30": "20.78%", "2013-06-30": "20.58%", "2013-03-31": "20.88%", "2012-12-31": "20.53%", "2012-09-30": "20.56%", "2012-06-30": "20.25%", "2012-03-31": "19.87%", "2011-12-31": "20.37%", "2011-09-30": "20.54%", "2011-06-30": "21.54%", "2011-03-31": "22.42%", "2010-12-31": "22.45%", "2010-09-30": "18.19%", "2010-06-30": "17.69%", "2010-03-31": "17.11%", "2009-12-31": "16.69%", "2009-09-30": "20.62%", "2009-06-30": "21.90%", "2009-03-31": "23.23%", "2008-12-31": "24.29%", "2008-09-30": "25.88%", "2008-06-30": "9.29%", "2008-03-31": "8.62%", "2007-12-31": "7.99%", "2007-09-30": "6.06%", "2007-06-30": "25.31%", "2007-03-31": "24.70%", "2006-12-31": "23.84%", "2006-09-30": "24.07%", "2006-06-30": "25.99%", "2006-03-31": "29.10%", "2005-12-31": "31.67%"}, "ebitda margin": {"2020-12-31": "32.32%", "2020-09-30": "31.97%", "2020-06-30": "30.73%", "2020-03-31": "29.21%", "2019-12-31": "28.83%", "2019-09-30": "30.58%", "2019-06-30": "30.66%", "2019-03-31": "28.10%", "2018-12-31": "27.60%", "2018-09-30": "27.42%", "2018-06-30": "27.97%", "2018-03-31": "29.28%", "2017-12-31": "29.62%", "2017-09-30": "29.38%", "2017-06-30": "29.90%", "2017-03-31": "31.02%", "2016-12-31": "32.34%", "2016-09-30": "33.98%", "2016-06-30": "34.96%", "2016-03-31": "34.33%", "2015-12-31": "33.57%", "2015-09-30": "34.28%", "2015-06-30": "31.06%", "2015-03-31": "29.80%", "2014-12-31": "29.14%", "2014-09-30": "23.23%", "2014-06-30": "24.73%", "2014-03-31": "25.13%", "2013-12-31": "25.12%", "2013-09-30": "29.49%", "2013-06-30": "29.27%", "2013-03-31": "29.46%", "2012-12-31": "29.06%", "2012-09-30": "29.14%", "2012-06-30": "28.78%", "2012-03-31": "28.18%", "2011-12-31": "28.43%", "2011-09-30": "28.51%", "2011-06-30": "29.37%", "2011-03-31": "30.48%", "2010-12-31": "30.76%", "2010-09-30": "26.73%", "2010-06-30": "26.46%", "2010-03-31": "26.10%", "2009-12-31": "25.97%", "2009-09-30": "30.29%", "2009-06-30": "31.27%", "2009-03-31": "32.22%", "2008-12-31": "32.73%", "2008-09-30": "33.69%", "2008-06-30": "33.45%", "2008-03-31": "33.52%", "2007-12-31": "33.97%", "2007-09-30": "33.48%", "2007-06-30": "33.72%", "2007-03-31": "33.60%", "2006-12-31": "32.96%", "2006-09-30": "33.45%", "2006-06-30": "35.16%", "2006-03-31": "37.63%", "2005-12-31": "40.00%"}, "pre tax profit margin": {"2020-12-31": "33.30%", "2020-09-30": "28.52%", "2020-06-30": "24.55%", "2020-03-31": "20.04%", "2019-12-31": "20.25%", "2019-09-30": "19.18%", "2019-06-30": "26.12%", "2019-03-31": "27.81%", "2018-12-31": "26.00%", "2018-09-30": "26.13%", "2018-06-30": "24.07%", "2018-03-31": "22.19%", "2017-12-31": "22.92%", "2017-09-30": "37.43%", "2017-06-30": "36.85%", "2017-03-31": "38.23%", "2016-12-31": "39.27%", "2016-09-30": "25.79%", "2016-06-30": "27.64%", "2016-03-31": "28.36%", "2015-12-31": "28.00%", "2015-09-30": "29.02%", "2015-06-30": "28.25%", "2015-03-31": "25.89%", "2014-12-31": "24.05%", "2014-09-30": "22.45%", "2014-06-30": "21.67%", "2014-03-31": "21.32%", "2013-12-31": "21.60%", "2013-09-30": "21.37%", "2013-06-30": "20.73%", "2013-03-31": "22.07%", "2012-12-31": "21.92%", "2012-09-30": "34.49%", "2012-06-30": "35.22%", "2012-03-31": "32.51%", "2011-12-31": "33.56%", "2011-09-30": "19.15%", "2011-06-30": "19.53%", "2011-03-31": "22.84%", "2010-12-31": "22.92%", "2010-09-30": "34.37%", "2010-06-30": "33.54%", "2010-03-31": "32.94%", "2009-12-31": "32.99%", "2009-09-30": "20.96%", "2009-06-30": "22.77%", "2009-03-31": "24.43%", "2008-12-31": "25.57%", "2008-09-30": "27.42%", "2008-06-30": "10.84%", "2008-03-31": "10.34%", "2007-12-31": "9.78%", "2007-09-30": "7.81%", "2007-06-30": "27.25%", "2007-03-31": "26.67%", "2006-12-31": "25.93%", "2006-09-30": "26.15%", "2006-06-30": "28.00%", "2006-03-31": "31.38%", "2005-12-31": "34.02%"}, "net profit margin": {"2020-12-31": "55.17%", "2020-09-30": "56.24%", "2020-06-30": "55.58%", "2020-03-31": "54.44%", "2019-12-31": "20.68%", "2019-09-30": "25.84%", "2019-06-30": "29.05%", "2019-03-31": "31.13%", "2018-12-31": "29.25%", "2018-09-30": "-7.86%", "2018-06-30": "-9.90%", "2018-03-31": "-16.12%", "2017-12-31": "-10.24%", "2017-09-30": "75.70%", "2017-06-30": "76.79%", "2017-03-31": "82.62%", "2016-12-31": "78.15%", "2016-09-30": "20.29%", "2016-06-30": "22.00%", "2016-03-31": "18.24%", "2015-12-31": "20.08%", "2015-09-30": "26.43%", "2015-06-30": "27.82%", "2015-03-31": "28.18%", "2014-12-31": "0.36%", "2014-09-30": "-0.84%", "2014-06-30": "-0.66%", "2014-03-31": "-0.89%", "2013-12-31": "17.80%", "2013-09-30": "17.78%", "2013-06-30": "17.74%", "2013-03-31": "18.68%", "2012-12-31": "18.55%", "2012-09-30": "28.52%", "2012-06-30": "28.66%", "2012-03-31": "26.84%", "2011-12-31": "27.71%", "2011-09-30": "16.80%", "2011-06-30": "17.41%", "2011-03-31": "19.77%", "2010-12-31": "19.67%", "2010-09-30": "28.76%", "2010-06-30": "27.88%", "2010-03-31": "27.29%", "2009-12-31": "27.37%", "2009-09-30": "16.69%", "2009-06-30": "18.65%", "2009-03-31": "20.02%", "2008-12-31": "20.83%", "2008-09-30": "22.37%", "2008-06-30": "6.09%", "2008-03-31": "5.32%", "2007-12-31": "4.54%", "2007-09-30": "2.26%", "2007-06-30": "20.38%", "2007-03-31": "19.75%", "2006-12-31": "18.84%", "2006-09-30": "18.96%", "2006-06-30": "19.71%", "2006-03-31": "21.87%", "2005-12-31": "23.76%"}, "pe ratio": {"current": "20.40", "2021-02-05": "9.57", "2020-12-31": "7.73", "2020-09-30": "7.22", "2020-06-30": "7.87", "2020-03-31": "4.94", "2019-12-31": "17.03", "2019-09-30": "17.40", "2019-06-30": "15.10", "2019-03-31": "13.21", "2018-12-31": "10.61", "2018-09-30": "0.00", "2018-06-30": "0.00", "2018-03-31": "0.00", "2017-12-31": "0.00", "2017-09-30": "5.54", "2017-06-30": "5.12", "2017-03-31": "4.67", "2016-12-31": "4.47", "2016-09-30": "20.61", "2016-06-30": "13.86", "2016-03-31": "17.42", "2015-12-31": "18.66", "2015-09-30": "13.34", "2015-06-30": "12.31", "2015-03-31": "9.46", "2014-12-31": "0.00", "2014-09-30": "0.00", "2014-06-30": "0.00", "2014-03-31": "0.00", "2013-12-31": "9.62", "2013-09-30": "10.15", "2013-06-30": "9.78", "2013-03-31": "10.06", "2012-12-31": "9.79", "2012-09-30": "6.31", "2012-06-30": "5.61", "2012-03-31": "5.53", "2011-12-31": "4.69", "2011-09-30": "8.17", "2011-06-30": "9.27", "2011-03-31": "8.35", "2010-12-31": "7.82", "2010-09-30": "4.76", "2010-06-30": "3.94", "2010-03-31": "5.60", "2009-12-31": "4.94", "2009-09-30": "8.27", "2009-06-30": "5.45", "2009-03-31": "3.69", "2008-12-31": "3.92", "2008-09-30": "5.86", "2008-06-30": "26.78", "2008-03-31": "36.78", "2007-12-31": "52.84", "2007-09-30": "149.09", "2007-06-30": "12.42", "2007-03-31": "14.23", "2006-12-31": "14.54"}, "price sales": {"2021-02-05": "4.37", "2020-12-31": "3.53", "2020-09-30": "4.04", "2020-06-30": "4.47", "2020-03-31": "2.86", "2019-12-31": "3.58", "2019-09-30": "4.39", "2019-06-30": "4.33", "2019-03-31": "4.13", "2018-12-31": "3.16", "2018-09-30": "3.09", "2018-06-30": "3.52", "2018-03-31": "4.08", "2017-12-31": "4.00", "2017-09-30": "4.15", "2017-06-30": "3.93", "2017-03-31": "3.90", "2016-12-31": "3.57", "2016-09-30": "4.18", "2016-06-30": "3.07", "2016-03-31": "3.22", "2015-12-31": "3.79", "2015-09-30": "3.40", "2015-06-30": "3.29", "2015-03-31": "2.59", "2014-12-31": "2.11", "2014-09-30": "1.84", "2014-06-30": "1.47", "2014-03-31": "1.66", "2013-12-31": "1.72", "2013-09-30": "1.81", "2013-06-30": "1.73", "2013-03-31": "1.87", "2012-12-31": "1.82", "2012-09-30": "1.80", "2012-06-30": "1.61", "2012-03-31": "1.49", "2011-12-31": "1.31", "2011-09-30": "1.38", "2011-06-30": "1.62", "2011-03-31": "1.65", "2010-12-31": "1.54", "2010-09-30": "1.36", "2010-06-30": "1.09", "2010-03-31": "1.52", "2009-12-31": "1.34", "2009-09-30": "1.40", "2009-06-30": "1.03", "2009-03-31": "0.75", "2008-12-31": "0.82", "2008-09-30": "1.31", "2008-06-30": "1.67", "2008-03-31": "1.92", "2007-12-31": "2.27", "2007-09-30": "2.86", "2007-06-30": "2.55", "2007-03-31": "2.83", "2006-12-31": "2.75"}, "price book": {"current": "12.05", "2021-02-05": "11.95", "2020-12-31": "9.65", "2020-09-30": "12.25", "2020-06-30": "12.66", "2020-03-31": "9.87", "2019-12-31": "9.87", "2019-09-30": "9.59", "2019-06-30": "7.93", "2019-03-31": "6.10", "2018-12-31": "3.97", "2018-09-30": "4.46", "2018-06-30": "4.87", "2018-03-31": "5.18", "2017-12-31": "4.69", "2017-09-30": "3.47", "2017-06-30": "3.17", "2017-03-31": "3.03", "2016-12-31": "2.97", "2016-09-30": "5.23", "2016-06-30": "3.99", "2016-03-31": "4.19", "2015-12-31": "4.81", "2015-09-30": "4.40", "2015-06-30": "1.42", "2015-03-31": "1.36", "2014-12-31": "1.32", "2014-09-30": "1.36", "2014-06-30": "1.25", "2014-03-31": "1.36", "2013-12-31": "1.15", "2013-09-30": "1.21", "2013-06-30": "1.18", "2013-03-31": "1.27", "2012-12-31": "1.21", "2012-09-30": "1.20", "2012-06-30": "1.09", "2012-03-31": "0.97", "2011-12-31": "0.83", "2011-09-30": "0.90", "2011-06-30": "0.98", "2011-03-31": "0.97", "2010-12-31": "0.90", "2010-09-30": "0.81", "2010-06-30": "0.69", "2010-03-31": "0.95", "2009-12-31": "0.85", "2009-09-30": "0.91", "2009-06-30": "0.71", "2009-03-31": "0.56", "2008-12-31": "0.62", "2008-09-30": "1.02", "2008-06-30": "1.19", "2008-03-31": "1.32", "2007-12-31": "1.46", "2007-09-30": "1.85", "2007-06-30": "1.46", "2007-03-31": "1.54", "2006-12-31": "1.44", "2006-09-30": "1.36", "2006-06-30": "1.40", "2006-03-31": "1.98"}, "price fcf": {"2021-02-05": "", "2020-12-31": "$2.68", "2020-09-30": "$2.63", "2020-06-30": "$3.81", "2020-03-31": "$3.27", "2019-12-31": "$3.03", "2019-09-30": "$3.41", "2019-06-30": "$2.66", "2019-03-31": "$2.13", "2018-12-31": "$2.05", "2018-09-30": "$1.69", "2018-06-30": "$1.97", "2018-03-31": "$2.25", "2017-12-31": "$2.33", "2017-09-30": "$1.98", "2017-06-30": "$1.85", "2017-03-31": "$1.92", "2016-12-31": "$1.92", "2016-09-30": "$2.30", "2016-06-30": "$2.11", "2016-03-31": "$2.35", "2015-12-31": "$2.79", "2015-09-30": "$3.19", "2015-06-30": "$3.94", "2015-03-31": "$4.17", "2014-12-31": "$4.07", "2014-09-30": "$4.42", "2014-06-30": "$4.08", "2014-03-31": "$3.57", "2013-12-31": "$3.30", "2013-09-30": "$2.59", "2013-06-30": "$2.41", "2013-03-31": "$2.22", "2012-12-31": "$1.96", "2012-09-30": "$1.66", "2012-06-30": "$1.46", "2012-03-31": "$1.56", "2011-12-31": "$1.76", "2011-09-30": "$1.73", "2011-06-30": "$1.77", "2011-03-31": "$1.74", "2010-12-31": "$1.52", "2010-09-30": "$1.49", "2010-06-30": "$1.48", "2010-03-31": "$1.55", "2009-12-31": "$1.79", "2009-09-30": "$1.71", "2009-06-30": "$1.73", "2009-03-31": "$1.74", "2008-12-31": "$1.76", "2008-09-30": "$1.85", "2008-06-30": "$1.80", "2008-03-31": "$1.71", "2007-12-31": "$1.59", "2007-09-30": "$1.50", "2007-06-30": "$1.38", "2007-03-31": "$1.25", "2006-12-31": "$1.22"}, "net worth": {"value": "$42.9B"}, "current ratio": {"current": "1.80", "2020-12-31": "1.80", "2020-09-30": "1.76", "2020-06-30": "1.58", "2020-03-31": "1.34", "2019-12-31": "1.16", "2019-09-30": "1.41", "2019-06-30": "1.31", "2019-03-31": "1.48", "2018-12-31": "1.60", "2018-09-30": "1.74", "2018-06-30": "2.37", "2018-03-31": "2.63", "2017-12-31": "2.18", "2017-09-30": "2.46", "2017-06-30": "2.37", "2017-03-31": "1.92", "2016-12-31": "2.31", "2016-09-30": "2.60", "2016-06-30": "4.49", "2016-03-31": "4.61", "2015-12-31": "3.49", "2015-09-30": "1.87", "2015-06-30": "1.67", "2015-03-31": "1.51", "2014-12-31": "1.51", "2014-09-30": "1.56", "2014-06-30": "1.28", "2014-03-31": "1.42", "2013-12-31": "1.84", "2013-09-30": "1.95", "2013-06-30": "2.01", "2013-03-31": "1.91", "2012-12-31": "1.96", "2012-09-30": "2.47", "2012-06-30": "1.95", "2012-03-31": "1.88", "2011-12-31": "1.88", "2011-09-30": "1.59", "2011-06-30": "1.61", "2011-03-31": "2.42", "2010-12-31": "2.45", "2010-09-30": "2.48", "2010-06-30": "2.43", "2010-03-31": "2.31", "2009-12-31": "2.32", "2009-09-30": "1.78", "2009-06-30": "1.68", "2009-03-31": "1.95", "2008-12-31": "1.70", "2008-09-30": "2.11", "2008-06-30": "2.17", "2008-03-31": "2.10", "2007-12-31": "2.30", "2007-09-30": "1.94", "2007-06-30": "2.35", "2007-03-31": "2.27", "2006-12-31": "1.97", "2006-09-30": "2.15", "2006-06-30": "2.64", "2006-03-31": "2.32", "2005-12-31": "2.14", "2005-09-30": "3.15", "2005-06-30": "3.11", "2005-03-31": "2.57"}, "quick ratio": {"2020-12-31": "0.00", "2020-09-30": "0.00", "2020-06-30": "0.00", "2020-03-31": "0.00", "2019-12-31": "0.00", "2019-09-30": "0.00", "2019-06-30": "0.00", "2019-03-31": "0.00", "2018-12-31": "0.00", "2018-09-30": "0.00", "2018-06-30": "0.00", "2018-03-31": "0.00", "2017-12-31": "0.00", "2017-09-30": "0.00", "2017-06-30": "0.00", "2017-03-31": "0.00", "2016-12-31": "0.00", "2016-09-30": "0.00", "2016-06-30": "0.00", "2016-03-31": "0.00", "2015-12-31": "0.00", "2015-09-30": "0.00", "2015-06-30": "0.00", "2015-03-31": "0.00", "2014-12-31": "0.00", "2014-09-30": "0.00", "2014-06-30": "0.00", "2014-03-31": "0.00", "2013-12-31": "0.00", "2013-09-30": "0.00", "2013-06-30": "0.00", "2013-03-31": "0.00", "2012-12-31": "0.00", "2012-09-30": "0.00", "2012-06-30": "0.00", "2012-03-31": "0.00", "2011-12-31": "0.00", "2011-09-30": "0.00", "2011-06-30": "0.00", "2011-03-31": "0.00", "2010-12-31": "0.00", "2010-09-30": "0.00", "2010-06-30": "0.00", "2010-03-31": "0.00", "2009-12-31": "0.00", "2009-09-30": "0.00", "2009-06-30": "0.00", "2009-03-31": "0.00", "2008-12-31": "0.00", "2008-09-30": "0.00", "2008-06-30": "0.00", "2008-03-31": "0.00", "2007-12-31": "0.00", "2007-09-30": "0.00", "2007-06-30": "0.00", "2007-03-31": "0.00", "2006-12-31": "0.00", "2006-09-30": "0.00", "2006-06-30": "0.00", "2006-03-31": "0.00", "2005-12-31": "0.00", "2005-09-30": "0.00", "2005-06-30": "0.00", "2005-03-31": "0.00"}, "debt equity ratio": {"current": "2.17", "2020-12-31": "4.42", "2020-09-30": "5.31", "2020-06-30": "5.90", "2020-03-31": "7.95", "2019-12-31": "5.33", "2019-09-30": "4.72", "2019-06-30": "4.16", "2019-03-31": "3.29", "2018-12-31": "2.63", "2018-09-30": "2.41", "2018-06-30": "2.36", "2018-03-31": "2.23", "2017-12-31": "2.23", "2017-09-30": "1.30", "2017-06-30": "1.40", "2017-03-31": "1.14", "2016-12-31": "1.26", "2016-09-30": "2.01", "2016-06-30": "2.10", "2016-03-31": "2.10", "2015-12-31": "1.70", "2015-09-30": "1.83", "2015-06-30": "1.31", "2015-03-31": "1.30", "2014-12-31": "1.27", "2014-09-30": "1.25", "2014-06-30": "1.20", "2014-03-31": "1.07", "2013-12-31": "0.75", "2013-09-30": "0.76", "2013-06-30": "0.78", "2013-03-31": "0.80", "2012-12-31": "0.78", "2012-09-30": "0.63", "2012-06-30": "0.49", "2012-03-31": "0.51", "2011-12-31": "0.52", "2011-09-30": "0.54", "2011-06-30": "0.53", "2011-03-31": "0.44", "2010-12-31": "0.44", "2010-09-30": "0.33", "2010-06-30": "0.32", "2010-03-31": "0.32", "2009-12-31": "0.34", "2009-09-30": "0.36", "2009-06-30": "0.39", "2009-03-31": "0.36", "2008-12-31": "0.41", "2008-09-30": "0.33", "2008-06-30": "0.32", "2008-03-31": "0.32", "2007-12-31": "0.31", "2007-09-30": "0.36", "2007-06-30": "0.25", "2007-03-31": "0.24", "2006-12-31": "0.24", "2006-09-30": "0.21", "2006-06-30": "0.17", "2006-03-31": "0.18", "2005-12-31": "0.17", "2005-09-30": "0.20", "2005-06-30": "0.19", "2005-03-31": "0.19"}, "return on equity": {"2020-12-31": "197.15%", "2020-09-30": "199.06%", "2020-06-30": "180.12%", "2020-03-31": "151.44%", "2019-12-31": "46.24%", "2019-09-30": "42.21%", "2019-06-30": "42.65%", "2019-03-31": "41.33%", "2018-12-31": "36.20%", "2018-09-30": "-11.18%", "2018-06-30": "-12.11%", "2018-03-31": "-17.13%", "2017-12-31": "-9.59%", "2017-09-30": "67.01%", "2017-06-30": "73.35%", "2017-03-31": "88.34%", "2016-12-31": "96.47%", "2016-09-30": "27.62%", "2016-06-30": "29.92%", "2016-03-31": "16.14%", "2015-12-31": "13.17%", "2015-09-30": "13.82%", "2015-06-30": "12.17%", "2015-03-31": "15.33%", "2014-12-31": "0.24%", "2014-09-30": "-0.62%", "2014-06-30": "-0.52%", "2014-03-31": "-0.67%", "2013-12-31": "12.81%", "2013-09-30": "12.76%", "2013-06-30": "12.76%", "2013-03-31": "13.45%", "2012-12-31": "13.32%", "2012-09-30": "20.34%", "2012-06-30": "20.82%", "2012-03-31": "19.26%", "2011-12-31": "19.50%", "2011-09-30": "11.37%", "2011-06-30": "11.20%", "2011-03-31": "12.43%", "2010-12-31": "12.29%", "2010-09-30": "18.19%", "2010-06-30": "18.35%", "2010-03-31": "18.48%", "2009-12-31": "19.28%", "2009-09-30": "11.96%", "2009-06-30": "13.77%", "2009-03-31": "15.14%", "2008-12-31": "15.99%", "2008-09-30": "17.22%", "2008-06-30": "4.55%", "2008-03-31": "3.79%", "2007-12-31": "3.07%", "2007-09-30": "1.46%", "2007-06-30": "12.33%", "2007-03-31": "11.27%", "2006-12-31": "10.25%", "2006-09-30": "9.83%", "2006-06-30": "10.32%", "2006-03-31": "11.84%", "2005-12-31": "13.16%"}, "return on assets": {"2020-12-31": "29.56%", "2020-09-30": "28.48%", "2020-06-30": "26.50%", "2020-03-31": "24.32%", "2019-12-31": "8.89%", "2019-09-30": "9.36%", "2019-06-30": "10.67%", "2019-03-31": "11.39%", "2018-12-31": "10.65%", "2018-09-30": "-3.39%", "2018-06-30": "-4.11%", "2018-03-31": "-6.33%", "2017-12-31": "-3.90%", "2017-09-30": "29.47%", "2017-06-30": "30.68%", "2017-03-31": "35.08%", "2016-12-31": "34.62%", "2016-09-30": "9.28%", "2016-06-30": "10.21%", "2016-03-31": "6.24%", "2015-12-31": "5.45%", "2015-09-30": "5.90%", "2015-06-30": "5.34%", "2015-03-31": "6.81%", "2014-12-31": "0.11%", "2014-09-30": "-0.30%", "2014-06-30": "-0.27%", "2014-03-31": "-0.37%", "2013-12-31": "7.23%", "2013-09-30": "7.18%", "2013-06-30": "7.30%", "2013-03-31": "8.00%", "2012-12-31": "8.28%", "2012-09-30": "13.20%", "2012-06-30": "13.73%", "2012-03-31": "12.63%", "2011-12-31": "12.91%", "2011-09-30": "7.64%", "2011-06-30": "7.80%", "2011-03-31": "8.98%", "2010-12-31": "9.07%", "2010-09-30": "13.71%", "2010-06-30": "13.74%", "2010-03-31": "13.69%", "2009-12-31": "14.17%", "2009-09-30": "8.67%", "2009-06-30": "10.03%", "2009-03-31": "11.18%", "2008-12-31": "11.88%", "2008-09-30": "13.02%", "2008-06-30": "3.42%", "2008-03-31": "2.89%", "2007-12-31": "2.38%", "2007-09-30": "1.15%", "2007-06-30": "9.99%", "2007-03-31": "9.27%", "2006-12-31": "8.53%", "2006-09-30": "8.29%", "2006-06-30": "8.74%", "2006-03-31": "9.99%", "2005-12-31": "11.09%"}, "return on investments": {"2020-12-31": "25.30%", "2020-09-30": "23.45%", "2020-06-30": "20.91%", "2020-03-31": "18.24%", "2019-12-31": "16.66%", "2019-09-30": "14.53%", "2019-06-30": "14.53%", "2019-03-31": "12.22%", "2018-12-31": "11.36%", "2018-09-30": "13.56%", "2018-06-30": "12.52%", "2018-03-31": "12.19%", "2017-12-31": "11.78%", "2017-09-30": "11.53%", "2017-06-30": "12.34%", "2017-03-31": "13.62%", "2016-12-31": "14.69%", "2016-09-30": "16.04%", "2016-06-30": "16.60%", "2016-03-31": "13.32%", "2015-12-31": "11.05%", "2015-09-30": "9.76%", "2015-06-30": "8.56%", "2015-03-31": "10.50%", "2014-12-31": "12.16%", "2014-09-30": "13.17%", "2014-06-30": "14.01%", "2014-03-31": "13.24%", "2013-12-31": "12.76%", "2013-09-30": "12.53%", "2013-06-30": "12.32%", "2013-03-31": "12.78%", "2012-12-31": "12.83%", "2012-09-30": "13.09%", "2012-06-30": "13.56%", "2012-03-31": "13.10%", "2011-12-31": "13.12%", "2011-09-30": "12.70%", "2011-06-30": "16.66%", "2011-03-31": "24.90%", "2010-12-31": "48.94%", "2010-09-30": "inf%", "2010-06-30": "inf%", "2010-03-31": "inf%", "2009-12-31": "inf%", "2009-09-30": "inf%", "2009-06-30": "inf%", "2009-03-31": "inf%", "2008-12-31": "inf%", "2008-09-30": "inf%", "2008-06-30": "inf%", "2008-03-31": "inf%", "2007-12-31": "inf%", "2007-09-30": "inf%", "2007-06-30": "inf%", "2007-03-31": "inf%", "2006-12-31": "inf%", "2006-09-30": "inf%", "2006-06-30": "inf%", "2006-03-31": "inf%", "2005-12-31": "inf%"}, "return on tangible equity": {"2020-12-31": "-297.83%", "2020-09-30": "-262.76%", "2020-06-30": "-237.63%", "2020-03-31": "-247.42%", "2019-12-31": "-145.97%", "2019-09-30": "-368.01%", "2019-06-30": "687.97%", "2019-03-31": "240.47%", "2018-12-31": "139.89%", "2018-09-30": "-35.32%", "2018-06-30": "-28.88%", "2018-03-31": "-34.29%", "2017-12-31": "-17.44%", "2017-09-30": "115.47%", "2017-06-30": "137.99%", "2017-03-31": "187.69%", "2016-12-31": "252.31%", "2016-09-30": "94.88%", "2016-06-30": "101.70%", "2016-03-31": "36.49%", "2015-12-31": "26.84%", "2015-09-30": "23.43%", "2015-06-30": "20.57%", "2015-03-31": "27.24%", "2014-12-31": "0.42%", "2014-09-30": "-1.21%", "2014-06-30": "-0.98%", "2014-03-31": "-1.21%", "2013-12-31": "22.51%", "2013-09-30": "22.74%", "2013-06-30": "23.51%", "2013-03-31": "25.73%", "2012-12-31": "26.39%", "2012-09-30": "42.03%", "2012-06-30": "45.64%", "2012-03-31": "44.33%", "2011-12-31": "43.13%", "2011-09-30": "23.84%", "2011-06-30": "21.66%", "2011-03-31": "22.47%", "2010-12-31": "22.64%", "2010-09-30": "34.47%", "2010-06-30": "39.25%", "2010-03-31": "45.92%", "2009-12-31": "54.46%", "2009-09-30": "40.05%", "2009-06-30": "43.40%", "2009-03-31": "43.69%", "2008-12-31": "44.83%", "2008-09-30": "44.66%", "2008-06-30": "11.84%", "2008-03-31": "10.12%", "2007-12-31": "8.42%", "2007-09-30": "4.24%", "2007-06-30": "36.10%", "2007-03-31": "32.33%", "2006-12-31": "29.10%", "2006-09-30": "28.42%", "2006-06-30": "27.67%", "2006-03-31": "29.00%", "2005-12-31": "28.99%"}, "dividend yield history": {"last payout": "$0.64", "last yield": "1.03%"}}