{"ticker": "SATS", "price": {"title": "EchoStar Historical Annual Stock Price Data", "value": 23.27, "historical": {"2020": {"Average Stock Price": "29.8389", "Year Open": "43.2100", "Year High": "43.3900", "Year Low": "19.9400", "Year Close": "21.1900", "Annual % Change": "-51.07%"}, "2019": {"Average Stock Price": "40.6889", "Year Open": "36.9000", "Year High": "46.6900", "Year Low": "35.4600", "Year Close": "43.3100", "Annual % Change": "17.95%"}, "2018": {"Average Stock Price": "49.1226", "Year Open": "59.1800", "Year High": "61.9600", "Year Low": "33.8100", "Year Close": "36.7200", "Annual % Change": "-38.70%"}, "2017": {"Average Stock Price": "57.2097", "Year Open": "51.6100", "Year High": "62.2500", "Year Low": "50.9200", "Year Close": "59.9000", "Annual % Change": "16.56%"}, "2016": {"Average Stock Price": "41.9400", "Year Open": "38.8300", "Year High": "53.3500", "Year Low": "33.3900", "Year Close": "51.3900", "Annual % Change": "31.40%"}, "2015": {"Average Stock Price": "47.4089", "Year Open": "52.0800", "Year High": "55.3100", "Year Low": "36.6300", "Year Close": "39.1100", "Annual % Change": "-25.50%"}, "2014": {"Average Stock Price": "49.4107", "Year Open": "49.6100", "Year High": "53.8800", "Year Low": "43.8800", "Year Close": "52.5000", "Annual % Change": "5.59%"}, "2013": {"Average Stock Price": "41.6507", "Year Open": "35.0100", "Year High": "50.7300", "Year Low": "34.2400", "Year Close": "49.7200", "Annual % Change": "45.30%"}, "2012": {"Average Stock Price": "28.8043", "Year Open": "21.8100", "Year High": "34.7100", "Year Low": "21.3300", "Year Close": "34.2200", "Annual % Change": "63.42%"}, "2011": {"Average Stock Price": "29.3515", "Year Open": "26.3700", "Year High": "38.3600", "Year Low": "20.3500", "Year Close": "20.9400", "Annual % Change": "-16.14%"}, "2010": {"Average Stock Price": "19.9733", "Year Open": "20.4900", "Year High": "24.9700", "Year Low": "18.0500", "Year Close": "24.9700", "Annual % Change": "23.98%"}, "2009": {"Average Stock Price": "16.9974", "Year Open": "14.4500", "Year High": "20.9400", "Year Low": "13.1300", "Year Close": "20.1400", "Annual % Change": "35.44%"}, "2008": {"Average Stock Price": "28.4271", "Year Open": "32.5900", "Year High": "40.1600", "Year Low": "13.0400", "Year Close": "14.8700", "Annual % Change": "0.00%"}}}, "market cap": {"value": "$2.28B"}, "income statement": {"Revenue": {"2019-12-31": "1886.08100", "2018-12-31": "1762.63800", "2017-12-31": "1525.15500", "2016-12-31": "1810.46600", "2015-12-31": "1848.85700", "2014-12-31": "3445.57800", "2013-12-31": "3282.45200", "2012-12-31": "3121.70400", "2011-12-31": "2761.43100", "2010-12-31": "2350.36900", "2009-12-31": "1903.55900", "2008-12-31": "2150.52000", "2007-12-31": "1544.06500", "2006-12-31": "1525.32000", "2005-12-31": "1513.69100"}, "Cost Of Goods Sold": {"2019-12-31": "787.35500", "2018-12-31": "740.50700", "2017-12-31": "695.92400", "2016-12-31": "725.18500", "2015-12-31": "769.76000", "2014-12-31": "2127.91600", "2013-12-31": "2206.89800", "2012-12-31": "2089.43400", "2011-12-31": "1907.49300", "2010-12-31": "1789.48500", "2009-12-31": "1470.29500", "2008-12-31": "1715.45800", "2007-12-31": "1453.98400", "2006-12-31": "1440.03000", "2005-12-31": "1438.49900"}, "Gross Profit": {"2019-12-31": "1098.72600", "2018-12-31": "1022.13100", "2017-12-31": "829.23100", "2016-12-31": "1085.28100", "2015-12-31": "1079.09700", "2014-12-31": "1317.66200", "2013-12-31": "1075.55400", "2012-12-31": "1032.27000", "2011-12-31": "853.93790", "2010-12-31": "560.88390", "2009-12-31": "433.26390", "2008-12-31": "435.06200", "2007-12-31": "90.08090", "2006-12-31": "85.28990", "2005-12-31": "75.19200"}, "Research And Development Expenses": {"2019-12-31": "25.73900", "2018-12-31": "27.57000", "2017-12-31": "31.74500", "2016-12-31": "31.17000", "2015-12-31": "26.37700", "2014-12-31": "60.88600", "2013-12-31": "67.94200", "2012-12-31": "69.64900", "2011-12-31": "50.96600", "2010-12-31": "46.09300", "2009-12-31": "44.00900", "2008-12-31": "34.90100", "2007-12-31": "66.32000", "2006-12-31": "44.03200", "2005-12-31": "45.92800"}, "SG&A Expenses": {"2019-12-31": "509.14500", "2018-12-31": "436.08800", "2017-12-31": "370.50000", "2016-12-31": "325.04400", "2015-12-31": "318.13600", "2014-12-31": "372.01000", "2013-12-31": "358.49900", "2012-12-31": "372.64400", "2011-12-31": "303.27600", "2010-12-31": "143.55500", "2009-12-31": "140.23400", "2008-12-31": "163.81300", "2007-12-31": "100.43500", "2006-12-31": "72.67300", "2005-12-31": "56.49600"}, "Other Operating Income Or Expenses": {"2019-12-31": "", "2018-12-31": "-65.22000", "2017-12-31": "-10.76200", "2016-12-31": "", "2015-12-31": "", "2014-12-31": "", "2013-12-31": "", "2012-12-31": "", "2011-12-31": "", "2010-12-31": "", "2009-12-31": "", "2008-12-31": "", "2007-12-31": "", "2006-12-31": "", "2005-12-31": ""}, "Operating Expenses": {"2019-12-31": "1813.00400", "2018-12-31": "1726.50100", "2017-12-31": "1494.59300", "2016-12-31": "1514.30300", "2015-12-31": "1575.09200", "2014-12-31": "3117.48800", "2013-12-31": "3178.86500", "2012-12-31": "3021.81800", "2011-12-31": "2680.59300", "2010-12-31": "2208.04400", "2009-12-31": "1898.66700", "2008-12-31": "2791.11400", "2007-12-31": "1630.44400", "2006-12-31": "1562.76700", "2005-12-31": "1546.75500"}, "Operating Income": {"2019-12-31": "73.07700", "2018-12-31": "36.13700", "2017-12-31": "30.56210", "2016-12-31": "296.16300", "2015-12-31": "273.76510", "2014-12-31": "328.08980", "2013-12-31": "103.58720", "2012-12-31": "99.88600", "2011-12-31": "80.83770", "2010-12-31": "142.32500", "2009-12-31": "4.89180", "2008-12-31": "-640.59380", "2007-12-31": "-86.37900", "2006-12-31": "-37.44700", "2005-12-31": "-33.06400"}, "Total Non-Operating Income/Expense": {"2019-12-31": "-166.24200", "2018-12-31": "-161.92300", "2017-12-31": "-62.76200", "2016-12-31": "-79.53700", "2015-12-31": "-134.43800", "2014-12-31": "-149.75700", "2013-12-31": "-137.62300", "2012-12-31": "94.79800", "2011-12-31": "-55.06300", "2010-12-31": "146.44800", "2009-12-31": "420.46700", "2008-12-31": "-414.27400", "2007-12-31": "3.18400", "2006-12-31": "6.36000", "2005-12-31": "-10.94500"}, "Pre-Tax Income": {"2019-12-31": "-93.16500", "2018-12-31": "-125.78600", "2017-12-31": "-32.20000", "2016-12-31": "216.62600", "2015-12-31": "139.32700", "2014-12-31": "178.33300", "2013-12-31": "-34.03600", "2012-12-31": "194.68400", "2011-12-31": "25.77500", "2010-12-31": "288.77300", "2009-12-31": "425.35900", "2008-12-31": "-1054.86800", "2007-12-31": "-83.19500", "2006-12-31": "-31.08700", "2005-12-31": "-44.00900"}, "Income Taxes": {"2019-12-31": "20.48800", "2018-12-31": "6.57600", "2017-12-31": "-155.10700", "2016-12-31": "80.25400", "2015-12-31": "51.23500", "2014-12-31": "30.78400", "2013-12-31": "-37.43700", "2012-12-31": "-16.32900", "2011-12-31": "21.50100", "2010-12-31": "84.41500", "2009-12-31": "60.65500", "2008-12-31": "-96.68000", "2007-12-31": "2.10500", "2006-12-31": "3.07500", "2005-12-31": "0.93100"}, "Income After Taxes": {"2019-12-31": "-113.65300", "2018-12-31": "-132.36200", "2017-12-31": "122.90700", "2016-12-31": "136.37200", "2015-12-31": "88.09200", "2014-12-31": "147.54900", "2013-12-31": "3.40100", "2012-12-31": "211.01300", "2011-12-31": "4.27400", "2010-12-31": "204.35800", "2009-12-31": "364.70400", "2008-12-31": "-958.18800", "2007-12-31": "-85.30000", "2006-12-31": "-34.16200", "2005-12-31": "-44.94000"}, "Other Income": {"2019-12-31": "", "2018-12-31": "", "2017-12-31": "", "2016-12-31": "", "2015-12-31": "", "2014-12-31": "", "2013-12-31": "", "2012-12-31": "", "2011-12-31": "", "2010-12-31": "", "2009-12-31": "", "2008-12-31": "", "2007-12-31": "", "2006-12-31": "", "2005-12-31": ""}, "Income From Continuous Operations": {"2019-12-31": "-113.65300", "2018-12-31": "-132.36200", "2017-12-31": "122.90700", "2016-12-31": "136.37200", "2015-12-31": "88.09200", "2014-12-31": "147.54900", "2013-12-31": "3.40100", "2012-12-31": "211.01300", "2011-12-31": "4.27400", "2010-12-31": "204.35800", "2009-12-31": "364.70400", "2008-12-31": "-958.18800", "2007-12-31": "-85.30000", "2006-12-31": "-34.16200", "2005-12-31": "-44.94000"}, "Income From Discontinued Operations": {"2019-12-31": "39.40100", "2018-12-31": "93.72900", "2017-12-31": "270.58200", "2016-12-31": "44.32000", "2015-12-31": "61.27900", "2014-12-31": "", "2013-12-31": "", "2012-12-31": "", "2011-12-31": "", "2010-12-31": "", "2009-12-31": "", "2008-12-31": "", "2007-12-31": "", "2006-12-31": "", "2005-12-31": ""}, "Net Income": {"2019-12-31": "-62.91700", "2018-12-31": "-40.47500", "2017-12-31": "393.77000", "2016-12-31": "181.67300", "2015-12-31": "163.70000", "2014-12-31": "165.26800", "2013-12-31": "2.52500", "2012-12-31": "211.04800", "2011-12-31": "3.63900", "2010-12-31": "204.35800", "2009-12-31": "364.70400", "2008-12-31": "-958.18800", "2007-12-31": "-85.30000", "2006-12-31": "-34.16200", "2005-12-31": "-44.94000"}, "EBITDA": {"2019-12-31": "667.18900", "2018-12-31": "642.23790", "2017-12-31": "571.78910", "2016-12-31": "797.78200", "2015-12-31": "801.92320", "2014-12-31": "884.76590", "2013-12-31": "610.69810", "2012-12-31": "557.21200", "2011-12-31": "466.73170", "2010-12-31": "371.23600", "2009-12-31": "249.02080", "2008-12-31": "-376.39680", "2007-12-31": "-76.67400", "2006-12-31": "-31.41500", "2005-12-31": "-27.23200"}, "EBIT": {"2019-12-31": "73.07700", "2018-12-31": "36.13700", "2017-12-31": "30.56210", "2016-12-31": "296.16300", "2015-12-31": "273.76510", "2014-12-31": "328.08980", "2013-12-31": "103.58720", "2012-12-31": "99.88600", "2011-12-31": "80.83770", "2010-12-31": "142.32500", "2009-12-31": "4.89180", "2008-12-31": "-640.59380", "2007-12-31": "-86.37900", "2006-12-31": "-37.44700", "2005-12-31": "-33.06400"}, "Basic Shares Outstanding": {"2019-12-31": "96.73800", "2018-12-31": "96.25000", "2017-12-31": "95.42500", "2016-12-31": "93.79500", "2015-12-31": "92.39700", "2014-12-31": "91.19000", "2013-12-31": "89.40500", "2012-12-31": "87.15000", "2011-12-31": "86.22300", "2010-12-31": "85.08400", "2009-12-31": "85.76500", "2008-12-31": "89.32400", "2007-12-31": "89.71200", "2006-12-31": "89.71200", "2005-12-31": ""}, "Shares Outstanding": {"2019-12-31": "96.73800", "2018-12-31": "96.25000", "2017-12-31": "96.74100", "2016-12-31": "94.41000", "2015-12-31": "93.46600", "2014-12-31": "92.61600", "2013-12-31": "90.95200", "2012-12-31": "87.95900", "2011-12-31": "87.08900", "2010-12-31": "85.20300", "2009-12-31": "86.05900", "2008-12-31": "89.32400", "2007-12-31": "89.71200", "2006-12-31": "89.71200", "2005-12-31": ""}, "Basic EPS": {"2019-12-31": "-0.65000", "2018-12-31": "-0.42000", "2017-12-31": "4.13000", "2016-12-31": "1.94000", "2015-12-31": "1.77000", "2014-12-31": "1.81000", "2013-12-31": "0.03000", "2012-12-31": "2.42000", "2011-12-31": "0.04000", "2010-12-31": "2.40000", "2009-12-31": "4.25000", "2008-12-31": "-10.73000", "2007-12-31": "-0.95000", "2006-12-31": "-0.38000", "2005-12-31": ""}, "EPS - Earnings Per Share": {"2019-12-31": "-0.65000", "2018-12-31": "-0.42000", "2017-12-31": "4.07000", "2016-12-31": "1.92000", "2015-12-31": "1.75000", "2014-12-31": "1.78000", "2013-12-31": "0.03000", "2012-12-31": "2.40000", "2011-12-31": "0.04000", "2010-12-31": "2.40000", "2009-12-31": "4.24000", "2008-12-31": "-10.73000", "2007-12-31": "-0.95000", "2006-12-31": "-0.38000", "2005-12-31": "0.00000"}}, "income statement, quarterly": {"Revenue": {"2020-09-30": "473.50200", "2020-06-30": "459.46600", "2020-03-31": "465.66600", "2019-12-31": "499.00610", "2019-09-30": "472.26200", "2019-06-30": "460.43100", "2019-03-31": "454.38200", "2018-12-31": "278.61510", "2018-09-30": "456.27400", "2018-06-30": "525.95700", "2018-03-31": "501.79200", "2017-12-31": "145.69500", "2017-09-30": "481.23300", "2017-06-30": "465.07600", "2017-03-31": "433.15100", "2016-12-31": "475.78800", "2016-09-30": "460.04600", "2016-06-30": "442.65800", "2016-03-31": "431.97400", "2015-12-31": "-504.27000", "2015-09-30": "760.87900", "2015-06-30": "793.59500", "2015-03-31": "798.65300", "2014-12-31": "843.88680", "2014-09-30": "895.84000", "2014-06-30": "879.82800", "2014-03-31": "826.02300", "2013-12-31": "808.08700", "2013-09-30": "848.90800", "2013-06-30": "830.00300", "2013-03-31": "795.45400", "2012-12-31": "786.19910", "2012-09-30": "764.72100", "2012-06-30": "806.00400", "2012-03-31": "764.78000", "2011-12-31": "834.20890", "2011-09-30": "863.16300", "2011-06-30": "584.23300", "2011-03-31": "479.82600", "2010-12-31": "513.19980", "2010-09-30": "607.04000", "2010-06-30": "603.04900", "2010-03-31": "627.08000", "2009-12-31": "557.93200", "2009-09-30": "482.93200", "2009-06-30": "383.14800", "2009-03-31": "479.54700", "2008-12-31": "496.43610", "2008-09-30": "616.17300", "2008-06-30": "483.34000", "2008-03-31": "554.57100", "2007-12-31": "361.29690", "2007-09-30": "404.41600", "2007-06-30": "330.58900", "2007-03-31": "447.76300"}, "Cost Of Goods Sold": {"2020-09-30": "183.65600", "2020-06-30": "173.56100", "2020-03-31": "191.16000", "2019-12-31": "214.74190", "2019-09-30": "195.03000", "2019-06-30": "189.22900", "2019-03-31": "188.35400", "2018-12-31": "171.06110", "2018-09-30": "188.60800", "2018-06-30": "193.02200", "2018-03-31": "187.81600", "2017-12-31": "137.62200", "2017-09-30": "190.69200", "2017-06-30": "191.88900", "2017-03-31": "175.72100", "2016-12-31": "196.99100", "2016-09-30": "185.19300", "2016-06-30": "174.31100", "2016-03-31": "168.69000", "2015-12-31": "-582.76600", "2015-09-30": "427.67500", "2015-06-30": "456.38800", "2015-03-31": "468.46300", "2014-12-31": "503.05100", "2014-09-30": "552.45700", "2014-06-30": "541.64500", "2014-03-31": "530.76300", "2013-12-31": "537.44890", "2013-09-30": "581.93300", "2013-06-30": "554.36700", "2013-03-31": "533.14900", "2012-12-31": "529.80310", "2012-09-30": "517.57600", "2012-06-30": "537.05900", "2012-03-31": "504.99600", "2011-12-31": "552.80310", "2011-09-30": "589.75700", "2011-06-30": "410.08900", "2011-03-31": "354.84400", "2010-12-31": "381.13100", "2010-09-30": "464.29300", "2010-06-30": "464.42000", "2010-03-31": "479.64100", "2009-12-31": "435.11410", "2009-09-30": "375.47600", "2009-06-30": "279.90400", "2009-03-31": "379.80100", "2008-12-31": "405.69500", "2008-09-30": "499.64000", "2008-06-30": "375.18200", "2008-03-31": "434.94100", "2007-12-31": "332.96300", "2007-09-30": "378.75300", "2007-06-30": "311.23500", "2007-03-31": "431.03300"}, "Gross Profit": {"2020-09-30": "289.84600", "2020-06-30": "285.90500", "2020-03-31": "274.50600", "2019-12-31": "284.26410", "2019-09-30": "277.23200", "2019-06-30": "271.20200", "2019-03-31": "266.02800", "2018-12-31": "107.55400", "2018-09-30": "267.66600", "2018-06-30": "332.93500", "2018-03-31": "313.97600", "2017-12-31": "8.07300", "2017-09-30": "290.54100", "2017-06-30": "273.18700", "2017-03-31": "257.43000", "2016-12-31": "278.79700", "2016-09-30": "274.85300", "2016-06-30": "268.34700", "2016-03-31": "263.28400", "2015-12-31": "78.49600", "2015-09-30": "333.20400", "2015-06-30": "337.20700", "2015-03-31": "330.19000", "2014-12-31": "340.83580", "2014-09-30": "343.38310", "2014-06-30": "338.18300", "2014-03-31": "295.26000", "2013-12-31": "270.63810", "2013-09-30": "266.97500", "2013-06-30": "275.63600", "2013-03-31": "262.30500", "2012-12-31": "256.39600", "2012-09-30": "247.14500", "2012-06-30": "268.94500", "2012-03-31": "259.78410", "2011-12-31": "281.40580", "2011-09-30": "273.40600", "2011-06-30": "174.14400", "2011-03-31": "124.98200", "2010-12-31": "132.06880", "2010-09-30": "142.74700", "2010-06-30": "138.62900", "2010-03-31": "147.43900", "2009-12-31": "122.81790", "2009-09-30": "107.45600", "2009-06-30": "103.24400", "2009-03-31": "99.74600", "2008-12-31": "90.74110", "2008-09-30": "116.53300", "2008-06-30": "108.15800", "2008-03-31": "119.63000", "2007-12-31": "28.33400", "2007-09-30": "25.66300", "2007-06-30": "19.35400", "2007-03-31": "16.73000"}, "Research And Development Expenses": {"2020-09-30": "7.67600", "2020-06-30": "7.44800", "2020-03-31": "6.25400", "2019-12-31": "6.32700", "2019-09-30": "6.13600", "2019-06-30": "6.38800", "2019-03-31": "6.88800", "2018-12-31": "7.24200", "2018-09-30": "6.54400", "2018-06-30": "6.64700", "2018-03-31": "7.13700", "2017-12-31": "8.30100", "2017-09-30": "8.30200", "2017-06-30": "7.43700", "2017-03-31": "7.70500", "2016-12-31": "7.64600", "2016-09-30": "9.03000", "2016-06-30": "7.56200", "2016-03-31": "6.93200", "2015-12-31": "-31.05500", "2015-09-30": "19.87500", "2015-06-30": "19.68500", "2015-03-31": "17.87200", "2014-12-31": "16.04500", "2014-09-30": "15.68500", "2014-06-30": "14.57400", "2014-03-31": "14.58200", "2013-12-31": "17.06400", "2013-09-30": "17.03000", "2013-06-30": "16.35400", "2013-03-31": "17.49400", "2012-12-31": "19.23300", "2012-09-30": "17.44800", "2012-06-30": "15.61800", "2012-03-31": "17.35000", "2011-12-31": "16.46400", "2011-09-30": "14.56100", "2011-06-30": "11.08200", "2011-03-31": "8.85900", "2010-12-31": "9.82300", "2010-09-30": "11.64500", "2010-06-30": "12.39100", "2010-03-31": "12.23400", "2009-12-31": "12.56200", "2009-09-30": "10.63300", "2009-06-30": "11.22200", "2009-03-31": "9.59200", "2008-12-31": "9.53900", "2008-09-30": "7.30200", "2008-06-30": "7.47300", "2008-03-31": "10.58700", "2007-12-31": "21.62300", "2007-09-30": "15.65300", "2007-06-30": "14.92300", "2007-03-31": "14.12100"}, "SG&A Expenses": {"2020-09-30": "115.35800", "2020-06-30": "113.79800", "2020-03-31": "125.28100", "2019-12-31": "125.19300", "2019-09-30": "122.62900", "2019-06-30": "149.20900", "2019-03-31": "112.11400", "2018-12-31": "122.19900", "2018-09-30": "107.54000", "2018-06-30": "103.07400", "2018-03-31": "103.27500", "2017-12-31": "106.68000", "2017-09-30": "91.00300", "2017-06-30": "89.82600", "2017-03-31": "82.99100", "2016-12-31": "84.59000", "2016-09-30": "80.67200", "2016-06-30": "79.23700", "2016-03-31": "80.54500", "2015-12-31": "37.67400", "2015-09-30": "91.83000", "2015-06-30": "90.70400", "2015-03-31": "97.92800", "2014-12-31": "100.75900", "2014-09-30": "93.12700", "2014-06-30": "90.49200", "2014-03-31": "87.63200", "2013-12-31": "89.63800", "2013-09-30": "84.29900", "2013-06-30": "90.38600", "2013-03-31": "94.17600", "2012-12-31": "85.88100", "2012-09-30": "95.03900", "2012-06-30": "92.79000", "2012-03-31": "98.93400", "2011-12-31": "100.37400", "2011-09-30": "108.45900", "2011-06-30": "46.18200", "2011-03-31": "48.26100", "2010-12-31": "34.55800", "2010-09-30": "34.30800", "2010-06-30": "37.89900", "2010-03-31": "36.79000", "2009-12-31": "32.41400", "2009-09-30": "41.67000", "2009-06-30": "35.59700", "2009-03-31": "30.55300", "2008-12-31": "51.97400", "2008-09-30": "37.36800", "2008-06-30": "40.05900", "2008-03-31": "34.41200", "2007-12-31": "47.60800", "2007-09-30": "17.23600", "2007-06-30": "16.50500", "2007-03-31": "19.08600"}, "Other Operating Income Or Expenses": {"2020-09-30": "", "2020-06-30": "", "2020-03-31": "", "2019-12-31": "", "2019-09-30": "", "2019-06-30": "", "2019-03-31": "", "2018-12-31": "", "2018-09-30": "", "2018-06-30": "", "2018-03-31": "", "2017-12-31": "", "2017-09-30": "", "2017-06-30": "", "2017-03-31": "", "2016-12-31": "", "2016-09-30": "", "2016-06-30": "", "2016-03-31": "", "2015-12-31": "", "2015-09-30": "", "2015-06-30": "", "2015-03-31": "", "2014-12-31": "", "2014-09-30": "", "2014-06-30": "", "2014-03-31": "", "2013-12-31": "", "2013-09-30": "", "2013-06-30": "", "2013-03-31": "", "2012-12-31": "", "2012-09-30": "", "2012-06-30": "", "2012-03-31": "", "2011-12-31": "", "2011-09-30": "", "2011-06-30": "", "2011-03-31": "", "2010-12-31": "", "2010-09-30": "", "2010-06-30": "", "2010-03-31": "", "2009-12-31": "", "2009-09-30": "", "2009-06-30": "", "2009-03-31": "", "2008-12-31": "", "2008-09-30": "", "2008-06-30": "", "2008-03-31": "", "2007-12-31": "", "2007-09-30": "", "2007-06-30": "", "2007-03-31": ""}, "Operating Expenses": {"2020-09-30": "436.51200", "2020-06-30": "424.69400", "2020-03-31": "455.06300", "2019-12-31": "475.40910", "2019-09-30": "446.16900", "2019-06-30": "465.09200", "2019-03-31": "426.33400", "2018-12-31": "413.51000", "2018-09-30": "418.01700", "2018-06-30": "451.19200", "2018-03-31": "443.78200", "2017-12-31": "269.08800", "2017-09-30": "424.81900", "2017-06-30": "419.18600", "2017-03-31": "381.50000", "2016-12-31": "397.38790", "2016-09-30": "383.44400", "2016-06-30": "367.22700", "2016-03-31": "366.24400", "2015-12-31": "-513.87510", "2015-09-30": "672.27200", "2015-06-30": "699.24700", "2015-03-31": "717.44790", "2014-12-31": "760.36410", "2014-09-30": "803.56300", "2014-06-30": "787.35800", "2014-03-31": "766.20300", "2013-12-31": "775.42780", "2013-09-30": "808.00400", "2013-06-30": "823.91500", "2013-03-31": "771.51800", "2012-12-31": "785.53610", "2012-09-30": "740.84100", "2012-06-30": "760.07100", "2012-03-31": "735.36990", "2011-12-31": "832.30630", "2011-09-30": "840.89700", "2011-06-30": "538.41200", "2011-03-31": "468.97800", "2010-12-31": "481.55680", "2010-09-30": "568.43700", "2010-06-30": "571.73600", "2010-03-31": "586.31400", "2009-12-31": "543.80620", "2009-09-30": "486.76800", "2009-06-30": "386.19800", "2009-03-31": "481.89500", "2008-12-31": "1094.39100", "2008-09-30": "657.28500", "2008-06-30": "485.72900", "2008-03-31": "553.70890", "2007-12-31": "407.50790", "2007-09-30": "413.12400", "2007-06-30": "344.07700", "2007-03-31": "465.73500"}, "Operating Income": {"2020-09-30": "36.99000", "2020-06-30": "34.77200", "2020-03-31": "10.60300", "2019-12-31": "23.59700", "2019-09-30": "26.09300", "2019-06-30": "-4.66100", "2019-03-31": "28.04800", "2018-12-31": "-134.89500", "2018-09-30": "38.25700", "2018-06-30": "74.76500", "2018-03-31": "58.01000", "2017-12-31": "-123.39300", "2017-09-30": "56.41400", "2017-06-30": "45.89000", "2017-03-31": "51.65100", "2016-12-31": "78.40000", "2016-09-30": "76.60200", "2016-06-30": "75.43100", "2016-03-31": "65.73000", "2015-12-31": "9.60510", "2015-09-30": "88.60700", "2015-06-30": "94.34800", "2015-03-31": "81.20510", "2014-12-31": "83.52260", "2014-09-30": "92.27700", "2014-06-30": "92.47000", "2014-03-31": "59.82000", "2013-12-31": "32.65920", "2013-09-30": "40.90400", "2013-06-30": "6.08800", "2013-03-31": "23.93600", "2012-12-31": "0.66300", "2012-09-30": "23.88000", "2012-06-30": "45.93300", "2012-03-31": "29.41010", "2011-12-31": "1.90260", "2011-09-30": "22.26610", "2011-06-30": "45.82100", "2011-03-31": "10.84800", "2010-12-31": "31.64290", "2010-09-30": "38.60300", "2010-06-30": "31.31300", "2010-03-31": "40.76600", "2009-12-31": "14.12590", "2009-09-30": "-3.83600", "2009-06-30": "-3.05000", "2009-03-31": "-2.34800", "2008-12-31": "-597.95480", "2008-09-30": "-41.11200", "2008-06-30": "-2.38900", "2008-03-31": "0.86210", "2007-12-31": "-46.21100", "2007-09-30": "-8.70800", "2007-06-30": "-13.48800", "2007-03-31": "-17.97200"}, "Total Non-Operating Income/Expense": {"2020-09-30": "-10.76700", "2020-06-30": "-38.76400", "2020-03-31": "-75.83200", "2019-12-31": "-71.98700", "2019-09-30": "-44.19100", "2019-06-30": "-20.67500", "2019-03-31": "-29.38900", "2018-12-31": "-64.57100", "2018-09-30": "-33.48900", "2018-06-30": "20.72100", "2018-03-31": "-84.58400", "2017-12-31": "8.89900", "2017-09-30": "-14.47700", "2017-06-30": "-36.29600", "2017-03-31": "-20.88800", "2016-12-31": "-35.58100", "2016-09-30": "-26.29700", "2016-06-30": "-7.48600", "2016-03-31": "-10.17300", "2015-12-31": "-23.08800", "2015-09-30": "-31.67200", "2015-06-30": "-44.47200", "2015-03-31": "-35.20600", "2014-12-31": "-33.44700", "2014-09-30": "-27.73200", "2014-06-30": "-43.94500", "2014-03-31": "-44.63300", "2013-12-31": "-38.03000", "2013-09-30": "-41.95600", "2013-06-30": "-31.55300", "2013-03-31": "-26.08400", "2012-12-31": "10.50500", "2012-09-30": "-2.02000", "2012-06-30": "-10.47300", "2012-03-31": "96.78600", "2011-12-31": "-24.24400", "2011-09-30": "-27.24900", "2011-06-30": "-17.66900", "2011-03-31": "14.09900", "2010-12-31": "154.13100", "2010-09-30": "-5.14300", "2010-06-30": "-56.41100", "2010-03-31": "53.87100", "2009-12-31": "-25.75700", "2009-09-30": "337.01000", "2009-06-30": "101.58600", "2009-03-31": "7.62800", "2008-12-31": "-218.30600", "2008-09-30": "-261.77800", "2008-06-30": "56.00900", "2008-03-31": "9.80100", "2007-12-31": "0.32600", "2007-09-30": "3.21900", "2007-06-30": "-0.30400", "2007-03-31": "-0.05700"}, "Pre-Tax Income": {"2020-09-30": "26.22300", "2020-06-30": "-3.99200", "2020-03-31": "-65.22900", "2019-12-31": "-48.39000", "2019-09-30": "-18.09800", "2019-06-30": "-25.33600", "2019-03-31": "-1.34100", "2018-12-31": "-199.46600", "2018-09-30": "4.76800", "2018-06-30": "95.48600", "2018-03-31": "-26.57400", "2017-12-31": "-114.49400", "2017-09-30": "41.93700", "2017-06-30": "9.59400", "2017-03-31": "30.76300", "2016-12-31": "42.81900", "2016-09-30": "50.30500", "2016-06-30": "67.94500", "2016-03-31": "55.55700", "2015-12-31": "-13.48300", "2015-09-30": "56.93500", "2015-06-30": "49.87600", "2015-03-31": "45.99900", "2014-12-31": "50.07600", "2014-09-30": "64.54500", "2014-06-30": "48.52500", "2014-03-31": "15.18700", "2013-12-31": "-5.37100", "2013-09-30": "-1.05200", "2013-06-30": "-25.46500", "2013-03-31": "-2.14800", "2012-12-31": "11.16800", "2012-09-30": "21.86000", "2012-06-30": "35.46000", "2012-03-31": "126.19600", "2011-12-31": "-22.34100", "2011-09-30": "-4.98300", "2011-06-30": "28.15200", "2011-03-31": "24.94700", "2010-12-31": "185.77400", "2010-09-30": "33.46000", "2010-06-30": "-25.09800", "2010-03-31": "94.63700", "2009-12-31": "-11.63100", "2009-09-30": "333.17400", "2009-06-30": "98.53600", "2009-03-31": "5.28000", "2008-12-31": "-816.26100", "2008-09-30": "-302.89000", "2008-06-30": "53.62000", "2008-03-31": "10.66300", "2007-12-31": "-45.88500", "2007-09-30": "-5.48900", "2007-06-30": "-13.79200", "2007-03-31": "-18.02900"}, "Income Taxes": {"2020-09-30": "2.95000", "2020-06-30": "10.85100", "2020-03-31": "-7.49200", "2019-12-31": "7.88200", "2019-09-30": "5.01600", "2019-06-30": "4.69200", "2019-03-31": "2.89800", "2018-12-31": "-13.78600", "2018-09-30": "7.96300", "2018-06-30": "17.80200", "2018-03-31": "-5.40300", "2017-12-31": "-164.18000", "2017-09-30": "6.08200", "2017-06-30": "3.00300", "2017-03-31": "-0.01200", "2016-12-31": "18.99600", "2016-09-30": "17.39400", "2016-06-30": "23.69200", "2016-03-31": "20.17200", "2015-12-31": "-14.60600", "2015-09-30": "28.57700", "2015-06-30": "18.86300", "2015-03-31": "18.40100", "2014-12-31": "2.60800", "2014-09-30": "6.10800", "2014-06-30": "18.91100", "2014-03-31": "3.15700", "2013-12-31": "-10.22000", "2013-09-30": "-5.68900", "2013-06-30": "-15.88200", "2013-03-31": "-5.64600", "2012-12-31": "-15.62500", "2012-09-30": "-0.40900", "2012-06-30": "0.01000", "2012-03-31": "-0.30500", "2011-12-31": "-9.72900", "2011-09-30": "13.86400", "2011-06-30": "9.57800", "2011-03-31": "7.78800", "2010-12-31": "16.83600", "2010-09-30": "28.30900", "2010-06-30": "16.37900", "2010-03-31": "22.89100", "2009-12-31": "18.77400", "2009-09-30": "38.49200", "2009-06-30": "-2.53600", "2009-03-31": "5.92500", "2008-12-31": "-112.47800", "2008-09-30": "5.04000", "2008-06-30": "5.79600", "2008-03-31": "4.96200", "2007-12-31": "-0.52800", "2007-09-30": "1.16100", "2007-06-30": "0.99700", "2007-03-31": "0.47500"}, "Income After Taxes": {"2020-09-30": "23.27300", "2020-06-30": "-14.84300", "2020-03-31": "-57.73700", "2019-12-31": "-56.27200", "2019-09-30": "-23.11400", "2019-06-30": "-30.02800", "2019-03-31": "-4.23900", "2018-12-31": "-185.68000", "2018-09-30": "-3.19500", "2018-06-30": "77.68400", "2018-03-31": "-21.17100", "2017-12-31": "49.68600", "2017-09-30": "35.85500", "2017-06-30": "6.59100", "2017-03-31": "30.77500", "2016-12-31": "23.82300", "2016-09-30": "32.91100", "2016-06-30": "44.25300", "2016-03-31": "35.38500", "2015-12-31": "1.12300", "2015-09-30": "28.35800", "2015-06-30": "31.01300", "2015-03-31": "27.59800", "2014-12-31": "47.46800", "2014-09-30": "58.43700", "2014-06-30": "29.61400", "2014-03-31": "12.03000", "2013-12-31": "4.84900", "2013-09-30": "4.63700", "2013-06-30": "-9.58300", "2013-03-31": "3.49800", "2012-12-31": "26.79300", "2012-09-30": "22.26900", "2012-06-30": "35.45000", "2012-03-31": "126.50100", "2011-12-31": "-12.61200", "2011-09-30": "-18.84700", "2011-06-30": "18.57400", "2011-03-31": "17.15900", "2010-12-31": "168.93800", "2010-09-30": "5.15100", "2010-06-30": "-41.47700", "2010-03-31": "71.74600", "2009-12-31": "-30.40500", "2009-09-30": "294.68200", "2009-06-30": "101.07200", "2009-03-31": "-0.64500", "2008-12-31": "-703.78300", "2008-09-30": "-307.93000", "2008-06-30": "47.82400", "2008-03-31": "5.70100", "2007-12-31": "-45.35700", "2007-09-30": "-6.65000", "2007-06-30": "-14.78900", "2007-03-31": "-18.50400"}, "Other Income": {"2020-09-30": "", "2020-06-30": "", "2020-03-31": "", "2019-12-31": "", "2019-09-30": "", "2019-06-30": "", "2019-03-31": "", "2018-12-31": "", "2018-09-30": "", "2018-06-30": "", "2018-03-31": "", "2017-12-31": "", "2017-09-30": "", "2017-06-30": "", "2017-03-31": "", "2016-12-31": "", "2016-09-30": "", "2016-06-30": "", "2016-03-31": "", "2015-12-31": "", "2015-09-30": "", "2015-06-30": "", "2015-03-31": "", "2014-12-31": "", "2014-09-30": "", "2014-06-30": "", "2014-03-31": "", "2013-12-31": "", "2013-09-30": "", "2013-06-30": "", "2013-03-31": "", "2012-12-31": "", "2012-09-30": "", "2012-06-30": "", "2012-03-31": "", "2011-12-31": "", "2011-09-30": "", "2011-06-30": "", "2011-03-31": "", "2010-12-31": "", "2010-09-30": "", "2010-06-30": "", "2010-03-31": "", "2009-12-31": "", "2009-09-30": "", "2009-06-30": "", "2009-03-31": "", "2008-12-31": "", "2008-09-30": "", "2008-06-30": "", "2008-03-31": "", "2007-12-31": "", "2007-09-30": "", "2007-06-30": "", "2007-03-31": ""}, "Income From Continuous Operations": {"2020-09-30": "23.27300", "2020-06-30": "-14.84300", "2020-03-31": "-57.73700", "2019-12-31": "-56.27200", "2019-09-30": "-23.11400", "2019-06-30": "-30.02800", "2019-03-31": "-4.23900", "2018-12-31": "-185.68000", "2018-09-30": "-3.19500", "2018-06-30": "77.68400", "2018-03-31": "-21.17100", "2017-12-31": "49.68600", "2017-09-30": "35.85500", "2017-06-30": "6.59100", "2017-03-31": "30.77500", "2016-12-31": "23.82300", "2016-09-30": "32.91100", "2016-06-30": "44.25300", "2016-03-31": "35.38500", "2015-12-31": "1.12300", "2015-09-30": "28.35800", "2015-06-30": "31.01300", "2015-03-31": "27.59800", "2014-12-31": "47.46800", "2014-09-30": "58.43700", "2014-06-30": "29.61400", "2014-03-31": "12.03000", "2013-12-31": "4.84900", "2013-09-30": "4.63700", "2013-06-30": "-9.58300", "2013-03-31": "3.49800", "2012-12-31": "26.79300", "2012-09-30": "22.26900", "2012-06-30": "35.45000", "2012-03-31": "126.50100", "2011-12-31": "-12.61200", "2011-09-30": "-18.84700", "2011-06-30": "18.57400", "2011-03-31": "17.15900", "2010-12-31": "168.93800", "2010-09-30": "5.15100", "2010-06-30": "-41.47700", "2010-03-31": "71.74600", "2009-12-31": "-30.40500", "2009-09-30": "294.68200", "2009-06-30": "101.07200", "2009-03-31": "-0.64500", "2008-12-31": "-703.78300", "2008-09-30": "-307.93000", "2008-06-30": "47.82400", "2008-03-31": "5.70100", "2007-12-31": "-45.35700", "2007-09-30": "-6.65000", "2007-06-30": "-14.78900", "2007-03-31": "-18.50400"}, "Income From Discontinued Operations": {"2020-09-30": "", "2020-06-30": "", "2020-03-31": "", "2019-12-31": "-6.82200", "2019-09-30": "2.00800", "2019-06-30": "24.96800", "2019-03-31": "19.24700", "2018-12-31": "74.03200", "2018-09-30": "19.69700", "2018-06-30": "", "2018-03-31": "", "2017-12-31": "264.12800", "2017-09-30": "-0.65400", "2017-06-30": "0.53100", "2017-03-31": "6.57700", "2016-12-31": "15.10700", "2016-09-30": "4.49900", "2016-06-30": "11.65600", "2016-03-31": "13.05800", "2015-12-31": "", "2015-09-30": "", "2015-06-30": "", "2015-03-31": "", "2014-12-31": "", "2014-09-30": "", "2014-06-30": "", "2014-03-31": "", "2013-12-31": "", "2013-09-30": "", "2013-06-30": "", "2013-03-31": "", "2012-12-31": "", "2012-09-30": "", "2012-06-30": "", "2012-03-31": "", "2011-12-31": "", "2011-09-30": "", "2011-06-30": "", "2011-03-31": "", "2010-12-31": "", "2010-09-30": "", "2010-06-30": "", "2010-03-31": "", "2009-12-31": "", "2009-09-30": "", "2009-06-30": "", "2009-03-31": "", "2008-12-31": "", "2008-09-30": "", "2008-06-30": "", "2008-03-31": "", "2007-12-31": "", "2007-09-30": "", "2007-06-30": "", "2007-03-31": ""}, "Net Income": {"2020-09-30": "25.44000", "2020-06-30": "-11.41200", "2020-03-31": "-54.29500", "2019-12-31": "-53.11800", "2019-09-30": "-18.30900", "2019-06-30": "-5.69200", "2019-03-31": "14.20200", "2018-12-31": "-112.19800", "2018-09-30": "16.05200", "2018-06-30": "77.22200", "2018-03-31": "-21.55100", "2017-12-31": "313.23700", "2017-09-30": "34.66900", "2017-06-30": "6.94000", "2017-03-31": "38.92400", "2016-12-31": "38.22200", "2016-09-30": "36.64400", "2016-06-30": "56.13300", "2016-03-31": "50.67400", "2015-12-31": "66.29600", "2015-09-30": "30.10200", "2015-06-30": "33.90000", "2015-03-31": "33.40200", "2014-12-31": "54.76600", "2014-09-30": "64.05500", "2014-06-30": "33.79400", "2014-03-31": "12.65300", "2013-12-31": "4.50600", "2013-09-30": "4.32000", "2013-06-30": "-9.75900", "2013-03-31": "3.45800", "2012-12-31": "26.22400", "2012-09-30": "22.55400", "2012-06-30": "35.68200", "2012-03-31": "126.58800", "2011-12-31": "-12.89000", "2011-09-30": "-19.11700", "2011-06-30": "18.48200", "2011-03-31": "17.16400", "2010-12-31": "168.93800", "2010-09-30": "5.15100", "2010-06-30": "-41.47700", "2010-03-31": "71.74600", "2009-12-31": "-30.40500", "2009-09-30": "293.94000", "2009-06-30": "101.81400", "2009-03-31": "-0.64500", "2008-12-31": "-703.78300", "2008-09-30": "-307.93000", "2008-06-30": "47.82400", "2008-03-31": "5.70100", "2007-12-31": "-45.35700", "2007-09-30": "-6.65000", "2007-06-30": "-14.78900", "2007-03-31": "-18.50400"}, "EBITDA": {"2020-09-30": "167.90400", "2020-06-30": "165.72900", "2020-03-31": "144.02100", "2019-12-31": "153.77300", "2019-09-30": "176.52600", "2019-06-30": "152.61110", "2019-03-31": "184.27900", "2018-12-31": "20.73800", "2018-09-30": "190.81700", "2018-06-30": "225.18290", "2018-03-31": "205.50000", "2017-12-31": "20.75700", "2017-09-30": "193.09800", "2017-06-30": "177.75100", "2017-03-31": "180.18300", "2016-12-31": "209.14700", "2016-09-30": "200.23500", "2016-06-30": "195.93600", "2016-03-31": "192.46400", "2015-12-31": "139.21610", "2015-09-30": "221.49900", "2015-06-30": "226.81800", "2015-03-31": "214.39010", "2014-12-31": "224.03170", "2014-09-30": "234.57100", "2014-06-30": "233.11700", "2014-03-31": "193.04600", "2013-12-31": "160.18520", "2013-09-30": "165.64600", "2013-06-30": "134.23200", "2013-03-31": "150.63500", "2012-12-31": "118.51700", "2012-09-30": "134.65800", "2012-06-30": "160.53700", "2012-03-31": "143.50010", "2011-12-31": "131.60370", "2011-09-30": "150.38600", "2011-06-30": "116.88000", "2011-03-31": "67.86200", "2010-12-31": "87.68790", "2010-09-30": "96.79400", "2010-06-30": "88.33900", "2010-03-31": "98.41500", "2009-12-31": "77.84190", "2009-09-30": "55.15300", "2009-06-30": "56.42500", "2009-03-31": "59.60100", "2008-12-31": "-527.52480", "2008-09-30": "28.67000", "2008-06-30": "60.62600", "2008-03-31": "61.83210", "2007-12-31": "-40.90200", "2007-09-30": "-7.22600", "2007-06-30": "-12.07400", "2007-03-31": "-16.47700"}, "EBIT": {"2020-09-30": "36.99000", "2020-06-30": "34.77200", "2020-03-31": "10.60300", "2019-12-31": "23.59700", "2019-09-30": "26.09300", "2019-06-30": "-4.66100", "2019-03-31": "28.04800", "2018-12-31": "-134.89500", "2018-09-30": "38.25700", "2018-06-30": "74.76500", "2018-03-31": "58.01000", "2017-12-31": "-123.39290", "2017-09-30": "56.41400", "2017-06-30": "45.89000", "2017-03-31": "51.65100", "2016-12-31": "78.40000", "2016-09-30": "76.60200", "2016-06-30": "75.43100", "2016-03-31": "65.73000", "2015-12-31": "9.60510", "2015-09-30": "88.60700", "2015-06-30": "94.34800", "2015-03-31": "81.20510", "2014-12-31": "83.52280", "2014-09-30": "92.27700", "2014-06-30": "92.47000", "2014-03-31": "59.82000", "2013-12-31": "32.65920", "2013-09-30": "40.90400", "2013-06-30": "6.08800", "2013-03-31": "23.93600", "2012-12-31": "0.66280", "2012-09-30": "23.88000", "2012-06-30": "45.93300", "2012-03-31": "29.41010", "2011-12-31": "1.90260", "2011-09-30": "22.26610", "2011-06-30": "45.82100", "2011-03-31": "10.84800", "2010-12-31": "31.64300", "2010-09-30": "38.60300", "2010-06-30": "31.31300", "2010-03-31": "40.76600", "2009-12-31": "14.12590", "2009-09-30": "-3.83600", "2009-06-30": "-3.05000", "2009-03-31": "-2.34800", "2008-12-31": "-597.95480", "2008-09-30": "-41.11200", "2008-06-30": "-2.38900", "2008-03-31": "0.86210", "2007-12-31": "-46.21100", "2007-09-30": "-8.70800", "2007-06-30": "-13.48800", "2007-03-31": "-17.97200"}, "Basic Shares Outstanding": {"2020-09-30": "98.00400", "2020-06-30": "97.87900", "2020-03-31": "97.81100", "2019-12-31": "96.73800", "2019-09-30": "97.45500", "2019-06-30": "96.41500", "2019-03-31": "95.38600", "2018-12-31": "96.25000", "2018-09-30": "96.16600", "2018-06-30": "96.09100", "2018-03-31": "95.88800", "2017-12-31": "95.42500", "2017-09-30": "95.65600", "2017-06-30": "95.53700", "2017-03-31": "94.74500", "2016-12-31": "93.79500", "2016-09-30": "93.89800", "2016-06-30": "93.75100", "2016-03-31": "93.33100", "2015-12-31": "92.39700", "2015-09-30": "92.50000", "2015-06-30": "92.28300", "2015-03-31": "91.96900", "2014-12-31": "91.19000", "2014-09-30": "91.35800", "2014-06-30": "91.09700", "2014-03-31": "90.68900", "2013-12-31": "89.40500", "2013-09-30": "89.86800", "2013-06-30": "88.17900", "2013-03-31": "88.17800", "2012-12-31": "87.15000", "2012-09-30": "87.27900", "2012-06-30": "87.12700", "2012-03-31": "86.68400", "2011-12-31": "86.22300", "2011-09-30": "86.50700", "2011-06-30": "86.31400", "2011-03-31": "85.46600", "2010-12-31": "85.08400", "2010-09-30": "85.15800", "2010-06-30": "85.10200", "2010-03-31": "84.85500", "2009-12-31": "85.76500", "2009-09-30": "85.26000", "2009-06-30": "86.53900", "2009-03-31": "86.47100", "2008-12-31": "89.32400", "2008-09-30": "89.88400", "2008-06-30": "89.86300", "2008-03-31": "89.72700", "2007-12-31": "89.71200", "2007-09-30": "89.71200", "2007-06-30": "89.71200", "2007-03-31": "89.71200"}, "Shares Outstanding": {"2020-09-30": "98.00400", "2020-06-30": "97.87900", "2020-03-31": "97.81100", "2019-12-31": "96.73800", "2019-09-30": "97.45500", "2019-06-30": "96.41500", "2019-03-31": "95.38600", "2018-12-31": "96.25000", "2018-09-30": "96.16600", "2018-06-30": "96.94600", "2018-03-31": "95.88800", "2017-12-31": "96.74100", "2017-09-30": "96.89000", "2017-06-30": "96.78500", "2017-03-31": "95.89300", "2016-12-31": "94.41000", "2016-09-30": "94.40100", "2016-06-30": "94.33000", "2016-03-31": "93.85200", "2015-12-31": "93.46600", "2015-09-30": "93.49300", "2015-06-30": "93.51400", "2015-03-31": "93.35700", "2014-12-31": "92.61600", "2014-09-30": "92.97100", "2014-06-30": "92.71400", "2014-03-31": "92.33600", "2013-12-31": "90.95200", "2013-09-30": "91.26600", "2013-06-30": "88.17900", "2013-03-31": "89.60000", "2012-12-31": "87.95900", "2012-09-30": "87.99800", "2012-06-30": "87.81400", "2012-03-31": "87.32600", "2011-12-31": "87.08900", "2011-09-30": "86.50700", "2011-06-30": "87.69700", "2011-03-31": "92.33100", "2010-12-31": "85.20300", "2010-09-30": "85.25000", "2010-06-30": "85.10200", "2010-03-31": "84.93300", "2009-12-31": "86.05900", "2009-09-30": "85.31000", "2009-06-30": "86.60900", "2009-03-31": "86.47100", "2008-12-31": "89.32400", "2008-09-30": "89.88400", "2008-06-30": "90.26100", "2008-03-31": "91.31300", "2007-12-31": "89.71200", "2007-09-30": "89.71200", "2007-06-30": "89.71200", "2007-03-31": "89.71200"}, "Basic EPS": {"2020-09-30": "0.26000", "2020-06-30": "-0.12000", "2020-03-31": "-0.56000", "2019-12-31": "-0.55000", "2019-09-30": "-0.19000", "2019-06-30": "-0.06000", "2019-03-31": "0.15000", "2018-12-31": "-1.17000", "2018-09-30": "0.17000", "2018-06-30": "0.80000", "2018-03-31": "-0.22000", "2017-12-31": "3.29000", "2017-09-30": "0.36000", "2017-06-30": "0.07000", "2017-03-31": "0.41000", "2016-12-31": "0.41000", "2016-09-30": "0.39000", "2016-06-30": "0.60000", "2016-03-31": "0.54000", "2015-12-31": "0.71000", "2015-09-30": "0.33000", "2015-06-30": "0.37000", "2015-03-31": "0.36000", "2014-12-31": "0.60000", "2014-09-30": "0.70000", "2014-06-30": "0.37000", "2014-03-31": "0.14000", "2013-12-31": "0.05000", "2013-09-30": "0.05000", "2013-06-30": "-0.11000", "2013-03-31": "0.04000", "2012-12-31": "0.29000", "2012-09-30": "0.26000", "2012-06-30": "0.41000", "2012-03-31": "1.46000", "2011-12-31": "-0.15000", "2011-09-30": "-0.22000", "2011-06-30": "0.21000", "2011-03-31": "0.20000", "2010-12-31": "1.98000", "2010-09-30": "0.06000", "2010-06-30": "-0.49000", "2010-03-31": "0.85000", "2009-12-31": "-0.37000", "2009-09-30": "3.45000", "2009-06-30": "1.18000", "2009-03-31": "-0.01000", "2008-12-31": "-7.89000", "2008-09-30": "-3.43000", "2008-06-30": "0.53000", "2008-03-31": "0.06000", "2007-12-31": "-0.51000", "2007-09-30": "-0.07000", "2007-06-30": "-0.16000", "2007-03-31": "-0.21000"}, "EPS - Earnings Per Share": {"2020-09-30": "0.26000", "2020-06-30": "-0.12000", "2020-03-31": "-0.56000", "2019-12-31": "-0.55000", "2019-09-30": "-0.19000", "2019-06-30": "-0.06000", "2019-03-31": "0.15000", "2018-12-31": "-1.17000", "2018-09-30": "0.17000", "2018-06-30": "0.80000", "2018-03-31": "-0.22000", "2017-12-31": "3.23000", "2017-09-30": "0.36000", "2017-06-30": "0.07000", "2017-03-31": "0.41000", "2016-12-31": "0.39000", "2016-09-30": "0.39000", "2016-06-30": "0.60000", "2016-03-31": "0.54000", "2015-12-31": "0.71000", "2015-09-30": "0.32000", "2015-06-30": "0.36000", "2015-03-31": "0.36000", "2014-12-31": "0.59000", "2014-09-30": "0.69000", "2014-06-30": "0.36000", "2014-03-31": "0.14000", "2013-12-31": "0.05000", "2013-09-30": "0.05000", "2013-06-30": "-0.11000", "2013-03-31": "0.04000", "2012-12-31": "0.28000", "2012-09-30": "0.26000", "2012-06-30": "0.41000", "2012-03-31": "1.45000", "2011-12-31": "-0.14000", "2011-09-30": "-0.22000", "2011-06-30": "0.21000", "2011-03-31": "0.19000", "2010-12-31": "1.99000", "2010-09-30": "0.06000", "2010-06-30": "-0.49000", "2010-03-31": "0.84000", "2009-12-31": "-0.38000", "2009-09-30": "3.45000", "2009-06-30": "1.18000", "2009-03-31": "-0.01000", "2008-12-31": "-7.89000", "2008-09-30": "-3.43000", "2008-06-30": "0.53000", "2008-03-31": "0.06000", "2007-12-31": "-0.51000", "2007-09-30": "-0.07000", "2007-06-30": "-0.16000", "2007-03-31": "-0.21000"}}, "balance sheet": {"Cash On Hand": {"2019-12-31": "2460.05400", "2018-12-31": "3210.45800", "2017-12-31": "3245.61700", "2016-12-31": "3092.88100", "2015-12-31": "1536.57800", "2014-12-31": "1688.15600", "2013-12-31": "1620.65200", "2012-12-31": "1547.56500", "2011-12-31": "1696.44200", "2010-12-31": "1130.90000", "2009-12-31": "829.16200", "2008-12-31": "828.66090", "2007-12-31": "532.26700", "2006-12-31": "323.57600", "2005-12-31": ""}, "Receivables": {"2019-12-31": "196.62900", "2018-12-31": "201.09600", "2017-12-31": "240.13500", "2016-12-31": "201.94400", "2015-12-31": "456.39900", "2014-12-31": "414.90100", "2013-12-31": "514.42700", "2012-12-31": "493.21800", "2011-12-31": "442.81200", "2010-12-31": "281.24400", "2009-12-31": "457.63200", "2008-12-31": "326.84500", "2007-12-31": "34.15400", "2006-12-31": "19.06200", "2005-12-31": ""}, "Inventory": {"2019-12-31": "", "2018-12-31": "", "2017-12-31": "83.59500", "2016-12-31": "62.62000", "2015-12-31": "67.01000", "2014-12-31": "62.96300", "2013-12-31": "66.08400", "2012-12-31": "84.34800", "2011-12-31": "68.70700", "2010-12-31": "30.43300", "2009-12-31": "53.01400", "2008-12-31": "46.49300", "2007-12-31": "21.04300", "2006-12-31": "2.72600", "2005-12-31": ""}, "Pre-Paid Expenses": {"2019-12-31": "", "2018-12-31": "", "2017-12-31": "54.53300", "2016-12-31": "43.45600", "2015-12-31": "56.94900", "2014-12-31": "67.16400", "2013-12-31": "55.40000", "2012-12-31": "55.29900", "2011-12-31": "", "2010-12-31": "", "2009-12-31": "", "2008-12-31": "", "2007-12-31": "", "2006-12-31": "", "2005-12-31": ""}, "Other Current Assets": {"2019-12-31": "179.53100", "2018-12-31": "165.80900", "2017-12-31": "91.67100", "2016-12-31": "10.86200", "2015-12-31": "16.72300", "2014-12-31": "7.69900", "2013-12-31": "29.93000", "2012-12-31": "10.90200", "2011-12-31": "76.28400", "2010-12-31": "92.89000", "2009-12-31": "18.99700", "2008-12-31": "17.23000", "2007-12-31": "23.29000", "2006-12-31": "2.32900", "2005-12-31": ""}, "Total Current Assets": {"2019-12-31": "2836.21400", "2018-12-31": "3580.84900", "2017-12-31": "3715.55100", "2016-12-31": "3723.28700", "2015-12-31": "2133.65900", "2014-12-31": "2328.09100", "2013-12-31": "2356.12600", "2012-12-31": "2214.64900", "2011-12-31": "2307.73700", "2010-12-31": "1535.46700", "2009-12-31": "1363.85800", "2008-12-31": "1228.71300", "2007-12-31": "610.75400", "2006-12-31": "347.69300", "2005-12-31": ""}, "Property, Plant, And Equipment": {"2019-12-31": "2528.73800", "2018-12-31": "2534.66600", "2017-12-31": "3465.47100", "2016-12-31": "3398.19500", "2015-12-31": "3412.99000", "2014-12-31": "3194.79300", "2013-12-31": "2546.37700", "2012-12-31": "2612.28400", "2011-12-31": "2453.54600", "2010-12-31": "1263.30300", "2009-12-31": "1233.18500", "2008-12-31": "1182.04800", "2007-12-31": "213.83700", "2006-12-31": "70.51000", "2005-12-31": ""}, "Long-Term Investments": {"2019-12-31": "325.40500", "2018-12-31": "266.51300", "2017-12-31": "161.42700", "2016-12-31": "171.01600", "2015-12-31": "209.26400", "2014-12-31": "159.96200", "2013-12-31": "169.77100", "2012-12-31": "183.21100", "2011-12-31": "140.43900", "2010-12-31": "725.58800", "2009-12-31": "562.01900", "2008-12-31": "156.71700", "2007-12-31": "59.16000", "2006-12-31": "", "2005-12-31": ""}, "Goodwill And Intangible Assets": {"2019-12-31": "536.46000", "2018-12-31": "548.40400", "2017-12-31": "563.12800", "2016-12-31": "584.90700", "2015-12-31": "643.28300", "2014-12-31": "706.29200", "2013-12-31": "766.21200", "2012-12-31": "855.42000", "2011-12-31": "999.47000", "2010-12-31": "165.45100", "2009-12-31": "151.81300", "2008-12-31": "185.14300", "2007-12-31": "320.07400", "2006-12-31": "11.91900", "2005-12-31": ""}, "Other Long-Term Assets": {"2019-12-31": "813.43900", "2018-12-31": "768.42900", "2017-12-31": "844.43700", "2016-12-31": "814.53000", "2015-12-31": "810.29000", "2014-12-31": "864.86000", "2013-12-31": "863.47700", "2012-12-31": "734.66900", "2011-12-31": "642.54500", "2010-12-31": "152.21100", "2009-12-31": "157.19300", "2008-12-31": "129.13100", "2007-12-31": "57.08500", "2006-12-31": "87.69900", "2005-12-31": ""}, "Total Long-Term Assets": {"2019-12-31": "4318.08400", "2018-12-31": "5080.44500", "2017-12-31": "5034.46300", "2016-12-31": "5285.57200", "2015-12-31": "5075.82700", "2014-12-31": "4925.90700", "2013-12-31": "4345.83700", "2012-12-31": "4385.58400", "2011-12-31": "4236.00000", "2010-12-31": "2306.55300", "2009-12-31": "2104.21000", "2008-12-31": "1661.08600", "2007-12-31": "650.15610", "2006-12-31": "170.12800", "2005-12-31": ""}, "Total Assets": {"2019-12-31": "7154.29800", "2018-12-31": "8661.29400", "2017-12-31": "8750.01400", "2016-12-31": "9008.85900", "2015-12-31": "7209.48600", "2014-12-31": "7253.99800", "2013-12-31": "6701.96300", "2012-12-31": "6600.23300", "2011-12-31": "6543.73700", "2010-12-31": "3842.02000", "2009-12-31": "3468.06800", "2008-12-31": "2889.79900", "2007-12-31": "1260.91000", "2006-12-31": "517.82100", "2005-12-31": "0.00000"}, "Total Current Liabilities": {"2019-12-31": "496.01900", "2018-12-31": "1345.13700", "2017-12-31": "413.89000", "2016-12-31": "531.43800", "2015-12-31": "526.83100", "2014-12-31": "517.73300", "2013-12-31": "558.44500", "2012-12-31": "587.32500", "2011-12-31": "583.72200", "2010-12-31": "358.81700", "2009-12-31": "364.01000", "2008-12-31": "369.33200", "2007-12-31": "50.39700", "2006-12-31": "15.24700", "2005-12-31": ""}, "Long Term Debt": {"2019-12-31": "2389.73300", "2018-12-31": "2386.20200", "2017-12-31": "3594.21300", "2016-12-31": "3622.46300", "2015-12-31": "2156.66700", "2014-12-31": "2325.77500", "2013-12-31": "2352.59700", "2012-12-31": "2420.79300", "2011-12-31": "2464.18000", "2010-12-31": "359.82500", "2009-12-31": "392.16300", "2008-12-31": "293.66100", "2007-12-31": "2.34400", "2006-12-31": "", "2005-12-31": ""}, "Other Non-Current Liabilities": {"2019-12-31": "74.36000", "2018-12-31": "80.30400", "2017-12-31": "128.50300", "2016-12-31": "90.78500", "2015-12-31": "93.95400", "2014-12-31": "107.32800", "2013-12-31": "76.48400", "2012-12-31": "", "2011-12-31": "", "2010-12-31": "", "2009-12-31": "15.45700", "2008-12-31": "15.22000", "2007-12-31": "", "2006-12-31": "", "2005-12-31": ""}, "Total Long Term Liabilities": {"2019-12-31": "2912.72600", "2018-12-31": "3160.68300", "2017-12-31": "4158.73900", "2016-12-31": "4470.61600", "2015-12-31": "2901.01300", "2014-12-31": "3112.62700", "2013-12-31": "2917.28700", "2012-12-31": "2862.68100", "2011-12-31": "2908.38900", "2010-12-31": "470.01300", "2009-12-31": "439.20800", "2008-12-31": "308.88100", "2007-12-31": "2.99500", "2006-12-31": "0.29100", "2005-12-31": ""}, "Total Liabilities": {"2019-12-31": "3408.74500", "2018-12-31": "4505.82000", "2017-12-31": "4572.62900", "2016-12-31": "5002.05400", "2015-12-31": "3427.84400", "2014-12-31": "3630.36000", "2013-12-31": "3475.73200", "2012-12-31": "3450.00600", "2011-12-31": "3492.11100", "2010-12-31": "828.83000", "2009-12-31": "803.21800", "2008-12-31": "678.21300", "2007-12-31": "53.39200", "2006-12-31": "15.53800", "2005-12-31": ""}, "Common Stock Net": {"2019-12-31": "0.10500", "2018-12-31": "0.10200", "2017-12-31": "0.10200", "2016-12-31": "0.10000", "2015-12-31": "0.09900", "2014-12-31": "0.09800", "2013-12-31": "0.09600", "2012-12-31": "0.09300", "2011-12-31": "0.09300", "2010-12-31": "0.09100", "2009-12-31": "0.09100", "2008-12-31": "0.09000", "2007-12-31": "", "2006-12-31": "", "2005-12-31": ""}, "Retained Earnings (Accumulated Deficit)": {"2019-12-31": "632.80900", "2018-12-31": "694.12900", "2017-12-31": "721.31600", "2016-12-31": "314.24700", "2015-12-31": "134.31700", "2014-12-31": "-19.04000", "2013-12-31": "-171.91400", "2012-12-31": "-174.43900", "2011-12-31": "-385.48700", "2010-12-31": "-389.12600", "2009-12-31": "-593.48400", "2008-12-31": "-958.18800", "2007-12-31": "", "2006-12-31": "", "2005-12-31": ""}, "Comprehensive Income": {"2019-12-31": "-122.13800", "2018-12-31": "-125.10000", "2017-12-31": "-130.15400", "2016-12-31": "-124.80300", "2015-12-31": "-117.23300", "2014-12-31": "-55.85600", "2013-12-31": "-14.65500", "2012-12-31": "18.75200", "2011-12-31": "165.77100", "2010-12-31": "188.98200", "2009-12-31": "77.12000", "2008-12-31": "-10.59800", "2007-12-31": "1207.51800", "2006-12-31": "502.28300", "2005-12-31": ""}, "Other Share Holders Equity": {"2019-12-31": "", "2018-12-31": "", "2017-12-31": "", "2016-12-31": "", "2015-12-31": "", "2014-12-31": "", "2013-12-31": "", "2012-12-31": "", "2011-12-31": "", "2010-12-31": "", "2009-12-31": "", "2008-12-31": "", "2007-12-31": "", "2006-12-31": "", "2005-12-31": ""}, "Share Holder Equity": {"2019-12-31": "3745.55300", "2018-12-31": "4155.47400", "2017-12-31": "4177.38500", "2016-12-31": "4006.80500", "2015-12-31": "3781.64200", "2014-12-31": "3623.63800", "2013-12-31": "3226.23100", "2012-12-31": "3150.22700", "2011-12-31": "3051.62600", "2010-12-31": "3013.19000", "2009-12-31": "2664.85000", "2008-12-31": "2211.58600", "2007-12-31": "1207.51800", "2006-12-31": "502.28300", "2005-12-31": ""}, "Total Liabilities And Share Holders Equity": {"2019-12-31": "7154.29800", "2018-12-31": "8661.29400", "2017-12-31": "8750.01400", "2016-12-31": "9008.85900", "2015-12-31": "7209.48600", "2014-12-31": "7253.99800", "2013-12-31": "6701.96300", "2012-12-31": "6600.23300", "2011-12-31": "6543.73700", "2010-12-31": "3842.02000", "2009-12-31": "3468.06800", "2008-12-31": "2889.79900", "2007-12-31": "1260.91000", "2006-12-31": "517.82100", "2005-12-31": ""}}, "balance sheet, quarterly": {"Cash On Hand": {"2020-09-30": "2506.35400", "2020-06-30": "2458.44400", "2020-03-31": "2389.38600", "2019-12-31": "2460.05400", "2019-09-30": "2547.32700", "2019-06-30": "2501.31300", "2019-03-31": "3274.83200", "2018-12-31": "3210.45800", "2018-09-30": "3440.17000", "2018-06-30": "3433.82900", "2018-03-31": "3300.32400", "2017-12-31": "3245.61700", "2017-09-30": "3283.39400", "2017-06-30": "3265.46400", "2017-03-31": "3182.56000", "2016-12-31": "3092.88100", "2016-09-30": "3019.01700", "2016-06-30": "1507.68400", "2016-03-31": "1502.16200", "2015-12-31": "1536.57800", "2015-09-30": "1586.76700", "2015-06-30": "1511.48800", "2015-03-31": "1715.59300", "2014-12-31": "1688.15600", "2014-09-30": "1779.63800", "2014-06-30": "1688.56000", "2014-03-31": "1708.26500", "2013-12-31": "1620.65200", "2013-09-30": "1708.98400", "2013-06-30": "1603.46400", "2013-03-31": "1526.97400", "2012-12-31": "1547.56500", "2012-09-30": "1556.69400", "2012-06-30": "1594.32400", "2012-03-31": "1682.74400", "2011-12-31": "1696.44200", "2011-09-30": "1436.47500", "2011-06-30": "1009.21300", "2011-03-31": "1139.73600", "2010-12-31": "1130.90000", "2010-09-30": "966.69100", "2010-06-30": "919.55300", "2010-03-31": "923.93600", "2009-12-31": "829.16200", "2009-09-30": "934.75700", "2009-06-30": "950.19490", "2009-03-31": "930.40500", "2008-12-31": "828.66090", "2008-09-30": "963.10100", "2008-06-30": "1062.31300", "2008-03-31": "1342.58600", "2007-12-31": "532.26700", "2007-09-30": "", "2007-06-30": "", "2007-03-31": ""}, "Receivables": {"2020-09-30": "190.95000", "2020-06-30": "369.07800", "2020-03-31": "377.80600", "2019-12-31": "196.62900", "2019-09-30": "216.90400", "2019-06-30": "215.50400", "2019-03-31": "236.06800", "2018-12-31": "201.09600", "2018-09-30": "228.58900", "2018-06-30": "213.08800", "2018-03-31": "223.04300", "2017-12-31": "240.13500", "2017-09-30": "244.89900", "2017-06-30": "249.07100", "2017-03-31": "218.14400", "2016-12-31": "201.94400", "2016-09-30": "508.20100", "2016-06-30": "497.01900", "2016-03-31": "504.25800", "2015-12-31": "456.39900", "2015-09-30": "425.00600", "2015-06-30": "428.89300", "2015-03-31": "428.61900", "2014-12-31": "414.90100", "2014-09-30": "486.85900", "2014-06-30": "492.16400", "2014-03-31": "535.18800", "2013-12-31": "514.42700", "2013-09-30": "501.41900", "2013-06-30": "501.23300", "2013-03-31": "507.85900", "2012-12-31": "493.21800", "2012-09-30": "491.80000", "2012-06-30": "500.90700", "2012-03-31": "524.89300", "2011-12-31": "442.81200", "2011-09-30": "528.79300", "2011-06-30": "502.97300", "2011-03-31": "293.38600", "2010-12-31": "281.24400", "2010-09-30": "441.10800", "2010-06-30": "397.15700", "2010-03-31": "405.19800", "2009-12-31": "457.63200", "2009-09-30": "337.20200", "2009-06-30": "258.14100", "2009-03-31": "342.08000", "2008-12-31": "326.84500", "2008-09-30": "539.22500", "2008-06-30": "333.06200", "2008-03-31": "577.40200", "2007-12-31": "34.15400", "2007-09-30": "", "2007-06-30": "", "2007-03-31": ""}, "Inventory": {"2020-09-30": "", "2020-06-30": "", "2020-03-31": "", "2019-12-31": "", "2019-09-30": "83.39700", "2019-06-30": "73.34500", "2019-03-31": "76.11400", "2018-12-31": "", "2018-09-30": "70.06100", "2018-06-30": "81.38800", "2018-03-31": "85.99500", "2017-12-31": "83.59500", "2017-09-30": "91.23200", "2017-06-30": "91.26500", "2017-03-31": "79.42200", "2016-12-31": "62.62000", "2016-09-30": "73.78900", "2016-06-30": "72.39200", "2016-03-31": "70.13600", "2015-12-31": "67.01000", "2015-09-30": "73.95600", "2015-06-30": "70.56800", "2015-03-31": "71.06900", "2014-12-31": "62.96300", "2014-09-30": "68.58200", "2014-06-30": "63.95800", "2014-03-31": "64.62200", "2013-12-31": "66.08400", "2013-09-30": "73.56700", "2013-06-30": "77.39000", "2013-03-31": "87.55400", "2012-12-31": "84.34800", "2012-09-30": "74.12200", "2012-06-30": "76.65400", "2012-03-31": "97.62100", "2011-12-31": "68.70700", "2011-09-30": "99.65500", "2011-06-30": "95.32400", "2011-03-31": "30.06300", "2010-12-31": "30.43300", "2010-09-30": "43.64600", "2010-06-30": "38.04900", "2010-03-31": "55.35500", "2009-12-31": "53.01400", "2009-09-30": "33.56300", "2009-06-30": "47.99500", "2009-03-31": "39.61500", "2008-12-31": "46.49300", "2008-09-30": "51.04800", "2008-06-30": "59.49600", "2008-03-31": "36.41700", "2007-12-31": "21.04300", "2007-09-30": "", "2007-06-30": "", "2007-03-31": ""}, "Pre-Paid Expenses": {"2020-09-30": "", "2020-06-30": "", "2020-03-31": "", "2019-12-31": "", "2019-09-30": "63.21000", "2019-06-30": "65.58900", "2019-03-31": "66.11900", "2018-12-31": "", "2018-09-30": "56.14900", "2018-06-30": "58.91100", "2018-03-31": "59.75100", "2017-12-31": "54.53300", "2017-09-30": "53.53600", "2017-06-30": "52.85700", "2017-03-31": "45.60400", "2016-12-31": "43.45600", "2016-09-30": "61.48900", "2016-06-30": "58.33400", "2016-03-31": "60.28700", "2015-12-31": "56.94900", "2015-09-30": "63.77600", "2015-06-30": "63.56600", "2015-03-31": "68.81400", "2014-12-31": "67.16400", "2014-09-30": "56.89800", "2014-06-30": "57.50600", "2014-03-31": "60.14900", "2013-12-31": "55.40000", "2013-09-30": "", "2013-06-30": "", "2013-03-31": "", "2012-12-31": "55.29900", "2012-09-30": "", "2012-06-30": "", "2012-03-31": "", "2011-12-31": "", "2011-09-30": "", "2011-06-30": "", "2011-03-31": "", "2010-12-31": "", "2010-09-30": "", "2010-06-30": "", "2010-03-31": "", "2009-12-31": "", "2009-09-30": "", "2009-06-30": "", "2009-03-31": "", "2008-12-31": "", "2008-09-30": "", "2008-06-30": "", "2008-03-31": "", "2007-12-31": "", "2007-09-30": "", "2007-06-30": "", "2007-03-31": ""}, "Other Current Assets": {"2020-09-30": "192.72400", "2020-06-30": "", "2020-03-31": "", "2019-12-31": "179.53100", "2019-09-30": "17.38200", "2019-06-30": "19.85700", "2019-03-31": "24.50800", "2018-12-31": "165.80900", "2018-09-30": "17.22200", "2018-06-30": "15.88900", "2018-03-31": "13.16300", "2017-12-31": "91.67100", "2017-09-30": "12.74600", "2017-06-30": "12.03500", "2017-03-31": "12.49500", "2016-12-31": "10.86200", "2016-09-30": "54.99300", "2016-06-30": "10.42900", "2016-03-31": "12.50100", "2015-12-31": "16.72300", "2015-09-30": "12.62300", "2015-06-30": "8.71700", "2015-03-31": "7.54200", "2014-12-31": "7.69900", "2014-09-30": "9.83800", "2014-06-30": "11.25500", "2014-03-31": "11.27700", "2013-12-31": "29.93000", "2013-09-30": "70.55200", "2013-06-30": "75.49100", "2013-03-31": "71.82200", "2012-12-31": "10.90200", "2012-09-30": "106.65200", "2012-06-30": "67.50700", "2012-03-31": "67.67300", "2011-12-31": "76.28400", "2011-09-30": "118.49200", "2011-06-30": "106.30200", "2011-03-31": "117.50300", "2010-12-31": "92.89000", "2010-09-30": "27.85500", "2010-06-30": "33.88700", "2010-03-31": "20.57700", "2009-12-31": "18.99700", "2009-09-30": "18.75800", "2009-06-30": "36.48200", "2009-03-31": "27.28200", "2008-12-31": "17.23000", "2008-09-30": "30.25200", "2008-06-30": "46.35400", "2008-03-31": "30.83100", "2007-12-31": "23.29000", "2007-09-30": "", "2007-06-30": "", "2007-03-31": ""}, "Total Current Assets": {"2020-09-30": "2890.02800", "2020-06-30": "2827.52200", "2020-03-31": "2767.19200", "2019-12-31": "2836.21400", "2019-09-30": "2934.08600", "2019-06-30": "2875.60800", "2019-03-31": "3677.64100", "2018-12-31": "3580.84900", "2018-09-30": "3812.19100", "2018-06-30": "3803.10500", "2018-03-31": "3682.27600", "2017-12-31": "3715.55100", "2017-09-30": "3685.95200", "2017-06-30": "3708.50600", "2017-03-31": "3751.41600", "2016-12-31": "3723.28700", "2016-09-30": "3717.48900", "2016-06-30": "2145.85800", "2016-03-31": "2149.34400", "2015-12-31": "2133.65900", "2015-09-30": "2257.65300", "2015-06-30": "2179.47700", "2015-03-31": "2370.14000", "2014-12-31": "2328.09100", "2014-09-30": "2471.96500", "2014-06-30": "2383.04600", "2014-03-31": "2449.23600", "2013-12-31": "2356.12600", "2013-09-30": "2375.10500", "2013-06-30": "2283.33500", "2013-03-31": "2220.03300", "2012-12-31": "2214.64900", "2012-09-30": "2267.26000", "2012-06-30": "2277.56700", "2012-03-31": "2411.27100", "2011-12-31": "2307.73700", "2011-09-30": "2183.41500", "2011-06-30": "1713.81200", "2011-03-31": "1580.68800", "2010-12-31": "1535.46700", "2010-09-30": "1484.75100", "2010-06-30": "1395.73700", "2010-03-31": "1412.76400", "2009-12-31": "1363.85800", "2009-09-30": "1335.99500", "2009-06-30": "1304.93600", "2009-03-31": "1353.38400", "2008-12-31": "1228.71300", "2008-09-30": "1583.62600", "2008-06-30": "1501.22500", "2008-03-31": "1987.23600", "2007-12-31": "610.75400", "2007-09-30": "", "2007-06-30": "", "2007-03-31": ""}, "Property, Plant, And Equipment": {"2020-09-30": "2372.59400", "2020-06-30": "2399.71100", "2020-03-31": "2428.54300", "2019-12-31": "2528.73800", "2019-09-30": "2444.15700", "2019-06-30": "3329.79400", "2019-03-31": "3363.40400", "2018-12-31": "2534.66600", "2018-09-30": "3442.53700", "2018-06-30": "3396.61600", "2018-03-31": "3461.00400", "2017-12-31": "3465.47100", "2017-09-30": "3530.45900", "2017-06-30": "3451.36200", "2017-03-31": "3425.54800", "2016-12-31": "3398.19500", "2016-09-30": "3628.37900", "2016-06-30": "3569.16800", "2016-03-31": "3527.45000", "2015-12-31": "3412.99000", "2015-09-30": "3320.22200", "2015-06-30": "3304.87000", "2015-03-31": "3249.08100", "2014-12-31": "3194.79300", "2014-09-30": "3080.91100", "2014-06-30": "3027.69700", "2014-03-31": "3004.53400", "2013-12-31": "2546.37700", "2013-09-30": "2529.57500", "2013-06-30": "2525.03100", "2013-03-31": "2586.17300", "2012-12-31": "2612.28400", "2012-09-30": "2571.13000", "2012-06-30": "2539.80400", "2012-03-31": "2509.70200", "2011-12-31": "2453.54600", "2011-09-30": "2305.07300", "2011-06-30": "2247.15000", "2011-03-31": "1276.35200", "2010-12-31": "1263.30300", "2010-09-30": "1265.27600", "2010-06-30": "1251.55400", "2010-03-31": "1229.01600", "2009-12-31": "1233.18500", "2009-09-30": "1166.25500", "2009-06-30": "1183.82200", "2009-03-31": "1163.76400", "2008-12-31": "1182.04800", "2008-09-30": "1455.95700", "2008-06-30": "1477.53700", "2008-03-31": "1494.99300", "2007-12-31": "213.83700", "2007-09-30": "", "2007-06-30": "", "2007-03-31": ""}, "Long-Term Investments": {"2020-09-30": "284.23800", "2020-06-30": "275.87300", "2020-03-31": "298.14700", "2019-12-31": "325.40500", "2019-09-30": "225.90800", "2019-06-30": "225.58200", "2019-03-31": "227.82800", "2018-12-31": "266.51300", "2018-09-30": "160.66900", "2018-06-30": "156.02200", "2018-03-31": "173.60100", "2017-12-31": "161.42700", "2017-09-30": "165.29000", "2017-06-30": "174.06700", "2017-03-31": "165.99200", "2016-12-31": "171.01600", "2016-09-30": "202.27200", "2016-06-30": "202.02300", "2016-03-31": "208.74400", "2015-12-31": "209.26400", "2015-09-30": "214.43100", "2015-06-30": "226.66800", "2015-03-31": "158.21300", "2014-12-31": "159.96200", "2014-09-30": "167.51800", "2014-06-30": "159.60000", "2014-03-31": "165.52300", "2013-12-31": "169.77100", "2013-09-30": "168.89400", "2013-06-30": "175.69700", "2013-03-31": "179.57100", "2012-12-31": "183.21100", "2012-09-30": "178.22100", "2012-06-30": "140.54900", "2012-03-31": "147.31500", "2011-12-31": "140.43900", "2011-09-30": "277.94400", "2011-06-30": "831.26400", "2011-03-31": "752.83600", "2010-12-31": "725.58800", "2010-09-30": "613.35300", "2010-06-30": "611.21000", "2010-03-31": "655.93200", "2009-12-31": "562.01900", "2009-09-30": "575.41600", "2009-06-30": "315.37300", "2009-03-31": "182.79600", "2008-12-31": "156.71700", "2008-09-30": "321.03400", "2008-06-30": "471.86300", "2008-03-31": "114.09700", "2007-12-31": "59.16000", "2007-09-30": "", "2007-06-30": "", "2007-03-31": ""}, "Goodwill And Intangible Assets": {"2020-09-30": "529.21000", "2020-06-30": "531.72100", "2020-03-31": "535.14100", "2019-12-31": "536.46000", "2019-09-30": "537.36100", "2019-06-30": "541.04200", "2019-03-31": "544.72300", "2018-12-31": "548.40400", "2018-09-30": "552.08500", "2018-06-30": "555.76600", "2018-03-31": "559.44600", "2017-12-31": "563.12800", "2017-09-30": "566.80800", "2017-06-30": "570.48900", "2017-03-31": "577.17900", "2016-12-31": "584.90700", "2016-09-30": "608.99600", "2016-06-30": "619.15100", "2016-03-31": "629.28000", "2015-12-31": "643.28300", "2015-09-30": "658.16500", "2015-06-30": "673.04700", "2015-03-31": "689.32100", "2014-12-31": "706.29200", "2014-09-30": "724.67200", "2014-06-30": "722.99200", "2014-03-31": "744.05200", "2013-12-31": "766.21200", "2013-09-30": "791.32700", "2013-06-30": "812.69200", "2013-03-31": "834.05600", "2012-12-31": "855.42000", "2012-09-30": "884.09800", "2012-06-30": "940.11700", "2012-03-31": "969.82600", "2011-12-31": "999.47000", "2011-09-30": "1058.58000", "2011-06-30": "1094.42800", "2011-03-31": "160.57900", "2010-12-31": "165.45100", "2010-09-30": "126.83200", "2010-06-30": "135.17000", "2010-03-31": "143.47600", "2009-12-31": "151.81300", "2009-09-30": "160.15000", "2009-06-30": "168.48700", "2009-03-31": "176.82400", "2008-12-31": "185.14300", "2008-09-30": "436.93500", "2008-06-30": "445.78200", "2008-03-31": "454.07600", "2007-12-31": "320.07400", "2007-09-30": "", "2007-06-30": "", "2007-03-31": ""}, "Other Long-Term Assets": {"2020-09-30": "820.39300", "2020-06-30": "815.36690", "2020-03-31": "810.80400", "2019-12-31": "813.43900", "2019-09-30": "783.97500", "2019-06-30": "864.42200", "2019-03-31": "849.64790", "2018-12-31": "768.42900", "2018-09-30": "882.96400", "2018-06-30": "880.47600", "2018-03-31": "885.41700", "2017-12-31": "844.43700", "2017-09-30": "858.64700", "2017-06-30": "839.24700", "2017-03-31": "826.89100", "2016-12-31": "814.53000", "2016-09-30": "820.20100", "2016-06-30": "825.19300", "2016-03-31": "821.41700", "2015-12-31": "810.29000", "2015-09-30": "838.67200", "2015-06-30": "849.07100", "2015-03-31": "849.87600", "2014-12-31": "864.86000", "2014-09-30": "867.61500", "2014-06-30": "878.80300", "2014-03-31": "875.24700", "2013-12-31": "863.47700", "2013-09-30": "799.55800", "2013-06-30": "709.57200", "2013-03-31": "730.11900", "2012-12-31": "734.66900", "2012-09-30": "755.95600", "2012-06-30": "740.07100", "2012-03-31": "649.35500", "2011-12-31": "642.54500", "2011-09-30": "638.10600", "2011-06-30": "632.15000", "2011-03-31": "151.56600", "2010-12-31": "152.21100", "2010-09-30": "143.60900", "2010-06-30": "158.14100", "2010-03-31": "145.62500", "2009-12-31": "157.19300", "2009-09-30": "149.67300", "2009-06-30": "135.80500", "2009-03-31": "124.74200", "2008-12-31": "129.13100", "2008-09-30": "128.20200", "2008-06-30": "177.87400", "2008-03-31": "214.22400", "2007-12-31": "57.08500", "2007-09-30": "", "2007-06-30": "", "2007-03-31": ""}, "Total Long-Term Assets": {"2020-09-30": "4135.50800", "2020-06-30": "4148.66800", "2020-03-31": "4192.42900", "2019-12-31": "4318.08400", "2019-09-30": "4103.66400", "2019-06-30": "5074.48300", "2019-03-31": "5101.25000", "2018-12-31": "5080.44500", "2018-09-30": "5038.25500", "2018-06-30": "4988.88000", "2018-03-31": "5079.46800", "2017-12-31": "5034.46300", "2017-09-30": "5121.20400", "2017-06-30": "5035.16500", "2017-03-31": "4995.61000", "2016-12-31": "5285.57200", "2016-09-30": "5259.84800", "2016-06-30": "5215.53500", "2016-03-31": "5186.89100", "2015-12-31": "5075.82700", "2015-09-30": "5031.49000", "2015-06-30": "5053.65600", "2015-03-31": "4946.49100", "2014-12-31": "4925.90700", "2014-09-30": "4840.71600", "2014-06-30": "4789.09200", "2014-03-31": "4789.35600", "2013-12-31": "4345.83700", "2013-09-30": "4289.35400", "2013-06-30": "4222.99200", "2013-03-31": "4329.91900", "2012-12-31": "4385.58400", "2012-09-30": "4389.40500", "2012-06-30": "4360.54100", "2012-03-31": "4276.19800", "2011-12-31": "4236.00000", "2011-09-30": "4279.70300", "2011-06-30": "4804.99200", "2011-03-31": "2341.33300", "2010-12-31": "2306.55300", "2010-09-30": "2149.07000", "2010-06-30": "2156.07500", "2010-03-31": "2174.04900", "2009-12-31": "2104.21000", "2009-09-30": "2051.49400", "2009-06-30": "1803.48700", "2009-03-31": "1648.12600", "2008-12-31": "1661.08600", "2008-09-30": "2342.12800", "2008-06-30": "2573.05600", "2008-03-31": "2277.39000", "2007-12-31": "650.15610", "2007-09-30": "", "2007-06-30": "", "2007-03-31": ""}, "Total Assets": {"2020-09-30": "7025.53600", "2020-06-30": "6976.19000", "2020-03-31": "6959.62100", "2019-12-31": "7154.29800", "2019-09-30": "7037.75000", "2019-06-30": "7950.09100", "2019-03-31": "8778.89100", "2018-12-31": "8661.29400", "2018-09-30": "8850.44600", "2018-06-30": "8791.98500", "2018-03-31": "8761.74400", "2017-12-31": "8750.01400", "2017-09-30": "8807.15600", "2017-06-30": "8743.67100", "2017-03-31": "8747.02600", "2016-12-31": "9008.85900", "2016-09-30": "8977.33700", "2016-06-30": "7361.39300", "2016-03-31": "7336.23500", "2015-12-31": "7209.48600", "2015-09-30": "7289.14300", "2015-06-30": "7233.13300", "2015-03-31": "7316.63100", "2014-12-31": "7253.99800", "2014-09-30": "7312.68100", "2014-06-30": "7172.13800", "2014-03-31": "7238.59200", "2013-12-31": "6701.96300", "2013-09-30": "6664.45900", "2013-06-30": "6506.32700", "2013-03-31": "6549.95200", "2012-12-31": "6600.23300", "2012-09-30": "6656.66500", "2012-06-30": "6638.10800", "2012-03-31": "6687.46900", "2011-12-31": "6543.73700", "2011-09-30": "6463.11800", "2011-06-30": "6518.80400", "2011-03-31": "3922.02100", "2010-12-31": "3842.02000", "2010-09-30": "3633.82100", "2010-06-30": "3551.81200", "2010-03-31": "3586.81300", "2009-12-31": "3468.06800", "2009-09-30": "3387.48900", "2009-06-30": "3108.42300", "2009-03-31": "3001.51000", "2008-12-31": "2889.79900", "2008-09-30": "3925.75400", "2008-06-30": "4074.28100", "2008-03-31": "4264.62600", "2007-12-31": "1260.91000", "2007-09-30": "0.00000", "2007-06-30": "0.00000", "2007-03-31": "0.00000"}, "Total Current Liabilities": {"2020-09-30": "1374.72700", "2020-06-30": "1361.90900", "2020-03-31": "446.21700", "2019-12-31": "496.01900", "2019-09-30": "461.74100", "2019-06-30": "471.66200", "2019-03-31": "1346.00500", "2018-12-31": "1345.13700", "2018-09-30": "1412.94400", "2018-06-30": "1374.90600", "2018-03-31": "409.77700", "2017-12-31": "413.89000", "2017-09-30": "428.03100", "2017-06-30": "407.17000", "2017-03-31": "423.74500", "2016-12-31": "531.43800", "2016-09-30": "548.23500", "2016-06-30": "499.43000", "2016-03-31": "2409.45600", "2015-12-31": "526.83100", "2015-09-30": "542.86500", "2015-06-30": "506.22400", "2015-03-31": "555.27000", "2014-12-31": "517.73300", "2014-09-30": "616.72000", "2014-06-30": "523.17500", "2014-03-31": "634.48200", "2013-12-31": "558.44500", "2013-09-30": "578.46200", "2013-06-30": "509.34900", "2013-03-31": "520.49300", "2012-12-31": "587.32500", "2012-09-30": "588.75400", "2012-06-30": "600.33000", "2012-03-31": "657.13000", "2011-12-31": "583.72200", "2011-09-30": "696.39300", "2011-06-30": "668.06500", "2011-03-31": "399.12100", "2010-12-31": "358.81700", "2010-09-30": "376.34800", "2010-06-30": "349.98200", "2010-03-31": "383.39300", "2009-12-31": "364.01000", "2009-09-30": "430.13900", "2009-06-30": "352.84800", "2009-03-31": "375.43600", "2008-12-31": "369.33200", "2008-09-30": "549.00500", "2008-06-30": "354.63200", "2008-03-31": "549.51100", "2007-12-31": "50.39700", "2007-09-30": "", "2007-06-30": "", "2007-03-31": ""}, "Long Term Debt": {"2020-09-30": "1495.07800", "2020-06-30": "1494.90200", "2020-03-31": "2390.21800", "2019-12-31": "2389.16800", "2019-09-30": "2388.93100", "2019-06-30": "2553.35200", "2019-03-31": "2563.42900", "2018-12-31": "2386.20200", "2018-09-30": "2582.81900", "2018-06-30": "2592.17400", "2018-03-31": "3585.97200", "2017-12-31": "3594.21300", "2017-09-30": "3605.71500", "2017-06-30": "3611.74600", "2017-03-31": "3620.04400", "2016-12-31": "3622.46300", "2016-09-30": "3629.97300", "2016-06-30": "2144.47900", "2016-03-31": "290.57000", "2015-12-31": "2156.66700", "2015-09-30": "2195.98500", "2015-06-30": "2202.33700", "2015-03-31": "2320.07800", "2014-12-31": "2325.77500", "2014-09-30": "2332.73000", "2014-06-30": "2339.33800", "2014-03-31": "2345.19900", "2013-12-31": "2352.59700", "2013-09-30": "2364.12100", "2013-06-30": "2380.17200", "2013-03-31": "2397.54200", "2012-12-31": "2420.79300", "2012-09-30": "2431.89400", "2012-06-30": "2457.83700", "2012-03-31": "2477.14300", "2011-12-31": "2464.18000", "2011-09-30": "2339.31600", "2011-06-30": "2346.75200", "2011-03-31": "354.53400", "2010-12-31": "359.82500", "2010-09-30": "364.67400", "2010-06-30": "382.35700", "2010-03-31": "394.96000", "2009-12-31": "392.16300", "2009-09-30": "257.43200", "2009-06-30": "270.03600", "2009-03-31": "282.27500", "2008-12-31": "293.66100", "2008-09-30": "308.45500", "2008-06-30": "323.59000", "2008-03-31": "334.67900", "2007-12-31": "2.34400", "2007-09-30": "", "2007-06-30": "", "2007-03-31": ""}, "Other Non-Current Liabilities": {"2020-09-30": "74.27100", "2020-06-30": "74.23900", "2020-03-31": "73.12300", "2019-12-31": "74.92500", "2019-09-30": "77.33300", "2019-06-30": "114.27500", "2019-03-31": "119.24200", "2018-12-31": "80.30400", "2018-09-30": "124.69400", "2018-06-30": "124.25200", "2018-03-31": "127.30600", "2017-12-31": "128.50300", "2017-09-30": "131.62600", "2017-06-30": "131.93100", "2017-03-31": "121.34100", "2016-12-31": "90.78500", "2016-09-30": "95.61500", "2016-06-30": "92.75700", "2016-03-31": "97.74200", "2015-12-31": "93.95400", "2015-09-30": "100.76700", "2015-06-30": "102.75300", "2015-03-31": "104.76100", "2014-12-31": "107.32800", "2014-09-30": "106.63400", "2014-06-30": "110.11100", "2014-03-31": "113.20200", "2013-12-31": "76.48400", "2013-09-30": "", "2013-06-30": "", "2013-03-31": "", "2012-12-31": "", "2012-09-30": "", "2012-06-30": "", "2012-03-31": "", "2011-12-31": "", "2011-09-30": "", "2011-06-30": "", "2011-03-31": "35.31600", "2010-12-31": "", "2010-09-30": "29.09600", "2010-06-30": "15.70800", "2010-03-31": "15.45400", "2009-12-31": "15.45700", "2009-09-30": "16.50200", "2009-06-30": "16.20000", "2009-03-31": "15.30700", "2008-12-31": "15.22000", "2008-09-30": "0.83900", "2008-06-30": "0.84000", "2008-03-31": "0.83900", "2007-12-31": "", "2007-09-30": "", "2007-06-30": "", "2007-03-31": ""}, "Total Long Term Liabilities": {"2020-09-30": "2037.67300", "2020-06-30": "2030.01300", "2020-03-31": "2907.82900", "2019-12-31": "2912.72600", "2019-09-30": "2892.09400", "2019-06-30": "3235.47800", "2019-03-31": "3253.35000", "2018-12-31": "3160.68300", "2018-09-30": "3178.77200", "2018-06-30": "3172.82700", "2018-03-31": "4146.45200", "2017-12-31": "4158.73900", "2017-09-30": "4483.30600", "2017-06-30": "4479.77700", "2017-03-31": "4477.57100", "2016-12-31": "4470.61600", "2016-09-30": "4450.42700", "2016-06-30": "2942.61200", "2016-03-31": "1065.11100", "2015-12-31": "2901.01300", "2015-09-30": "3042.71100", "2015-06-30": "3023.65300", "2015-03-31": "3109.54800", "2014-12-31": "3112.62700", "2014-09-30": "3097.54800", "2014-06-30": "3090.30000", "2014-03-31": "3089.97100", "2013-12-31": "2917.28700", "2013-09-30": "2894.20600", "2013-06-30": "2821.88700", "2013-03-31": "2853.39900", "2012-12-31": "2862.68100", "2012-09-30": "2908.61600", "2012-06-30": "2897.86300", "2012-03-31": "2923.28500", "2011-12-31": "2908.38900", "2011-09-30": "2745.93900", "2011-06-30": "2734.45200", "2011-03-31": "468.88100", "2010-12-31": "470.01300", "2010-09-30": "459.62100", "2010-06-30": "447.72400", "2010-03-31": "435.77200", "2009-12-31": "439.20800", "2009-09-30": "297.83900", "2009-06-30": "337.25000", "2009-03-31": "331.22600", "2008-12-31": "308.88100", "2008-09-30": "395.59200", "2008-06-30": "469.05800", "2008-03-31": "469.11100", "2007-12-31": "2.99500", "2007-09-30": "", "2007-06-30": "", "2007-03-31": ""}, "Total Liabilities": {"2020-09-30": "3412.40000", "2020-06-30": "3391.92200", "2020-03-31": "3354.04600", "2019-12-31": "3408.74500", "2019-09-30": "3353.83500", "2019-06-30": "3707.14000", "2019-03-31": "4599.35500", "2018-12-31": "4505.82000", "2018-09-30": "4591.71600", "2018-06-30": "4547.73300", "2018-03-31": "4556.22900", "2017-12-31": "4572.62900", "2017-09-30": "4911.33700", "2017-06-30": "4886.94700", "2017-03-31": "4901.31600", "2016-12-31": "5002.05400", "2016-09-30": "4998.66200", "2016-06-30": "3442.04200", "2016-03-31": "3474.56700", "2015-12-31": "3427.84400", "2015-09-30": "3585.57600", "2015-06-30": "3529.87700", "2015-03-31": "3664.81800", "2014-12-31": "3630.36000", "2014-09-30": "3714.26800", "2014-06-30": "3613.47500", "2014-03-31": "3724.45300", "2013-12-31": "3475.73200", "2013-09-30": "3472.66800", "2013-06-30": "3331.23600", "2013-03-31": "3373.89200", "2012-12-31": "3450.00600", "2012-09-30": "3497.37000", "2012-06-30": "3498.19300", "2012-03-31": "3580.41500", "2011-12-31": "3492.11100", "2011-09-30": "3442.33200", "2011-06-30": "3402.51700", "2011-03-31": "868.00200", "2010-12-31": "828.83000", "2010-09-30": "835.96900", "2010-06-30": "797.70600", "2010-03-31": "819.16500", "2009-12-31": "803.21800", "2009-09-30": "727.97800", "2009-06-30": "690.09800", "2009-03-31": "706.66200", "2008-12-31": "678.21300", "2008-09-30": "944.59700", "2008-06-30": "823.69000", "2008-03-31": "1018.62200", "2007-12-31": "53.39200", "2007-09-30": "", "2007-06-30": "", "2007-03-31": ""}, "Common Stock Net": {"2020-09-30": "0.10500", "2020-06-30": "0.10500", "2020-03-31": "0.10500", "2019-12-31": "0.10500", "2019-09-30": "0.10400", "2019-06-30": "0.10400", "2019-03-31": "0.10200", "2018-12-31": "0.10200", "2018-09-30": "0.10200", "2018-06-30": "0.10200", "2018-03-31": "0.10200", "2017-12-31": "0.10200", "2017-09-30": "0.10200", "2017-06-30": "0.10100", "2017-03-31": "0.10100", "2016-12-31": "0.10000", "2016-09-30": "0.10000", "2016-06-30": "0.10000", "2016-03-31": "0.10000", "2015-12-31": "0.09900", "2015-09-30": "0.09800", "2015-06-30": "0.09800", "2015-03-31": "0.09800", "2014-12-31": "0.09800", "2014-09-30": "0.09700", "2014-06-30": "0.09700", "2014-03-31": "0.09700", "2013-12-31": "0.09600", "2013-09-30": "0.09600", "2013-06-30": "0.09500", "2013-03-31": "0.09400", "2012-12-31": "0.09300", "2012-09-30": "0.09300", "2012-06-30": "0.09300", "2012-03-31": "0.09300", "2011-12-31": "0.09300", "2011-09-30": "0.09200", "2011-06-30": "0.09200", "2011-03-31": "0.09200", "2010-12-31": "0.09100", "2010-09-30": "0.09100", "2010-06-30": "0.09100", "2010-03-31": "0.09100", "2009-12-31": "0.09100", "2009-09-30": "0.09100", "2009-06-30": "0.09100", "2009-03-31": "0.09000", "2008-12-31": "0.09000", "2008-09-30": "0.09000", "2008-06-30": "0.09000", "2008-03-31": "0.09000", "2007-12-31": "", "2007-09-30": "", "2007-06-30": "", "2007-03-31": ""}, "Retained Earnings (Accumulated Deficit)": {"2020-09-30": "583.47400", "2020-06-30": "558.03400", "2020-03-31": "569.44600", "2019-12-31": "632.80900", "2019-09-30": "685.92700", "2019-06-30": "704.23600", "2019-03-31": "709.92800", "2018-12-31": "694.12900", "2018-09-30": "808.33000", "2018-06-30": "792.27800", "2018-03-31": "714.42300", "2017-12-31": "721.31600", "2017-09-30": "408.07900", "2017-06-30": "373.41000", "2017-03-31": "366.47000", "2016-12-31": "314.24700", "2016-09-30": "276.05900", "2016-06-30": "239.25800", "2016-03-31": "183.47200", "2015-12-31": "134.31700", "2015-09-30": "70.94300", "2015-06-30": "42.10800", "2015-03-31": "10.35800", "2014-12-31": "-19.04000", "2014-09-30": "-68.88700", "2014-06-30": "-129.05500", "2014-03-31": "-159.85900", "2013-12-31": "-171.91400", "2013-09-30": "-176.42000", "2013-06-30": "-180.74000", "2013-03-31": "-170.98100", "2012-12-31": "-174.43900", "2012-09-30": "-200.66300", "2012-06-30": "-223.21700", "2012-03-31": "-258.89900", "2011-12-31": "-385.48700", "2011-09-30": "-372.59700", "2011-06-30": "-353.48000", "2011-03-31": "-371.96200", "2010-12-31": "-389.12600", "2010-09-30": "-558.06400", "2010-06-30": "-563.21500", "2010-03-31": "-521.73800", "2009-12-31": "-593.48400", "2009-09-30": "-563.07900", "2009-06-30": "-857.01900", "2009-03-31": "-958.83300", "2008-12-31": "-958.18800", "2008-09-30": "-254.40500", "2008-06-30": "53.52500", "2008-03-31": "5.70100", "2007-12-31": "", "2007-09-30": "", "2007-06-30": "", "2007-03-31": ""}, "Comprehensive Income": {"2020-09-30": "-209.53800", "2020-06-30": "-206.81000", "2020-03-31": "-192.21800", "2019-12-31": "-122.13800", "2019-09-30": "-131.66400", "2019-06-30": "-119.50000", "2019-03-31": "-124.25100", "2018-12-31": "-125.10000", "2018-09-30": "-160.94700", "2018-06-30": "-154.01100", "2018-03-31": "-111.41300", "2017-12-31": "-130.15400", "2017-09-30": "-88.73200", "2017-06-30": "-86.06800", "2017-03-31": "-80.19100", "2016-12-31": "-124.80300", "2016-09-30": "-99.16700", "2016-06-30": "-111.82000", "2016-03-31": "-106.35300", "2015-12-31": "-117.23300", "2015-09-30": "-112.00100", "2015-06-30": "-73.57900", "2015-03-31": "-81.04700", "2014-12-31": "-55.85600", "2014-09-30": "-35.25800", "2014-06-30": "-9.72600", "2014-03-31": "-9.66200", "2013-12-31": "-14.65500", "2013-09-30": "-15.24800", "2013-06-30": "-11.76700", "2013-03-31": "11.67900", "2012-12-31": "18.75200", "2012-09-30": "59.96000", "2012-06-30": "70.12200", "2012-03-31": "86.03900", "2011-12-31": "165.77100", "2011-09-30": "127.38000", "2011-06-30": "210.54900", "2011-03-31": "194.89600", "2010-12-31": "188.98200", "2010-09-30": "156.09100", "2010-06-30": "123.42100", "2010-03-31": "103.39900", "2009-12-31": "77.12000", "2009-09-30": "58.04100", "2009-06-30": "94.17900", "2009-03-31": "69.52800", "2008-12-31": "-10.59800", "2008-09-30": "0.40900", "2008-06-30": "-45.72500", "2008-03-31": "7.95300", "2007-12-31": "1207.51800", "2007-09-30": "", "2007-06-30": "", "2007-03-31": ""}, "Other Share Holders Equity": {"2020-09-30": "", "2020-06-30": "", "2020-03-31": "", "2019-12-31": "", "2019-09-30": "", "2019-06-30": "", "2019-03-31": "", "2018-12-31": "", "2018-09-30": "", "2018-06-30": "", "2018-03-31": "", "2017-12-31": "", "2017-09-30": "", "2017-06-30": "", "2017-03-31": "", "2016-12-31": "", "2016-09-30": "", "2016-06-30": "", "2016-03-31": "", "2015-12-31": "", "2015-09-30": "", "2015-06-30": "", "2015-03-31": "", "2014-12-31": "", "2014-09-30": "", "2014-06-30": "", "2014-03-31": "", "2013-12-31": "", "2013-09-30": "", "2013-06-30": "", "2013-03-31": "", "2012-12-31": "", "2012-09-30": "", "2012-06-30": "", "2012-03-31": "", "2011-12-31": "", "2011-09-30": "", "2011-06-30": "", "2011-03-31": "", "2010-12-31": "", "2010-09-30": "", "2010-06-30": "", "2010-03-31": "", "2009-12-31": "", "2009-09-30": "", "2009-06-30": "", "2009-03-31": "", "2008-12-31": "", "2008-09-30": "", "2008-06-30": "", "2008-03-31": "", "2007-12-31": "", "2007-09-30": "", "2007-06-30": "", "2007-03-31": ""}, "Share Holder Equity": {"2020-09-30": "3613.13600", "2020-06-30": "3584.26800", "2020-03-31": "3605.57500", "2019-12-31": "3745.55300", "2019-09-30": "3683.91500", "2019-06-30": "4242.95100", "2019-03-31": "4179.53600", "2018-12-31": "4155.47400", "2018-09-30": "4258.73000", "2018-06-30": "4244.25200", "2018-03-31": "4205.51500", "2017-12-31": "4177.38500", "2017-09-30": "3895.81900", "2017-06-30": "3856.72400", "2017-03-31": "3845.71000", "2016-12-31": "4006.80500", "2016-09-30": "3978.67500", "2016-06-30": "3919.35100", "2016-03-31": "3861.66800", "2015-12-31": "3781.64200", "2015-09-30": "3703.56700", "2015-06-30": "3703.25600", "2015-03-31": "3651.81300", "2014-12-31": "3623.63800", "2014-09-30": "3598.41300", "2014-06-30": "3558.66300", "2014-03-31": "3514.13900", "2013-12-31": "3226.23100", "2013-09-30": "3191.79100", "2013-06-30": "3175.09100", "2013-03-31": "3176.06000", "2012-12-31": "3150.22700", "2012-09-30": "3159.29500", "2012-06-30": "3139.91500", "2012-03-31": "3107.05400", "2011-12-31": "3051.62600", "2011-09-30": "3020.78600", "2011-06-30": "3116.28700", "2011-03-31": "3054.01900", "2010-12-31": "3013.19000", "2010-09-30": "2797.85200", "2010-06-30": "2754.10600", "2010-03-31": "2767.64800", "2009-12-31": "2664.85000", "2009-09-30": "2659.51100", "2009-06-30": "2418.32500", "2009-03-31": "2294.84800", "2008-12-31": "2211.58600", "2008-09-30": "2981.15700", "2008-06-30": "3250.59100", "2008-03-31": "3246.00400", "2007-12-31": "1207.51800", "2007-09-30": "", "2007-06-30": "", "2007-03-31": ""}, "Total Liabilities And Share Holders Equity": {"2020-09-30": "7025.53600", "2020-06-30": "6976.19000", "2020-03-31": "6959.62100", "2019-12-31": "7154.29800", "2019-09-30": "7037.75000", "2019-06-30": "7950.09100", "2019-03-31": "8778.89100", "2018-12-31": "8661.29400", "2018-09-30": "8850.44600", "2018-06-30": "8791.98500", "2018-03-31": "8761.74400", "2017-12-31": "8750.01400", "2017-09-30": "8807.15600", "2017-06-30": "8743.67100", "2017-03-31": "8747.02600", "2016-12-31": "9008.85900", "2016-09-30": "8977.33700", "2016-06-30": "7361.39300", "2016-03-31": "7336.23500", "2015-12-31": "7209.48600", "2015-09-30": "7289.14300", "2015-06-30": "7233.13300", "2015-03-31": "7316.63100", "2014-12-31": "7253.99800", "2014-09-30": "7312.68100", "2014-06-30": "7172.13800", "2014-03-31": "7238.59200", "2013-12-31": "6701.96300", "2013-09-30": "6664.45900", "2013-06-30": "6506.32700", "2013-03-31": "6549.95200", "2012-12-31": "6600.23300", "2012-09-30": "6656.66500", "2012-06-30": "6638.10800", "2012-03-31": "6687.46900", "2011-12-31": "6543.73700", "2011-09-30": "6463.11800", "2011-06-30": "6518.80400", "2011-03-31": "3922.02100", "2010-12-31": "3842.02000", "2010-09-30": "3633.82100", "2010-06-30": "3551.81200", "2010-03-31": "3586.81300", "2009-12-31": "3468.06800", "2009-09-30": "3387.48900", "2009-06-30": "3108.42300", "2009-03-31": "3001.51000", "2008-12-31": "2889.79900", "2008-09-30": "3925.75400", "2008-06-30": "4074.28100", "2008-03-31": "4264.62600", "2007-12-31": "1260.91000", "2007-09-30": "", "2007-06-30": "", "2007-03-31": ""}}, "cash flow statement": {"Net Income/Loss": {"2019-12-31": "-74.25200", "2018-12-31": "-38.63300", "2017-12-31": "393.48900", "2016-12-31": "180.69200", "2015-12-31": "149.37100", "2014-12-31": "147.54900", "2013-12-31": "3.40100", "2012-12-31": "211.01300", "2011-12-31": "4.27400", "2010-12-31": "204.35800", "2009-12-31": "364.70400", "2008-12-31": "-958.18800", "2007-12-31": "-85.30000", "2006-12-31": "-34.16200", "2005-12-31": "-44.94000"}, "Total Depreciation And Amortization - Cash Flow": {"2019-12-31": "594.11200", "2018-12-31": "606.10100", "2017-12-31": "541.22700", "2016-12-31": "501.61900", "2015-12-31": "528.15800", "2014-12-31": "556.67600", "2013-12-31": "507.11100", "2012-12-31": "457.32600", "2011-12-31": "385.89400", "2010-12-31": "228.91100", "2009-12-31": "244.12900", "2008-12-31": "264.19700", "2007-12-31": "9.70500", "2006-12-31": "6.03200", "2005-12-31": "5.83200"}, "Other Non-Cash Items": {"2019-12-31": "42.02300", "2018-12-31": "145.26600", "2017-12-31": "-310.27500", "2016-12-31": "112.44500", "2015-12-31": "106.56900", "2014-12-31": "62.63900", "2013-12-31": "-15.32400", "2012-12-31": "-132.43500", "2011-12-31": "9.49800", "2010-12-31": "-25.42900", "2009-12-31": "-369.80500", "2008-12-31": "896.43400", "2007-12-31": "2.59500", "2006-12-31": "-6.62800", "2005-12-31": "2.62300"}, "Total Non-Cash Items": {"2019-12-31": "636.13500", "2018-12-31": "751.36690", "2017-12-31": "230.95200", "2016-12-31": "614.06400", "2015-12-31": "634.72710", "2014-12-31": "619.31500", "2013-12-31": "491.78700", "2012-12-31": "324.89100", "2011-12-31": "395.39200", "2010-12-31": "203.48200", "2009-12-31": "-125.67600", "2008-12-31": "1160.63100", "2007-12-31": "12.30000", "2006-12-31": "-0.59600", "2005-12-31": "8.45500"}, "Change In Accounts Receivable": {"2019-12-31": "8.28900", "2018-12-31": "-17.84200", "2017-12-31": "0.42100", "2016-12-31": "-28.39800", "2015-12-31": "-63.94200", "2014-12-31": "86.97800", "2013-12-31": "-35.21000", "2012-12-31": "-55.37800", "2011-12-31": "-0.99400", "2010-12-31": "73.16700", "2009-12-31": "-25.70900", "2008-12-31": "-305.49000", "2007-12-31": "-7.11900", "2006-12-31": "-0.67900", "2005-12-31": "18.96500"}, "Change In Inventories": {"2019-12-31": "", "2018-12-31": "", "2017-12-31": "", "2016-12-31": "-4.81400", "2015-12-31": "-4.90600", "2014-12-31": "2.60800", "2013-12-31": "16.52900", "2012-12-31": "-16.10900", "2011-12-31": "21.48800", "2010-12-31": "22.58100", "2009-12-31": "-6.52100", "2008-12-31": "-15.49300", "2007-12-31": "-21.31600", "2006-12-31": "-2.21900", "2005-12-31": "5.70800"}, "Change In Accounts Payable": {"2019-12-31": "13.14900", "2018-12-31": "9.56200", "2017-12-31": "-78.41900", "2016-12-31": "-44.22100", "2015-12-31": "29.43600", "2014-12-31": "-48.73800", "2013-12-31": "-47.71400", "2012-12-31": "76.17400", "2011-12-31": "-9.97400", "2010-12-31": "-57.59600", "2009-12-31": "1.52200", "2008-12-31": "185.87400", "2007-12-31": "13.64000", "2006-12-31": "0.92500", "2005-12-31": "-6.02800"}, "Change In Assets/Liabilities": {"2019-12-31": "0.35200", "2018-12-31": "21.37400", "2017-12-31": "168.93100", "2016-12-31": "11.72200", "2015-12-31": "8.11500", "2014-12-31": "1.62500", "2013-12-31": "-36.46800", "2012-12-31": "-31.85500", "2011-12-31": "37.73900", "2010-12-31": "-42.14700", "2009-12-31": "-8.16100", "2008-12-31": "11.44900", "2007-12-31": "-16.97400", "2006-12-31": "-1.31100", "2005-12-31": "0.67100"}, "Total Change In Assets/Liabilities": {"2019-12-31": "88.14200", "2018-12-31": "25.27700", "2017-12-31": "98.33500", "2016-12-31": "-9.71300", "2015-12-31": "-29.82000", "2014-12-31": "68.94200", "2013-12-31": "-64.77800", "2012-12-31": "-45.36500", "2011-12-31": "45.18100", "2010-12-31": "-0.75800", "2009-12-31": "-30.16800", "2008-12-31": "-58.04300", "2007-12-31": "-24.07700", "2006-12-31": "-0.72600", "2005-12-31": "18.61100"}, "Cash Flow From Operating Activities": {"2019-12-31": "656.32200", "2018-12-31": "734.52200", "2017-12-31": "726.89200", "2016-12-31": "803.34300", "2015-12-31": "776.45100", "2014-12-31": "840.13100", "2013-12-31": "450.50700", "2012-12-31": "505.14900", "2011-12-31": "447.01800", "2010-12-31": "404.01500", "2009-12-31": "196.27600", "2008-12-31": "118.04800", "2007-12-31": "-88.10900", "2006-12-31": "-36.37400", "2005-12-31": "-14.19300"}, "Net Change In Property, Plant, And Equipment": {"2019-12-31": "-418.58400", "2018-12-31": "-477.61700", "2017-12-31": "-578.90000", "2016-12-31": "-698.25400", "2015-12-31": "-703.52000", "2014-12-31": "-680.02600", "2013-12-31": "-351.47500", "2012-12-31": "-513.00500", "2011-12-31": "-377.17200", "2010-12-31": "-196.73600", "2009-12-31": "-213.92100", "2008-12-31": "-229.87000", "2007-12-31": "-144.30900", "2006-12-31": "-32.76900", "2005-12-31": "-4.25000"}, "Net Change In Intangible Assets": {"2019-12-31": "-29.31000", "2018-12-31": "-31.63900", "2017-12-31": "-31.33100", "2016-12-31": "-23.25200", "2015-12-31": "-22.32700", "2014-12-31": "-22.95500", "2013-12-31": "-17.21500", "2012-12-31": "", "2011-12-31": "", "2010-12-31": "", "2009-12-31": "", "2008-12-31": "", "2007-12-31": "", "2006-12-31": "", "2005-12-31": "-14.00000"}, "Net Acquisitions/Divestitures": {"2019-12-31": "", "2018-12-31": "", "2017-12-31": "", "2016-12-31": "", "2015-12-31": "", "2014-12-31": "", "2013-12-31": "-41.74800", "2012-12-31": "-98.47700", "2011-12-31": "-2075.71300", "2010-12-31": "", "2009-12-31": "", "2008-12-31": "", "2007-12-31": "-319.92800", "2006-12-31": "", "2005-12-31": ""}, "Net Change In Short-term Investments": {"2019-12-31": "", "2018-12-31": "1.55800", "2017-12-31": "17.78100", "2016-12-31": "0.00000", "2015-12-31": "", "2014-12-31": "", "2013-12-31": "", "2012-12-31": "", "2011-12-31": "", "2010-12-31": "", "2009-12-31": "", "2008-12-31": "", "2007-12-31": "", "2006-12-31": "", "2005-12-31": ""}, "Net Change In Long-Term Investments": {"2019-12-31": "1302.01500", "2018-12-31": "-1590.78200", "2017-12-31": "-275.48200", "2016-12-31": "86.42700", "2015-12-31": "455.94900", "2014-12-31": "-188.92600", "2013-12-31": "-168.40700", "2012-12-31": "274.98610", "2011-12-31": "569.64090", "2010-12-31": "-145.26610", "2009-12-31": "108.86380", "2008-12-31": "-375.88530", "2007-12-31": "-40.00000", "2006-12-31": "-24.01300", "2005-12-31": ""}, "Net Change In Investments - Total": {"2019-12-31": "1302.01500", "2018-12-31": "-1589.22400", "2017-12-31": "-257.70100", "2016-12-31": "86.42700", "2015-12-31": "455.94900", "2014-12-31": "-188.92600", "2013-12-31": "-168.40700", "2012-12-31": "274.98610", "2011-12-31": "569.64090", "2010-12-31": "-145.26610", "2009-12-31": "108.86380", "2008-12-31": "-375.88530", "2007-12-31": "-40.00000", "2006-12-31": "-24.01300", "2005-12-31": ""}, "Investing Activities - Other": {"2019-12-31": "-32.16300", "2018-12-31": "", "2017-12-31": "", "2016-12-31": "2.88000", "2015-12-31": "-5.41300", "2014-12-31": "4.31700", "2013-12-31": "8.55600", "2012-12-31": "-10.28500", "2011-12-31": "-4.80100", "2010-12-31": "103.44400", "2009-12-31": "-9.22100", "2008-12-31": "36.01300", "2007-12-31": "3.47000", "2006-12-31": "2.00100", "2005-12-31": "1.55000"}, "Cash Flow From Investing Activities": {"2019-12-31": "821.95800", "2018-12-31": "-2098.48000", "2017-12-31": "-867.93200", "2016-12-31": "-632.19900", "2015-12-31": "-275.31100", "2014-12-31": "-887.59000", "2013-12-31": "-570.28900", "2012-12-31": "-346.78100", "2011-12-31": "-1888.04500", "2010-12-31": "-238.55800", "2009-12-31": "-114.27800", "2008-12-31": "-569.74200", "2007-12-31": "-500.76700", "2006-12-31": "-54.78100", "2005-12-31": "-16.70000"}, "Net Long-Term Debt": {"2019-12-31": "-950.27000", "2018-12-31": "-111.19200", "2017-12-31": "-37.67000", "2016-12-31": "1459.63600", "2015-12-31": "-158.10400", "2014-12-31": "-63.12200", "2013-12-31": "-68.22500", "2012-12-31": "-60.02200", "2011-12-31": "1940.50700", "2010-12-31": "-49.72700", "2009-12-31": "-55.64400", "2008-12-31": "-47.21700", "2007-12-31": "-0.17800", "2006-12-31": "-0.49600", "2005-12-31": "-0.15100"}, "Net Current Debt": {"2019-12-31": "", "2018-12-31": "", "2017-12-31": "", "2016-12-31": "", "2015-12-31": "", "2014-12-31": "", "2013-12-31": "", "2012-12-31": "", "2011-12-31": "", "2010-12-31": "", "2009-12-31": "", "2008-12-31": "", "2007-12-31": "", "2006-12-31": "", "2005-12-31": ""}, "Debt Issuance/Retirement Net - Total": {"2019-12-31": "-950.27000", "2018-12-31": "-111.19200", "2017-12-31": "-37.67000", "2016-12-31": "1459.63600", "2015-12-31": "-158.10400", "2014-12-31": "-63.12200", "2013-12-31": "-68.22500", "2012-12-31": "-60.02200", "2011-12-31": "1940.50700", "2010-12-31": "-49.72700", "2009-12-31": "-55.64400", "2008-12-31": "-47.21700", "2007-12-31": "-0.17800", "2006-12-31": "-0.49600", "2005-12-31": "-0.15100"}, "Net Common Equity Issued/Repurchased": {"2019-12-31": "77.11600", "2018-12-31": "-19.50000", "2017-12-31": "44.29400", "2016-12-31": "27.43200", "2015-12-31": "38.72900", "2014-12-31": "28.85700", "2013-12-31": "71.24700", "2012-12-31": "15.39800", "2011-12-31": "28.71800", "2010-12-31": "3.40900", "2009-12-31": "-27.49100", "2008-12-31": "-61.76900", "2007-12-31": "", "2006-12-31": "", "2005-12-31": ""}, "Net Total Equity Issued/Repurchased": {"2019-12-31": "77.11600", "2018-12-31": "-19.50000", "2017-12-31": "44.29400", "2016-12-31": "27.43200", "2015-12-31": "38.72900", "2014-12-31": "36.38300", "2013-12-31": "71.24700", "2012-12-31": "15.39800", "2011-12-31": "28.71800", "2010-12-31": "3.40900", "2009-12-31": "-27.49100", "2008-12-31": "-61.76900", "2007-12-31": "", "2006-12-31": "", "2005-12-31": ""}, "Total Common And Preferred Stock Dividends Paid": {"2019-12-31": "", "2018-12-31": "", "2017-12-31": "", "2016-12-31": "", "2015-12-31": "", "2014-12-31": "", "2013-12-31": "", "2012-12-31": "", "2011-12-31": "", "2010-12-31": "", "2009-12-31": "", "2008-12-31": "", "2007-12-31": "", "2006-12-31": "", "2005-12-31": ""}, "Financial Activities - Other": {"2019-12-31": "-12.15700", "2018-12-31": "-5.87100", "2017-12-31": "-6.55200", "2016-12-31": "-11.37900", "2015-12-31": "-0.88200", "2014-12-31": "-8.35700", "2013-12-31": "15.30400", "2012-12-31": "0.64800", "2011-12-31": "-55.67800", "2010-12-31": "-0.65500", "2009-12-31": "", "2008-12-31": "544.06500", "2007-12-31": "600.51500", "2006-12-31": "105.03000", "2005-12-31": "39.93300"}, "Cash Flow From Financial Activities": {"2019-12-31": "-885.31100", "2018-12-31": "-136.56300", "2017-12-31": "0.07200", "2016-12-31": "1475.68900", "2015-12-31": "-120.25700", "2014-12-31": "-35.09600", "2013-12-31": "18.32600", "2012-12-31": "-43.97600", "2011-12-31": "1913.54700", "2010-12-31": "-46.97300", "2009-12-31": "-83.13500", "2008-12-31": "435.07900", "2007-12-31": "600.33700", "2006-12-31": "104.53400", "2005-12-31": "39.78200"}, "Net Cash Flow": {"2019-12-31": "592.39400", "2018-12-31": "-1502.75400", "2017-12-31": "-139.61700", "2016-12-31": "1646.97100", "2015-12-31": "375.18700", "2014-12-31": "-85.06600", "2013-12-31": "-97.49500", "2012-12-31": "117.57900", "2011-12-31": "472.22100", "2010-12-31": "118.48400", "2009-12-31": "-1.13700", "2008-12-31": "-16.61500", "2007-12-31": "11.46100", "2006-12-31": "13.37900", "2005-12-31": "8.88900"}, "Stock-Based Compensation": {"2019-12-31": "9.35300", "2018-12-31": "9.99000", "2017-12-31": "10.10300", "2016-12-31": "15.23400", "2015-12-31": "21.83900", "2014-12-31": "14.68300", "2013-12-31": "18.35300", "2012-12-31": "14.58500", "2011-12-31": "16.06400", "2010-12-31": "13.54600", "2009-12-31": "13.37100", "2008-12-31": "23.60500", "2007-12-31": "5.15900", "2006-12-31": "3.16000", "2005-12-31": ""}, "Common Stock Dividends Paid": {"2019-12-31": "", "2018-12-31": "", "2017-12-31": "", "2016-12-31": "", "2015-12-31": "", "2014-12-31": "", "2013-12-31": "", "2012-12-31": "", "2011-12-31": "", "2010-12-31": "", "2009-12-31": "", "2008-12-31": "", "2007-12-31": "", "2006-12-31": "", "2005-12-31": ""}}, "cash flow statement, quarterly": {"Net Income/Loss": {"2020-09-30": 23.273, "2020-06-30": -14.843, "2020-03-31": "-57.73700", "2019-12-31": -63.094, "2019-09-30": -21.106, "2019-06-30": -5.06, "2019-03-31": "15.00800", "2018-12-31": -111.648, "2018-09-30": 16.502, "2018-06-30": 77.684, "2018-03-31": "-21.17100", "2017-12-31": 313.814, "2017-09-30": 35.201, "2017-06-30": 7.122, "2017-03-31": "37.35200", "2016-12-31": 38.93, "2016-09-30": 37.41, "2016-06-30": 55.909, "2016-03-31": "48.44300", "2015-12-31": 62.402, "2015-09-30": 28.358, "2015-06-30": 31.013, "2015-03-31": "27.59800", "2014-12-31": 47.468, "2014-09-30": 58.437, "2014-06-30": 29.614, "2014-03-31": "12.03000", "2013-12-31": 4.849, "2013-09-30": 4.637, "2013-06-30": -9.583, "2013-03-31": "3.49800", "2012-12-31": 26.793, "2012-09-30": 22.269, "2012-06-30": 35.45, "2012-03-31": "126.50100", "2011-12-31": -12.612, "2011-09-30": -18.847, "2011-06-30": 18.574, "2011-03-31": "17.15900", "2010-12-31": 168.938, "2010-09-30": 5.151, "2010-06-30": -41.477, "2010-03-31": "71.74600", "2009-12-31": -30.405, "2009-09-30": 294.682, "2009-06-30": 101.072, "2009-03-31": "-0.64500", "2008-12-31": -703.783, "2008-09-30": -307.93, "2008-06-30": 47.824, "2008-03-31": "5.70100", "2007-12-31": -45.357, "2007-09-30": -6.65, "2007-06-30": -14.789, "2007-03-31": "-18.50400"}, "Total Depreciation And Amortization - Cash Flow": {"2020-09-30": 130.914, "2020-06-30": 130.957, "2020-03-31": "133.41800", "2019-12-31": 130.176, "2019-09-30": 150.433, "2019-06-30": 157.272, "2019-03-31": "156.23100", "2018-12-31": 155.633, "2018-09-30": 152.56, "2018-06-30": 150.418, "2018-03-31": "147.49000", "2017-12-31": 144.15, "2017-09-30": 136.684, "2017-06-30": 131.861, "2017-03-31": "128.53200", "2016-12-31": 130.747, "2016-09-30": 123.633, "2016-06-30": 120.505, "2016-03-31": "126.73400", "2015-12-31": 129.611, "2015-09-30": 132.892, "2015-06-30": 132.47, "2015-03-31": "133.18500", "2014-12-31": 140.509, "2014-09-30": 142.294, "2014-06-30": 140.647, "2014-03-31": "133.22600", "2013-12-31": 127.526, "2013-09-30": 124.742, "2013-06-30": 128.144, "2013-03-31": "126.69900", "2012-12-31": 117.854, "2012-09-30": 110.778, "2012-06-30": 114.604, "2012-03-31": "114.09000", "2011-12-31": 129.701, "2011-09-30": 128.12, "2011-06-30": 71.059, "2011-03-31": "57.01400", "2010-12-31": 56.045, "2010-09-30": 58.191, "2010-06-30": 57.026, "2010-03-31": "57.64900", "2009-12-31": 63.716, "2009-09-30": 58.989, "2009-06-30": 59.475, "2009-03-31": "61.94900", "2008-12-31": 70.43, "2008-09-30": 69.782, "2008-06-30": 63.015, "2008-03-31": "60.97000", "2007-12-31": 5.309, "2007-09-30": 1.482, "2007-06-30": 1.414, "2007-03-31": "1.49500"}, "Other Non-Cash Items": {"2020-09-30": -10.241, "2020-06-30": 20.612, "2020-03-31": "47.22300", "2019-12-31": 8.507, "2019-09-30": 30.946, "2019-06-30": -7.608, "2019-03-31": "10.17800", "2018-12-31": 141.011, "2018-09-30": 9.521, "2018-06-30": -38.677, "2018-03-31": "33.41100", "2017-12-31": -304.165, "2017-09-30": -6.459, "2017-06-30": 5.536, "2017-03-31": "-5.18700", "2016-12-31": 26.29, "2016-09-30": 21.562, "2016-06-30": 36.024, "2016-03-31": "28.56900", "2015-12-31": 2.532, "2015-09-30": 45.941, "2015-06-30": 36.006, "2015-03-31": "22.09000", "2014-12-31": 43.362, "2014-09-30": -1.44, "2014-06-30": 15.315, "2014-03-31": "5.40200", "2013-12-31": 2.375, "2013-09-30": -4.502, "2013-06-30": 6.566, "2013-03-31": "-19.76300", "2012-12-31": 10.829, "2012-09-30": -11.746, "2012-06-30": -1.49, "2012-03-31": "-130.02800", "2011-12-31": 13.368, "2011-09-30": 16.419, "2011-06-30": -16.052, "2011-03-31": "-4.23700", "2010-12-31": -73.305, "2010-09-30": 39.407, "2010-06-30": 76.648, "2010-03-31": "-68.17900", "2009-12-31": 71.059, "2009-09-30": -333.774, "2009-06-30": -95.65, "2009-03-31": "-11.44000", "2008-12-31": 680.275, "2008-09-30": 277.291, "2008-06-30": -71.457, "2008-03-31": "10.32500", "2007-12-31": 4.731, "2007-09-30": -2.266, "2007-06-30": 0.27, "2007-03-31": "-0.14000"}, "Total Non-Cash Items": {"2020-09-30": 120.673, "2020-06-30": 151.569, "2020-03-31": "180.64100", "2019-12-31": 138.683, "2019-09-30": 181.379, "2019-06-30": 149.664, "2019-03-31": "166.40900", "2018-12-31": 296.6439, "2018-09-30": 162.0811, "2018-06-30": 111.7409, "2018-03-31": "180.90100", "2017-12-31": -160.015, "2017-09-30": 130.225, "2017-06-30": 137.397, "2017-03-31": "123.34500", "2016-12-31": 157.037, "2016-09-30": 145.195, "2016-06-30": 156.529, "2016-03-31": "155.30300", "2015-12-31": 132.1431, "2015-09-30": 178.833, "2015-06-30": 168.476, "2015-03-31": "155.27500", "2014-12-31": 183.871, "2014-09-30": 140.854, "2014-06-30": 155.962, "2014-03-31": "138.62800", "2013-12-31": 129.901, "2013-09-30": 120.24, "2013-06-30": 134.71, "2013-03-31": "106.93600", "2012-12-31": 128.683, "2012-09-30": 99.032, "2012-06-30": 113.114, "2012-03-31": "-15.93800", "2011-12-31": 143.069, "2011-09-30": 144.539, "2011-06-30": 55.007, "2011-03-31": "52.77700", "2010-12-31": -17.26, "2010-09-30": 97.598, "2010-06-30": 133.674, "2010-03-31": "-10.53000", "2009-12-31": 134.775, "2009-09-30": -274.785, "2009-06-30": -36.175, "2009-03-31": "50.50900", "2008-12-31": 750.705, "2008-09-30": 347.073, "2008-06-30": -8.442, "2008-03-31": "71.29500", "2007-12-31": 7.445, "2007-09-30": -0.784, "2007-06-30": 1.684, "2007-03-31": "1.35500"}, "Change In Accounts Receivable": {"2020-09-30": -3.895, "2020-06-30": 2.402, "2020-03-31": "-7.66400", "2019-12-31": 13.728, "2019-09-30": -5.606, "2019-06-30": 19.398, "2019-03-31": "-19.23100", "2018-12-31": -14.354, "2018-09-30": -17.689, "2018-06-30": 4.521, "2018-03-31": "9.68000", "2017-12-31": -230.63, "2017-09-30": 42.478, "2017-06-30": 188.573, "2017-03-31": "", "2016-12-31": -28.398, "2016-09-30": 0, "2016-06-30": 0, "2016-03-31": "", "2015-12-31": -63.942, "2015-09-30": 0, "2015-06-30": 0, "2015-03-31": "", "2014-12-31": 86.978, "2014-09-30": 0, "2014-06-30": 0, "2014-03-31": "", "2013-12-31": -35.21, "2013-09-30": 0, "2013-06-30": 0, "2013-03-31": "", "2012-12-31": -55.378, "2012-09-30": 0, "2012-06-30": 0, "2012-03-31": "", "2011-12-31": -0.994, "2011-09-30": 0, "2011-06-30": 0, "2011-03-31": "", "2010-12-31": 73.167, "2010-09-30": 0, "2010-06-30": 0, "2010-03-31": "", "2009-12-31": -25.709, "2009-09-30": 0, "2009-06-30": 0, "2009-03-31": "", "2008-12-31": -305.49, "2008-09-30": 0, "2008-06-30": 0, "2008-03-31": "", "2007-12-31": -7.119, "2007-09-30": 0, "2007-06-30": 0, "2007-03-31": ""}, "Change In Inventories": {"2020-09-30": 0, "2020-06-30": 0, "2020-03-31": "", "2019-12-31": 0, "2019-09-30": 0, "2019-06-30": 0, "2019-03-31": "", "2018-12-31": -10.667, "2018-09-30": 10.429, "2018-06-30": 2.535, "2018-03-31": "-2.29700", "2017-12-31": 26.231, "2017-09-30": -1.901, "2017-06-30": -24.33, "2017-03-31": "", "2016-12-31": -4.814, "2016-09-30": 0, "2016-06-30": 0, "2016-03-31": "", "2015-12-31": -4.906, "2015-09-30": 0, "2015-06-30": 0, "2015-03-31": "", "2014-12-31": 2.608, "2014-09-30": 0, "2014-06-30": 0, "2014-03-31": "", "2013-12-31": 16.529, "2013-09-30": 0, "2013-06-30": 0, "2013-03-31": "", "2012-12-31": -16.109, "2012-09-30": 0, "2012-06-30": 0, "2012-03-31": "", "2011-12-31": 21.488, "2011-09-30": 0, "2011-06-30": 0, "2011-03-31": "", "2010-12-31": 22.581, "2010-09-30": 0, "2010-06-30": 0, "2010-03-31": "", "2009-12-31": -6.521, "2009-09-30": 0, "2009-06-30": 0, "2009-03-31": "", "2008-12-31": -15.493, "2008-09-30": 0, "2008-06-30": 0, "2008-03-31": "", "2007-12-31": -21.316, "2007-09-30": 0, "2007-06-30": 0, "2007-03-31": ""}, "Change In Accounts Payable": {"2020-09-30": -6.123, "2020-06-30": -2.142, "2020-03-31": "-9.55900", "2019-12-31": -5.031, "2019-09-30": 18.405, "2019-06-30": -9.056, "2019-03-31": "8.83100", "2018-12-31": 10.368, "2018-09-30": 0.19, "2018-06-30": 6.486, "2018-03-31": "-7.48200", "2017-12-31": -16.4, "2017-09-30": 6.221, "2017-06-30": -68.24, "2017-03-31": "", "2016-12-31": -44.221, "2016-09-30": 0, "2016-06-30": 0, "2016-03-31": "", "2015-12-31": 29.436, "2015-09-30": 0, "2015-06-30": 0, "2015-03-31": "", "2014-12-31": -48.738, "2014-09-30": 0, "2014-06-30": 0, "2014-03-31": "", "2013-12-31": -47.714, "2013-09-30": 0, "2013-06-30": 0, "2013-03-31": "", "2012-12-31": 76.174, "2012-09-30": 0, "2012-06-30": 0, "2012-03-31": "", "2011-12-31": -9.974, "2011-09-30": 0, "2011-06-30": 0, "2011-03-31": "", "2010-12-31": -57.596, "2010-09-30": 0, "2010-06-30": 0, "2010-03-31": "", "2009-12-31": 1.522, "2009-09-30": 0, "2009-06-30": 0, "2009-03-31": "", "2008-12-31": 185.874, "2008-09-30": 0, "2008-06-30": 0, "2008-03-31": "", "2007-12-31": 13.64, "2007-09-30": 0, "2007-06-30": 0, "2007-03-31": ""}, "Change In Assets/Liabilities": {"2020-09-30": -14.061, "2020-06-30": 7.423, "2020-03-31": "-24.56500", "2019-12-31": 3.916, "2019-09-30": -38.833, "2019-06-30": 22.18, "2019-03-31": "13.08900", "2018-12-31": 43.066, "2018-09-30": 0.938, "2018-06-30": 2.278, "2018-03-31": "-24.90800", "2017-12-31": 203.797, "2017-09-30": -16.91, "2017-06-30": 1.904, "2017-03-31": "-19.86000", "2016-12-31": 50.638, "2016-09-30": 32.141, "2016-06-30": -56.261, "2016-03-31": "-14.79600", "2015-12-31": 4.932, "2015-09-30": 14.318, "2015-06-30": -44.276, "2015-03-31": "33.14100", "2014-12-31": -98.876, "2014-09-30": 86.629, "2014-06-30": -26.818, "2014-03-31": "40.69000", "2013-12-31": -44.574, "2013-09-30": 57.284, "2013-06-30": 10.823, "2013-03-31": "-60.00100", "2012-12-31": 8.172, "2012-09-30": 42.648, "2012-06-30": -44.811, "2012-03-31": "-37.86400", "2011-12-31": 68.53, "2011-09-30": -6.621, "2011-06-30": -47.053, "2011-03-31": "22.88300", "2010-12-31": 23.209, "2010-09-30": -26.34, "2010-06-30": -4.492, "2010-03-31": "-34.52400", "2009-12-31": -29.071, "2009-09-30": 10.337, "2009-06-30": 9.867, "2009-03-31": "0.70600", "2008-12-31": 119.652, "2008-09-30": 11.607, "2008-06-30": -35.339, "2008-03-31": "-84.47100", "2007-12-31": -19.536, "2007-09-30": 2.295, "2007-06-30": -11.624, "2007-03-31": "11.89100"}, "Total Change In Assets/Liabilities": {"2020-09-30": -21.974, "2020-06-30": 39.655, "2020-03-31": "-46.71000", "2019-12-31": 50.993, "2019-09-30": -14.862, "2019-06-30": 59.236, "2019-03-31": "-7.22500", "2018-12-31": 21.146, "2018-09-30": 5.569, "2018-06-30": 25.857, "2018-03-31": "-27.29500", "2017-12-31": -22.868, "2017-09-30": 45.661, "2017-06-30": 95.402, "2017-03-31": "-19.86000", "2016-12-31": 29.203, "2016-09-30": 32.141, "2016-06-30": -56.261, "2016-03-31": "-14.79600", "2015-12-31": -33.003, "2015-09-30": 14.318, "2015-06-30": -44.276, "2015-03-31": "33.14100", "2014-12-31": -31.559, "2014-09-30": 86.629, "2014-06-30": -26.818, "2014-03-31": "40.69000", "2013-12-31": -72.884, "2013-09-30": 57.284, "2013-06-30": 10.823, "2013-03-31": "-60.00100", "2012-12-31": -5.338, "2012-09-30": 42.648, "2012-06-30": -44.811, "2012-03-31": "-37.86400", "2011-12-31": 75.972, "2011-09-30": -6.621, "2011-06-30": -47.053, "2011-03-31": "22.88300", "2010-12-31": 64.598, "2010-09-30": -26.34, "2010-06-30": -4.492, "2010-03-31": "-34.52400", "2009-12-31": -51.078, "2009-09-30": 10.337, "2009-06-30": 9.867, "2009-03-31": "0.70600", "2008-12-31": 50.16, "2008-09-30": 11.607, "2008-06-30": -35.339, "2008-03-31": "-84.47100", "2007-12-31": -27.292, "2007-09-30": 2.295, "2007-06-30": -11.624, "2007-03-31": "11.89100"}, "Cash Flow From Operating Activities": {"2020-09-30": 120.122, "2020-06-30": 173.985, "2020-03-31": "71.29500", "2019-12-31": 123.262, "2019-09-30": 152.286, "2019-06-30": 204.828, "2019-03-31": "175.94600", "2018-12-31": 190.61, "2018-09-30": 190.373, "2018-06-30": 218.264, "2018-03-31": "135.27500", "2017-12-31": 134.956, "2017-09-30": 209.057, "2017-06-30": 241.524, "2017-03-31": "141.35500", "2016-12-31": 228.634, "2016-09-30": 219.075, "2016-06-30": 162.785, "2016-03-31": "192.84900", "2015-12-31": 168.528, "2015-09-30": 225.179, "2015-06-30": 161.182, "2015-03-31": "221.56200", "2014-12-31": 177.697, "2014-09-30": 290.46, "2014-06-30": 170.502, "2014-03-31": "201.47200", "2013-12-31": 59.163, "2013-09-30": 198.069, "2013-06-30": 143.091, "2013-03-31": "50.18400", "2012-12-31": 154.808, "2012-09-30": 165.507, "2012-06-30": 105.624, "2012-03-31": "79.21000", "2011-12-31": 208.827, "2011-09-30": 124.356, "2011-06-30": 20.663, "2011-03-31": "93.17200", "2010-12-31": 217.137, "2010-09-30": 68.924, "2010-06-30": 89.078, "2010-03-31": "28.87600", "2009-12-31": 54.737, "2009-09-30": 23.982, "2009-06-30": 72.692, "2009-03-31": "44.86500", "2008-12-31": 84.627, "2008-09-30": 37.556, "2008-06-30": 3.509, "2008-03-31": "-7.64400", "2007-12-31": -53.824, "2007-09-30": -4.581, "2007-06-30": -24.633, "2007-03-31": "-5.06200"}, "Net Change In Property, Plant, And Equipment": {"2020-09-30": -98.137, "2020-06-30": -92.3, "2020-03-31": "-104.60400", "2019-12-31": -103.723, "2019-09-30": -95.421, "2019-06-30": -107.478, "2019-03-31": "-111.96200", "2018-12-31": -139.888, "2018-09-30": -167.155, "2018-06-30": -119.592, "2018-03-31": "-50.98200", "2017-12-31": -156.239, "2017-09-30": -192.131, "2017-06-30": -128.067, "2017-03-31": "-102.46300", "2016-12-31": -188.672, "2016-09-30": -156.813, "2016-06-30": -141.633, "2016-03-31": "-211.13600", "2015-12-31": -223.368, "2015-09-30": -123.242, "2015-06-30": -179.108, "2015-03-31": "-177.80200", "2014-12-31": -245.598, "2014-09-30": -164.711, "2014-06-30": -156.092, "2014-03-31": "-113.62500", "2013-12-31": -109.78, "2013-09-30": -83.423, "2013-06-30": -85.652, "2013-03-31": "-72.62000", "2012-12-31": -141.62, "2012-09-30": -93.662, "2012-06-30": -163.716, "2012-03-31": "-114.00700", "2011-12-31": -115.976, "2011-09-30": -138.335, "2011-06-30": -83.721, "2011-03-31": "-39.14000", "2010-12-31": -48.66, "2010-09-30": -44.378, "2010-06-30": -71.206, "2010-03-31": "-32.49200", "2009-12-31": -89.011, "2009-09-30": -19.164, "2009-06-30": -71.057, "2009-03-31": "-34.68900", "2008-12-31": -82.602, "2008-09-30": -54.337, "2008-06-30": -31.154, "2008-03-31": "-61.77700", "2007-12-31": -24.224, "2007-09-30": -35.093, "2007-06-30": -32.264, "2007-03-31": "-52.71900"}, "Net Change In Intangible Assets": {"2020-09-30": -8.587, "2020-06-30": -10.599, "2020-03-31": "-8.63800", "2019-12-31": -7.946, "2019-09-30": -6.035, "2019-06-30": -7.729, "2019-03-31": "-7.60000", "2018-12-31": -7.071, "2018-09-30": -9.568, "2018-06-30": -7.852, "2018-03-31": "-7.14800", "2017-12-31": -5.884, "2017-09-30": -8.328, "2017-06-30": -6.287, "2017-03-31": "-10.83200", "2016-12-31": -5.261, "2016-09-30": -5.692, "2016-06-30": -6.34, "2016-03-31": "-5.95900", "2015-12-31": -5.422, "2015-09-30": -5.245, "2015-06-30": -6.716, "2015-03-31": "-4.94400", "2014-12-31": -5.554, "2014-09-30": -17.401, "2014-06-30": 0, "2014-03-31": "", "2013-12-31": -17.215, "2013-09-30": 0, "2013-06-30": 0, "2013-03-31": "", "2012-12-31": 0, "2012-09-30": 0, "2012-06-30": 0, "2012-03-31": "", "2011-12-31": 0, "2011-09-30": 0, "2011-06-30": 0, "2011-03-31": "", "2010-12-31": 0, "2010-09-30": 0, "2010-06-30": 0, "2010-03-31": "", "2009-12-31": 0, "2009-09-30": 0, "2009-06-30": 0, "2009-03-31": "", "2008-12-31": 0, "2008-09-30": 0, "2008-06-30": 0, "2008-03-31": "", "2007-12-31": 0, "2007-09-30": 0, "2007-06-30": 0, "2007-03-31": ""}, "Net Acquisitions/Divestitures": {"2020-09-30": 0, "2020-06-30": 0, "2020-03-31": "", "2019-12-31": 0, "2019-09-30": 0, "2019-06-30": 0, "2019-03-31": "", "2018-12-31": 0, "2018-09-30": 0, "2018-06-30": 0, "2018-03-31": "", "2017-12-31": 0, "2017-09-30": 0, "2017-06-30": 0, "2017-03-31": "", "2016-12-31": 0, "2016-09-30": 0, "2016-06-30": 0, "2016-03-31": "", "2015-12-31": 3.428, "2015-09-30": 0, "2015-06-30": 0, "2015-03-31": "-3.42800", "2014-12-31": 0, "2014-09-30": 0, "2014-06-30": 0, "2014-03-31": "", "2013-12-31": -41.748, "2013-09-30": 0, "2013-06-30": 0, "2013-03-31": "", "2012-12-31": -16, "2012-09-30": -82.477, "2012-06-30": 0, "2012-03-31": "", "2011-12-31": -0.1, "2011-09-30": 0, "2011-06-30": -2075.613, "2011-03-31": "", "2010-12-31": 0, "2010-09-30": 0, "2010-06-30": 0, "2010-03-31": "", "2009-12-31": 0, "2009-09-30": 0, "2009-06-30": 0, "2009-03-31": "", "2008-12-31": 0, "2008-09-30": 0, "2008-06-30": 0, "2008-03-31": "", "2007-12-31": 0, "2007-09-30": 0, "2007-06-30": 0, "2007-03-31": ""}, "Net Change In Short-term Investments": {"2020-09-30": 0, "2020-06-30": 0, "2020-03-31": "", "2019-12-31": 0, "2019-09-30": 0, "2019-06-30": 0, "2019-03-31": "", "2018-12-31": 0, "2018-09-30": 1.558, "2018-06-30": 0, "2018-03-31": "", "2017-12-31": 0, "2017-09-30": 0, "2017-06-30": 0, "2017-03-31": "17.78100", "2016-12-31": 0, "2016-09-30": 0, "2016-06-30": 0, "2016-03-31": "", "2015-12-31": 0, "2015-09-30": 0, "2015-06-30": 0, "2015-03-31": "", "2014-12-31": 0, "2014-09-30": 0, "2014-06-30": 0, "2014-03-31": "", "2013-12-31": 0, "2013-09-30": 0, "2013-06-30": 0, "2013-03-31": "", "2012-12-31": 0, "2012-09-30": 0, "2012-06-30": 0, "2012-03-31": "", "2011-12-31": 0, "2011-09-30": 0, "2011-06-30": 0, "2011-03-31": "", "2010-12-31": 0, "2010-09-30": 0, "2010-06-30": 0, "2010-03-31": "", "2009-12-31": 0, "2009-09-30": 0, "2009-06-30": 0, "2009-03-31": "", "2008-12-31": 0, "2008-09-30": 0, "2008-06-30": 0, "2008-03-31": "", "2007-12-31": 0, "2007-09-30": 0, "2007-06-30": 0, "2007-03-31": ""}, "Net Change In Long-Term Investments": {"2020-09-30": -1425.046, "2020-06-30": 285.477, "2020-03-31": "131.18800", "2019-12-31": -23.295, "2019-09-30": 208.093, "2019-06-30": 730.108, "2019-03-31": "387.10900", "2018-12-31": -597.9259, "2018-09-30": -201.564, "2018-06-30": -527.2771, "2018-03-31": "-264.01500", "2017-12-31": -331.46, "2017-09-30": -188.571, "2017-06-30": 80.531, "2017-03-31": "164.01800", "2016-12-31": 327.486, "2016-09-30": -98.84, "2016-06-30": -144.216, "2016-03-31": "1.99700", "2015-12-31": 196.602, "2015-09-30": 190.094, "2015-06-30": 50.526, "2015-03-31": "18.72700", "2014-12-31": -160.171, "2014-09-30": -23.384, "2014-06-30": 8.223, "2014-03-31": "-13.59400", "2013-12-31": -96.017, "2013-09-30": 5.179, "2013-06-30": -102.281, "2013-03-31": "24.71200", "2012-12-31": 45.499, "2012-09-30": 90.6931, "2012-06-30": 69.316, "2012-03-31": "69.47800", "2011-12-31": -95.7031, "2011-09-30": 343.1321, "2011-06-30": 397.2769, "2011-03-31": "-75.06500", "2010-12-31": -135.9321, "2010-09-30": -26.7111, "2010-06-30": -36.1319, "2010-03-31": "53.50900", "2009-12-31": 22.0218, "2009-09-30": 23.634, "2009-06-30": -62.431, "2009-03-31": "125.63900", "2008-12-31": -240.3543, "2008-09-30": 79.288, "2008-06-30": -22.857, "2008-03-31": "-191.96200", "2007-12-31": 0, "2007-09-30": 0, "2007-06-30": -23.417, "2007-03-31": "-16.58300"}, "Net Change In Investments - Total": {"2020-09-30": -1425.046, "2020-06-30": 285.477, "2020-03-31": "131.18800", "2019-12-31": -23.295, "2019-09-30": 208.093, "2019-06-30": 730.108, "2019-03-31": "387.10900", "2018-12-31": -597.9259, "2018-09-30": -200.006, "2018-06-30": -527.2771, "2018-03-31": "-264.01500", "2017-12-31": -331.46, "2017-09-30": -188.571, "2017-06-30": 80.531, "2017-03-31": "181.79900", "2016-12-31": 327.486, "2016-09-30": -98.84, "2016-06-30": -144.216, "2016-03-31": "1.99700", "2015-12-31": 196.602, "2015-09-30": 190.094, "2015-06-30": 50.526, "2015-03-31": "18.72700", "2014-12-31": -160.171, "2014-09-30": -23.384, "2014-06-30": 8.223, "2014-03-31": "-13.59400", "2013-12-31": -96.017, "2013-09-30": 5.179, "2013-06-30": -102.281, "2013-03-31": "24.71200", "2012-12-31": 45.499, "2012-09-30": 90.6931, "2012-06-30": 69.316, "2012-03-31": "69.47800", "2011-12-31": -95.7031, "2011-09-30": 343.1321, "2011-06-30": 397.2769, "2011-03-31": "-75.06500", "2010-12-31": -135.9321, "2010-09-30": -26.7111, "2010-06-30": -36.1319, "2010-03-31": "53.50900", "2009-12-31": 22.0218, "2009-09-30": 23.634, "2009-06-30": -62.431, "2009-03-31": "125.63900", "2008-12-31": -240.3543, "2008-09-30": 79.288, "2008-06-30": -22.857, "2008-03-31": "-191.96200", "2007-12-31": -279.92, "2007-09-30": 0, "2007-06-30": -23.417, "2007-03-31": "-16.58300"}, "Investing Activities - Other": {"2020-09-30": 0, "2020-06-30": 0, "2020-03-31": "", "2019-12-31": -34.447, "2019-09-30": 2.284, "2019-06-30": 0, "2019-03-31": "", "2018-12-31": 0, "2018-09-30": 0, "2018-06-30": 0, "2018-03-31": "", "2017-12-31": 0, "2017-09-30": 0, "2017-06-30": 0, "2017-03-31": "", "2016-12-31": -5.933, "2016-09-30": 9.04, "2016-06-30": -1.025, "2016-03-31": "0.79800", "2015-12-31": -5.05, "2015-09-30": 1.136, "2015-06-30": -0.459, "2015-03-31": "-1.04000", "2014-12-31": 23.863, "2014-09-30": -6.101, "2014-06-30": -7.66, "2014-03-31": "-5.78500", "2013-12-31": 3.707, "2013-09-30": 0.798, "2013-06-30": -0.637, "2013-03-31": "4.68800", "2012-12-31": -4.488, "2012-09-30": -5.391, "2012-06-30": 3.849, "2012-03-31": "-4.25500", "2011-12-31": -9.81, "2011-09-30": -1.807, "2011-06-30": 6.765, "2011-03-31": "0.05100", "2010-12-31": -0.894, "2010-09-30": 1.031, "2010-06-30": 0.594, "2010-03-31": "102.71300", "2009-12-31": 1.633, "2009-09-30": -7.959, "2009-06-30": -4.318, "2009-03-31": "1.42300", "2008-12-31": -4.029, "2008-09-30": -1.186, "2008-06-30": 41.733, "2008-03-31": "-0.50500", "2007-12-31": -36.37, "2007-09-30": 0.101, "2007-06-30": -0.019, "2007-03-31": "-0.24200"}, "Cash Flow From Investing Activities": {"2020-09-30": -1531.77, "2020-06-30": 182.578, "2020-03-31": "17.94600", "2019-12-31": -169.411, "2019-09-30": 108.921, "2019-06-30": 614.901, "2019-03-31": "267.54700", "2018-12-31": -744.885, "2018-09-30": -376.729, "2018-06-30": -654.721, "2018-03-31": "-322.14500", "2017-12-31": -493.583, "2017-09-30": -389.03, "2017-06-30": -53.823, "2017-03-31": "68.50400", "2016-12-31": 127.62, "2016-09-30": -252.305, "2016-06-30": -293.214, "2016-03-31": "-214.30000", "2015-12-31": -33.81, "2015-09-30": 62.743, "2015-06-30": -135.757, "2015-03-31": "-168.48700", "2014-12-31": -387.46, "2014-09-30": -211.597, "2014-06-30": -155.529, "2014-03-31": "-133.00400", "2013-12-31": -261.053, "2013-09-30": -77.446, "2013-06-30": -188.57, "2013-03-31": "-43.22000", "2012-12-31": -116.609, "2012-09-30": -90.837, "2012-06-30": -90.551, "2012-03-31": "-48.78400", "2011-12-31": -221.589, "2011-09-30": 202.99, "2011-06-30": -1755.292, "2011-03-31": "-114.15400", "2010-12-31": -185.486, "2010-09-30": -70.058, "2010-06-30": -106.744, "2010-03-31": "123.73000", "2009-12-31": -65.356, "2009-09-30": -3.489, "2009-06-30": -137.806, "2009-03-31": "92.37300", "2008-12-31": -326.985, "2008-09-30": 23.765, "2008-06-30": -12.278, "2008-03-31": "-254.24400", "2007-12-31": -340.524, "2007-09-30": -34.992, "2007-06-30": -55.7, "2007-03-31": "-69.54400"}, "Net Long-Term Debt": {"2020-09-30": -0.185, "2020-06-30": -0.206, "2020-03-31": "-0.21500", "2019-12-31": -0.212, "2019-09-30": -9.127, "2019-06-30": -923.003, "2019-03-31": "-17.92800", "2018-12-31": -83.428, "2018-09-30": -9.347, "2018-06-30": -9.049, "2018-03-31": "-9.36800", "2017-12-31": -11.276, "2017-09-30": -8.676, "2017-06-30": -8.982, "2017-03-31": "-8.73600", "2016-12-31": -9.749, "2016-09-30": 1489.818, "2016-06-30": -9.891, "2016-03-31": "-10.54200", "2015-12-31": -9.501, "2015-09-30": -9.068, "2015-06-30": -123.027, "2015-03-31": "-16.50800", "2014-12-31": -10.359, "2014-09-30": -16.404, "2014-06-30": -17.831, "2014-03-31": "-18.52800", "2013-12-31": -11.812, "2013-09-30": -17.706, "2013-06-30": -17.257, "2013-03-31": "-21.45000", "2012-12-31": -10.368, "2012-09-30": -15.154, "2012-06-30": -17.023, "2012-03-31": "-17.47700", "2011-12-31": -16.483, "2011-09-30": -18.098, "2011-06-30": 1988.107, "2011-03-31": "-13.01900", "2010-12-31": -7.001, "2010-09-30": -5.216, "2010-06-30": -24.665, "2010-03-31": "-12.84500", "2009-12-31": -13.55, "2009-09-30": -15.502, "2009-06-30": -11.913, "2009-03-31": "-14.67900", "2008-12-31": -10.201, "2008-09-30": -13.965, "2008-06-30": -13.585, "2008-03-31": "-9.46600", "2007-12-31": -0.178, "2007-09-30": 0, "2007-06-30": 0, "2007-03-31": ""}, "Net Current Debt": {"2020-09-30": 0, "2020-06-30": 0, "2020-03-31": "", "2019-12-31": 0, "2019-09-30": 0, "2019-06-30": 0, "2019-03-31": "", "2018-12-31": 0, "2018-09-30": 0, "2018-06-30": 0, "2018-03-31": "", "2017-12-31": 0, "2017-09-30": 0, "2017-06-30": 0, "2017-03-31": "", "2016-12-31": 0, "2016-09-30": 0, "2016-06-30": 0, "2016-03-31": "", "2015-12-31": 0, "2015-09-30": 0, "2015-06-30": 0, "2015-03-31": "", "2014-12-31": 0, "2014-09-30": 0, "2014-06-30": 0, "2014-03-31": "", "2013-12-31": 0, "2013-09-30": 0, "2013-06-30": 0, "2013-03-31": "", "2012-12-31": 0, "2012-09-30": 0, "2012-06-30": 0, "2012-03-31": "", "2011-12-31": 0, "2011-09-30": 0, "2011-06-30": 0, "2011-03-31": "", "2010-12-31": 0, "2010-09-30": 0, "2010-06-30": 0, "2010-03-31": "", "2009-12-31": 0, "2009-09-30": 0, "2009-06-30": 0, "2009-03-31": "", "2008-12-31": 0, "2008-09-30": 0, "2008-06-30": 0, "2008-03-31": "", "2007-12-31": -0.17, "2007-09-30": 0, "2007-06-30": 0, "2007-03-31": ""}, "Debt Issuance/Retirement Net - Total": {"2020-09-30": -0.185, "2020-06-30": -0.206, "2020-03-31": "-0.21500", "2019-12-31": -0.212, "2019-09-30": -9.127, "2019-06-30": -923.003, "2019-03-31": "-17.92800", "2018-12-31": -83.428, "2018-09-30": -9.347, "2018-06-30": -9.049, "2018-03-31": "-9.36800", "2017-12-31": -11.276, "2017-09-30": -8.676, "2017-06-30": -8.982, "2017-03-31": "-8.73600", "2016-12-31": -9.749, "2016-09-30": 1489.818, "2016-06-30": -9.891, "2016-03-31": "-10.54200", "2015-12-31": -9.501, "2015-09-30": -9.068, "2015-06-30": -123.027, "2015-03-31": "-16.50800", "2014-12-31": -10.359, "2014-09-30": -16.404, "2014-06-30": -17.831, "2014-03-31": "-18.52800", "2013-12-31": -11.812, "2013-09-30": -17.706, "2013-06-30": -17.257, "2013-03-31": "-21.45000", "2012-12-31": -10.368, "2012-09-30": -15.154, "2012-06-30": -17.023, "2012-03-31": "-17.47700", "2011-12-31": -16.483, "2011-09-30": -18.098, "2011-06-30": 1988.107, "2011-03-31": "-13.01900", "2010-12-31": -7.001, "2010-09-30": -5.216, "2010-06-30": -24.665, "2010-03-31": "-12.84500", "2009-12-31": -13.55, "2009-09-30": -15.502, "2009-06-30": -11.913, "2009-03-31": "-14.67900", "2008-12-31": -10.201, "2008-09-30": -13.965, "2008-06-30": -13.585, "2008-03-31": "-9.46600", "2007-12-31": 0, "2007-09-30": 0, "2007-06-30": 0, "2007-03-31": ""}, "Net Common Equity Issued/Repurchased": {"2020-09-30": 3.313, "2020-06-30": 2.662, "2020-03-31": "-2.81900", "2019-12-31": 5.249, "2019-09-30": 5.29, "2019-06-30": 61.781, "2019-03-31": "4.79600", "2018-12-31": -31.352, "2018-09-30": 2.902, "2018-06-30": 2.833, "2018-03-31": "6.11700", "2017-12-31": 4.2, "2017-09-30": 3.562, "2017-06-30": 7.798, "2017-03-31": "28.73400", "2016-12-31": 11.275, "2016-09-30": 5.652, "2016-06-30": 4.17, "2016-03-31": "6.33500", "2015-12-31": 18.836, "2015-09-30": 5.789, "2015-06-30": 6.065, "2015-03-31": "8.03900", "2014-12-31": 8.179, "2014-09-30": 6.264, "2014-06-30": 8.826, "2014-03-31": "5.58800", "2013-12-31": 11.872, "2013-09-30": 13.654, "2013-06-30": 25.787, "2013-03-31": "19.93400", "2012-12-31": 5.376, "2012-09-30": 3.03, "2012-06-30": 5.695, "2012-03-31": "1.29700", "2011-12-31": 1.6, "2011-09-30": 3.131, "2011-06-30": 9.834, "2011-03-31": "14.15300", "2010-12-31": 1.115, "2010-09-30": 0.736, "2010-06-30": 1.034, "2010-03-31": "0.52400", "2009-12-31": 0.043, "2009-09-30": -20.992, "2009-06-30": -7.033, "2009-03-31": "0.49100", "2008-12-31": -52.768, "2008-09-30": -14.176, "2008-06-30": 4.414, "2008-03-31": "0.76100", "2007-12-31": 0, "2007-09-30": 0, "2007-06-30": 0, "2007-03-31": ""}, "Net Total Equity Issued/Repurchased": {"2020-09-30": 3.313, "2020-06-30": 2.662, "2020-03-31": "-2.81900", "2019-12-31": 5.249, "2019-09-30": 5.29, "2019-06-30": 61.781, "2019-03-31": "4.79600", "2018-12-31": -31.352, "2018-09-30": 2.902, "2018-06-30": 2.833, "2018-03-31": "6.11700", "2017-12-31": 4.851, "2017-09-30": 3.562, "2017-06-30": 7.798, "2017-03-31": "28.08300", "2016-12-31": 11.275, "2016-09-30": 5.652, "2016-06-30": 4.17, "2016-03-31": "6.33500", "2015-12-31": 18.836, "2015-09-30": 5.789, "2015-06-30": 6.065, "2015-03-31": "8.03900", "2014-12-31": 8.179, "2014-09-30": 3.686, "2014-06-30": 8.21, "2014-03-31": "16.30800", "2013-12-31": 11.872, "2013-09-30": 13.654, "2013-06-30": 25.787, "2013-03-31": "19.93400", "2012-12-31": 5.376, "2012-09-30": 3.03, "2012-06-30": 5.695, "2012-03-31": "1.29700", "2011-12-31": 1.6, "2011-09-30": 3.131, "2011-06-30": 9.834, "2011-03-31": "14.15300", "2010-12-31": 1.115, "2010-09-30": 0.736, "2010-06-30": 1.034, "2010-03-31": "0.52400", "2009-12-31": 0.043, "2009-09-30": -20.992, "2009-06-30": -7.033, "2009-03-31": "0.49100", "2008-12-31": -52.768, "2008-09-30": -14.176, "2008-06-30": 4.414, "2008-03-31": "0.76100", "2007-12-31": 0, "2007-09-30": 0, "2007-06-30": 0, "2007-03-31": ""}, "Total Common And Preferred Stock Dividends Paid": {"2020-09-30": 0, "2020-06-30": 0, "2020-03-31": "", "2019-12-31": 0, "2019-09-30": 0, "2019-06-30": 0, "2019-03-31": "", "2018-12-31": 0, "2018-09-30": 0, "2018-06-30": 0, "2018-03-31": "", "2017-12-31": 0, "2017-09-30": 0, "2017-06-30": 0, "2017-03-31": "", "2016-12-31": 0, "2016-09-30": 0, "2016-06-30": 0, "2016-03-31": "", "2015-12-31": 0, "2015-09-30": 0, "2015-06-30": 0, "2015-03-31": "", "2014-12-31": 0, "2014-09-30": 0, "2014-06-30": 0, "2014-03-31": "", "2013-12-31": 0, "2013-09-30": 0, "2013-06-30": 0, "2013-03-31": "", "2012-12-31": 0, "2012-09-30": 0, "2012-06-30": 0, "2012-03-31": "", "2011-12-31": 0, "2011-09-30": 0, "2011-06-30": 0, "2011-03-31": "", "2010-12-31": 0, "2010-09-30": 0, "2010-06-30": 0, "2010-03-31": "", "2009-12-31": 0, "2009-09-30": 0, "2009-06-30": 0, "2009-03-31": "", "2008-12-31": 0, "2008-09-30": 0, "2008-06-30": 0, "2008-03-31": "", "2007-12-31": 0, "2007-09-30": 0, "2007-06-30": 0, "2007-03-31": ""}, "Financial Activities - Other": {"2020-09-30": 4.345, "2020-06-30": 5.637, "2020-03-31": "4.01600", "2019-12-31": -0.333, "2019-09-30": -0.466, "2019-06-30": -2.341, "2019-03-31": "-9.01700", "2018-12-31": -0.74, "2018-09-30": -1.458, "2018-06-30": -2.165, "2018-03-31": "-1.50800", "2017-12-31": -2.17, "2017-09-30": -1.67, "2017-06-30": -1.237, "2017-03-31": "-1.47500", "2016-12-31": -1.731, "2016-09-30": -8.328, "2016-06-30": -1.018, "2016-03-31": "-0.30200", "2015-12-31": -2.407, "2015-09-30": -1.661, "2015-06-30": -0.335, "2015-03-31": "3.52100", "2014-12-31": 1.395, "2014-09-30": -10.834, "2014-06-30": 0.568, "2014-03-31": "0.51400", "2013-12-31": 13.965, "2013-09-30": 0.523, "2013-06-30": 0.524, "2013-03-31": "0.29200", "2012-12-31": 1.193, "2012-09-30": -0.633, "2012-06-30": 0.029, "2012-03-31": "0.05900", "2011-12-31": 0.226, "2011-09-30": -1.862, "2011-06-30": -54.736, "2011-03-31": "0.69400", "2010-12-31": -0.655, "2010-09-30": 0, "2010-06-30": 0, "2010-03-31": "", "2009-12-31": 0, "2009-09-30": 0, "2009-06-30": 0, "2009-03-31": "", "2008-12-31": 0, "2008-09-30": 0, "2008-06-30": 0, "2008-03-31": "544.06500", "2007-12-31": 401.885, "2007-09-30": 45.402, "2007-06-30": 76.161, "2007-03-31": "77.06200"}, "Cash Flow From Financial Activities": {"2020-09-30": 7.473, "2020-06-30": 8.093, "2020-03-31": "0.98200", "2019-12-31": 4.704, "2019-09-30": -4.303, "2019-06-30": -863.563, "2019-03-31": "-22.14900", "2018-12-31": -115.52, "2018-09-30": -7.903, "2018-06-30": -8.381, "2018-03-31": "-4.75900", "2017-12-31": -8.595, "2017-09-30": -6.784, "2017-06-30": -2.421, "2017-03-31": "17.87200", "2016-12-31": -0.205, "2016-09-30": 1487.142, "2016-06-30": -6.739, "2016-03-31": "-4.50900", "2015-12-31": 6.928, "2015-09-30": -4.94, "2015-06-30": -117.297, "2015-03-31": "-4.94800", "2014-12-31": -0.785, "2014-09-30": -23.552, "2014-06-30": -9.053, "2014-03-31": "-1.70600", "2013-12-31": 14.025, "2013-09-30": -3.529, "2013-06-30": 9.054, "2013-03-31": "-1.22400", "2012-12-31": -3.799, "2012-09-30": -12.757, "2012-06-30": -11.299, "2012-03-31": "-16.12100", "2011-12-31": -14.657, "2011-09-30": -16.829, "2011-06-30": 1943.205, "2011-03-31": "1.82800", "2010-12-31": -6.541, "2010-09-30": -4.48, "2010-06-30": -23.631, "2010-03-31": "-12.32100", "2009-12-31": -13.507, "2009-09-30": -36.494, "2009-06-30": -18.946, "2009-03-31": "-14.18800", "2008-12-31": -62.969, "2008-09-30": -28.141, "2008-06-30": -9.171, "2008-03-31": "535.36000", "2007-12-31": 401.705, "2007-09-30": 45.402, "2007-06-30": 76.161, "2007-03-31": "77.06200"}, "Net Cash Flow": {"2020-09-30": -1393.291, "2020-06-30": 350.233, "2020-03-31": "85.41400", "2019-12-31": -41.609, "2019-09-30": 256.372, "2019-06-30": -43.58, "2019-03-31": "421.21100", "2018-12-31": -668.579, "2018-09-30": -195.767, "2018-06-30": -446.537, "2018-03-31": "-191.87100", "2017-12-31": -366.885, "2017-09-30": -186.71, "2017-06-30": 185.532, "2017-03-31": "228.44600", "2016-12-31": 355.503, "2016-09-30": 1453.868, "2016-06-30": -136.976, "2016-03-31": "-25.42400", "2015-12-31": 145.135, "2015-09-30": 277.095, "2015-06-30": -89.496, "2015-03-31": "42.45300", "2014-12-31": -211.338, "2014-09-30": 52.134, "2014-06-30": 6.25, "2014-03-31": "67.88800", "2013-12-31": -187.237, "2013-09-30": 121.222, "2013-06-30": -37.276, "2013-03-31": "5.79600", "2012-12-31": 37.15, "2012-09-30": 61.079, "2012-06-30": 4.291, "2012-03-31": "15.05900", "2011-12-31": -26.771, "2011-09-30": 310.643, "2011-06-30": 208.567, "2011-03-31": "-20.21800", "2010-12-31": 25.11, "2010-09-30": -5.614, "2010-06-30": -41.297, "2010-03-31": "140.28500", "2009-12-31": -24.126, "2009-09-30": -16.001, "2009-06-30": -84.06, "2009-03-31": "123.05000", "2008-12-31": -305.327, "2008-09-30": 33.18, "2008-06-30": -17.94, "2008-03-31": "273.47200", "2007-12-31": 7.347, "2007-09-30": 5.829, "2007-06-30": -4.172, "2007-03-31": "2.45600"}, "Stock-Based Compensation": {"2020-09-30": 2.378, "2020-06-30": 2.125, "2020-03-31": "2.38400", "2019-12-31": 2.233, "2019-09-30": 2.287, "2019-06-30": 2.205, "2019-03-31": "2.62800", "2018-12-31": 2.219, "2018-09-30": 2.661, "2018-06-30": 2.345, "2018-03-31": "2.76500", "2017-12-31": 2.934, "2017-09-30": 3.261, "2017-06-30": 2.952, "2017-03-31": "0.95600", "2016-12-31": 3.281, "2016-09-30": 3.625, "2016-06-30": 3.944, "2016-03-31": "4.38400", "2015-12-31": 5.635, "2015-09-30": 5.916, "2015-06-30": 6.113, "2015-03-31": "4.17500", "2014-12-31": 4.035, "2014-09-30": 3.47, "2014-06-30": 3.621, "2014-03-31": "3.55700", "2013-12-31": 4.365, "2013-09-30": 3.936, "2013-06-30": 5.068, "2013-03-31": "4.98400", "2012-12-31": 0.224, "2012-09-30": 3.747, "2012-06-30": 3.696, "2012-03-31": "6.91800", "2011-12-31": 4.506, "2011-09-30": 5.016, "2011-06-30": 3.561, "2011-03-31": "2.98100", "2010-12-31": 3.004, "2010-09-30": 3.241, "2010-06-30": 3.059, "2010-03-31": "4.24200", "2009-12-31": 3.253, "2009-09-30": 3.257, "2009-06-30": 3.407, "2009-03-31": "3.45400", "2008-12-31": 6.128, "2008-09-30": 6.456, "2008-06-30": 5.551, "2008-03-31": "5.47000", "2007-12-31": 2.294, "2007-09-30": 0.876, "2007-06-30": 0.982, "2007-03-31": "1.00700"}, "Common Stock Dividends Paid": {"2020-09-30": 0, "2020-06-30": 0, "2020-03-31": "", "2019-12-31": 0, "2019-09-30": 0, "2019-06-30": 0, "2019-03-31": "", "2018-12-31": 0, "2018-09-30": 0, "2018-06-30": 0, "2018-03-31": "", "2017-12-31": 0, "2017-09-30": 0, "2017-06-30": 0, "2017-03-31": "", "2016-12-31": 0, "2016-09-30": 0, "2016-06-30": 0, "2016-03-31": "", "2015-12-31": 0, "2015-09-30": 0, "2015-06-30": 0, "2015-03-31": "", "2014-12-31": 0, "2014-09-30": 0, "2014-06-30": 0, "2014-03-31": "", "2013-12-31": 0, "2013-09-30": 0, "2013-06-30": 0, "2013-03-31": "", "2012-12-31": 0, "2012-09-30": 0, "2012-06-30": 0, "2012-03-31": "", "2011-12-31": 0, "2011-09-30": 0, "2011-06-30": 0, "2011-03-31": "", "2010-12-31": 0, "2010-09-30": 0, "2010-06-30": 0, "2010-03-31": "", "2009-12-31": 0, "2009-09-30": 0, "2009-06-30": 0, "2009-03-31": "", "2008-12-31": 0, "2008-09-30": 0, "2008-06-30": 0, "2008-03-31": "", "2007-12-31": 0, "2007-09-30": 0, "2007-06-30": 0, "2007-03-31": ""}}, "financial ratios": {"Current Ratio": {"2019-12-31": "5.71800", "2018-12-31": "2.66210", "2017-12-31": "8.97710", "2016-12-31": "7.00610", "2015-12-31": "4.05000", "2014-12-31": "4.49670", "2013-12-31": "4.21910", "2012-12-31": "3.77070", "2011-12-31": "3.95350", "2010-12-31": "4.27920", "2009-12-31": "3.74680", "2008-12-31": "3.32690", "2007-12-31": "12.11890", "2006-12-31": "22.80400", "2005-12-31": ""}, "Long-term Debt / Capital": {"2019-12-31": "0.38950", "2018-12-31": "0.36480", "2017-12-31": "0.46250", "2016-12-31": "0.47480", "2015-12-31": "0.36320", "2014-12-31": "0.39090", "2013-12-31": "0.42170", "2012-12-31": "0.43450", "2011-12-31": "0.44670", "2010-12-31": "0.10670", "2009-12-31": "0.12830", "2008-12-31": "0.11720", "2007-12-31": "0.00190", "2006-12-31": "", "2005-12-31": ""}, "Debt/Equity Ratio": {"2019-12-31": "0.63810", "2018-12-31": "0.79550", "2017-12-31": "0.87010", "2016-12-31": "0.91230", "2015-12-31": "0.57970", "2014-12-31": "0.65340", "2013-12-31": "0.75080", "2012-12-31": "0.78990", "2011-12-31": "0.82860", "2010-12-31": "0.13700", "2009-12-31": "0.16750", "2008-12-31": "0.15660", "2007-12-31": "0.00310", "2006-12-31": "", "2005-12-31": ""}, "Gross Margin": {"2019-12-31": "58.25440", "2018-12-31": "57.98870", "2017-12-31": "54.37030", "2016-12-31": "59.94480", "2015-12-31": "58.36560", "2014-12-31": "38.24210", "2013-12-31": "32.76680", "2012-12-31": "33.06750", "2011-12-31": "30.92370", "2010-12-31": "23.86370", "2009-12-31": "22.76070", "2008-12-31": "20.23060", "2007-12-31": "5.83400", "2006-12-31": "5.59160", "2005-12-31": "4.96750"}, "Operating Margin": {"2019-12-31": "3.87450", "2018-12-31": "2.05020", "2017-12-31": "2.00390", "2016-12-31": "16.35840", "2015-12-31": "14.80730", "2014-12-31": "9.52210", "2013-12-31": "3.15580", "2012-12-31": "3.19970", "2011-12-31": "2.92740", "2010-12-31": "6.05540", "2009-12-31": "0.25700", "2008-12-31": "-29.78790", "2007-12-31": "-5.59430", "2006-12-31": "-2.45500", "2005-12-31": "-2.18430"}, "EBIT Margin": {"2019-12-31": "3.87450", "2018-12-31": "2.05020", "2017-12-31": "2.00390", "2016-12-31": "16.35840", "2015-12-31": "14.80730", "2014-12-31": "9.52210", "2013-12-31": "3.15580", "2012-12-31": "3.19970", "2011-12-31": "2.92740", "2010-12-31": "6.05540", "2009-12-31": "0.25700", "2008-12-31": "-29.78790", "2007-12-31": "-5.59430", "2006-12-31": "-2.45500", "2005-12-31": "-2.18430"}, "EBITDA Margin": {"2019-12-31": "35.37440", "2018-12-31": "36.43620", "2017-12-31": "37.49060", "2016-12-31": "44.06500", "2015-12-31": "43.37400", "2014-12-31": "25.67830", "2013-12-31": "18.60490", "2012-12-31": "17.84960", "2011-12-31": "16.90180", "2010-12-31": "15.79480", "2009-12-31": "13.08190", "2008-12-31": "-17.50260", "2007-12-31": "-4.96570", "2006-12-31": "-2.05960", "2005-12-31": "-1.79900"}, "Pre-Tax Profit Margin": {"2019-12-31": "-4.93960", "2018-12-31": "-7.13620", "2017-12-31": "-2.11130", "2016-12-31": "11.96520", "2015-12-31": "7.53580", "2014-12-31": "5.17570", "2013-12-31": "-1.03690", "2012-12-31": "6.23650", "2011-12-31": "0.93340", "2010-12-31": "12.28630", "2009-12-31": "22.34550", "2008-12-31": "-49.05180", "2007-12-31": "-5.38810", "2006-12-31": "-2.03810", "2005-12-31": "-2.90740"}, "Net Profit Margin": {"2019-12-31": "-3.33590", "2018-12-31": "-2.29630", "2017-12-31": "25.81840", "2016-12-31": "10.03460", "2015-12-31": "8.85410", "2014-12-31": "4.79650", "2013-12-31": "0.07690", "2012-12-31": "6.76070", "2011-12-31": "0.13180", "2010-12-31": "8.69470", "2009-12-31": "19.15910", "2008-12-31": "-44.55610", "2007-12-31": "-5.52440", "2006-12-31": "-2.23970", "2005-12-31": "-2.96890"}, "Asset Turnover": {"2019-12-31": "0.26360", "2018-12-31": "0.20350", "2017-12-31": "0.17430", "2016-12-31": "0.20100", "2015-12-31": "0.25640", "2014-12-31": "0.47500", "2013-12-31": "0.48980", "2012-12-31": "0.47300", "2011-12-31": "0.42200", "2010-12-31": "0.61180", "2009-12-31": "0.54890", "2008-12-31": "0.74420", "2007-12-31": "1.22460", "2006-12-31": "2.94570", "2005-12-31": ""}, "Inventory Turnover Ratio": {"2019-12-31": "", "2018-12-31": "", "2017-12-31": "8.32490", "2016-12-31": "11.58070", "2015-12-31": "11.48720", "2014-12-31": "33.79630", "2013-12-31": "33.39530", "2012-12-31": "24.77160", "2011-12-31": "27.76270", "2010-12-31": "58.80080", "2009-12-31": "27.73410", "2008-12-31": "36.89710", "2007-12-31": "69.09590", "2006-12-31": "528.25750", "2005-12-31": ""}, "Receiveable Turnover": {"2019-12-31": "9.59210", "2018-12-31": "8.76520", "2017-12-31": "6.35120", "2016-12-31": "8.96520", "2015-12-31": "4.05100", "2014-12-31": "8.30460", "2013-12-31": "6.38080", "2012-12-31": "6.32930", "2011-12-31": "6.23610", "2010-12-31": "8.35700", "2009-12-31": "4.15960", "2008-12-31": "6.57960", "2007-12-31": "45.20890", "2006-12-31": "80.01890", "2005-12-31": ""}, "Days Sales In Receivables": {"2019-12-31": "38.05220", "2018-12-31": "41.64220", "2017-12-31": "57.46910", "2016-12-31": "40.71300", "2015-12-31": "90.10200", "2014-12-31": "43.95170", "2013-12-31": "57.20290", "2012-12-31": "57.66870", "2011-12-31": "58.52990", "2010-12-31": "43.67570", "2009-12-31": "87.74920", "2008-12-31": "55.47420", "2007-12-31": "8.07360", "2006-12-31": "4.56140", "2005-12-31": ""}, "ROE - Return On Equity": {"2019-12-31": "-3.03430", "2018-12-31": "-3.18520", "2017-12-31": "2.94220", "2016-12-31": "3.40350", "2015-12-31": "2.32950", "2014-12-31": "4.07190", "2013-12-31": "0.10540", "2012-12-31": "6.69830", "2011-12-31": "0.14010", "2010-12-31": "6.78210", "2009-12-31": "13.68570", "2008-12-31": "-43.32580", "2007-12-31": "-7.06410", "2006-12-31": "-6.80130", "2005-12-31": ""}, "Return On Tangible Equity": {"2019-12-31": "-3.54160", "2018-12-31": "-3.66950", "2017-12-31": "3.40060", "2016-12-31": "3.98530", "2015-12-31": "2.80690", "2014-12-31": "5.05760", "2013-12-31": "0.13830", "2012-12-31": "9.19520", "2011-12-31": "0.20830", "2010-12-31": "7.17610", "2009-12-31": "14.51250", "2008-12-31": "-47.28420", "2007-12-31": "-9.61190", "2006-12-31": "-6.96670", "2005-12-31": ""}, "ROA - Return On Assets": {"2019-12-31": "-1.58860", "2018-12-31": "-1.52820", "2017-12-31": "1.40460", "2016-12-31": "1.51380", "2015-12-31": "1.22190", "2014-12-31": "2.03400", "2013-12-31": "0.05070", "2012-12-31": "3.19710", "2011-12-31": "0.06530", "2010-12-31": "5.31900", "2009-12-31": "10.51610", "2008-12-31": "-33.15760", "2007-12-31": "-6.76500", "2006-12-31": "-6.59730", "2005-12-31": ""}, "ROI - Return On Investment": {"2019-12-31": "-1.85240", "2018-12-31": "-2.02340", "2017-12-31": "1.58150", "2016-12-31": "1.78750", "2015-12-31": "1.48350", "2014-12-31": "2.48010", "2013-12-31": "0.06100", "2012-12-31": "3.78770", "2011-12-31": "0.07750", "2010-12-31": "6.05860", "2009-12-31": "11.93010", "2008-12-31": "-38.24730", "2007-12-31": "-7.05040", "2006-12-31": "-6.80130", "2005-12-31": ""}, "Book Value Per Share": {"2019-12-31": "38.30040", "2018-12-31": "43.58360", "2017-12-31": "43.59660", "2016-12-31": "42.44590", "2015-12-31": "40.55690", "2014-12-31": "39.50290", "2013-12-31": "35.63870", "2012-12-31": "35.95990", "2011-12-31": "35.21580", "2010-12-31": "35.34200", "2009-12-31": "31.40880", "2008-12-31": "25.58200", "2007-12-31": "", "2006-12-31": "", "2005-12-31": ""}, "Operating Cash Flow Per Share": {"2019-12-31": -0.8469, "2018-12-31": 0.1176, "2017-12-31": -0.9953, "2016-12-31": 0.2018, "2015-12-31": -0.7638, "2014-12-31": 4.1179, "2013-12-31": -0.7898, "2012-12-31": 0.6101, "2011-12-31": 0.3911, "2010-12-31": 2.4611, "2009-12-31": 0.9591, "2008-12-31": 2.3037, "2007-12-31": -0.5766, "2006-12-31": -0.4055, "2005-12-31": 0}, "Free Cash Flow Per Share": {"2019-12-31": -0.2116, "2018-12-31": 1.1393, "2017-12-31": 0.4167, "2016-12-31": 0.3328, "2015-12-31": -0.9484, "2014-12-31": 0.6399, "2013-12-31": 1.1781, "2012-12-31": -0.8913, "2011-12-31": -1.6308, "2010-12-31": 2.6378, "2009-12-31": 1.0469, "2008-12-31": 1.3388, "2007-12-31": -1.82, "2006-12-31": -0.7707, "2005-12-31": 0}}, "financial ratios, quarterly": {"Current Ratio": {"2020-09-30": "2.10230", "2020-06-30": "2.07610", "2020-03-31": "6.20140", "2019-12-31": "5.71800", "2019-09-30": "6.35440", "2019-06-30": "6.09680", "2019-03-31": "2.73230", "2018-12-31": "2.66210", "2018-09-30": "2.69800", "2018-06-30": "2.76610", "2018-03-31": "8.98600", "2017-12-31": "8.97710", "2017-09-30": "8.61140", "2017-06-30": "9.10800", "2017-03-31": "8.85300", "2016-12-31": "7.00610", "2016-09-30": "6.78080", "2016-06-30": "4.29660", "2016-03-31": "0.89200", "2015-12-31": "4.05000", "2015-09-30": "4.15880", "2015-06-30": "4.30540", "2015-03-31": "4.26840", "2014-12-31": "4.49670", "2014-09-30": "4.00820", "2014-06-30": "4.55500", "2014-03-31": "3.86020", "2013-12-31": "4.21910", "2013-09-30": "4.10590", "2013-06-30": "4.48290", "2013-03-31": "4.26530", "2012-12-31": "3.77070", "2012-09-30": "3.85090", "2012-06-30": "3.79390", "2012-03-31": "3.66940", "2011-12-31": "3.95350", "2011-09-30": "3.13530", "2011-06-30": "2.56530", "2011-03-31": "3.96040", "2010-12-31": "4.27920", "2010-09-30": "3.94520", "2010-06-30": "3.98800", "2010-03-31": "3.68490", "2009-12-31": "3.74680", "2009-09-30": "3.10600", "2009-06-30": "3.69830", "2009-03-31": "3.60480", "2008-12-31": "3.32690", "2008-09-30": "2.88450", "2008-06-30": "4.23320", "2008-03-31": "3.61640", "2007-12-31": "12.11890", "2007-09-30": "", "2007-06-30": "", "2007-03-31": ""}, "Long-term Debt / Capital": {"2020-09-30": "0.29270", "2020-06-30": "0.29430", "2020-03-31": "0.39860", "2019-12-31": "0.38950", "2019-09-30": "0.39340", "2019-06-30": "0.37570", "2019-03-31": "0.38020", "2018-12-31": "0.36480", "2018-09-30": "0.37750", "2018-06-30": "0.37920", "2018-03-31": "0.46020", "2017-12-31": "0.46250", "2017-09-30": "0.48070", "2017-06-30": "0.48360", "2017-03-31": "0.48490", "2016-12-31": "0.47480", "2016-09-30": "0.47710", "2016-06-30": "0.35370", "2016-03-31": "0.07000", "2015-12-31": "0.36320", "2015-09-30": "0.37220", "2015-06-30": "0.37290", "2015-03-31": "0.38850", "2014-12-31": "0.39090", "2014-09-30": "0.39330", "2014-06-30": "0.39660", "2014-03-31": "0.40020", "2013-12-31": "0.42170", "2013-09-30": "0.42550", "2013-06-30": "0.42850", "2013-03-31": "0.43020", "2012-12-31": "0.43450", "2012-09-30": "0.43500", "2012-06-30": "0.43910", "2012-03-31": "0.44360", "2011-12-31": "0.44670", "2011-09-30": "0.43640", "2011-06-30": "0.42960", "2011-03-31": "0.10400", "2010-12-31": "0.10670", "2010-09-30": "0.11530", "2010-06-30": "0.12190", "2010-03-31": "0.12490", "2009-12-31": "0.12830", "2009-09-30": "0.08830", "2009-06-30": "0.10040", "2009-03-31": "0.10950", "2008-12-31": "0.11720", "2008-09-30": "0.09380", "2008-06-30": "0.09050", "2008-03-31": "0.09350", "2007-12-31": "0.00190", "2007-09-30": "", "2007-06-30": "", "2007-03-31": ""}, "Debt/Equity Ratio": {"2020-09-30": "0.66210", "2020-06-30": "0.66720", "2020-03-31": "0.66290", "2019-12-31": "0.63790", "2019-09-30": "0.64860", "2019-06-30": "0.61180", "2019-03-31": "0.84150", "2018-12-31": "0.79550", "2018-09-30": "0.84840", "2018-06-30": "0.85300", "2018-03-31": "0.86250", "2017-12-31": "0.87010", "2017-09-30": "0.93540", "2017-06-30": "0.94670", "2017-03-31": "0.95100", "2016-12-31": "0.91230", "2016-09-30": "0.92180", "2016-06-30": "0.55700", "2016-03-31": "0.56630", "2015-12-31": "0.57970", "2015-09-30": "0.60160", "2015-06-30": "0.60330", "2015-03-31": "0.64390", "2014-12-31": "0.65340", "2014-09-30": "0.66060", "2014-06-30": "0.67170", "2014-03-31": "0.68480", "2013-12-31": "0.75080", "2013-09-30": "0.76220", "2013-06-30": "0.77030", "2013-03-31": "0.77540", "2012-12-31": "0.78990", "2012-09-30": "0.79050", "2012-06-30": "0.80380", "2012-03-31": "0.81930", "2011-12-31": "0.82860", "2011-09-30": "0.79370", "2011-06-30": "0.77190", "2011-03-31": "0.13400", "2010-12-31": "0.13700", "2010-09-30": "0.14710", "2010-06-30": "0.15330", "2010-03-31": "0.16140", "2009-12-31": "0.16750", "2009-09-30": "0.11550", "2009-06-30": "0.13310", "2009-03-31": "0.14520", "2008-12-31": "0.15660", "2008-09-30": "0.12070", "2008-06-30": "0.11480", "2008-03-31": "0.11920", "2007-12-31": "0.00310", "2007-09-30": "", "2007-06-30": "", "2007-03-31": ""}, "Gross Margin": {"2020-09-30": "61.21330", "2020-06-30": "62.22550", "2020-03-31": "58.94910", "2019-12-31": "56.96610", "2019-09-30": "58.70300", "2019-06-30": "58.90180", "2019-03-31": "58.54720", "2018-12-31": "38.60310", "2018-09-30": "58.66340", "2018-06-30": "63.30080", "2018-03-31": "62.57100", "2017-12-31": "5.54100", "2017-09-30": "60.37430", "2017-06-30": "58.74030", "2017-03-31": "59.43190", "2016-12-31": "58.59690", "2016-09-30": "59.74470", "2016-06-30": "60.62180", "2016-03-31": "60.94900", "2015-12-31": "-15.56630", "2015-09-30": "43.79200", "2015-06-30": "42.49110", "2015-03-31": "41.34340", "2014-12-31": "40.38880", "2014-09-30": "38.33080", "2014-06-30": "38.43740", "2014-03-31": "35.74480", "2013-12-31": "33.49120", "2013-09-30": "31.44920", "2013-06-30": "33.20900", "2013-03-31": "32.97550", "2012-12-31": "32.61210", "2012-09-30": "32.31830", "2012-06-30": "33.36770", "2012-03-31": "33.96850", "2011-12-31": "33.73330", "2011-09-30": "31.67490", "2011-06-30": "29.80730", "2011-03-31": "26.04740", "2010-12-31": "25.73440", "2010-09-30": "23.51530", "2010-06-30": "22.98800", "2010-03-31": "23.51200", "2009-12-31": "22.01310", "2009-09-30": "22.25080", "2009-06-30": "26.94630", "2009-03-31": "20.80010", "2008-12-31": "18.27850", "2008-09-30": "18.91240", "2008-06-30": "22.37720", "2008-03-31": "21.57160", "2007-12-31": "7.84230", "2007-09-30": "6.34570", "2007-06-30": "5.85440", "2007-03-31": "3.73630"}, "Operating Margin": {"2020-09-30": "7.81200", "2020-06-30": "7.56790", "2020-03-31": "2.27690", "2019-12-31": "4.72880", "2019-09-30": "5.52510", "2019-06-30": "-1.01230", "2019-03-31": "6.17280", "2018-12-31": "-48.41630", "2018-09-30": "8.38470", "2018-06-30": "14.21500", "2018-03-31": "11.56060", "2017-12-31": "-84.69270", "2017-09-30": "11.72280", "2017-06-30": "9.86720", "2017-03-31": "11.92450", "2016-12-31": "16.47790", "2016-09-30": "16.65090", "2016-06-30": "17.04050", "2016-03-31": "15.21620", "2015-12-31": "-1.90480", "2015-09-30": "11.64540", "2015-06-30": "11.88870", "2015-03-31": "10.16780", "2014-12-31": "9.89740", "2014-09-30": "10.30060", "2014-06-30": "10.51000", "2014-03-31": "7.24190", "2013-12-31": "4.04160", "2013-09-30": "4.81840", "2013-06-30": "0.73350", "2013-03-31": "3.00910", "2012-12-31": "0.08430", "2012-09-30": "3.12270", "2012-06-30": "5.69890", "2012-03-31": "3.84560", "2011-12-31": "0.22810", "2011-09-30": "2.57960", "2011-06-30": "7.84290", "2011-03-31": "2.26080", "2010-12-31": "6.16580", "2010-09-30": "6.35920", "2010-06-30": "5.19240", "2010-03-31": "6.50090", "2009-12-31": "2.53180", "2009-09-30": "-0.79430", "2009-06-30": "-0.79600", "2009-03-31": "-0.48960", "2008-12-31": "-120.44950", "2008-09-30": "-6.67220", "2008-06-30": "-0.49430", "2008-03-31": "0.15540", "2007-12-31": "-12.79030", "2007-09-30": "-2.15320", "2007-06-30": "-4.08000", "2007-03-31": "-4.01370"}, "EBIT Margin": {"2020-09-30": "7.81200", "2020-06-30": "7.56790", "2020-03-31": "2.27690", "2019-12-31": "4.72880", "2019-09-30": "5.52510", "2019-06-30": "-1.01230", "2019-03-31": "6.17280", "2018-12-31": "-48.41630", "2018-09-30": "8.38470", "2018-06-30": "14.21500", "2018-03-31": "11.56060", "2017-12-31": "-84.69260", "2017-09-30": "11.72280", "2017-06-30": "9.86720", "2017-03-31": "11.92450", "2016-12-31": "16.47790", "2016-09-30": "16.65090", "2016-06-30": "17.04050", "2016-03-31": "15.21620", "2015-12-31": "-1.90480", "2015-09-30": "11.64540", "2015-06-30": "11.88870", "2015-03-31": "10.16780", "2014-12-31": "9.89740", "2014-09-30": "10.30060", "2014-06-30": "10.51000", "2014-03-31": "7.24190", "2013-12-31": "4.04150", "2013-09-30": "4.81840", "2013-06-30": "0.73350", "2013-03-31": "3.00910", "2012-12-31": "0.08430", "2012-09-30": "3.12270", "2012-06-30": "5.69890", "2012-03-31": "3.84560", "2011-12-31": "0.22810", "2011-09-30": "2.57960", "2011-06-30": "7.84290", "2011-03-31": "2.26080", "2010-12-31": "6.16580", "2010-09-30": "6.35920", "2010-06-30": "5.19240", "2010-03-31": "6.50090", "2009-12-31": "2.53180", "2009-09-30": "-0.79430", "2009-06-30": "-0.79600", "2009-03-31": "-0.48960", "2008-12-31": "-120.44950", "2008-09-30": "-6.67220", "2008-06-30": "-0.49430", "2008-03-31": "0.15540", "2007-12-31": "-12.79030", "2007-09-30": "-2.15320", "2007-06-30": "-4.08000", "2007-03-31": "-4.01370"}, "EBITDA Margin": {"2020-09-30": "", "2020-06-30": "", "2020-03-31": "", "2019-12-31": "", "2019-09-30": "", "2019-06-30": "", "2019-03-31": "", "2018-12-31": "", "2018-09-30": "", "2018-06-30": "", "2018-03-31": "", "2017-12-31": "", "2017-09-30": "", "2017-06-30": "", "2017-03-31": "", "2016-12-31": "", "2016-09-30": "", "2016-06-30": "", "2016-03-31": "", "2015-12-31": "", "2015-09-30": "", "2015-06-30": "", "2015-03-31": "", "2014-12-31": "", "2014-09-30": "", "2014-06-30": "", "2014-03-31": "", "2013-12-31": "", "2013-09-30": "", "2013-06-30": "", "2013-03-31": "", "2012-12-31": "", "2012-09-30": "", "2012-06-30": "", "2012-03-31": "", "2011-12-31": "", "2011-09-30": "", "2011-06-30": "", "2011-03-31": "", "2010-12-31": "", "2010-09-30": "", "2010-06-30": "", "2010-03-31": "", "2009-12-31": "", "2009-09-30": "", "2009-06-30": "", "2009-03-31": "", "2008-12-31": "", "2008-09-30": "", "2008-06-30": "", "2008-03-31": "", "2007-12-31": "", "2007-09-30": "", "2007-06-30": "", "2007-03-31": ""}, "Pre-Tax Profit Margin": {"2020-09-30": "5.53810", "2020-06-30": "-0.86880", "2020-03-31": "-14.00770", "2019-12-31": "-9.69730", "2019-09-30": "-3.83220", "2019-06-30": "-5.50270", "2019-03-31": "-0.29510", "2018-12-31": "-71.59200", "2018-09-30": "1.04500", "2018-06-30": "18.15470", "2018-03-31": "-5.29580", "2017-12-31": "-78.58470", "2017-09-30": "8.71450", "2017-06-30": "2.06290", "2017-03-31": "7.10210", "2016-12-31": "8.99960", "2016-09-30": "10.93480", "2016-06-30": "15.34930", "2016-03-31": "12.86120", "2015-12-31": "2.67380", "2015-09-30": "7.48280", "2015-06-30": "6.28480", "2015-03-31": "5.75960", "2014-12-31": "5.93400", "2014-09-30": "7.20500", "2014-06-30": "5.51530", "2014-03-31": "1.83860", "2013-12-31": "-0.66470", "2013-09-30": "-0.12390", "2013-06-30": "-3.06810", "2013-03-31": "-0.27000", "2012-12-31": "1.42050", "2012-09-30": "2.85860", "2012-06-30": "4.39950", "2012-03-31": "16.50100", "2011-12-31": "-2.67810", "2011-09-30": "-0.57730", "2011-06-30": "4.81860", "2011-03-31": "5.19920", "2010-12-31": "36.19920", "2010-09-30": "5.51200", "2010-06-30": "-4.16190", "2010-03-31": "15.09170", "2009-12-31": "-2.08470", "2009-09-30": "68.98980", "2009-06-30": "25.71750", "2009-03-31": "1.10100", "2008-12-31": "-164.42420", "2008-09-30": "-49.15670", "2008-06-30": "11.09360", "2008-03-31": "1.92270", "2007-12-31": "-12.70010", "2007-09-30": "-1.35730", "2007-06-30": "-4.17190", "2007-03-31": "-4.02650"}, "Net Profit Margin": {"2020-09-30": "5.37270", "2020-06-30": "-2.48380", "2020-03-31": "-11.65960", "2019-12-31": "-10.64480", "2019-09-30": "-3.87690", "2019-06-30": "-1.23620", "2019-03-31": "3.12560", "2018-12-31": "-40.26990", "2018-09-30": "3.51810", "2018-06-30": "14.68220", "2018-03-31": "-4.29480", "2017-12-31": "214.99500", "2017-09-30": "7.20420", "2017-06-30": "1.49220", "2017-03-31": "8.98620", "2016-12-31": "8.03340", "2016-09-30": "7.96530", "2016-06-30": "12.68090", "2016-03-31": "11.73080", "2015-12-31": "-13.14690", "2015-09-30": "3.95620", "2015-06-30": "4.27170", "2015-03-31": "4.18230", "2014-12-31": "6.48970", "2014-09-30": "7.15030", "2014-06-30": "3.84100", "2014-03-31": "1.53180", "2013-12-31": "0.55760", "2013-09-30": "0.50890", "2013-06-30": "-1.17580", "2013-03-31": "0.43470", "2012-12-31": "3.33550", "2012-09-30": "2.94930", "2012-06-30": "4.42700", "2012-03-31": "16.55220", "2011-12-31": "-1.54520", "2011-09-30": "-2.21480", "2011-06-30": "3.16350", "2011-03-31": "3.57710", "2010-12-31": "32.91860", "2010-09-30": "0.84850", "2010-06-30": "-6.87790", "2010-03-31": "11.44130", "2009-12-31": "-5.44960", "2009-09-30": "60.86570", "2009-06-30": "26.57300", "2009-03-31": "-0.13450", "2008-12-31": "-141.76710", "2008-09-30": "-49.97460", "2008-06-30": "9.89450", "2008-03-31": "1.02800", "2007-12-31": "-12.55390", "2007-09-30": "-1.64430", "2007-06-30": "-4.47350", "2007-03-31": "-4.13250"}, "Asset Turnover": {"2020-09-30": "0.06740", "2020-06-30": "0.06590", "2020-03-31": "0.06690", "2019-12-31": "0.06970", "2019-09-30": "0.06710", "2019-06-30": "0.05790", "2019-03-31": "0.05180", "2018-12-31": "0.03220", "2018-09-30": "0.05160", "2018-06-30": "0.05980", "2018-03-31": "0.05730", "2017-12-31": "0.01670", "2017-09-30": "0.05460", "2017-06-30": "0.05320", "2017-03-31": "0.04950", "2016-12-31": "0.05280", "2016-09-30": "0.05120", "2016-06-30": "0.06010", "2016-03-31": "0.05890", "2015-12-31": "-0.06990", "2015-09-30": "0.10440", "2015-06-30": "0.10970", "2015-03-31": "0.10920", "2014-12-31": "0.11630", "2014-09-30": "0.12250", "2014-06-30": "0.12270", "2014-03-31": "0.11410", "2013-12-31": "0.12060", "2013-09-30": "0.12740", "2013-06-30": "0.12760", "2013-03-31": "0.12140", "2012-12-31": "0.11910", "2012-09-30": "0.11490", "2012-06-30": "0.12140", "2012-03-31": "0.11440", "2011-12-31": "0.12750", "2011-09-30": "0.13360", "2011-06-30": "0.08960", "2011-03-31": "0.12230", "2010-12-31": "0.13360", "2010-09-30": "0.16710", "2010-06-30": "0.16980", "2010-03-31": "0.17480", "2009-12-31": "0.16090", "2009-09-30": "0.14260", "2009-06-30": "0.12330", "2009-03-31": "0.15980", "2008-12-31": "0.17180", "2008-09-30": "0.15700", "2008-06-30": "0.11860", "2008-03-31": "0.13000", "2007-12-31": "0.28650", "2007-09-30": "", "2007-06-30": "", "2007-03-31": ""}, "Inventory Turnover Ratio": {"2020-09-30": "", "2020-06-30": "", "2020-03-31": "", "2019-12-31": "", "2019-09-30": "2.33860", "2019-06-30": "2.58000", "2019-03-31": "2.47460", "2018-12-31": "", "2018-09-30": "2.69210", "2018-06-30": "2.37160", "2018-03-31": "2.18400", "2017-12-31": "1.64630", "2017-09-30": "2.09020", "2017-06-30": "2.10250", "2017-03-31": "2.21250", "2016-12-31": "3.14580", "2016-09-30": "2.50980", "2016-06-30": "2.40790", "2016-03-31": "2.40520", "2015-12-31": "-8.69670", "2015-09-30": "5.78280", "2015-06-30": "6.46740", "2015-03-31": "6.59170", "2014-12-31": "7.98960", "2014-09-30": "8.05540", "2014-06-30": "8.46880", "2014-03-31": "8.21330", "2013-12-31": "8.13280", "2013-09-30": "7.91020", "2013-06-30": "7.16330", "2013-03-31": "6.08940", "2012-12-31": "6.28120", "2012-09-30": "6.98280", "2012-06-30": "7.00630", "2012-03-31": "5.17300", "2011-12-31": "8.04580", "2011-09-30": "5.91800", "2011-06-30": "4.30210", "2011-03-31": "11.80340", "2010-12-31": "12.52360", "2010-09-30": "10.63770", "2010-06-30": "12.20580", "2010-03-31": "8.66480", "2009-12-31": "8.20750", "2009-09-30": "11.18720", "2009-06-30": "5.83190", "2009-03-31": "9.58730", "2008-12-31": "8.72590", "2008-09-30": "9.78770", "2008-06-30": "6.30600", "2008-03-31": "11.94340", "2007-12-31": "15.82300", "2007-09-30": "", "2007-06-30": "", "2007-03-31": ""}, "Receiveable Turnover": {"2020-09-30": "2.47970", "2020-06-30": "1.24490", "2020-03-31": "1.23260", "2019-12-31": "2.53780", "2019-09-30": "2.17730", "2019-06-30": "2.13650", "2019-03-31": "1.92480", "2018-12-31": "1.38550", "2018-09-30": "1.99600", "2018-06-30": "2.46830", "2018-03-31": "2.24980", "2017-12-31": "0.60670", "2017-09-30": "1.96500", "2017-06-30": "1.86720", "2017-03-31": "1.98560", "2016-12-31": "2.35600", "2016-09-30": "0.90520", "2016-06-30": "0.89060", "2016-03-31": "0.85670", "2015-12-31": "-1.10490", "2015-09-30": "1.79030", "2015-06-30": "1.85030", "2015-03-31": "1.86330", "2014-12-31": "2.03390", "2014-09-30": "1.84000", "2014-06-30": "1.78770", "2014-03-31": "1.54340", "2013-12-31": "1.57080", "2013-09-30": "1.69300", "2013-06-30": "1.65590", "2013-03-31": "1.56630", "2012-12-31": "1.59400", "2012-09-30": "1.55490", "2012-06-30": "1.60910", "2012-03-31": "1.45700", "2011-12-31": "1.88390", "2011-09-30": "1.63230", "2011-06-30": "1.16160", "2011-03-31": "1.63550", "2010-12-31": "1.82470", "2010-09-30": "1.37620", "2010-06-30": "1.51840", "2010-03-31": "1.54760", "2009-12-31": "1.21920", "2009-09-30": "1.43220", "2009-06-30": "1.48430", "2009-03-31": "1.40190", "2008-12-31": "1.51890", "2008-09-30": "1.14270", "2008-06-30": "1.45120", "2008-03-31": "0.96050", "2007-12-31": "10.57850", "2007-09-30": "", "2007-06-30": "", "2007-03-31": ""}, "Days Sales In Receivables": {"2020-09-30": "36.29450", "2020-06-30": "72.29480", "2020-03-31": "73.01920", "2019-12-31": "35.46370", "2019-09-30": "41.33590", "2019-06-30": "42.12440", "2019-03-31": "46.75830", "2018-12-31": "64.95930", "2018-09-30": "45.08920", "2018-06-30": "36.46290", "2018-03-31": "40.00440", "2017-12-31": "148.33830", "2017-09-30": "45.80090", "2017-06-30": "48.19940", "2017-03-31": "45.32590", "2016-12-31": "38.19970", "2016-09-30": "99.42070", "2016-06-30": "101.05250", "2016-03-31": "105.06010", "2015-12-31": "-81.45620", "2015-09-30": "50.27150", "2015-06-30": "48.63990", "2015-03-31": "48.30100", "2014-12-31": "44.24890", "2014-09-30": "48.91200", "2014-06-30": "50.34480", "2014-03-31": "58.31180", "2013-12-31": "57.29390", "2013-09-30": "53.15970", "2013-06-30": "54.35040", "2013-03-31": "57.46070", "2012-12-31": "56.46100", "2012-09-30": "57.87990", "2012-06-30": "55.93230", "2012-03-31": "61.76990", "2011-12-31": "47.77350", "2011-09-30": "55.13600", "2011-06-30": "77.48210", "2011-03-31": "55.02980", "2010-12-31": "49.32180", "2010-09-30": "65.39890", "2010-06-30": "59.27230", "2010-03-31": "58.15500", "2009-12-31": "73.82060", "2009-09-30": "62.84150", "2009-06-30": "60.63630", "2009-03-31": "64.20060", "2008-12-31": "59.25450", "2008-09-30": "78.76080", "2008-06-30": "62.01760", "2008-03-31": "93.70520", "2007-12-31": "8.50790", "2007-09-30": "", "2007-06-30": "", "2007-03-31": ""}, "ROE - Return On Equity": {"2020-09-30": "0.64410", "2020-06-30": "-0.41410", "2020-03-31": "-1.60130", "2019-12-31": "-1.50240", "2019-09-30": "-0.62740", "2019-06-30": "-0.70770", "2019-03-31": "-0.10140", "2018-12-31": "-4.46830", "2018-09-30": "-0.07500", "2018-06-30": "1.83030", "2018-03-31": "-0.50340", "2017-12-31": "1.18940", "2017-09-30": "0.92030", "2017-06-30": "0.17090", "2017-03-31": "0.80020", "2016-12-31": "0.59460", "2016-09-30": "0.82720", "2016-06-30": "1.12910", "2016-03-31": "0.91630", "2015-12-31": "0.02970", "2015-09-30": "0.76570", "2015-06-30": "0.83750", "2015-03-31": "0.75570", "2014-12-31": "1.31000", "2014-09-30": "1.62400", "2014-06-30": "0.83220", "2014-03-31": "0.34230", "2013-12-31": "0.15030", "2013-09-30": "0.14530", "2013-06-30": "-0.30180", "2013-03-31": "0.11010", "2012-12-31": "0.85050", "2012-09-30": "0.70490", "2012-06-30": "1.12900", "2012-03-31": "4.07140", "2011-12-31": "-0.41330", "2011-09-30": "-0.62390", "2011-06-30": "0.59600", "2011-03-31": "0.56180", "2010-12-31": "5.60660", "2010-09-30": "0.18410", "2010-06-30": "-1.50600", "2010-03-31": "2.59230", "2009-12-31": "-1.14100", "2009-09-30": "11.08030", "2009-06-30": "4.17940", "2009-03-31": "-0.02810", "2008-12-31": "-31.82250", "2008-09-30": "-10.32920", "2008-06-30": "1.47120", "2008-03-31": "0.17560", "2007-12-31": "-3.75620", "2007-09-30": "", "2007-06-30": "", "2007-03-31": ""}, "Return On Tangible Equity": {"2020-09-30": "0.75470", "2020-06-30": "-0.48620", "2020-03-31": "-1.88040", "2019-12-31": "-1.75350", "2019-09-30": "-0.73460", "2019-06-30": "-0.81110", "2019-03-31": "-0.11660", "2018-12-31": "-5.14770", "2018-09-30": "-0.08620", "2018-06-30": "2.10610", "2018-03-31": "-0.58070", "2017-12-31": "1.37470", "2017-09-30": "1.07700", "2017-06-30": "0.20060", "2017-03-31": "0.94160", "2016-12-31": "0.69620", "2016-09-30": "0.97670", "2016-06-30": "1.34090", "2016-03-31": "1.09470", "2015-12-31": "0.03580", "2015-09-30": "0.93120", "2015-06-30": "1.02350", "2015-03-31": "0.93160", "2014-12-31": "1.62710", "2014-09-30": "2.03350", "2014-06-30": "1.04430", "2014-03-31": "0.43430", "2013-12-31": "0.19710", "2013-09-30": "0.19320", "2013-06-30": "-0.40560", "2013-03-31": "0.14940", "2012-12-31": "1.16760", "2012-09-30": "0.97880", "2012-06-30": "1.61150", "2012-03-31": "5.91890", "2011-12-31": "-0.61460", "2011-09-30": "-0.96050", "2011-06-30": "0.91870", "2011-03-31": "0.59300", "2010-12-31": "5.93240", "2010-09-30": "0.19280", "2010-06-30": "-1.58370", "2010-03-31": "2.73400", "2009-12-31": "-1.20990", "2009-09-30": "11.79030", "2009-06-30": "4.49240", "2009-03-31": "-0.03050", "2008-12-31": "-34.73000", "2008-09-30": "-12.10310", "2008-06-30": "1.70510", "2008-03-31": "0.20420", "2007-12-31": "-5.11100", "2007-09-30": "", "2007-06-30": "", "2007-03-31": ""}, "ROA - Return On Assets": {"2020-09-30": "0.33130", "2020-06-30": "-0.21280", "2020-03-31": "-0.82960", "2019-12-31": "-0.78650", "2019-09-30": "-0.32840", "2019-06-30": "-0.37770", "2019-03-31": "-0.04830", "2018-12-31": "-2.14380", "2018-09-30": "-0.03610", "2018-06-30": "0.88360", "2018-03-31": "-0.24160", "2017-12-31": "0.56780", "2017-09-30": "0.40710", "2017-06-30": "0.07540", "2017-03-31": "0.35180", "2016-12-31": "0.26440", "2016-09-30": "0.36660", "2016-06-30": "0.60110", "2016-03-31": "0.48230", "2015-12-31": "0.01560", "2015-09-30": "0.38900", "2015-06-30": "0.42880", "2015-03-31": "0.37720", "2014-12-31": "0.65440", "2014-09-30": "0.79910", "2014-06-30": "0.41290", "2014-03-31": "0.16620", "2013-12-31": "0.07240", "2013-09-30": "0.06960", "2013-06-30": "-0.14730", "2013-03-31": "0.05340", "2012-12-31": "0.40590", "2012-09-30": "0.33450", "2012-06-30": "0.53400", "2012-03-31": "1.89160", "2011-12-31": "-0.19270", "2011-09-30": "-0.29160", "2011-06-30": "0.28490", "2011-03-31": "0.43750", "2010-12-31": "4.39710", "2010-09-30": "0.14180", "2010-06-30": "-1.16780", "2010-03-31": "2.00030", "2009-12-31": "-0.87670", "2009-09-30": "8.69910", "2009-06-30": "3.25160", "2009-03-31": "-0.02150", "2008-12-31": "-24.35410", "2008-09-30": "-7.84380", "2008-06-30": "1.17380", "2008-03-31": "0.13370", "2007-12-31": "-3.59720", "2007-09-30": "", "2007-06-30": "", "2007-03-31": ""}, "ROI - Return On Investment": {"2020-09-30": "0.45560", "2020-06-30": "-0.29220", "2020-03-31": "-0.96300", "2019-12-31": "-0.91730", "2019-09-30": "-0.38060", "2019-06-30": "-0.44180", "2019-03-31": "-0.06290", "2018-12-31": "-2.83840", "2018-09-30": "-0.04670", "2018-06-30": "1.13630", "2018-03-31": "-0.27170", "2017-12-31": "0.63930", "2017-09-30": "0.47800", "2017-06-30": "0.08830", "2017-03-31": "0.41220", "2016-12-31": "0.31230", "2016-09-30": "0.43250", "2016-06-30": "0.72980", "2016-03-31": "0.85220", "2015-12-31": "0.01890", "2015-09-30": "0.48070", "2015-06-30": "0.52510", "2015-03-31": "0.46210", "2014-12-31": "0.79790", "2014-09-30": "0.98530", "2014-06-30": "0.50210", "2014-03-31": "0.20530", "2013-12-31": "0.08690", "2013-09-30": "0.08350", "2013-06-30": "-0.17250", "2013-03-31": "0.06280", "2012-12-31": "0.48090", "2012-09-30": "0.39830", "2012-06-30": "0.63330", "2012-03-31": "2.26530", "2011-12-31": "-0.22870", "2011-09-30": "-0.35160", "2011-06-30": "0.34000", "2011-03-31": "0.50340", "2010-12-31": "5.00850", "2010-09-30": "0.16290", "2010-06-30": "-1.32240", "2010-03-31": "2.26860", "2009-12-31": "-0.99460", "2009-09-30": "10.10240", "2009-06-30": "3.75960", "2009-03-31": "-0.02500", "2008-12-31": "-28.09240", "2008-09-30": "-9.36070", "2008-06-30": "1.33800", "2008-03-31": "0.15920", "2007-12-31": "-3.74890", "2007-09-30": "", "2007-06-30": "", "2007-03-31": ""}, "Book Value Per Share": {"2020-09-30": "36.81390", "2020-06-30": "36.57680", "2020-03-31": "36.88000", "2019-12-31": "38.30040", "2019-09-30": "37.75050", "2019-06-30": "43.56570", "2019-03-31": "43.66560", "2018-12-31": "43.58360", "2018-09-30": "44.25340", "2018-06-30": "44.13690", "2018-03-31": "43.76780", "2017-12-31": "43.59660", "2017-09-30": "40.70060", "2017-06-30": "40.32500", "2017-03-31": "40.27980", "2016-12-31": "42.44590", "2016-09-30": "42.30610", "2016-06-30": "41.75250", "2016-03-31": "41.19770", "2015-12-31": "40.55690", "2015-09-30": "40.00090", "2015-06-30": "40.08290", "2015-03-31": "39.60540", "2014-12-31": "39.50290", "2014-09-30": "39.35230", "2014-06-30": "38.99950", "2014-03-31": "38.65390", "2013-12-31": "35.63870", "2013-09-30": "35.43560", "2013-06-30": "35.46760", "2013-03-31": "35.88610", "2012-12-31": "35.95990", "2012-09-30": "36.18310", "2012-06-30": "36.00490", "2012-03-31": "35.83020", "2011-12-31": "35.21580", "2011-09-30": "34.90300", "2011-06-30": "36.06650", "2011-03-31": "35.58680", "2010-12-31": "35.34200", "2010-09-30": "32.84370", "2010-06-30": "32.34760", "2010-03-31": "32.60810", "2009-12-31": "31.40880", "2009-09-30": "31.35370", "2009-06-30": "28.07110", "2009-03-31": "26.52940", "2008-12-31": "25.58200", "2008-09-30": "33.34110", "2008-06-30": "36.14620", "2008-03-31": "36.16760", "2007-12-31": "", "2007-09-30": "", "2007-06-30": "", "2007-03-31": ""}, "Operating Cash Flow Per Share": {"2020-09-30": 1.2224, "2020-06-30": 1.7771, "2020-03-31": "0.72890", "2019-12-31": 1.3147, "2019-09-30": 1.5205, "2019-06-30": 2.1047, "2019-03-31": "1.84460", "2018-12-31": 1.9754, "2018-09-30": 2.0092, "2018-06-30": 2.236, "2018-03-31": "1.41080", "2017-12-31": 1.4044, "2017-09-30": 2.1534, "2017-06-30": 2.4819, "2017-03-31": "1.47410", "2016-12-31": 2.4211, "2016-09-30": 2.3179, "2016-06-30": 1.7153, "2016-03-31": "2.05480", "2015-12-31": 1.805, "2015-09-30": 2.4094, "2015-06-30": 1.7196, "2015-03-31": "2.37330", "2014-12-31": 1.9459, "2014-09-30": 3.1131, "2014-06-30": 1.8302, "2014-03-31": "2.18190", "2013-12-31": 0.6652, "2013-09-30": 2.0962, "2013-06-30": 1.6317, "2013-03-31": "0.56010", "2012-12-31": 1.7618, "2012-09-30": 1.8764, "2012-06-30": 1.1977, "2012-03-31": "0.90710", "2011-12-31": 2.3795, "2011-09-30": 1.4554, "2011-06-30": 0.2889, "2011-03-31": "1.00910", "2010-12-31": 2.5497, "2010-09-30": 0.8061, "2010-06-30": 1.046, "2010-03-31": "0.34000", "2009-12-31": 0.6216, "2009-09-30": 0.3018, "2009-06-30": 0.8385, "2009-03-31": "0.51880", "2008-12-31": 0.9498, "2008-09-30": 0.4176, "2008-06-30": 0.0379, "2008-03-31": "-0.08370", "2007-12-31": -0.5999, "2007-09-30": -0.0511, "2007-06-30": -0.2746, "2007-03-31": "-0.05640"}, "Free Cash Flow Per Share": {"2020-09-30": 0.2237, "2020-06-30": 0.8347, "2020-03-31": "-0.34050", "2019-12-31": 0.2185, "2019-09-30": 0.5657, "2019-06-30": 1.0025, "2019-03-31": "0.67080", "2018-12-31": 0.5251, "2018-09-30": 0.2567, "2018-06-30": 1.0082, "2018-03-31": "0.87910", "2017-12-31": -0.2173, "2017-09-30": 0.173, "2017-06-30": 1.1685, "2017-03-31": "0.40560", "2016-12-31": 0.4232, "2016-09-30": 0.6595, "2016-06-30": 0.2252, "2016-03-31": "-0.19480", "2015-12-31": -0.5863, "2015-09-30": 1.0903, "2015-06-30": -0.1924, "2015-03-31": "0.46870", "2014-12-31": -0.7237, "2014-09-30": 1.3495, "2014-06-30": 0.1515, "2014-03-31": "0.95140", "2013-12-31": -0.5509, "2013-09-30": 1.2427, "2013-06-30": 0.6474, "2013-03-31": "-0.25040", "2012-12-31": 0.1498, "2012-09-30": 0.8187, "2012-06-30": -0.6593, "2012-03-31": "-0.39850", "2011-12-31": 1.0679, "2011-09-30": -0.163, "2011-06-30": -0.6881, "2011-03-31": "0.58520", "2010-12-31": 1.9776, "2010-09-30": 0.2877, "2010-06-30": 0.2101, "2010-03-31": "-0.04260", "2009-12-31": -0.3999, "2009-09-30": 0.0585, "2009-06-30": 0.0187, "2009-03-31": "0.11770", "2008-12-31": 0.0147, "2008-09-30": -0.1912, "2008-06-30": -0.3151, "2008-03-31": "-0.76030", "2007-12-31": -0.87, "2007-09-30": -0.4422, "2007-06-30": -0.6342, "2007-03-31": "-0.64410"}}, "revenue": {"EchoStar Annual Revenue (Millions of US $)": {"2019": "$1,886", "2018": "$1,763", "2017": "$1,525", "2016": "$1,810", "2015": "$1,849", "2014": "$3,446", "2013": "$3,282", "2012": "$3,122", "2011": "$2,761", "2010": "$2,350", "2009": "$1,904", "2008": "$2,151", "2007": "$1,544", "2006": "$1,525", "2005": "$1,514"}, "EchoStar Quarterly Revenue (Millions of US $)": {"2020-09-30": "$474", "2020-06-30": "$459", "2020-03-31": "$466", "2019-12-31": "$499", "2019-09-30": "$472", "2019-06-30": "$460", "2019-03-31": "$454", "2018-12-31": "$279", "2018-09-30": "$456", "2018-06-30": "$526", "2018-03-31": "$502", "2017-12-31": "$146", "2017-09-30": "$481", "2017-06-30": "$465", "2017-03-31": "$433", "2016-12-31": "$476", "2016-09-30": "$460", "2016-06-30": "$443", "2016-03-31": "$432", "2015-12-31": "$-504", "2015-09-30": "$761", "2015-06-30": "$794", "2015-03-31": "$799", "2014-12-31": "$844", "2014-09-30": "$896", "2014-06-30": "$880", "2014-03-31": "$826", "2013-12-31": "$808", "2013-09-30": "$849", "2013-06-30": "$830", "2013-03-31": "$795", "2012-12-31": "$786", "2012-09-30": "$765", "2012-06-30": "$806", "2012-03-31": "$765", "2011-12-31": "$834", "2011-09-30": "$863", "2011-06-30": "$584", "2011-03-31": "$480", "2010-12-31": "$513", "2010-09-30": "$607", "2010-06-30": "$603", "2010-03-31": "$627", "2009-12-31": "$558", "2009-09-30": "$483", "2009-06-30": "$383", "2009-03-31": "$480", "2008-12-31": "$496", "2008-09-30": "$616", "2008-06-30": "$483", "2008-03-31": "$555", "2007-12-31": "$361", "2007-09-30": "$404", "2007-06-30": "$331", "2007-03-31": "$448"}}, "gross-profit": {"EchoStar Annual Gross Profit (Millions of US $)": {"2019": "$1,099", "2018": "$1,022", "2017": "$829", "2016": "$1,085", "2015": "$1,079", "2014": "$1,318", "2013": "$1,076", "2012": "$1,032", "2011": "$854", "2010": "$561", "2009": "$433", "2008": "$435", "2007": "$90", "2006": "$85", "2005": "$75"}, "EchoStar Quarterly Gross Profit (Millions of US $)": {"2020-09-30": "$290", "2020-06-30": "$286", "2020-03-31": "$275", "2019-12-31": "$284", "2019-09-30": "$277", "2019-06-30": "$271", "2019-03-31": "$266", "2018-12-31": "$108", "2018-09-30": "$268", "2018-06-30": "$333", "2018-03-31": "$314", "2017-12-31": "$8", "2017-09-30": "$291", "2017-06-30": "$273", "2017-03-31": "$257", "2016-12-31": "$279", "2016-09-30": "$275", "2016-06-30": "$268", "2016-03-31": "$263", "2015-12-31": "$78", "2015-09-30": "$333", "2015-06-30": "$337", "2015-03-31": "$330", "2014-12-31": "$341", "2014-09-30": "$343", "2014-06-30": "$338", "2014-03-31": "$295", "2013-12-31": "$271", "2013-09-30": "$267", "2013-06-30": "$276", "2013-03-31": "$262", "2012-12-31": "$256", "2012-09-30": "$247", "2012-06-30": "$269", "2012-03-31": "$260", "2011-12-31": "$281", "2011-09-30": "$273", "2011-06-30": "$174", "2011-03-31": "$125", "2010-12-31": "$132", "2010-09-30": "$143", "2010-06-30": "$139", "2010-03-31": "$147", "2009-12-31": "$123", "2009-09-30": "$107", "2009-06-30": "$103", "2009-03-31": "$100", "2008-12-31": "$91", "2008-09-30": "$117", "2008-06-30": "$108", "2008-03-31": "$120", "2007-12-31": "$28", "2007-09-30": "$26", "2007-06-30": "$19", "2007-03-31": "$17"}}, "operating-income": {"EchoStar Annual Operating Income (Millions of US $)": {"2019": "$73", "2018": "$36", "2017": "$31", "2016": "$296", "2015": "$274", "2014": "$328", "2013": "$104", "2012": "$100", "2011": "$81", "2010": "$142", "2009": "$5", "2008": "$-641", "2007": "$-86", "2006": "$-37", "2005": "$-33"}, "EchoStar Quarterly Operating Income (Millions of US $)": {"2020-09-30": "$37", "2020-06-30": "$35", "2020-03-31": "$11", "2019-12-31": "$24", "2019-09-30": "$26", "2019-06-30": "$-5", "2019-03-31": "$28", "2018-12-31": "$-135", "2018-09-30": "$38", "2018-06-30": "$75", "2018-03-31": "$58", "2017-12-31": "$-123", "2017-09-30": "$56", "2017-06-30": "$46", "2017-03-31": "$52", "2016-12-31": "$78", "2016-09-30": "$77", "2016-06-30": "$75", "2016-03-31": "$66", "2015-12-31": "$10", "2015-09-30": "$89", "2015-06-30": "$94", "2015-03-31": "$81", "2014-12-31": "$84", "2014-09-30": "$92", "2014-06-30": "$92", "2014-03-31": "$60", "2013-12-31": "$33", "2013-09-30": "$41", "2013-06-30": "$6", "2013-03-31": "$24", "2012-12-31": "$1", "2012-09-30": "$24", "2012-06-30": "$46", "2012-03-31": "$29", "2011-12-31": "$2", "2011-09-30": "$22", "2011-06-30": "$46", "2011-03-31": "$11", "2010-12-31": "$32", "2010-09-30": "$39", "2010-06-30": "$31", "2010-03-31": "$41", "2009-12-31": "$14", "2009-09-30": "$-4", "2009-06-30": "$-3", "2009-03-31": "$-2", "2008-12-31": "$-598", "2008-09-30": "$-41", "2008-06-30": "$-2", "2008-03-31": "$1", "2007-12-31": "$-46", "2007-09-30": "$-9", "2007-06-30": "$-13", "2007-03-31": "$-18"}}, "ebitda": {"EchoStar Annual EBITDA (Millions of US $)": {"2019": "$667", "2018": "$642", "2017": "$572", "2016": "$798", "2015": "$802", "2014": "$885", "2013": "$611", "2012": "$557", "2011": "$467", "2010": "$371", "2009": "$249", "2008": "$-376", "2007": "$-77", "2006": "$-31", "2005": "$-27"}, "EchoStar Quarterly EBITDA (Millions of US $)": {"2020-09-30": "$168", "2020-06-30": "$166", "2020-03-31": "$144", "2019-12-31": "$154", "2019-09-30": "$177", "2019-06-30": "$153", "2019-03-31": "$184", "2018-12-31": "$21", "2018-09-30": "$191", "2018-06-30": "$225", "2018-03-31": "$206", "2017-12-31": "$21", "2017-09-30": "$193", "2017-06-30": "$178", "2017-03-31": "$180", "2016-12-31": "$209", "2016-09-30": "$200", "2016-06-30": "$196", "2016-03-31": "$192", "2015-12-31": "$139", "2015-09-30": "$221", "2015-06-30": "$227", "2015-03-31": "$214", "2014-12-31": "$224", "2014-09-30": "$235", "2014-06-30": "$233", "2014-03-31": "$193", "2013-12-31": "$160", "2013-09-30": "$166", "2013-06-30": "$134", "2013-03-31": "$151", "2012-12-31": "$119", "2012-09-30": "$135", "2012-06-30": "$161", "2012-03-31": "$144", "2011-12-31": "$132", "2011-09-30": "$150", "2011-06-30": "$117", "2011-03-31": "$68", "2010-12-31": "$88", "2010-09-30": "$97", "2010-06-30": "$88", "2010-03-31": "$98", "2009-12-31": "$78", "2009-09-30": "$55", "2009-06-30": "$56", "2009-03-31": "$60", "2008-12-31": "$-528", "2008-09-30": "$29", "2008-06-30": "$61", "2008-03-31": "$62", "2007-12-31": "$-41", "2007-09-30": "$-7", "2007-06-30": "$-12", "2007-03-31": "$-16"}}, "net-income": {"EchoStar Annual Net Income (Millions of US $)": {"2019": "$-63", "2018": "$-40", "2017": "$394", "2016": "$182", "2015": "$164", "2014": "$165", "2013": "$3", "2012": "$211", "2011": "$4", "2010": "$204", "2009": "$365", "2008": "$-958", "2007": "$-85", "2006": "$-34", "2005": "$-45"}, "EchoStar Quarterly Net Income (Millions of US $)": {"2020-09-30": "$25", "2020-06-30": "$-11", "2020-03-31": "$-54", "2019-12-31": "$-53", "2019-09-30": "$-18", "2019-06-30": "$-6", "2019-03-31": "$14", "2018-12-31": "$-112", "2018-09-30": "$16", "2018-06-30": "$77", "2018-03-31": "$-22", "2017-12-31": "$313", "2017-09-30": "$35", "2017-06-30": "$7", "2017-03-31": "$39", "2016-12-31": "$38", "2016-09-30": "$37", "2016-06-30": "$56", "2016-03-31": "$51", "2015-12-31": "$66", "2015-09-30": "$30", "2015-06-30": "$34", "2015-03-31": "$33", "2014-12-31": "$55", "2014-09-30": "$64", "2014-06-30": "$34", "2014-03-31": "$13", "2013-12-31": "$5", "2013-09-30": "$4", "2013-06-30": "$-10", "2013-03-31": "$3", "2012-12-31": "$26", "2012-09-30": "$23", "2012-06-30": "$36", "2012-03-31": "$127", "2011-12-31": "$-13", "2011-09-30": "$-19", "2011-06-30": "$18", "2011-03-31": "$17", "2010-12-31": "$169", "2010-09-30": "$5", "2010-06-30": "$-41", "2010-03-31": "$72", "2009-12-31": "$-30", "2009-09-30": "$294", "2009-06-30": "$102", "2009-03-31": "$-1", "2008-12-31": "$-704", "2008-09-30": "$-308", "2008-06-30": "$48", "2008-03-31": "$6", "2007-12-31": "$-45", "2007-09-30": "$-7", "2007-06-30": "$-15", "2007-03-31": "$-19"}}, "eps-earnings-per-share-diluted": {"EchoStar Annual EPS": {"2019": "$-0.65", "2018": "$-0.42", "2017": "$4.07", "2016": "$1.92", "2015": "$1.75", "2014": "$1.78", "2013": "$0.03", "2012": "$2.40", "2011": "$0.04", "2010": "$2.40", "2009": "$4.24", "2008": "$-10.73", "2007": "$-0.95", "2006": "$-0.38", "2005": "$0.00"}, "EchoStar Quarterly EPS": {"2020-09-30": "$0.26", "2020-06-30": "$-0.12", "2020-03-31": "$-0.56", "2019-12-31": "$-0.55", "2019-09-30": "$-0.19", "2019-06-30": "$-0.06", "2019-03-31": "$0.15", "2018-12-31": "$-1.17", "2018-09-30": "$0.17", "2018-06-30": "$0.80", "2018-03-31": "$-0.22", "2017-12-31": "$3.23", "2017-09-30": "$0.36", "2017-06-30": "$0.07", "2017-03-31": "$0.41", "2016-12-31": "$0.39", "2016-09-30": "$0.39", "2016-06-30": "$0.60", "2016-03-31": "$0.54", "2015-12-31": "$0.71", "2015-09-30": "$0.32", "2015-06-30": "$0.36", "2015-03-31": "$0.36", "2014-12-31": "$0.59", "2014-09-30": "$0.69", "2014-06-30": "$0.36", "2014-03-31": "$0.14", "2013-12-31": "$0.05", "2013-09-30": "$0.05", "2013-06-30": "$-0.11", "2013-03-31": "$0.04", "2012-12-31": "$0.28", "2012-09-30": "$0.26", "2012-06-30": "$0.41", "2012-03-31": "$1.45", "2011-12-31": "$-0.14", "2011-09-30": "$-0.22", "2011-06-30": "$0.21", "2011-03-31": "$0.19", "2010-12-31": "$1.99", "2010-09-30": "$0.06", "2010-06-30": "$-0.49", "2010-03-31": "$0.84", "2009-12-31": "$-0.38", "2009-09-30": "$3.45", "2009-06-30": "$1.18", "2009-03-31": "$-0.01", "2008-12-31": "$-7.89", "2008-09-30": "$-3.43", "2008-06-30": "$0.53", "2008-03-31": "$0.06", "2007-12-31": "$-0.51", "2007-09-30": "$-0.07", "2007-06-30": "$-0.16", "2007-03-31": "$-0.21"}}, "shares-outstanding": {"EchoStar Annual Shares Outstanding (Millions of Shares)": {"2019": "97", "2018": "96", "2017": "97", "2016": "94", "2015": "93", "2014": "93", "2013": "91", "2012": "88", "2011": "87", "2010": "85", "2009": "86", "2008": "89", "2007": "90", "2006": "90", "2005": ""}, "EchoStar Quarterly Shares Outstanding (Millions of Shares)": {"2020-09-30": "98", "2020-06-30": "98", "2020-03-31": "98", "2019-12-31": "97", "2019-09-30": "97", "2019-06-30": "96", "2019-03-31": "95", "2018-12-31": "96", "2018-09-30": "96", "2018-06-30": "97", "2018-03-31": "96", "2017-12-31": "97", "2017-09-30": "97", "2017-06-30": "97", "2017-03-31": "96", "2016-12-31": "94", "2016-09-30": "94", "2016-06-30": "94", "2016-03-31": "94", "2015-12-31": "93", "2015-09-30": "93", "2015-06-30": "94", "2015-03-31": "93", "2014-12-31": "93", "2014-09-30": "93", "2014-06-30": "93", "2014-03-31": "92", "2013-12-31": "91", "2013-09-30": "91", "2013-06-30": "88", "2013-03-31": "90", "2012-12-31": "88", "2012-09-30": "88", "2012-06-30": "88", "2012-03-31": "87", "2011-12-31": "87", "2011-09-30": "87", "2011-06-30": "88", "2011-03-31": "92", "2010-12-31": "85", "2010-09-30": "85", "2010-06-30": "85", "2010-03-31": "85", "2009-12-31": "86", "2009-09-30": "85", "2009-06-30": "87", "2009-03-31": "86", "2008-12-31": "89", "2008-09-30": "90", "2008-06-30": "90", "2008-03-31": "91", "2007-12-31": "90", "2007-09-30": "90", "2007-06-30": "90", "2007-03-31": "90"}}, "total-assets": {"EchoStar Annual Total Assets (Millions of US $)": {"2019": "$7,154", "2018": "$8,661", "2017": "$8,750", "2016": "$9,009", "2015": "$7,209", "2014": "$7,254", "2013": "$6,702", "2012": "$6,600", "2011": "$6,544", "2010": "$3,842", "2009": "$3,468", "2008": "$2,890", "2007": "$1,261", "2006": "$518", "2005": "$0"}, "EchoStar Quarterly Total Assets (Millions of US $)": {"2020-09-30": "$7,026", "2020-06-30": "$6,976", "2020-03-31": "$6,960", "2019-12-31": "$7,154", "2019-09-30": "$7,038", "2019-06-30": "$7,950", "2019-03-31": "$8,779", "2018-12-31": "$8,661", "2018-09-30": "$8,850", "2018-06-30": "$8,792", "2018-03-31": "$8,762", "2017-12-31": "$8,750", "2017-09-30": "$8,807", "2017-06-30": "$8,744", "2017-03-31": "$8,747", "2016-12-31": "$9,009", "2016-09-30": "$8,977", "2016-06-30": "$7,361", "2016-03-31": "$7,336", "2015-12-31": "$7,209", "2015-09-30": "$7,289", "2015-06-30": "$7,233", "2015-03-31": "$7,317", "2014-12-31": "$7,254", "2014-09-30": "$7,313", "2014-06-30": "$7,172", "2014-03-31": "$7,239", "2013-12-31": "$6,702", "2013-09-30": "$6,664", "2013-06-30": "$6,506", "2013-03-31": "$6,550", "2012-12-31": "$6,600", "2012-09-30": "$6,657", "2012-06-30": "$6,638", "2012-03-31": "$6,687", "2011-12-31": "$6,544", "2011-09-30": "$6,463", "2011-06-30": "$6,519", "2011-03-31": "$3,922", "2010-12-31": "$3,842", "2010-09-30": "$3,634", "2010-06-30": "$3,552", "2010-03-31": "$3,587", "2009-12-31": "$3,468", "2009-09-30": "$3,387", "2009-06-30": "$3,108", "2009-03-31": "$3,002", "2008-12-31": "$2,890", "2008-09-30": "$3,926", "2008-06-30": "$4,074", "2008-03-31": "$4,265", "2007-12-31": "$1,261", "2007-09-30": "$0", "2007-06-30": "$0", "2007-03-31": "$0"}}, "cash-on-hand": {"EchoStar Annual Cash on Hand (Millions of US $)": {"2019": "$2,460", "2018": "$3,210", "2017": "$3,246", "2016": "$3,093", "2015": "$1,537", "2014": "$1,688", "2013": "$1,621", "2012": "$1,548", "2011": "$1,696", "2010": "$1,131", "2009": "$829", "2008": "$829", "2007": "$532", "2006": "$324", "2005": "$"}, "EchoStar Quarterly Cash on Hand (Millions of US $)": {"2020-09-30": "$2,506", "2020-06-30": "$2,458", "2020-03-31": "$2,389", "2019-12-31": "$2,460", "2019-09-30": "$2,547", "2019-06-30": "$2,501", "2019-03-31": "$3,275", "2018-12-31": "$3,210", "2018-09-30": "$3,440", "2018-06-30": "$3,434", "2018-03-31": "$3,300", "2017-12-31": "$3,246", "2017-09-30": "$3,283", "2017-06-30": "$3,265", "2017-03-31": "$3,183", "2016-12-31": "$3,093", "2016-09-30": "$3,019", "2016-06-30": "$1,508", "2016-03-31": "$1,502", "2015-12-31": "$1,537", "2015-09-30": "$1,587", "2015-06-30": "$1,511", "2015-03-31": "$1,716", "2014-12-31": "$1,688", "2014-09-30": "$1,780", "2014-06-30": "$1,689", "2014-03-31": "$1,708", "2013-12-31": "$1,621", "2013-09-30": "$1,709", "2013-06-30": "$1,603", "2013-03-31": "$1,527", "2012-12-31": "$1,548", "2012-09-30": "$1,557", "2012-06-30": "$1,594", "2012-03-31": "$1,683", "2011-12-31": "$1,696", "2011-09-30": "$1,436", "2011-06-30": "$1,009", "2011-03-31": "$1,140", "2010-12-31": "$1,131", "2010-09-30": "$967", "2010-06-30": "$920", "2010-03-31": "$924", "2009-12-31": "$829", "2009-09-30": "$935", "2009-06-30": "$950", "2009-03-31": "$930", "2008-12-31": "$829", "2008-09-30": "$963", "2008-06-30": "$1,062", "2008-03-31": "$1,343", "2007-12-31": "$532", "2007-09-30": "", "2007-06-30": "", "2007-03-31": ""}}, "long-term-debt": {"EchoStar Annual Long Term Debt (Millions of US $)": {"2019": "$2,390", "2018": "$2,386", "2017": "$3,594", "2016": "$3,622", "2015": "$2,157", "2014": "$2,326", "2013": "$2,353", "2012": "$2,421", "2011": "$2,464", "2010": "$360", "2009": "$392", "2008": "$294", "2007": "$2", "2006": "$", "2005": "$"}, "EchoStar Quarterly Long Term Debt (Millions of US $)": {"2020-09-30": "$1,495", "2020-06-30": "$1,495", "2020-03-31": "$2,390", "2019-12-31": "$2,389", "2019-09-30": "$2,389", "2019-06-30": "$2,553", "2019-03-31": "$2,563", "2018-12-31": "$2,386", "2018-09-30": "$2,583", "2018-06-30": "$2,592", "2018-03-31": "$3,586", "2017-12-31": "$3,594", "2017-09-30": "$3,606", "2017-06-30": "$3,612", "2017-03-31": "$3,620", "2016-12-31": "$3,622", "2016-09-30": "$3,630", "2016-06-30": "$2,144", "2016-03-31": "$291", "2015-12-31": "$2,157", "2015-09-30": "$2,196", "2015-06-30": "$2,202", "2015-03-31": "$2,320", "2014-12-31": "$2,326", "2014-09-30": "$2,333", "2014-06-30": "$2,339", "2014-03-31": "$2,345", "2013-12-31": "$2,353", "2013-09-30": "$2,364", "2013-06-30": "$2,380", "2013-03-31": "$2,398", "2012-12-31": "$2,421", "2012-09-30": "$2,432", "2012-06-30": "$2,458", "2012-03-31": "$2,477", "2011-12-31": "$2,464", "2011-09-30": "$2,339", "2011-06-30": "$2,347", "2011-03-31": "$355", "2010-12-31": "$360", "2010-09-30": "$365", "2010-06-30": "$382", "2010-03-31": "$395", "2009-12-31": "$392", "2009-09-30": "$257", "2009-06-30": "$270", "2009-03-31": "$282", "2008-12-31": "$294", "2008-09-30": "$308", "2008-06-30": "$324", "2008-03-31": "$335", "2007-12-31": "$2", "2007-09-30": "", "2007-06-30": "", "2007-03-31": ""}}, "total-liabilities": {"EchoStar Annual Total Liabilities (Millions of US $)": {"2019": "$3,409", "2018": "$4,506", "2017": "$4,573", "2016": "$5,002", "2015": "$3,428", "2014": "$3,630", "2013": "$3,476", "2012": "$3,450", "2011": "$3,492", "2010": "$829", "2009": "$803", "2008": "$678", "2007": "$53", "2006": "$16", "2005": "$"}, "EchoStar Quarterly Total Liabilities (Millions of US $)": {"2020-09-30": "$3,412", "2020-06-30": "$3,392", "2020-03-31": "$3,354", "2019-12-31": "$3,409", "2019-09-30": "$3,354", "2019-06-30": "$3,707", "2019-03-31": "$4,599", "2018-12-31": "$4,506", "2018-09-30": "$4,592", "2018-06-30": "$4,548", "2018-03-31": "$4,556", "2017-12-31": "$4,573", "2017-09-30": "$4,911", "2017-06-30": "$4,887", "2017-03-31": "$4,901", "2016-12-31": "$5,002", "2016-09-30": "$4,999", "2016-06-30": "$3,442", "2016-03-31": "$3,475", "2015-12-31": "$3,428", "2015-09-30": "$3,586", "2015-06-30": "$3,530", "2015-03-31": "$3,665", "2014-12-31": "$3,630", "2014-09-30": "$3,714", "2014-06-30": "$3,613", "2014-03-31": "$3,724", "2013-12-31": "$3,476", "2013-09-30": "$3,473", "2013-06-30": "$3,331", "2013-03-31": "$3,374", "2012-12-31": "$3,450", "2012-09-30": "$3,497", "2012-06-30": "$3,498", "2012-03-31": "$3,580", "2011-12-31": "$3,492", "2011-09-30": "$3,442", "2011-06-30": "$3,403", "2011-03-31": "$868", "2010-12-31": "$829", "2010-09-30": "$836", "2010-06-30": "$798", "2010-03-31": "$819", "2009-12-31": "$803", "2009-09-30": "$728", "2009-06-30": "$690", "2009-03-31": "$707", "2008-12-31": "$678", "2008-09-30": "$945", "2008-06-30": "$824", "2008-03-31": "$1,019", "2007-12-31": "$53", "2007-09-30": "", "2007-06-30": "", "2007-03-31": ""}}, "total-share-holder-equity": {"EchoStar Annual Share Holder Equity (Millions of US $)": {"2019": "$3,746", "2018": "$4,155", "2017": "$4,177", "2016": "$4,007", "2015": "$3,782", "2014": "$3,624", "2013": "$3,226", "2012": "$3,150", "2011": "$3,052", "2010": "$3,013", "2009": "$2,665", "2008": "$2,212", "2007": "$1,208", "2006": "$502", "2005": "$"}, "EchoStar Quarterly Share Holder Equity (Millions of US $)": {"2020-09-30": "$3,613", "2020-06-30": "$3,584", "2020-03-31": "$3,606", "2019-12-31": "$3,746", "2019-09-30": "$3,684", "2019-06-30": "$4,243", "2019-03-31": "$4,180", "2018-12-31": "$4,155", "2018-09-30": "$4,259", "2018-06-30": "$4,244", "2018-03-31": "$4,206", "2017-12-31": "$4,177", "2017-09-30": "$3,896", "2017-06-30": "$3,857", "2017-03-31": "$3,846", "2016-12-31": "$4,007", "2016-09-30": "$3,979", "2016-06-30": "$3,919", "2016-03-31": "$3,862", "2015-12-31": "$3,782", "2015-09-30": "$3,704", "2015-06-30": "$3,703", "2015-03-31": "$3,652", "2014-12-31": "$3,624", "2014-09-30": "$3,598", "2014-06-30": "$3,559", "2014-03-31": "$3,514", "2013-12-31": "$3,226", "2013-09-30": "$3,192", "2013-06-30": "$3,175", "2013-03-31": "$3,176", "2012-12-31": "$3,150", "2012-09-30": "$3,159", "2012-06-30": "$3,140", "2012-03-31": "$3,107", "2011-12-31": "$3,052", "2011-09-30": "$3,021", "2011-06-30": "$3,116", "2011-03-31": "$3,054", "2010-12-31": "$3,013", "2010-09-30": "$2,798", "2010-06-30": "$2,754", "2010-03-31": "$2,768", "2009-12-31": "$2,665", "2009-09-30": "$2,660", "2009-06-30": "$2,418", "2009-03-31": "$2,295", "2008-12-31": "$2,212", "2008-09-30": "$2,981", "2008-06-30": "$3,251", "2008-03-31": "$3,246", "2007-12-31": "$1,208", "2007-09-30": "", "2007-06-30": "", "2007-03-31": ""}}, "profit-margins": {"current": "-5.1%"}, "gross margin": {"2020-09-30": "59.80%", "2020-06-30": "59.18%", "2020-03-31": "58.36%", "2019-12-31": "58.25%", "2019-09-30": "55.38%", "2019-06-30": "55.37%", "2019-03-31": "56.85%", "2018-12-31": "58.03%", "2018-09-30": "56.63%", "2018-06-30": "57.16%", "2018-03-31": "55.58%", "2017-12-31": "54.36%", "2017-09-30": "59.30%", "2017-06-30": "59.11%", "2017-03-31": "59.55%", "2016-12-31": "59.91%", "2016-09-30": "106.38%", "2016-06-30": "83.22%", "2016-03-31": "68.17%", "2015-12-31": "58.27%", "2015-09-30": "41.93%", "2015-06-30": "40.53%", "2015-03-31": "39.54%", "2014-12-31": "38.22%", "2014-09-30": "36.57%", "2014-06-30": "34.82%", "2014-03-31": "33.47%", "2013-12-31": "32.78%", "2013-09-30": "32.55%", "2013-06-30": "32.78%", "2013-03-31": "32.80%", "2012-12-31": "33.06%", "2012-09-30": "33.34%", "2012-06-30": "33.14%", "2012-03-31": "32.44%", "2011-12-31": "30.89%", "2011-09-30": "28.85%", "2011-06-30": "26.28%", "2011-03-31": "24.47%", "2010-12-31": "23.87%", "2010-09-30": "23.05%", "2010-06-30": "22.72%", "2010-03-31": "23.40%", "2009-12-31": "22.74%", "2009-09-30": "21.77%", "2009-06-30": "20.81%", "2009-03-31": "20.05%", "2008-12-31": "20.28%", "2008-09-30": "18.51%", "2008-06-30": "15.64%", "2008-03-31": "11.69%", "2007-12-31": "5.83%"}, "operating margin": {"2020-09-30": "5.64%", "2020-06-30": "5.06%", "2020-03-31": "2.95%", "2019-12-31": "3.87%", "2019-09-30": "-5.17%", "2019-06-30": "-4.49%", "2019-03-31": "0.35%", "2018-12-31": "2.04%", "2018-09-30": "2.94%", "2018-06-30": "3.99%", "2018-03-31": "2.32%", "2017-12-31": "2.03%", "2017-09-30": "12.51%", "2017-06-30": "13.79%", "2017-03-31": "15.56%", "2016-12-31": "16.34%", "2016-09-30": "27.44%", "2016-06-30": "21.20%", "2016-03-31": "17.46%", "2015-12-31": "14.81%", "2015-09-30": "10.88%", "2015-06-30": "10.53%", "2015-03-31": "10.21%", "2014-12-31": "9.52%", "2014-09-30": "8.12%", "2014-06-30": "6.72%", "2014-03-31": "4.23%", "2013-12-31": "3.17%", "2013-09-30": "2.21%", "2013-06-30": "1.73%", "2013-03-31": "3.01%", "2012-12-31": "3.20%", "2012-09-30": "3.19%", "2012-06-30": "3.03%", "2012-03-31": "3.25%", "2011-12-31": "2.93%", "2011-09-30": "4.55%", "2011-06-30": "5.86%", "2011-03-31": "5.13%", "2010-12-31": "6.09%", "2010-09-30": "5.22%", "2010-06-30": "3.61%", "2010-03-31": "2.34%", "2009-12-31": "0.26%", "2009-09-30": "-32.95%", "2009-06-30": "-32.61%", "2009-03-31": "-30.99%", "2008-12-31": "-29.77%", "2008-09-30": "-4.37%", "2008-06-30": "-3.11%", "2008-03-31": "-4.06%", "2007-12-31": "-5.57%"}, "ebitda margin": {"2020-09-30": "33.30%", "2020-06-30": "33.81%", "2020-03-31": "33.10%", "2019-12-31": "35.44%", "2019-09-30": "32.13%", "2019-06-30": "33.29%", "2019-03-31": "36.21%", "2018-12-31": "36.47%", "2018-09-30": "39.45%", "2018-06-30": "38.97%", "2018-03-31": "37.52%", "2017-12-31": "37.51%", "2017-09-30": "40.97%", "2017-06-30": "41.82%", "2017-03-31": "43.32%", "2016-12-31": "44.01%", "2016-09-30": "87.48%", "2016-06-30": "66.08%", "2016-03-31": "52.53%", "2015-12-31": "43.30%", "2015-09-30": "27.70%", "2015-06-30": "27.00%", "2015-03-31": "26.50%", "2014-12-31": "25.68%", "2014-09-30": "24.08%", "2014-06-30": "22.36%", "2014-03-31": "19.71%", "2013-12-31": "18.62%", "2013-09-30": "17.48%", "2013-06-30": "16.97%", "2013-03-31": "17.96%", "2012-12-31": "17.91%", "2012-09-30": "18.04%", "2012-06-30": "17.96%", "2012-03-31": "17.83%", "2011-12-31": "16.91%", "2011-09-30": "17.34%", "2011-06-30": "16.94%", "2011-03-31": "15.48%", "2010-12-31": "15.79%", "2010-09-30": "15.07%", "2010-06-30": "14.05%", "2010-03-31": "13.99%", "2009-12-31": "13.08%", "2009-09-30": "-19.38%", "2009-06-30": "-19.39%", "2009-03-31": "-18.22%", "2008-12-31": "-17.49%", "2008-09-30": "5.51%", "2008-06-30": "4.16%", "2008-03-31": "0.12%", "2007-12-31": "-4.92%"}, "pre tax profit margin": {"2020-09-30": "-4.79%", "2020-06-30": "-7.12%", "2020-03-31": "-8.22%", "2019-12-31": "-4.88%", "2019-09-30": "-14.59%", "2019-06-30": "-13.34%", "2019-03-31": "-5.83%", "2018-12-31": "-7.15%", "2018-09-30": "-2.52%", "2018-06-30": "-0.24%", "2018-03-31": "-5.58%", "2017-12-31": "-2.03%", "2017-09-30": "6.79%", "2017-06-30": "7.31%", "2017-03-31": "10.60%", "2016-12-31": "11.98%", "2016-09-30": "19.37%", "2016-06-30": "14.84%", "2016-03-31": "10.11%", "2015-12-31": "7.57%", "2015-09-30": "6.35%", "2015-06-30": "6.33%", "2015-03-31": "6.14%", "2014-12-31": "5.19%", "2014-09-30": "3.64%", "2014-06-30": "1.72%", "2014-03-31": "-0.48%", "2013-12-31": "-1.01%", "2013-09-30": "-0.52%", "2013-06-30": "0.19%", "2013-03-31": "2.09%", "2012-12-31": "6.21%", "2012-09-30": "5.08%", "2012-06-30": "4.10%", "2012-03-31": "4.17%", "2011-12-31": "0.94%", "2011-09-30": "9.59%", "2011-06-30": "12.45%", "2011-03-31": "9.94%", "2010-12-31": "12.30%", "2010-09-30": "3.80%", "2010-06-30": "17.22%", "2010-03-31": "25.11%", "2009-12-31": "22.32%", "2009-09-30": "-20.58%", "2009-06-30": "-51.39%", "2009-03-31": "-51.08%", "2008-12-31": "-49.02%", "2008-09-30": "-14.09%", "2008-06-30": "0.78%", "2008-03-31": "-3.27%", "2007-12-31": "-5.38%"}, "net profit margin": {"2020-09-30": "-4.90%", "2020-06-30": "-7.17%", "2020-03-31": "-6.91%", "2019-12-31": "-3.34%", "2019-09-30": "-7.33%", "2019-06-30": "-5.34%", "2019-03-31": "-0.29%", "2018-12-31": "-2.33%", "2018-09-30": "23.56%", "2018-06-30": "24.35%", "2018-03-31": "20.89%", "2017-12-31": "25.84%", "2017-09-30": "6.42%", "2017-06-30": "6.60%", "2017-03-31": "9.38%", "2016-12-31": "10.05%", "2016-09-30": "25.27%", "2016-06-30": "17.93%", "2016-03-31": "12.20%", "2015-12-31": "8.81%", "2015-09-30": "4.75%", "2015-06-30": "5.58%", "2015-03-31": "5.44%", "2014-12-31": "4.82%", "2014-09-30": "3.40%", "2014-06-30": "1.67%", "2014-03-31": "0.36%", "2013-12-31": "0.06%", "2013-09-30": "0.71%", "2013-06-30": "1.32%", "2013-03-31": "2.79%", "2012-12-31": "6.79%", "2012-09-30": "5.46%", "2012-06-30": "4.01%", "2012-03-31": "3.71%", "2011-12-31": "0.11%", "2011-09-30": "7.58%", "2011-06-30": "9.57%", "2011-03-31": "6.81%", "2010-12-31": "8.72%", "2010-09-30": "0.25%", "2010-06-30": "12.99%", "2010-03-31": "21.36%", "2009-12-31": "19.17%", "2009-09-30": "-16.78%", "2009-06-30": "-46.13%", "2009-03-31": "-46.51%", "2008-12-31": "-44.56%", "2008-09-30": "-14.84%", "2008-06-30": "0.11%", "2008-03-31": "-3.69%", "2007-12-31": "-5.57%"}, "pe ratio": {"current": "0.00", "2021-02-05": "0.00", "2020-09-30": "0.00", "2020-06-30": "0.00", "2020-03-31": "0.00", "2019-12-31": "0.00", "2019-09-30": "0.00", "2019-06-30": "0.00", "2019-03-31": "0.00", "2018-12-31": "0.00", "2018-09-30": "9.49", "2018-06-30": "8.67", "2018-03-31": "12.49", "2017-12-31": "11.99", "2017-09-30": "37.59", "2017-06-30": "38.93", "2017-03-31": "25.77", "2016-12-31": "21.69", "2016-09-30": "15.94", "2016-06-30": "14.90", "2016-03-31": "18.69", "2015-12-31": "18.20", "2015-09-30": "21.50", "2015-06-30": "19.82", "2015-03-31": "21.06", "2014-12-31": "24.02", "2014-09-30": "32.02", "2014-06-30": "71.86", "2014-03-31": "297.95", "2013-12-31": "1349.76", "2013-09-30": "137.64", "2013-06-30": "67.77", "2013-03-31": "32.06", "2012-12-31": "11.61", "2012-09-30": "11.85", "2012-06-30": "14.44", "2012-03-31": "17.77", "2011-12-31": "568.46", "2011-09-30": "8.52", "2011-06-30": "12.16", "2011-03-31": "17.72", "2010-12-31": "8.47", "2010-09-30": "310.78", "2010-06-30": "4.52", "2010-03-31": "3.23", "2009-12-31": "3.86", "2009-09-30": "0.00", "2009-06-30": "0.00", "2009-03-31": "0.00", "2008-12-31": "0.00"}, "price sales": {"2021-02-05": "1.20", "2020-09-30": "1.28", "2020-06-30": "1.44", "2020-03-31": "1.64", "2019-12-31": "2.22", "2019-09-30": "2.29", "2019-06-30": "2.10", "2019-03-31": "1.67", "2018-12-31": "1.63", "2018-09-30": "2.23", "2018-06-30": "2.11", "2018-03-31": "2.60", "2017-12-31": "3.09", "2017-09-30": "2.41", "2017-06-30": "2.57", "2017-03-31": "2.43", "2016-12-31": "2.18", "2016-09-30": "4.07", "2016-06-30": "2.69", "2016-03-31": "2.28", "2015-12-31": "1.61", "2015-09-30": "1.02", "2015-06-30": "1.11", "2015-03-31": "1.14", "2014-12-31": "1.15", "2014-09-30": "1.07", "2014-06-30": "1.18", "2014-03-31": "1.06", "2013-12-31": "1.11", "2013-09-30": "0.98", "2013-06-30": "0.89", "2013-03-31": "0.89", "2012-12-31": "0.78", "2012-09-30": "0.64", "2012-06-30": "0.57", "2012-03-31": "0.66", "2011-12-31": "0.54", "2011-09-30": "0.66", "2011-06-30": "1.19", "2011-03-31": "1.21", "2010-12-31": "0.74", "2010-09-30": "0.55", "2010-06-30": "0.58", "2010-03-31": "0.69", "2009-12-31": "0.74", "2009-09-30": "0.71", "2009-06-30": "0.58", "2009-03-31": "0.52", "2008-12-31": "0.51"}, "price book": {"current": "0.63", "2021-02-05": "0.63", "2020-09-30": "0.68", "2020-06-30": "0.76", "2020-03-31": "0.87", "2019-12-31": "1.13", "2019-09-30": "1.05", "2019-06-30": "0.83", "2019-03-31": "0.68", "2018-12-31": "0.69", "2018-09-30": "0.85", "2018-06-30": "0.82", "2018-03-31": "0.98", "2017-12-31": "1.12", "2017-09-30": "1.15", "2017-06-30": "1.23", "2017-03-31": "1.15", "2016-12-31": "0.99", "2016-09-30": "0.84", "2016-06-30": "0.77", "2016-03-31": "0.88", "2015-12-31": "0.79", "2015-09-30": "0.88", "2015-06-30": "0.99", "2015-03-31": "1.06", "2014-12-31": "1.08", "2014-09-30": "1.01", "2014-06-30": "1.11", "2014-03-31": "1.00", "2013-12-31": "1.14", "2013-09-30": "1.01", "2013-06-30": "0.90", "2013-03-31": "0.88", "2012-12-31": "0.78", "2012-09-30": "0.65", "2012-06-30": "0.60", "2012-03-31": "0.64", "2011-12-31": "0.48", "2011-09-30": "0.53", "2011-06-30": "0.82", "2011-03-31": "0.87", "2010-12-31": "0.58", "2010-09-30": "0.47", "2010-06-30": "0.48", "2010-03-31": "0.51", "2009-12-31": "0.52", "2009-09-30": "0.48", "2009-06-30": "0.46", "2009-03-31": "0.46", "2008-12-31": "0.47", "2008-09-30": "0.59", "2008-06-30": "0.70", "2008-03-31": "0.67"}, "price fcf": {"2021-02-05": "", "2020-09-30": "$0.94", "2020-06-30": "$1.28", "2020-03-31": "$1.45", "2019-12-31": "$2.46", "2019-09-30": "$2.76", "2019-06-30": "$2.46", "2019-03-31": "$2.46", "2018-12-31": "$2.67", "2018-09-30": "$1.93", "2018-06-30": "$1.84", "2018-03-31": "$2.00", "2017-12-31": "$1.53", "2017-09-30": "$2.17", "2017-06-30": "$2.66", "2017-03-31": "$1.71", "2016-12-31": "$1.11", "2016-09-30": "$0.10", "2016-06-30": "$0.53", "2016-03-31": "$0.12", "2015-12-31": "$0.78", "2015-09-30": "$0.64", "2015-06-30": "$0.90", "2015-03-31": "$1.25", "2014-12-31": "$1.73", "2014-09-30": "$1.90", "2014-06-30": "$1.79", "2014-03-31": "$2.29", "2013-12-31": "$1.09", "2013-09-30": "$1.79", "2013-06-30": "$1.37", "2013-03-31": "$0.06", "2012-12-31": "$-0.09", "2012-09-30": "$0.83", "2012-06-30": "$-0.15", "2012-03-31": "$-0.18", "2011-12-31": "$0.80", "2011-09-30": "$1.71", "2011-06-30": "$2.16", "2011-03-31": "$3.06", "2010-12-31": "$2.43", "2010-09-30": "$0.06", "2010-06-30": "$-0.17", "2010-03-31": "$-0.37", "2009-12-31": "$-0.21", "2009-09-30": "$0.21", "2009-06-30": "$-0.04", "2009-03-31": "$-0.37", "2008-12-31": "$-1.25"}, "net worth": {"value": "$2.28B"}, "current ratio": {"2020-09-30": "2.10", "2020-06-30": "2.08", "2020-03-31": "6.20", "2019-12-31": "5.72", "2019-09-30": "6.35", "2019-06-30": "6.10", "2019-03-31": "2.73", "2018-12-31": "2.66", "2018-09-30": "2.70", "2018-06-30": "2.77", "2018-03-31": "8.99", "2017-12-31": "8.98", "2017-09-30": "8.61", "2017-06-30": "9.11", "2017-03-31": "8.85", "2016-12-31": "7.01", "2016-09-30": "6.78", "2016-06-30": "4.30", "2016-03-31": "0.89", "2015-12-31": "4.05", "2015-09-30": "4.16", "2015-06-30": "4.31", "2015-03-31": "4.27", "2014-12-31": "4.50", "2014-09-30": "4.01", "2014-06-30": "4.56", "2014-03-31": "3.86", "2013-12-31": "4.22", "2013-09-30": "4.11", "2013-06-30": "4.48", "2013-03-31": "4.27", "2012-12-31": "3.77", "2012-09-30": "3.85", "2012-06-30": "3.79", "2012-03-31": "3.67", "2011-12-31": "3.95", "2011-09-30": "3.14", "2011-06-30": "2.57", "2011-03-31": "3.96", "2010-12-31": "4.28", "2010-09-30": "3.95", "2010-06-30": "3.99", "2010-03-31": "3.69", "2009-12-31": "3.75", "2009-09-30": "3.11", "2009-06-30": "3.70", "2009-03-31": "3.61", "2008-12-31": "3.33", "2008-09-30": "2.89", "2008-06-30": "4.23", "2008-03-31": "3.62", "2007-12-31": "12.12", "2007-09-30": "0.00", "2007-06-30": "0.00", "2007-03-31": "0.00"}, "quick ratio": {"2020-09-30": "0.00", "2020-06-30": "0.00", "2020-03-31": "0.00", "2019-12-31": "0.00", "2019-09-30": "6.17", "2019-06-30": "5.94", "2019-03-31": "2.68", "2018-12-31": "0.00", "2018-09-30": "2.65", "2018-06-30": "2.71", "2018-03-31": "8.78", "2017-12-31": "8.78", "2017-09-30": "8.40", "2017-06-30": "8.88", "2017-03-31": "8.67", "2016-12-31": "6.89", "2016-09-30": "6.65", "2016-06-30": "4.15", "2016-03-31": "0.86", "2015-12-31": "3.92", "2015-09-30": "4.02", "2015-06-30": "4.17", "2015-03-31": "4.14", "2014-12-31": "4.38", "2014-09-30": "3.90", "2014-06-30": "4.43", "2014-03-31": "3.76", "2013-12-31": "4.10", "2013-09-30": "3.98", "2013-06-30": "4.33", "2013-03-31": "4.10", "2012-12-31": "3.63", "2012-09-30": "3.73", "2012-06-30": "3.67", "2012-03-31": "3.52", "2011-12-31": "3.84", "2011-09-30": "2.99", "2011-06-30": "2.42", "2011-03-31": "3.89", "2010-12-31": "4.19", "2010-09-30": "3.83", "2010-06-30": "3.88", "2010-03-31": "3.54", "2009-12-31": "3.60", "2009-09-30": "3.03", "2009-06-30": "3.56", "2009-03-31": "3.50", "2008-12-31": "3.20", "2008-09-30": "2.79", "2008-06-30": "4.07", "2008-03-31": "3.55", "2007-12-31": "11.70", "2007-09-30": "0.00", "2007-06-30": "0.00", "2007-03-31": "0.00"}, "debt equity ratio": {"current": "0.41", "2020-09-30": "0.94", "2020-06-30": "0.95", "2020-03-31": "0.93", "2019-12-31": "0.91", "2019-09-30": "0.91", "2019-06-30": "0.87", "2019-03-31": "1.10", "2018-12-31": "1.08", "2018-09-30": "1.08", "2018-06-30": "1.07", "2018-03-31": "1.08", "2017-12-31": "1.10", "2017-09-30": "1.26", "2017-06-30": "1.27", "2017-03-31": "1.27", "2016-12-31": "1.25", "2016-09-30": "1.26", "2016-06-30": "0.88", "2016-03-31": "0.90", "2015-12-31": "0.91", "2015-09-30": "0.97", "2015-06-30": "0.95", "2015-03-31": "1.00", "2014-12-31": "1.00", "2014-09-30": "1.03", "2014-06-30": "1.02", "2014-03-31": "1.06", "2013-12-31": "1.08", "2013-09-30": "1.09", "2013-06-30": "1.05", "2013-03-31": "1.06", "2012-12-31": "1.10", "2012-09-30": "1.11", "2012-06-30": "1.11", "2012-03-31": "1.15", "2011-12-31": "1.14", "2011-09-30": "1.14", "2011-06-30": "1.09", "2011-03-31": "0.28", "2010-12-31": "0.28", "2010-09-30": "0.30", "2010-06-30": "0.29", "2010-03-31": "0.30", "2009-12-31": "0.30", "2009-09-30": "0.27", "2009-06-30": "0.29", "2009-03-31": "0.31", "2008-12-31": "0.31", "2008-09-30": "0.32", "2008-06-30": "0.25", "2008-03-31": "0.31", "2007-12-31": "0.04", "2007-09-30": "0.00", "2007-06-30": "0.00", "2007-03-31": "0.00"}, "return on equity": {"2020-09-30": "-2.56%", "2020-06-30": "-3.72%", "2020-03-31": "-3.43%", "2019-12-31": "-1.59%", "2019-09-30": "-3.00%", "2019-06-30": "-2.09%", "2019-03-31": "-0.12%", "2018-12-31": "-0.97%", "2018-09-30": "9.10%", "2018-06-30": "9.76%", "2018-03-31": "8.25%", "2017-12-31": "9.99%", "2017-09-30": "3.05%", "2017-06-30": "3.08%", "2017-03-31": "4.32%", "2016-12-31": "4.62%", "2016-09-30": "5.40%", "2016-06-30": "5.32%", "2016-03-31": "4.81%", "2015-12-31": "4.39%", "2015-09-30": "4.14%", "2015-06-30": "5.10%", "2015-03-31": "5.15%", "2014-12-31": "4.64%", "2014-09-30": "3.34%", "2014-06-30": "1.66%", "2014-03-31": "0.37%", "2013-12-31": "0.06%", "2013-09-30": "0.72%", "2013-06-30": "1.33%", "2013-03-31": "2.79%", "2012-12-31": "6.75%", "2012-09-30": "5.55%", "2012-06-30": "4.25%", "2012-03-31": "3.68%", "2011-12-31": "0.10%", "2011-09-30": "6.06%", "2011-06-30": "6.98%", "2011-03-31": "5.16%", "2010-12-31": "7.24%", "2010-09-30": "0.22%", "2010-06-30": "10.88%", "2010-03-31": "16.67%", "2009-12-31": "14.54%", "2009-09-30": "-12.90%", "2009-06-30": "-36.79%", "2009-03-31": "-35.94%", "2008-12-31": "-32.78%", "2008-09-30": "-11.19%", "2008-06-30": "0.10%", "2008-03-31": "-5.48%", "2007-12-31": "-28.48%"}, "return on assets": {"2020-09-30": "-1.32%", "2020-06-30": "-1.93%", "2020-03-31": "-1.80%", "2019-12-31": "-0.81%", "2019-09-30": "-1.50%", "2019-06-30": "-1.03%", "2019-03-31": "-0.06%", "2018-12-31": "-0.47%", "2018-09-30": "4.37%", "2018-06-30": "4.59%", "2018-03-31": "3.80%", "2017-12-31": "4.50%", "2017-09-30": "1.35%", "2017-06-30": "1.36%", "2017-03-31": "1.99%", "2016-12-31": "2.23%", "2016-09-30": "2.72%", "2016-06-30": "2.78%", "2016-03-31": "2.49%", "2015-12-31": "2.24%", "2015-09-30": "2.09%", "2015-06-30": "2.56%", "2015-03-31": "2.56%", "2014-12-31": "2.29%", "2014-09-30": "1.63%", "2014-06-30": "0.81%", "2014-03-31": "0.18%", "2013-12-31": "0.03%", "2013-09-30": "0.35%", "2013-06-30": "0.64%", "2013-03-31": "1.33%", "2012-12-31": "3.19%", "2012-09-30": "2.61%", "2012-06-30": "1.99%", "2012-03-31": "1.72%", "2011-12-31": "0.05%", "2011-09-30": "3.57%", "2011-06-30": "4.67%", "2011-03-31": "4.01%", "2010-12-31": "5.61%", "2010-09-30": "0.17%", "2010-06-30": "8.43%", "2010-03-31": "12.93%", "2009-12-31": "11.26%", "2009-09-30": "-9.98%", "2009-06-30": "-28.19%", "2009-03-31": "-27.79%", "2008-12-31": "-25.29%", "2008-09-30": "-8.84%", "2008-06-30": "0.08%", "2008-03-31": "-4.42%", "2007-12-31": "-27.28%"}, "return on investments": {"2020-09-30": "1.92%", "2020-06-30": "1.65%", "2020-03-31": "0.90%", "2019-12-31": "1.13%", "2019-09-30": "-1.32%", "2019-06-30": "-1.10%", "2019-03-31": "0.09%", "2018-12-31": "0.51%", "2018-09-30": "0.66%", "2018-06-30": "0.88%", "2018-03-31": "0.48%", "2017-12-31": "0.41%", "2017-09-30": "3.09%", "2017-06-30": "3.35%", "2017-03-31": "3.92%", "2016-12-31": "4.65%", "2016-09-30": "3.84%", "2016-06-30": "4.35%", "2016-03-31": "4.73%", "2015-12-31": "4.62%", "2015-09-30": "5.87%", "2015-06-30": "5.91%", "2015-03-31": "5.88%", "2014-12-31": "5.55%", "2014-09-30": "4.76%", "2014-06-30": "3.95%", "2014-03-31": "2.48%", "2013-12-31": "1.87%", "2013-09-30": "1.29%", "2013-06-30": "0.99%", "2013-03-31": "1.70%", "2012-12-31": "1.79%", "2012-09-30": "1.81%", "2012-06-30": "1.80%", "2012-03-31": "1.81%", "2011-12-31": "1.64%", "2011-09-30": "2.52%", "2011-06-30": "3.32%", "2011-03-31": "3.46%", "2010-12-31": "4.46%", "2010-09-30": "3.99%", "2010-06-30": "2.67%", "2010-03-31": "1.62%", "2009-12-31": "0.18%", "2009-09-30": "-22.72%", "2009-06-30": "-23.29%", "2009-03-31": "-21.53%", "2008-12-31": "-19.77%", "2008-09-30": "-3.02%", "2008-06-30": "-2.68%", "2008-03-31": "-5.59%", "2007-12-31": "-28.43%"}, "return on tangible equity": {"2020-09-30": "-3.00%", "2020-06-30": "-4.36%", "2020-03-31": "-3.99%", "2019-12-31": "-1.84%", "2019-09-30": "-3.46%", "2019-06-30": "-2.40%", "2019-03-31": "-0.14%", "2018-12-31": "-1.12%", "2018-09-30": "10.48%", "2018-06-30": "11.29%", "2018-03-31": "9.60%", "2017-12-31": "11.68%", "2017-09-30": "3.58%", "2017-06-30": "3.63%", "2017-03-31": "5.09%", "2016-12-31": "5.46%", "2016-09-30": "6.44%", "2016-06-30": "6.39%", "2016-03-31": "5.82%", "2015-12-31": "5.36%", "2015-09-30": "5.09%", "2015-06-30": "6.31%", "2015-03-31": "6.42%", "2014-12-31": "5.83%", "2014-09-30": "4.24%", "2014-06-30": "2.14%", "2014-03-31": "0.48%", "2013-12-31": "0.08%", "2013-09-30": "0.98%", "2013-06-30": "1.81%", "2013-03-31": "3.86%", "2012-12-31": "9.52%", "2012-09-30": "7.99%", "2012-06-30": "6.27%", "2012-03-31": "5.53%", "2011-12-31": "0.13%", "2011-09-30": "7.61%", "2011-06-30": "8.01%", "2011-03-31": "5.44%", "2010-12-31": "7.62%", "2010-09-30": "0.23%", "2010-06-30": "11.51%", "2010-03-31": "17.72%", "2009-12-31": "15.57%", "2009-09-30": "-13.90%", "2009-06-30": "-40.77%", "2009-03-31": "-40.66%", "2008-12-31": "-37.69%", "2008-09-30": "-13.25%", "2008-06-30": "0.12%", "2008-03-31": "-6.63%", "2007-12-31": "-38.78%"}, "dividend yield history": {"last payout": "$0.00", "last yield": "0.00%"}}