{"ticker": "ECL", "price": {"title": "Ecolab Historical Annual Stock Price Data", "value": 212.78, "historical": {"2021": {"Average Stock Price": "214.2079", "Year Open": "214.3100", "Year High": "225.7400", "Year Low": "204.5100", "Year Close": "212.7800", "Annual % Change": "-1.65%"}, "2020": {"Average Stock Price": "197.6627", "Year Open": "190.2300", "Year High": "230.1100", "Year Low": "125.2200", "Year Close": "216.3600", "Annual % Change": "12.11%"}, "2019": {"Average Stock Price": "184.9100", "Year Open": "144.9200", "Year High": "208.5700", "Year Low": "141.5400", "Year Close": "192.9900", "Annual % Change": "30.97%"}, "2018": {"Average Stock Price": "145.0056", "Year Open": "134.5000", "Year High": "160.4900", "Year Low": "127.7600", "Year Close": "147.3500", "Annual % Change": "9.82%"}, "2017": {"Average Stock Price": "129.0230", "Year Open": "118.0400", "Year High": "137.4200", "Year Low": "117.8600", "Year Close": "134.1800", "Annual % Change": "14.47%"}, "2016": {"Average Stock Price": "115.2448", "Year Open": "112.4900", "Year High": "124.0500", "Year Low": "100.1400", "Year Close": "117.2200", "Annual % Change": "2.48%"}, "2015": {"Average Stock Price": "113.5604", "Year Open": "104.3100", "Year High": "122.1000", "Year Low": "98.9300", "Year Close": "114.3800", "Annual % Change": "9.43%"}, "2014": {"Average Stock Price": "108.5216", "Year Open": "103.7900", "Year High": "118.0700", "Year Low": "98.0300", "Year Close": "104.5200", "Annual % Change": "0.24%"}, "2013": {"Average Stock Price": "89.4569", "Year Open": "74.3300", "Year High": "107.9900", "Year Low": "72.2400", "Year Close": "104.2700", "Annual % Change": "45.02%"}, "2012": {"Average Stock Price": "64.9583", "Year Open": "58.0200", "Year High": "72.7200", "Year Low": "58.0200", "Year Close": "71.9000", "Annual % Change": "24.37%"}, "2011": {"Average Stock Price": "51.8422", "Year Open": "50.5200", "Year High": "57.8100", "Year Low": "44.5300", "Year Close": "57.8100", "Annual % Change": "14.66%"}, "2010": {"Average Stock Price": "47.2241", "Year Open": "45.2500", "Year High": "52.3000", "Year Low": "41.3300", "Year Close": "50.4200", "Annual % Change": "13.10%"}, "2009": {"Average Stock Price": "39.6847", "Year Open": "35.8300", "Year High": "47.4800", "Year Low": "29.8500", "Year Close": "44.5800", "Annual % Change": "26.83%"}, "2008": {"Average Stock Price": "43.6586", "Year Open": "51.0300", "Year High": "51.2400", "Year Low": "30.6200", "Year Close": "35.1500", "Annual % Change": "-31.36%"}, "2007": {"Average Stock Price": "44.3747", "Year Open": "44.5000", "Year High": "52.3000", "Year Low": "40.1600", "Year Close": "51.2100", "Annual % Change": "13.30%"}, "2006": {"Average Stock Price": "40.6188", "Year Open": "35.7000", "Year High": "46.1900", "Year Low": "33.8500", "Year Close": "45.2000", "Annual % Change": "24.62%"}, "2005": {"Average Stock Price": "32.8883", "Year Open": "34.6000", "Year High": "36.7600", "Year Low": "31.0600", "Year Close": "36.2700", "Annual % Change": "3.25%"}, "2004": {"Average Stock Price": "30.4429", "Year Open": "27.0400", "Year High": "35.2600", "Year Low": "26.2200", "Year Close": "35.1300", "Annual % Change": "28.35%"}, "2003": {"Average Stock Price": "25.6768", "Year Open": "25.0250", "Year High": "27.9150", "Year Low": "23.3600", "Year Close": "27.3700", "Annual % Change": "10.59%"}, "2002": {"Average Stock Price": "22.5850", "Year Open": "20.0650", "Year High": "25.0750", "Year Low": "18.3650", "Year Close": "24.7500", "Annual % Change": "22.98%"}, "2001": {"Average Stock Price": "19.7522", "Year Open": "21.2500", "Year High": "21.9700", "Year Low": "15.4850", "Year Close": "20.1250", "Annual % Change": "-6.81%"}, "2000": {"Average Stock Price": "18.6479", "Year Open": "18.8450", "Year High": "22.3450", "Year Low": "14.1250", "Year Close": "21.5950", "Annual % Change": "10.38%"}, "1999": {"Average Stock Price": "19.2409", "Year Open": "17.9400", "Year High": "22.0950", "Year Low": "16.0650", "Year Close": "19.5650", "Annual % Change": "8.12%"}, "1998": {"Average Stock Price": "15.0505", "Year Open": "13.8900", "Year High": "18.8450", "Year Low": "13.4225", "Year Close": "18.0950", "Annual % Change": "30.56%"}, "1997": {"Average Stock Price": "11.1331", "Year Open": "9.3125", "Year High": "13.9075", "Year Low": "9.1250", "Year Close": "13.8600", "Annual % Change": "47.37%"}, "1996": {"Average Stock Price": "8.1894", "Year Open": "7.4375", "Year High": "9.8125", "Year Low": "7.3438", "Year Close": "9.4050", "Annual % Change": "25.40%"}, "1995": {"Average Stock Price": "6.3799", "Year Open": "5.0000", "Year High": "7.7825", "Year Low": "5.0000", "Year Close": "7.5000", "Annual % Change": "43.68%"}, "1994": {"Average Stock Price": "5.3986", "Year Open": "5.7350", "Year High": "5.8438", "Year Low": "4.8450", "Year Close": "5.2200", "Annual % Change": "-7.20%"}, "1993": {"Average Stock Price": "5.1768", "Year Open": "4.5775", "Year High": "5.9375", "Year Low": "4.5625", "Year Close": "5.6250", "Annual % Change": "22.45%"}, "1992": {"Average Stock Price": "4.2228", "Year Open": "3.7188", "Year High": "4.7350", "Year Low": "3.3438", "Year Close": "4.5938", "Annual % Change": "23.53%"}, "1991": {"Average Stock Price": "3.4692", "Year Open": "2.6725", "Year High": "4.1875", "Year Low": "2.5150", "Year Close": "3.7188", "Annual % Change": "40.00%"}, "1990": {"Average Stock Price": "2.9354", "Year Open": "3.5938", "Year High": "3.8750", "Year Low": "2.0938", "Year Close": "2.6563", "Annual % Change": "-25.44%"}, "1989": {"Average Stock Price": "3.4961", "Year Open": "3.2813", "Year High": "4.0938", "Year Low": "3.1250", "Year Close": "3.5625", "Annual % Change": "7.55%"}}}, "market cap": {"value": "$60.74B"}, "income statement": {"Revenue": {"2019-12-31": "14906.30000", "2018-12-31": "14668.20000", "2017-12-31": "13835.90000", "2016-12-31": "13151.80000", "2015-12-31": "13545.10000", "2014-12-31": "14280.50000", "2013-12-31": "13253.40000", "2012-12-31": "11838.70000", "2011-12-31": "6798.50000", "2010-12-31": "6089.70000", "2009-12-31": "5900.60000", "2008-12-31": "6137.50000", "2007-12-31": "5469.60000", "2006-12-31": "4895.80000", "2005-12-31": "4534.80000"}, "Cost Of Goods Sold": {"2019-12-31": "8723.40000", "2018-12-31": "8625.90000", "2017-12-31": "8064.20000", "2016-12-31": "7533.90000", "2015-12-31": "7223.50000", "2014-12-31": "7679.10000", "2013-12-31": "7161.20000", "2012-12-31": "6385.40000", "2011-12-31": "3475.60000", "2010-12-31": "3013.80000", "2009-12-31": "2978.00000", "2008-12-31": "3141.60000", "2007-12-31": "2691.70000", "2006-12-31": "2416.10000", "2005-12-31": "2248.80000"}, "Gross Profit": {"2019-12-31": "6182.89900", "2018-12-31": "6042.30000", "2017-12-31": "5771.70100", "2016-12-31": "5617.90000", "2015-12-31": "6321.60000", "2014-12-31": "6601.40000", "2013-12-31": "6092.20000", "2012-12-31": "5453.30000", "2011-12-31": "3322.90000", "2010-12-31": "3075.90000", "2009-12-31": "2922.60000", "2008-12-31": "2995.90000", "2007-12-31": "2777.90000", "2006-12-31": "2479.70000", "2005-12-31": "2286.00000"}, "Research And Development Expenses": {"2019-12-31": "", "2018-12-31": "", "2017-12-31": "", "2016-12-31": "", "2015-12-31": "", "2014-12-31": "", "2013-12-31": "", "2012-12-31": "", "2011-12-31": "", "2010-12-31": "", "2009-12-31": "", "2008-12-31": "", "2007-12-31": "", "2006-12-31": "", "2005-12-31": ""}, "SG&A Expenses": {"2019-12-31": "3957.50000", "2018-12-31": "3968.60000", "2017-12-31": "3825.30000", "2016-12-31": "3708.20000", "2015-12-31": "4345.50000", "2014-12-31": "4577.60000", "2013-12-31": "4360.30000", "2012-12-31": "4018.30000", "2011-12-31": "2438.10000", "2010-12-31": "2261.60000", "2009-12-31": "2174.20000", "2008-12-31": "2257.20000", "2007-12-31": "2089.20000", "2006-12-31": "1868.10000", "2005-12-31": "1743.60000"}, "Other Operating Income Or Expenses": {"2019-12-31": "-211.60000", "2018-12-31": "-126.70000", "2017-12-31": "3.70000", "2016-12-31": "-39.50000", "2015-12-31": "-414.80000", "2014-12-31": "-68.80000", "2013-12-31": "-171.30000", "2012-12-31": "-145.70000", "2011-12-31": "-131.00000", "2010-12-31": "-7.50000", "2009-12-31": "-67.10000", "2008-12-31": "-25.90000", "2007-12-31": "-19.70000", "2006-12-31": "", "2005-12-31": ""}, "Operating Expenses": {"2019-12-31": "12892.50000", "2018-12-31": "12721.20000", "2017-12-31": "11885.80000", "2016-12-31": "11281.60000", "2015-12-31": "11983.80000", "2014-12-31": "12325.50000", "2013-12-31": "11692.80000", "2012-12-31": "10549.40000", "2011-12-31": "6044.70000", "2010-12-31": "5282.90000", "2009-12-31": "5219.30000", "2008-12-31": "5424.70000", "2007-12-31": "4800.60000", "2006-12-31": "4284.20000", "2005-12-31": "3992.40000"}, "Operating Income": {"2019-12-31": "2013.80000", "2018-12-31": "1947.00000", "2017-12-31": "1950.10100", "2016-12-31": "1870.20000", "2015-12-31": "1561.30000", "2014-12-31": "1955.00000", "2013-12-31": "1560.60100", "2012-12-31": "1289.30000", "2011-12-31": "753.79980", "2010-12-31": "806.79980", "2009-12-31": "681.29980", "2008-12-31": "712.80030", "2007-12-31": "669.00000", "2006-12-31": "611.59960", "2005-12-31": "542.39990"}, "Total Non-Operating Income/Expense": {"2019-12-31": "-114.90000", "2018-12-31": "-142.40000", "2017-12-31": "-187.70000", "2016-12-31": "-220.80000", "2015-12-31": "-243.60000", "2014-12-31": "-256.60000", "2013-12-31": "-262.30000", "2012-12-31": "-276.70000", "2011-12-31": "-74.20000", "2010-12-31": "-59.10000", "2009-12-31": "-61.20000", "2008-12-31": "-61.60000", "2007-12-31": "-51.00000", "2006-12-31": "-44.40000", "2005-12-31": "-44.20000"}, "Pre-Tax Income": {"2019-12-31": "1898.90000", "2018-12-31": "1804.60000", "2017-12-31": "1762.40000", "2016-12-31": "1649.40000", "2015-12-31": "1317.70000", "2014-12-31": "1698.40000", "2013-12-31": "1298.30000", "2012-12-31": "1012.60000", "2011-12-31": "679.60000", "2010-12-31": "747.70000", "2009-12-31": "620.10000", "2008-12-31": "651.20000", "2007-12-31": "618.00000", "2006-12-31": "567.20000", "2005-12-31": "498.20000"}, "Income Taxes": {"2019-12-31": "322.70000", "2018-12-31": "364.30000", "2017-12-31": "243.80000", "2016-12-31": "402.90000", "2015-12-31": "300.50000", "2014-12-31": "476.20000", "2013-12-31": "324.70000", "2012-12-31": "311.30000", "2011-12-31": "216.30000", "2010-12-31": "216.60000", "2009-12-31": "201.40000", "2008-12-31": "202.80000", "2007-12-31": "189.10000", "2006-12-31": "198.60000", "2005-12-31": "178.70000"}, "Income After Taxes": {"2019-12-31": "1576.20000", "2018-12-31": "1440.30000", "2017-12-31": "1518.60000", "2016-12-31": "1246.50000", "2015-12-31": "1017.20000", "2014-12-31": "1222.20000", "2013-12-31": "973.60000", "2012-12-31": "701.30000", "2011-12-31": "463.30000", "2010-12-31": "531.10000", "2009-12-31": "418.70000", "2008-12-31": "448.40000", "2007-12-31": "428.90000", "2006-12-31": "368.60000", "2005-12-31": "319.50000"}, "Other Income": {"2019-12-31": "", "2018-12-31": "", "2017-12-31": "", "2016-12-31": "", "2015-12-31": "", "2014-12-31": "", "2013-12-31": "", "2012-12-31": "", "2011-12-31": "", "2010-12-31": "", "2009-12-31": "", "2008-12-31": "", "2007-12-31": "", "2006-12-31": "", "2005-12-31": ""}, "Income From Continuous Operations": {"2019-12-31": "1576.20000", "2018-12-31": "1440.30000", "2017-12-31": "1518.60000", "2016-12-31": "1246.50000", "2015-12-31": "1017.20000", "2014-12-31": "1222.20000", "2013-12-31": "973.60000", "2012-12-31": "701.30000", "2011-12-31": "463.30000", "2010-12-31": "531.10000", "2009-12-31": "418.70000", "2008-12-31": "448.40000", "2007-12-31": "428.90000", "2006-12-31": "368.60000", "2005-12-31": "319.50000"}, "Income From Discontinued Operations": {"2019-12-31": "", "2018-12-31": "", "2017-12-31": "", "2016-12-31": "", "2015-12-31": "", "2014-12-31": "", "2013-12-31": "", "2012-12-31": "", "2011-12-31": "", "2010-12-31": "", "2009-12-31": "", "2008-12-31": "", "2007-12-31": "", "2006-12-31": "", "2005-12-31": ""}, "Net Income": {"2019-12-31": "1558.90000", "2018-12-31": "1429.10000", "2017-12-31": "1504.60000", "2016-12-31": "1229.00000", "2015-12-31": "1002.10000", "2014-12-31": "1202.80000", "2013-12-31": "967.80000", "2012-12-31": "703.60000", "2011-12-31": "462.50000", "2010-12-31": "530.30000", "2009-12-31": "417.30000", "2008-12-31": "448.10000", "2007-12-31": "427.20000", "2006-12-31": "368.60000", "2005-12-31": "319.50000"}, "EBITDA": {"2019-12-31": "2987.10000", "2018-12-31": "2885.30000", "2017-12-31": "2843.40100", "2016-12-31": "2720.90000", "2015-12-31": "2420.80000", "2014-12-31": "2827.00000", "2013-12-31": "2376.80100", "2012-12-31": "2003.80000", "2011-12-31": "1149.50000", "2010-12-31": "1154.70000", "2009-12-31": "1015.60000", "2008-12-31": "1047.50000", "2007-12-31": "960.90000", "2006-12-31": "880.19960", "2005-12-31": "799.29990"}, "EBIT": {"2019-12-31": "2013.80000", "2018-12-31": "1947.00000", "2017-12-31": "1950.10100", "2016-12-31": "1870.20000", "2015-12-31": "1561.30000", "2014-12-31": "1955.00000", "2013-12-31": "1560.60100", "2012-12-31": "1289.30000", "2011-12-31": "753.79980", "2010-12-31": "806.79980", "2009-12-31": "681.29980", "2008-12-31": "712.80030", "2007-12-31": "669.00000", "2006-12-31": "611.59960", "2005-12-31": "542.39990"}, "Basic Shares Outstanding": {"2019-12-31": "288.10000", "2018-12-31": "288.60000", "2017-12-31": "289.60000", "2016-12-31": "292.50000", "2015-12-31": "296.40000", "2014-12-31": "300.10000", "2013-12-31": "299.90000", "2012-12-31": "292.50000", "2011-12-31": "236.90000", "2010-12-31": "233.40000", "2009-12-31": "236.70000", "2008-12-31": "245.40000", "2007-12-31": "246.80000", "2006-12-31": "252.10000", "2005-12-31": "255.70000"}, "Shares Outstanding": {"2019-12-31": "292.50000", "2018-12-31": "292.80000", "2017-12-31": "294.00000", "2016-12-31": "296.70000", "2015-12-31": "301.40000", "2014-12-31": "305.90000", "2013-12-31": "305.00000", "2012-12-31": "298.90000", "2011-12-31": "242.10000", "2010-12-31": "237.60000", "2009-12-31": "239.90000", "2008-12-31": "249.30000", "2007-12-31": "251.80000", "2006-12-31": "257.10000", "2005-12-31": "260.10000"}, "Basic EPS": {"2019-12-31": "5.41000", "2018-12-31": "4.95000", "2017-12-31": "5.20000", "2016-12-31": "4.20000", "2015-12-31": "3.38000", "2014-12-31": "4.01000", "2013-12-31": "3.23000", "2012-12-31": "2.41000", "2011-12-31": "1.95000", "2010-12-31": "2.27000", "2009-12-31": "1.76000", "2008-12-31": "1.83000", "2007-12-31": "1.73000", "2006-12-31": "1.46000", "2005-12-31": "1.25000"}, "EPS - Earnings Per Share": {"2019-12-31": "5.33000", "2018-12-31": "4.88000", "2017-12-31": "5.12000", "2016-12-31": "4.14000", "2015-12-31": "3.32000", "2014-12-31": "3.93000", "2013-12-31": "3.16000", "2012-12-31": "2.35000", "2011-12-31": "1.91000", "2010-12-31": "2.23000", "2009-12-31": "1.74000", "2008-12-31": "1.80000", "2007-12-31": "1.70000", "2006-12-31": "1.43000", "2005-12-31": "1.23000"}}, "income statement, quarterly": {"Revenue": {"2020-09-30": "3018.60000", "2020-06-30": "2685.70000", "2020-03-31": "3581.40000", "2019-12-31": "5007.79900", "2019-09-30": "3224.00000", "2019-06-30": "3169.10000", "2019-03-31": "3505.40000", "2018-12-31": "3760.50000", "2018-09-30": "3747.20000", "2018-06-30": "3689.60000", "2018-03-31": "3470.90000", "2017-12-31": "3649.00000", "2017-09-30": "3564.50000", "2017-06-30": "3460.00000", "2017-03-31": "3162.40000", "2016-12-31": "3351.09900", "2016-09-30": "3386.10000", "2016-06-30": "3317.20000", "2016-03-31": "3097.40000", "2015-12-31": "3411.99900", "2015-09-30": "3446.40000", "2015-06-30": "3389.10000", "2015-03-31": "3297.60000", "2014-12-31": "3680.79900", "2014-09-30": "3694.90000", "2014-06-30": "3568.20000", "2014-03-31": "3336.60000", "2013-12-31": "3559.50000", "2013-09-30": "3484.00000", "2013-06-30": "3337.80000", "2013-03-31": "2872.10000", "2012-12-31": "3045.80000", "2012-09-30": "3023.30000", "2012-06-30": "2958.70000", "2012-03-31": "2810.90000", "2011-12-31": "1845.30000", "2011-09-30": "1736.10000", "2011-06-30": "1698.80000", "2011-03-31": "1518.30000", "2010-12-31": "1575.50000", "2010-09-30": "1561.90000", "2010-06-30": "1520.20000", "2010-03-31": "1432.10000", "2009-12-31": "1564.50000", "2009-09-30": "1546.40000", "2009-06-30": "1441.50000", "2009-03-31": "1348.20000", "2008-12-31": "1483.30000", "2008-09-30": "1626.30000", "2008-06-30": "1570.00000", "2008-03-31": "1457.90000", "2007-12-31": "1439.80000", "2007-09-30": "1413.20000", "2007-06-30": "1362.40000", "2007-03-31": "1254.20000", "2006-12-31": "1271.00000", "2006-09-30": "1278.80000", "2006-06-30": "1225.90000", "2006-03-31": "1120.10000", "2005-12-31": "1141.48300", "2005-09-30": "1164.77300", "2005-06-30": "1158.66400", "2005-03-31": "1069.88000"}, "Cost Of Goods Sold": {"2020-09-30": "1769.60000", "2020-06-30": "1635.70000", "2020-03-31": "2116.80000", "2019-12-31": "3072.60000", "2019-09-30": "1780.90000", "2019-06-30": "1780.30000", "2019-03-31": "2089.60000", "2018-12-31": "2216.80000", "2018-09-30": "2190.70000", "2018-06-30": "2146.10000", "2018-03-31": "2072.30000", "2017-12-31": "2102.40000", "2017-09-30": "2064.60000", "2017-06-30": "2045.40000", "2017-03-31": "1851.80000", "2016-12-31": "2380.10000", "2016-09-30": "1737.20000", "2016-06-30": "1785.20000", "2016-03-31": "1631.40000", "2015-12-31": "1831.70000", "2015-09-30": "1820.00000", "2015-06-30": "1806.50000", "2015-03-31": "1765.30000", "2014-12-31": "1979.90000", "2014-09-30": "1970.60000", "2014-06-30": "1909.40000", "2014-03-31": "1819.20000", "2013-12-31": "1945.20000", "2013-09-30": "1866.10000", "2013-06-30": "1810.20000", "2013-03-31": "1539.70000", "2012-12-31": "1546.10000", "2012-09-30": "1616.40000", "2012-06-30": "1608.90000", "2012-03-31": "1614.00000", "2011-12-31": "966.50010", "2011-09-30": "877.90000", "2011-06-30": "860.80000", "2011-03-31": "770.40000", "2010-12-31": "783.69990", "2010-09-30": "763.40000", "2010-06-30": "750.00000", "2010-03-31": "716.70000", "2009-12-31": "781.10010", "2009-09-30": "763.90000", "2009-06-30": "725.10000", "2009-03-31": "707.90000", "2008-12-31": "770.20000", "2008-09-30": "834.30000", "2008-06-30": "798.80000", "2008-03-31": "738.30000", "2007-12-31": "716.40000", "2007-09-30": "690.10000", "2007-06-30": "669.50000", "2007-03-31": "615.70000", "2006-12-31": "630.10010", "2006-09-30": "625.50000", "2006-06-30": "608.00000", "2006-03-31": "552.50000", "2005-12-31": "577.89710", "2005-09-30": "572.86200", "2005-06-30": "571.06600", "2005-03-31": "526.97500"}, "Gross Profit": {"2020-09-30": "1249.00000", "2020-06-30": "1050.00000", "2020-03-31": "1464.60000", "2019-12-31": "1935.19900", "2019-09-30": "1443.10000", "2019-06-30": "1388.80000", "2019-03-31": "1415.80000", "2018-12-31": "1543.70000", "2018-09-30": "1556.50000", "2018-06-30": "1543.50000", "2018-03-31": "1398.60000", "2017-12-31": "1546.60100", "2017-09-30": "1499.90000", "2017-06-30": "1414.60000", "2017-03-31": "1310.60000", "2016-12-31": "970.99900", "2016-09-30": "1648.90000", "2016-06-30": "1532.00000", "2016-03-31": "1466.00000", "2015-12-31": "1580.29900", "2015-09-30": "1626.40000", "2015-06-30": "1582.60000", "2015-03-31": "1532.30000", "2014-12-31": "1700.89900", "2014-09-30": "1724.30000", "2014-06-30": "1658.80000", "2014-03-31": "1517.40000", "2013-12-31": "1614.30000", "2013-09-30": "1617.90000", "2013-06-30": "1527.60000", "2013-03-31": "1332.40000", "2012-12-31": "1499.70000", "2012-09-30": "1406.90000", "2012-06-30": "1349.80000", "2012-03-31": "1196.90000", "2011-12-31": "878.79970", "2011-09-30": "858.20000", "2011-06-30": "838.00010", "2011-03-31": "747.90000", "2010-12-31": "791.80050", "2010-09-30": "798.50000", "2010-06-30": "770.20000", "2010-03-31": "715.40000", "2009-12-31": "783.40010", "2009-09-30": "782.50000", "2009-06-30": "716.40000", "2009-03-31": "640.29990", "2008-12-31": "713.10020", "2008-09-30": "792.00010", "2008-06-30": "771.20000", "2008-03-31": "719.60000", "2007-12-31": "723.40010", "2007-09-30": "723.10000", "2007-06-30": "692.90000", "2007-03-31": "638.49990", "2006-12-31": "640.89950", "2006-09-30": "653.30000", "2006-06-30": "617.90000", "2006-03-31": "567.60000", "2005-12-31": "563.58570", "2005-09-30": "591.91090", "2005-06-30": "587.59800", "2005-03-31": "542.90500"}, "Research And Development Expenses": {"2020-09-30": "", "2020-06-30": "", "2020-03-31": "", "2019-12-31": "", "2019-09-30": "", "2019-06-30": "", "2019-03-31": "", "2018-12-31": "", "2018-09-30": "", "2018-06-30": "", "2018-03-31": "", "2017-12-31": "", "2017-09-30": "", "2017-06-30": "", "2017-03-31": "", "2016-12-31": "", "2016-09-30": "", "2016-06-30": "", "2016-03-31": "", "2015-12-31": "", "2015-09-30": "", "2015-06-30": "", "2015-03-31": "", "2014-12-31": "", "2014-09-30": "", "2014-06-30": "", "2014-03-31": "", "2013-12-31": "", "2013-09-30": "", "2013-06-30": "", "2013-03-31": "", "2012-12-31": "", "2012-09-30": "", "2012-06-30": "", "2012-03-31": "", "2011-12-31": "", "2011-09-30": "", "2011-06-30": "", "2011-03-31": "", "2010-12-31": "", "2010-09-30": "", "2010-06-30": "", "2010-03-31": "", "2009-12-31": "", "2009-09-30": "", "2009-06-30": "", "2009-03-31": "", "2008-12-31": "", "2008-09-30": "", "2008-06-30": "", "2008-03-31": "", "2007-12-31": "", "2007-09-30": "", "2007-06-30": "", "2007-03-31": "", "2006-12-31": "", "2006-09-30": "", "2006-06-30": "", "2006-03-31": "", "2005-12-31": "", "2005-09-30": "", "2005-06-30": "", "2005-03-31": ""}, "SG&A Expenses": {"2020-09-30": "802.60000", "2020-06-30": "788.60000", "2020-03-31": "1015.00000", "2019-12-31": "1180.00000", "2019-09-30": "869.20000", "2019-06-30": "900.00000", "2019-03-31": "1008.30000", "2018-12-31": "948.80010", "2018-09-30": "964.70000", "2018-06-30": "1036.80000", "2018-03-31": "1018.30000", "2017-12-31": "988.99990", "2017-09-30": "930.90000", "2017-06-30": "958.20000", "2017-03-31": "947.20000", "2016-12-31": "455.10010", "2016-09-30": "1071.60000", "2016-06-30": "1093.30000", "2016-03-31": "1088.20000", "2015-12-31": "1058.80000", "2015-09-30": "1070.70000", "2015-06-30": "1079.20000", "2015-03-31": "1136.80000", "2014-12-31": "1142.10000", "2014-09-30": "1145.90000", "2014-06-30": "1152.70000", "2014-03-31": "1136.90000", "2013-12-31": "1123.50000", "2013-09-30": "1114.10000", "2013-06-30": "1101.70000", "2013-03-31": "1021.00000", "2012-12-31": "1069.20000", "2012-09-30": "977.70000", "2012-06-30": "981.70000", "2012-03-31": "989.70000", "2011-12-31": "651.60010", "2011-09-30": "595.30000", "2011-06-30": "609.60000", "2011-03-31": "581.60000", "2010-12-31": "579.70010", "2010-09-30": "558.50000", "2010-06-30": "565.30000", "2010-03-31": "558.10000", "2009-12-31": "577.40000", "2009-09-30": "554.10000", "2009-06-30": "526.40000", "2009-03-31": "516.30000", "2008-12-31": "541.39990", "2008-09-30": "578.80000", "2008-06-30": "580.00000", "2008-03-31": "557.00000", "2007-12-31": "555.50000", "2007-09-30": "523.70000", "2007-06-30": "519.90000", "2007-03-31": "490.10000", "2006-12-31": "495.29990", "2006-09-30": "471.90000", "2006-06-30": "464.70000", "2006-03-31": "436.20000", "2005-12-31": "439.87200", "2005-09-30": "429.46400", "2005-06-30": "449.34600", "2005-03-31": "424.91800"}, "Other Operating Income Or Expenses": {"2020-09-30": "-35.00000", "2020-06-30": "-69.40000", "2020-03-31": "-52.40000", "2019-12-31": "-122.00000", "2019-09-30": "-24.90000", "2019-06-30": "-24.40000", "2019-03-31": "-40.30000", "2018-12-31": "-13.00000", "2018-09-30": "-75.60000", "2018-06-30": "-12.10000", "2018-03-31": "-26.00000", "2017-12-31": "51.60000", "2017-09-30": "-4.90000", "2017-06-30": "-36.80000", "2017-03-31": "-6.20000", "2016-12-31": "-3.80000", "2016-09-30": "-3.20000", "2016-06-30": "-26.20000", "2016-03-31": "-6.30000", "2015-12-31": "-198.70000", "2015-09-30": "-142.70000", "2015-06-30": "-65.60000", "2015-03-31": "-7.80000", "2014-12-31": "-38.30000", "2014-09-30": "-7.00000", "2014-06-30": "6.10000", "2014-03-31": "-29.60000", "2013-12-31": "-20.20000", "2013-09-30": "-27.80000", "2013-06-30": "-73.60000", "2013-03-31": "-49.70000", "2012-12-31": "-34.70000", "2012-09-30": "-28.00000", "2012-06-30": "-41.60000", "2012-03-31": "-41.40000", "2011-12-31": "-63.00000", "2011-09-30": "-23.30000", "2011-06-30": "-30.10000", "2011-03-31": "-14.60000", "2010-12-31": "-8.50000", "2010-09-30": "5.10000", "2010-06-30": "-0.60000", "2010-03-31": "-3.50000", "2009-12-31": "-10.20000", "2009-09-30": "-5.40000", "2009-06-30": "-25.00000", "2009-03-31": "-26.50000", "2008-12-31": "-31.50000", "2008-09-30": "-11.80000", "2008-06-30": "19.30000", "2008-03-31": "-1.90000", "2007-12-31": "8.10000", "2007-09-30": "-27.80000", "2007-06-30": "", "2007-03-31": "", "2006-12-31": "", "2006-09-30": "", "2006-06-30": "", "2006-03-31": "", "2005-12-31": "", "2005-09-30": "", "2005-06-30": "", "2005-03-31": ""}, "Operating Expenses": {"2020-09-30": "2607.20000", "2020-06-30": "2493.70000", "2020-03-31": "3184.20000", "2019-12-31": "4374.60000", "2019-09-30": "2675.00000", "2019-06-30": "2704.70000", "2019-03-31": "3138.20000", "2018-12-31": "3178.60000", "2018-09-30": "3231.00000", "2018-06-30": "3195.00000", "2018-03-31": "3116.60000", "2017-12-31": "3039.80000", "2017-09-30": "3000.40000", "2017-06-30": "3040.40000", "2017-03-31": "2805.20000", "2016-12-31": "2838.99900", "2016-09-30": "2812.00000", "2016-06-30": "2904.70000", "2016-03-31": "2725.90000", "2015-12-31": "3089.20000", "2015-09-30": "3033.40000", "2015-06-30": "2951.30000", "2015-03-31": "2909.90000", "2014-12-31": "3160.30000", "2014-09-30": "3123.50000", "2014-06-30": "3056.00000", "2014-03-31": "2985.70000", "2013-12-31": "3088.90000", "2013-09-30": "3008.00000", "2013-06-30": "2985.50000", "2013-03-31": "2610.40000", "2012-12-31": "2650.00000", "2012-09-30": "2622.10000", "2012-06-30": "2632.20000", "2012-03-31": "2645.10000", "2011-12-31": "1681.10000", "2011-09-30": "1496.50000", "2011-06-30": "1500.50000", "2011-03-31": "1366.60000", "2010-12-31": "1371.90000", "2010-09-30": "1316.80000", "2010-06-30": "1315.90000", "2010-03-31": "1278.30000", "2009-12-31": "1368.70000", "2009-09-30": "1323.40000", "2009-06-30": "1276.50000", "2009-03-31": "1250.70000", "2008-12-31": "1343.10000", "2008-09-30": "1424.90000", "2008-06-30": "1359.50000", "2008-03-31": "1297.20000", "2007-12-31": "1263.80000", "2007-09-30": "1241.60000", "2007-06-30": "1189.40000", "2007-03-31": "1105.80000", "2006-12-31": "1125.40000", "2006-09-30": "1097.40000", "2006-06-30": "1072.70000", "2006-03-31": "988.70000", "2005-12-31": "1017.76900", "2005-09-30": "1002.32600", "2005-06-30": "1020.41200", "2005-03-31": "951.89290"}, "Operating Income": {"2020-09-30": "411.40010", "2020-06-30": "192.00020", "2020-03-31": "397.20000", "2019-12-31": "633.19970", "2019-09-30": "549.00000", "2019-06-30": "464.40010", "2019-03-31": "367.19970", "2018-12-31": "581.89990", "2018-09-30": "516.20000", "2018-06-30": "494.59990", "2018-03-31": "354.29980", "2017-12-31": "609.20040", "2017-09-30": "564.10010", "2017-06-30": "419.59990", "2017-03-31": "357.20000", "2016-12-31": "512.09990", "2016-09-30": "574.10030", "2016-06-30": "412.50000", "2016-03-31": "371.49980", "2015-12-31": "322.79860", "2015-09-30": "413.00000", "2015-06-30": "437.80000", "2015-03-31": "387.70000", "2014-12-31": "520.49950", "2014-09-30": "571.39990", "2014-06-30": "512.20000", "2014-03-31": "350.89990", "2013-12-31": "470.60060", "2013-09-30": "476.00000", "2013-06-30": "352.30000", "2013-03-31": "261.70020", "2012-12-31": "395.80000", "2012-09-30": "401.20000", "2012-06-30": "326.49980", "2012-03-31": "165.80000", "2011-12-31": "164.19960", "2011-09-30": "239.60000", "2011-06-30": "198.30020", "2011-03-31": "151.70010", "2010-12-31": "203.60020", "2010-09-30": "245.10000", "2010-06-30": "204.29990", "2010-03-31": "153.79990", "2009-12-31": "195.79980", "2009-09-30": "223.00000", "2009-06-30": "165.00000", "2009-03-31": "97.50000", "2008-12-31": "140.20040", "2008-09-30": "201.40000", "2008-06-30": "210.50000", "2008-03-31": "160.70000", "2007-12-31": "176.00000", "2007-09-30": "171.59990", "2007-06-30": "173.00000", "2007-03-31": "148.39990", "2006-12-31": "145.59920", "2006-09-30": "181.40000", "2006-06-30": "153.20010", "2006-03-31": "131.40000", "2005-12-31": "123.71370", "2005-09-30": "162.44700", "2005-06-30": "138.25200", "2005-03-31": "117.98710"}, "Total Non-Operating Income/Expense": {"2020-09-30": "-119.70000", "2020-06-30": "-43.60000", "2020-03-31": "-32.90000", "2019-12-31": "-33.10000", "2019-09-30": "-25.30000", "2019-06-30": "-28.30000", "2019-03-31": "-28.20000", "2018-12-31": "-34.00000", "2018-09-30": "-34.70000", "2018-06-30": "-36.70000", "2018-03-31": "-37.00000", "2017-12-31": "-61.00000", "2017-09-30": "-38.20000", "2017-06-30": "-42.80000", "2017-03-31": "-45.70000", "2016-12-31": "-24.50000", "2016-09-30": "-64.90000", "2016-06-30": "-65.30000", "2016-03-31": "-66.10000", "2015-12-31": "-62.30000", "2015-09-30": "-57.60000", "2015-06-30": "-61.20000", "2015-03-31": "-62.50000", "2014-12-31": "-62.00000", "2014-09-30": "-63.30000", "2014-06-30": "-66.20000", "2014-03-31": "-65.10000", "2013-12-31": "-67.60000", "2013-09-30": "-67.00000", "2013-06-30": "-66.20000", "2013-03-31": "-61.50000", "2012-12-31": "-62.50000", "2012-09-30": "-64.20000", "2012-06-30": "-63.90000", "2012-03-31": "-86.10000", "2011-12-31": "-34.40000", "2011-09-30": "-13.20000", "2011-06-30": "-13.10000", "2011-03-31": "-13.50000", "2010-12-31": "-14.20000", "2010-09-30": "-14.90000", "2010-06-30": "-15.00000", "2010-03-31": "-15.00000", "2009-12-31": "-15.10000", "2009-09-30": "-15.10000", "2009-06-30": "-15.20000", "2009-03-31": "-15.80000", "2008-12-31": "-15.50000", "2008-09-30": "-16.00000", "2008-06-30": "-15.30000", "2008-03-31": "-14.80000", "2007-12-31": "-13.10000", "2007-09-30": "-12.80000", "2007-06-30": "-13.40000", "2007-03-31": "-11.70000", "2006-12-31": "-11.80000", "2006-09-30": "-11.30000", "2006-06-30": "-11.00000", "2006-03-31": "-10.30000", "2005-12-31": "-9.29700", "2005-09-30": "-11.52900", "2005-06-30": "-12.18400", "2005-03-31": "-11.19000"}, "Pre-Tax Income": {"2020-09-30": "291.70000", "2020-06-30": "148.40000", "2020-03-31": "364.30000", "2019-12-31": "600.10000", "2019-09-30": "523.70000", "2019-06-30": "436.10000", "2019-03-31": "339.00000", "2018-12-31": "547.90000", "2018-09-30": "481.50000", "2018-06-30": "457.90000", "2018-03-31": "317.30000", "2017-12-31": "548.20000", "2017-09-30": "525.90000", "2017-06-30": "376.80000", "2017-03-31": "311.50000", "2016-12-31": "487.59990", "2016-09-30": "509.20000", "2016-06-30": "347.20000", "2016-03-31": "305.40000", "2015-12-31": "260.49990", "2015-09-30": "355.40000", "2015-06-30": "376.60000", "2015-03-31": "325.20000", "2014-12-31": "458.50010", "2014-09-30": "508.10000", "2014-06-30": "446.00000", "2014-03-31": "285.80000", "2013-12-31": "403.00010", "2013-09-30": "409.00000", "2013-06-30": "286.10000", "2013-03-31": "200.20000", "2012-12-31": "333.30000", "2012-09-30": "337.00000", "2012-06-30": "262.60000", "2012-03-31": "79.70000", "2011-12-31": "129.80000", "2011-09-30": "226.40000", "2011-06-30": "185.20000", "2011-03-31": "138.20000", "2010-12-31": "189.40000", "2010-09-30": "230.20000", "2010-06-30": "189.30000", "2010-03-31": "138.80000", "2009-12-31": "180.70000", "2009-09-30": "207.90000", "2009-06-30": "149.80000", "2009-03-31": "81.70000", "2008-12-31": "124.70000", "2008-09-30": "185.40000", "2008-06-30": "195.20000", "2008-03-31": "145.90000", "2007-12-31": "162.90000", "2007-09-30": "158.80000", "2007-06-30": "159.60000", "2007-03-31": "136.70000", "2006-12-31": "133.80000", "2006-09-30": "170.10000", "2006-06-30": "142.20000", "2006-03-31": "121.10000", "2005-12-31": "114.41700", "2005-09-30": "150.91800", "2005-06-30": "126.06800", "2005-03-31": "106.79700"}, "Income Taxes": {"2020-09-30": "42.40000", "2020-06-30": "14.10000", "2020-03-31": "74.10000", "2019-12-31": "111.90000", "2019-09-30": "83.40000", "2019-06-30": "88.80000", "2019-03-31": "38.60000", "2018-12-31": "147.70000", "2018-09-30": "43.20000", "2018-06-30": "104.30000", "2018-03-31": "69.10000", "2017-12-31": "-20.20000", "2017-09-30": "129.30000", "2017-06-30": "80.50000", "2017-03-31": "54.20000", "2016-12-31": "116.20000", "2016-09-30": "129.70000", "2016-06-30": "83.60000", "2016-03-31": "73.40000", "2015-12-31": "37.60000", "2015-09-30": "105.30000", "2015-06-30": "67.80000", "2015-03-31": "89.80000", "2014-12-31": "115.20000", "2014-09-30": "138.70000", "2014-06-30": "131.00000", "2014-03-31": "91.30000", "2013-12-31": "113.40000", "2013-09-30": "101.80000", "2013-06-30": "70.30000", "2013-03-31": "39.20000", "2012-12-31": "98.80000", "2012-09-30": "97.70000", "2012-06-30": "79.20000", "2012-03-31": "35.60000", "2011-12-31": "41.00000", "2011-09-30": "71.90000", "2011-06-30": "59.00000", "2011-03-31": "44.40000", "2010-12-31": "57.80000", "2010-09-30": "55.90000", "2010-06-30": "59.80000", "2010-03-31": "43.10000", "2009-12-31": "64.40000", "2009-09-30": "62.70000", "2009-06-30": "50.30000", "2009-03-31": "24.00000", "2008-12-31": "44.30000", "2008-09-30": "59.50000", "2008-06-30": "56.20000", "2008-03-31": "42.80000", "2007-12-31": "47.80000", "2007-09-30": "44.80000", "2007-06-30": "49.30000", "2007-03-31": "47.20000", "2006-12-31": "46.60000", "2006-09-30": "59.80000", "2006-06-30": "49.00000", "2006-03-31": "43.20000", "2005-12-31": "43.70200", "2005-09-30": "52.96000", "2005-06-30": "44.66700", "2005-03-31": "37.37100"}, "Income After Taxes": {"2020-09-30": "249.30000", "2020-06-30": "134.30000", "2020-03-31": "290.20000", "2019-12-31": "488.19990", "2019-09-30": "440.30000", "2019-06-30": "347.30000", "2019-03-31": "300.40000", "2018-12-31": "400.20010", "2018-09-30": "438.30000", "2018-06-30": "353.60000", "2018-03-31": "248.20000", "2017-12-31": "568.40000", "2017-09-30": "396.60000", "2017-06-30": "296.30000", "2017-03-31": "257.30000", "2016-12-31": "371.40000", "2016-09-30": "379.50000", "2016-06-30": "263.60000", "2016-03-31": "232.00000", "2015-12-31": "222.90000", "2015-09-30": "250.10000", "2015-06-30": "308.80000", "2015-03-31": "235.40000", "2014-12-31": "343.29990", "2014-09-30": "369.40000", "2014-06-30": "315.00000", "2014-03-31": "194.50000", "2013-12-31": "289.60000", "2013-09-30": "307.20000", "2013-06-30": "215.80000", "2013-03-31": "161.00000", "2012-12-31": "234.50000", "2012-09-30": "239.30000", "2012-06-30": "183.40000", "2012-03-31": "44.10000", "2011-12-31": "88.80000", "2011-09-30": "154.50000", "2011-06-30": "126.20000", "2011-03-31": "93.80000", "2010-12-31": "131.60000", "2010-09-30": "174.30000", "2010-06-30": "129.50000", "2010-03-31": "95.70000", "2009-12-31": "116.30000", "2009-09-30": "145.20000", "2009-06-30": "99.50000", "2009-03-31": "57.70000", "2008-12-31": "80.40000", "2008-09-30": "125.90000", "2008-06-30": "139.00000", "2008-03-31": "103.10000", "2007-12-31": "115.10000", "2007-09-30": "114.00000", "2007-06-30": "110.30000", "2007-03-31": "89.50000", "2006-12-31": "87.20000", "2006-09-30": "110.30000", "2006-06-30": "93.20000", "2006-03-31": "77.90000", "2005-12-31": "70.71500", "2005-09-30": "97.95800", "2005-06-30": "81.40100", "2005-03-31": "69.42600"}, "Other Income": {"2020-09-30": "", "2020-06-30": "", "2020-03-31": "", "2019-12-31": "", "2019-09-30": "", "2019-06-30": "", "2019-03-31": "", "2018-12-31": "", "2018-09-30": "", "2018-06-30": "", "2018-03-31": "", "2017-12-31": "", "2017-09-30": "", "2017-06-30": "", "2017-03-31": "", "2016-12-31": "", "2016-09-30": "", "2016-06-30": "", "2016-03-31": "", "2015-12-31": "", "2015-09-30": "", "2015-06-30": "", "2015-03-31": "", "2014-12-31": "", "2014-09-30": "", "2014-06-30": "", "2014-03-31": "", "2013-12-31": "", "2013-09-30": "", "2013-06-30": "", "2013-03-31": "", "2012-12-31": "", "2012-09-30": "", "2012-06-30": "", "2012-03-31": "", "2011-12-31": "", "2011-09-30": "", "2011-06-30": "", "2011-03-31": "", "2010-12-31": "", "2010-09-30": "", "2010-06-30": "", "2010-03-31": "", "2009-12-31": "", "2009-09-30": "", "2009-06-30": "", "2009-03-31": "", "2008-12-31": "", "2008-09-30": "", "2008-06-30": "", "2008-03-31": "", "2007-12-31": "", "2007-09-30": "", "2007-06-30": "", "2007-03-31": "", "2006-12-31": "", "2006-09-30": "", "2006-06-30": "", "2006-03-31": "", "2005-12-31": "", "2005-09-30": "", "2005-06-30": "", "2005-03-31": ""}, "Income From Continuous Operations": {"2020-09-30": "246.20000", "2020-06-30": "128.90000", "2020-03-31": "290.20000", "2019-12-31": "496.49990", "2019-09-30": "435.90000", "2019-06-30": "343.40000", "2019-03-31": "300.40000", "2018-12-31": "400.20010", "2018-09-30": "438.30000", "2018-06-30": "353.60000", "2018-03-31": "248.20000", "2017-12-31": "568.40000", "2017-09-30": "396.60000", "2017-06-30": "296.30000", "2017-03-31": "257.30000", "2016-12-31": "371.40000", "2016-09-30": "379.50000", "2016-06-30": "263.60000", "2016-03-31": "232.00000", "2015-12-31": "222.90000", "2015-09-30": "250.10000", "2015-06-30": "308.80000", "2015-03-31": "235.40000", "2014-12-31": "343.29990", "2014-09-30": "369.40000", "2014-06-30": "315.00000", "2014-03-31": "194.50000", "2013-12-31": "289.60000", "2013-09-30": "307.20000", "2013-06-30": "215.80000", "2013-03-31": "161.00000", "2012-12-31": "234.50000", "2012-09-30": "239.30000", "2012-06-30": "183.40000", "2012-03-31": "44.10000", "2011-12-31": "88.80000", "2011-09-30": "154.50000", "2011-06-30": "126.20000", "2011-03-31": "93.80000", "2010-12-31": "131.60000", "2010-09-30": "174.30000", "2010-06-30": "129.50000", "2010-03-31": "95.70000", "2009-12-31": "116.30000", "2009-09-30": "145.20000", "2009-06-30": "99.50000", "2009-03-31": "57.70000", "2008-12-31": "80.40000", "2008-09-30": "125.90000", "2008-06-30": "139.00000", "2008-03-31": "103.10000", "2007-12-31": "115.10000", "2007-09-30": "114.00000", "2007-06-30": "110.30000", "2007-03-31": "89.50000", "2006-12-31": "87.20000", "2006-09-30": "110.30000", "2006-06-30": "93.20000", "2006-03-31": "77.90000", "2005-12-31": "70.71500", "2005-09-30": "97.95800", "2005-06-30": "81.40100", "2005-03-31": "69.42600"}, "Income From Discontinued Operations": {"2020-09-30": "", "2020-06-30": "-2163.90000", "2020-03-31": "", "2019-12-31": "", "2019-09-30": "28.30000", "2019-06-30": "25.20000", "2019-03-31": "", "2018-12-31": "", "2018-09-30": "", "2018-06-30": "", "2018-03-31": "", "2017-12-31": "", "2017-09-30": "", "2017-06-30": "", "2017-03-31": "", "2016-12-31": "", "2016-09-30": "", "2016-06-30": "", "2016-03-31": "", "2015-12-31": "", "2015-09-30": "", "2015-06-30": "", "2015-03-31": "", "2014-12-31": "", "2014-09-30": "", "2014-06-30": "", "2014-03-31": "", "2013-12-31": "", "2013-09-30": "", "2013-06-30": "", "2013-03-31": "", "2012-12-31": "", "2012-09-30": "", "2012-06-30": "", "2012-03-31": "", "2011-12-31": "", "2011-09-30": "", "2011-06-30": "", "2011-03-31": "", "2010-12-31": "", "2010-09-30": "", "2010-06-30": "", "2010-03-31": "", "2009-12-31": "", "2009-09-30": "", "2009-06-30": "", "2009-03-31": "", "2008-12-31": "", "2008-09-30": "", "2008-06-30": "", "2008-03-31": "", "2007-12-31": "", "2007-09-30": "", "2007-06-30": "", "2007-03-31": "", "2006-12-31": "", "2006-09-30": "", "2006-06-30": "", "2006-03-31": "", "2005-12-31": "", "2005-09-30": "", "2005-06-30": "", "2005-03-31": ""}, "Net Income": {"2020-09-30": "246.20000", "2020-06-30": "-2035.00000", "2020-03-31": "283.40000", "2019-12-31": "429.60000", "2019-09-30": "464.20000", "2019-06-30": "368.60000", "2019-03-31": "296.50000", "2018-12-31": "395.10000", "2018-09-30": "435.40000", "2018-06-30": "351.30000", "2018-03-31": "247.30000", "2017-12-31": "562.59990", "2017-09-30": "393.20000", "2017-06-30": "294.80000", "2017-03-31": "254.00000", "2016-12-31": "365.70000", "2016-09-30": "374.10000", "2016-06-30": "258.40000", "2016-03-31": "230.80000", "2015-12-31": "208.90000", "2015-09-30": "257.80000", "2015-06-30": "302.00000", "2015-03-31": "233.40000", "2014-12-31": "335.50000", "2014-09-30": "364.90000", "2014-06-30": "311.40000", "2014-03-31": "191.00000", "2013-12-31": "287.10000", "2013-09-30": "308.00000", "2013-06-30": "213.10000", "2013-03-31": "159.60000", "2012-12-31": "231.40000", "2012-09-30": "238.00000", "2012-06-30": "184.50000", "2012-03-31": "49.70000", "2011-12-31": "88.70000", "2011-09-30": "154.30000", "2011-06-30": "125.90000", "2011-03-31": "93.60000", "2010-12-31": "131.30000", "2010-09-30": "174.20000", "2010-06-30": "129.30000", "2010-03-31": "95.50000", "2009-12-31": "115.80000", "2009-09-30": "145.00000", "2009-06-30": "99.10000", "2009-03-31": "57.40000", "2008-12-31": "80.00000", "2008-09-30": "126.20000", "2008-06-30": "139.00000", "2008-03-31": "102.90000", "2007-12-31": "113.40000", "2007-09-30": "114.00000", "2007-06-30": "110.30000", "2007-03-31": "89.50000", "2006-12-31": "87.20000", "2006-09-30": "110.30000", "2006-06-30": "93.20000", "2006-03-31": "77.90000", "2005-12-31": "70.71500", "2005-09-30": "97.95800", "2005-06-30": "81.40100", "2005-03-31": "69.42600"}, "EBITDA": {"2020-09-30": "620.40010", "2020-06-30": "338.60030", "2020-03-31": "646.79990", "2019-12-31": "1027.50000", "2019-09-30": "743.30000", "2019-06-30": "610.30020", "2019-03-31": "605.99970", "2018-12-31": "819.79990", "2018-09-30": "750.80000", "2018-06-30": "729.29990", "2018-03-31": "585.39980", "2017-12-31": "837.00050", "2017-09-30": "792.40010", "2017-06-30": "640.79980", "2017-03-31": "573.20000", "2016-12-31": "724.69990", "2016-09-30": "790.90030", "2016-06-30": "621.60000", "2016-03-31": "583.69980", "2015-12-31": "535.19860", "2015-09-30": "624.40000", "2015-06-30": "656.30000", "2015-03-31": "604.90000", "2014-12-31": "738.49950", "2014-09-30": "789.99990", "2014-06-30": "730.80000", "2014-03-31": "567.69990", "2013-12-31": "685.00060", "2013-09-30": "687.90000", "2013-06-30": "556.90000", "2013-03-31": "447.00020", "2012-12-31": "576.70010", "2012-09-30": "579.20000", "2012-06-30": "504.89980", "2012-03-31": "343.00010", "2011-12-31": "274.89960", "2011-09-30": "336.70000", "2011-06-30": "295.00020", "2011-03-31": "242.90010", "2010-12-31": "292.00020", "2010-09-30": "326.60000", "2010-06-30": "296.09990", "2010-03-31": "239.99990", "2009-12-31": "281.49980", "2009-09-30": "306.60000", "2009-06-30": "249.60000", "2009-03-31": "177.90000", "2008-12-31": "219.70050", "2008-09-30": "286.60000", "2008-06-30": "295.60000", "2008-03-31": "245.59990", "2007-12-31": "252.20000", "2007-09-30": "244.79990", "2007-06-30": "245.30000", "2007-03-31": "218.59990", "2006-12-31": "212.29930", "2006-09-30": "250.00000", "2006-06-30": "221.10010", "2006-03-31": "196.80000", "2005-12-31": "185.98470", "2005-09-30": "226.93800", "2005-06-30": "203.44890", "2005-03-31": "182.92810"}, "EBIT": {"2020-09-30": "411.40010", "2020-06-30": "192.00020", "2020-03-31": "397.20000", "2019-12-31": "633.20000", "2019-09-30": "549.00000", "2019-06-30": "464.40010", "2019-03-31": "367.19970", "2018-12-31": "581.90040", "2018-09-30": "516.20000", "2018-06-30": "494.59990", "2018-03-31": "354.29980", "2017-12-31": "609.20070", "2017-09-30": "564.10010", "2017-06-30": "419.59990", "2017-03-31": "357.20000", "2016-12-31": "512.10010", "2016-09-30": "574.10030", "2016-06-30": "412.50000", "2016-03-31": "371.49980", "2015-12-31": "322.79980", "2015-09-30": "413.00000", "2015-06-30": "437.80000", "2015-03-31": "387.70000", "2014-12-31": "520.50020", "2014-09-30": "571.39990", "2014-06-30": "512.20000", "2014-03-31": "350.89990", "2013-12-31": "470.60030", "2013-09-30": "476.00000", "2013-06-30": "352.30000", "2013-03-31": "261.70020", "2012-12-31": "395.80000", "2012-09-30": "401.20000", "2012-06-30": "326.49980", "2012-03-31": "165.80000", "2011-12-31": "164.19960", "2011-09-30": "239.60000", "2011-06-30": "198.30020", "2011-03-31": "151.70010", "2010-12-31": "203.60000", "2010-09-30": "245.10000", "2010-06-30": "204.29990", "2010-03-31": "153.79990", "2009-12-31": "195.79980", "2009-09-30": "223.00000", "2009-06-30": "165.00000", "2009-03-31": "97.50000", "2008-12-31": "140.20030", "2008-09-30": "201.40000", "2008-06-30": "210.50000", "2008-03-31": "160.70000", "2007-12-31": "176.00020", "2007-09-30": "171.59990", "2007-06-30": "173.00000", "2007-03-31": "148.39990", "2006-12-31": "145.59950", "2006-09-30": "181.40000", "2006-06-30": "153.20010", "2006-03-31": "131.40000", "2005-12-31": "123.71390", "2005-09-30": "162.44700", "2005-06-30": "138.25200", "2005-03-31": "117.98710"}, "Basic Shares Outstanding": {"2020-09-30": "285.40000", "2020-06-30": "288.20000", "2020-03-31": "288.80000", "2019-12-31": "288.10000", "2019-09-30": "288.10000", "2019-06-30": "287.60000", "2019-03-31": "288.20000", "2018-12-31": "288.60000", "2018-09-30": "288.80000", "2018-06-30": "288.80000", "2018-03-31": "288.60000", "2017-12-31": "289.60000", "2017-09-30": "289.00000", "2017-06-30": "289.80000", "2017-03-31": "290.60000", "2016-12-31": "292.50000", "2016-09-30": "291.60000", "2016-06-30": "292.40000", "2016-03-31": "294.40000", "2015-12-31": "296.40000", "2015-09-30": "295.20000", "2015-06-30": "296.20000", "2015-03-31": "298.20000", "2014-12-31": "300.10000", "2014-09-30": "300.00000", "2014-06-30": "299.60000", "2014-03-31": "300.60000", "2013-12-31": "299.90000", "2013-09-30": "301.20000", "2013-06-30": "301.50000", "2013-03-31": "295.40000", "2012-12-31": "292.50000", "2012-09-30": "292.70000", "2012-06-30": "291.90000", "2012-03-31": "291.50000", "2011-12-31": "236.90000", "2011-09-30": "231.90000", "2011-06-30": "231.60000", "2011-03-31": "232.00000", "2010-12-31": "233.40000", "2010-09-30": "232.80000", "2010-06-30": "233.40000", "2010-03-31": "235.40000", "2009-12-31": "236.70000", "2009-09-30": "237.00000", "2009-06-30": "236.50000", "2009-03-31": "236.10000", "2008-12-31": "245.40000", "2008-09-30": "247.50000", "2008-06-30": "247.10000", "2008-03-31": "247.00000", "2007-12-31": "246.80000", "2007-09-30": "245.20000", "2007-06-30": "246.00000", "2007-03-31": "249.70000", "2006-12-31": "252.10000", "2006-09-30": "251.60000", "2006-06-30": "252.20000", "2006-03-31": "253.50000", "2005-12-31": "255.70000", "2005-09-30": "255.81700", "2005-06-30": "255.47400", "2005-03-31": "256.27200"}, "Shares Outstanding": {"2020-09-30": "288.40000", "2020-06-30": "291.50000", "2020-03-31": "292.60000", "2019-12-31": "292.50000", "2019-09-30": "292.80000", "2019-06-30": "292.10000", "2019-03-31": "292.30000", "2018-12-31": "292.80000", "2018-09-30": "293.40000", "2018-06-30": "293.30000", "2018-03-31": "292.70000", "2017-12-31": "294.00000", "2017-09-30": "293.40000", "2017-06-30": "294.10000", "2017-03-31": "295.00000", "2016-12-31": "296.70000", "2016-09-30": "295.70000", "2016-06-30": "296.50000", "2016-03-31": "298.00000", "2015-12-31": "301.40000", "2015-09-30": "300.00000", "2015-06-30": "301.10000", "2015-03-31": "303.20000", "2014-12-31": "305.90000", "2014-09-30": "305.70000", "2014-06-30": "305.20000", "2014-03-31": "306.50000", "2013-12-31": "305.00000", "2013-09-30": "307.00000", "2013-06-30": "307.40000", "2013-03-31": "300.90000", "2012-12-31": "298.90000", "2012-09-30": "298.60000", "2012-06-30": "298.20000", "2012-03-31": "297.90000", "2011-12-31": "242.10000", "2011-09-30": "236.10000", "2011-06-30": "236.10000", "2011-03-31": "235.90000", "2010-12-31": "237.60000", "2010-09-30": "237.00000", "2010-06-30": "237.40000", "2010-03-31": "239.00000", "2009-12-31": "239.90000", "2009-09-30": "240.60000", "2009-06-30": "239.50000", "2009-03-31": "238.10000", "2008-12-31": "249.30000", "2008-09-30": "251.80000", "2008-06-30": "251.40000", "2008-03-31": "251.50000", "2007-12-31": "251.80000", "2007-09-30": "249.70000", "2007-06-30": "250.70000", "2007-03-31": "254.50000", "2006-12-31": "257.10000", "2006-09-30": "256.70000", "2006-06-30": "256.70000", "2006-03-31": "258.10000", "2005-12-31": "260.10000", "2005-09-30": "259.91100", "2005-06-30": "259.59400", "2005-03-31": "260.62600"}, "Basic EPS": {"2020-09-30": "0.86000", "2020-06-30": "-7.06000", "2020-03-31": "0.98000", "2019-12-31": "1.49000", "2019-09-30": "1.61000", "2019-06-30": "1.28000", "2019-03-31": "1.03000", "2018-12-31": "1.36000", "2018-09-30": "1.51000", "2018-06-30": "1.22000", "2018-03-31": "0.86000", "2017-12-31": "1.95000", "2017-09-30": "1.36000", "2017-06-30": "1.02000", "2017-03-31": "0.87000", "2016-12-31": "1.26000", "2016-09-30": "1.28000", "2016-06-30": "0.88000", "2016-03-31": "0.78000", "2015-12-31": "0.71000", "2015-09-30": "0.87000", "2015-06-30": "1.02000", "2015-03-31": "0.78000", "2014-12-31": "1.11000", "2014-09-30": "1.22000", "2014-06-30": "1.04000", "2014-03-31": "0.64000", "2013-12-31": "0.96000", "2013-09-30": "1.02000", "2013-06-30": "0.71000", "2013-03-31": "0.54000", "2012-12-31": "0.80000", "2012-09-30": "0.81000", "2012-06-30": "0.63000", "2012-03-31": "0.17000", "2011-12-31": "0.34000", "2011-09-30": "0.67000", "2011-06-30": "0.54000", "2011-03-31": "0.40000", "2010-12-31": "0.56000", "2010-09-30": "0.75000", "2010-06-30": "0.55000", "2010-03-31": "0.41000", "2009-12-31": "0.49000", "2009-09-30": "0.61000", "2009-06-30": "0.42000", "2009-03-31": "0.24000", "2008-12-31": "0.34000", "2008-09-30": "0.51000", "2008-06-30": "0.56000", "2008-03-31": "0.42000", "2007-12-31": "0.46000", "2007-09-30": "0.46000", "2007-06-30": "0.45000", "2007-03-31": "0.36000", "2006-12-31": "0.34000", "2006-09-30": "0.44000", "2006-06-30": "0.37000", "2006-03-31": "0.31000", "2005-12-31": "0.28000", "2005-09-30": "0.38000", "2005-06-30": "0.32000", "2005-03-31": "0.27000"}, "EPS - Earnings Per Share": {"2020-09-30": "0.85000", "2020-06-30": "-6.98000", "2020-03-31": "0.97000", "2019-12-31": "1.47000", "2019-09-30": "1.59000", "2019-06-30": "1.26000", "2019-03-31": "1.01000", "2018-12-31": "1.36000", "2018-09-30": "1.48000", "2018-06-30": "1.20000", "2018-03-31": "0.84000", "2017-12-31": "1.92000", "2017-09-30": "1.34000", "2017-06-30": "1.00000", "2017-03-31": "0.86000", "2016-12-31": "1.23000", "2016-09-30": "1.27000", "2016-06-30": "0.87000", "2016-03-31": "0.77000", "2015-12-31": "0.69000", "2015-09-30": "0.86000", "2015-06-30": "1.00000", "2015-03-31": "0.77000", "2014-12-31": "1.10000", "2014-09-30": "1.19000", "2014-06-30": "1.02000", "2014-03-31": "0.62000", "2013-12-31": "0.94000", "2013-09-30": "1.00000", "2013-06-30": "0.69000", "2013-03-31": "0.53000", "2012-12-31": "0.76000", "2012-09-30": "0.80000", "2012-06-30": "0.62000", "2012-03-31": "0.17000", "2011-12-31": "0.33000", "2011-09-30": "0.65000", "2011-06-30": "0.53000", "2011-03-31": "0.40000", "2010-12-31": "0.55000", "2010-09-30": "0.74000", "2010-06-30": "0.54000", "2010-03-31": "0.40000", "2009-12-31": "0.49000", "2009-09-30": "0.60000", "2009-06-30": "0.41000", "2009-03-31": "0.24000", "2008-12-31": "0.34000", "2008-09-30": "0.50000", "2008-06-30": "0.55000", "2008-03-31": "0.41000", "2007-12-31": "0.45000", "2007-09-30": "0.46000", "2007-06-30": "0.44000", "2007-03-31": "0.35000", "2006-12-31": "0.34000", "2006-09-30": "0.43000", "2006-06-30": "0.36000", "2006-03-31": "0.30000", "2005-12-31": "0.27000", "2005-09-30": "0.38000", "2005-06-30": "0.31000", "2005-03-31": "0.27000"}}, "balance sheet": {"Cash On Hand": {"2019-12-31": "186.40000", "2018-12-31": "114.70000", "2017-12-31": "211.40000", "2016-12-31": "327.40000", "2015-12-31": "92.80000", "2014-12-31": "209.60000", "2013-12-31": "339.20000", "2012-12-31": "1157.80000", "2011-12-31": "1843.60000", "2010-12-31": "242.30000", "2009-12-31": "73.60000", "2008-12-31": "66.70000", "2007-12-31": "137.40000", "2006-12-31": "484.00000", "2005-12-31": "229.44100"}, "Receivables": {"2019-12-31": "2796.50000", "2018-12-31": "2662.50000", "2017-12-31": "2571.40000", "2016-12-31": "2341.20000", "2015-12-31": "2390.20000", "2014-12-31": "2626.70000", "2013-12-31": "2568.00000", "2012-12-31": "2225.10000", "2011-12-31": "2095.30000", "2010-12-31": "999.60000", "2009-12-31": "1016.10000", "2008-12-31": "971.00000", "2007-12-31": "974.00000", "2006-12-31": "867.60000", "2005-12-31": "743.52000"}, "Inventory": {"2019-12-31": "1505.60000", "2018-12-31": "1546.40000", "2017-12-31": "1446.50000", "2016-12-31": "1319.40000", "2015-12-31": "1388.20000", "2014-12-31": "1466.90000", "2013-12-31": "1321.90000", "2012-12-31": "1088.10000", "2011-12-31": "1069.60000", "2010-12-31": "447.60000", "2009-12-31": "493.40000", "2008-12-31": "467.20000", "2007-12-31": "450.80000", "2006-12-31": "364.90000", "2005-12-31": "325.57400"}, "Pre-Paid Expenses": {"2019-12-31": "", "2018-12-31": "", "2017-12-31": "", "2016-12-31": "", "2015-12-31": "", "2014-12-31": "", "2013-12-31": "", "2012-12-31": "", "2011-12-31": "", "2010-12-31": "", "2009-12-31": "", "2008-12-31": "", "2007-12-31": "", "2006-12-31": "", "2005-12-31": ""}, "Other Current Assets": {"2019-12-31": "339.90000", "2018-12-31": "354.10000", "2017-12-31": "365.00000", "2016-12-31": "291.40000", "2015-12-31": "326.30000", "2014-12-31": "366.60000", "2013-12-31": "306.30000", "2012-12-31": "215.80000", "2011-12-31": "223.50000", "2010-12-31": "101.50000", "2009-12-31": "147.20000", "2008-12-31": "91.50000", "2007-12-31": "65.70000", "2006-12-31": "50.20000", "2005-12-31": "57.25100"}, "Total Current Assets": {"2019-12-31": "4828.40000", "2018-12-31": "4677.70000", "2017-12-31": "4594.30000", "2016-12-31": "4279.40000", "2015-12-31": "4447.50000", "2014-12-31": "4853.00000", "2013-12-31": "4698.40000", "2012-12-31": "4892.00000", "2011-12-31": "5396.00000", "2010-12-31": "1869.90000", "2009-12-31": "1814.20000", "2008-12-31": "1691.10000", "2007-12-31": "1717.30000", "2006-12-31": "1853.60000", "2005-12-31": "1421.66600"}, "Property, Plant, And Equipment": {"2019-12-31": "3954.90000", "2018-12-31": "3836.00000", "2017-12-31": "3707.10000", "2016-12-31": "3365.00000", "2015-12-31": "3228.30000", "2014-12-31": "3050.60000", "2013-12-31": "2882.00000", "2012-12-31": "2409.10000", "2011-12-31": "2295.40000", "2010-12-31": "1148.30000", "2009-12-31": "1176.20000", "2008-12-31": "1135.20000", "2007-12-31": "1083.40000", "2006-12-31": "951.60000", "2005-12-31": "868.05300"}, "Long-Term Investments": {"2019-12-31": "", "2018-12-31": "", "2017-12-31": "", "2016-12-31": "", "2015-12-31": "", "2014-12-31": "", "2013-12-31": "", "2012-12-31": "", "2011-12-31": "", "2010-12-31": "", "2009-12-31": "", "2008-12-31": "", "2007-12-31": "", "2006-12-31": "", "2005-12-31": ""}, "Goodwill And Intangible Assets": {"2019-12-31": "10924.20000", "2018-12-31": "10875.70000", "2017-12-31": "11184.70000", "2016-12-31": "10200.80000", "2015-12-31": "10600.00000", "2014-12-31": "11173.80000", "2013-12-31": "11648.20000", "2012-12-31": "9964.60000", "2011-12-31": "10130.50000", "2010-12-31": "1611.80000", "2009-12-31": "1726.60000", "2008-12-31": "1594.40000", "2007-12-31": "1608.10000", "2006-12-31": "1259.70000", "2005-12-31": "1139.95500"}, "Other Long-Term Assets": {"2019-12-31": "584.10000", "2018-12-31": "685.10000", "2017-12-31": "477.40000", "2016-12-31": "485.00000", "2015-12-31": "365.90000", "2014-12-31": "350.00000", "2013-12-31": "407.90000", "2012-12-31": "306.60000", "2011-12-31": "362.80000", "2010-12-31": "242.20000", "2009-12-31": "303.90000", "2008-12-31": "336.20000", "2007-12-31": "314.00000", "2006-12-31": "354.50000", "2005-12-31": "366.95400"}, "Total Long-Term Assets": {"2019-12-31": "16040.70000", "2018-12-31": "15396.80000", "2017-12-31": "15369.20000", "2016-12-31": "14050.80000", "2015-12-31": "14194.20000", "2014-12-31": "14574.40000", "2013-12-31": "14938.10000", "2012-12-31": "12680.30000", "2011-12-31": "12788.70000", "2010-12-31": "3002.30000", "2009-12-31": "3206.70000", "2008-12-31": "3065.80000", "2007-12-31": "3005.50000", "2006-12-31": "2565.80000", "2005-12-31": "2374.96200"}, "Total Assets": {"2019-12-31": "20869.10000", "2018-12-31": "20074.50000", "2017-12-31": "19963.50000", "2016-12-31": "18330.20000", "2015-12-31": "18641.70000", "2014-12-31": "19427.40000", "2013-12-31": "19636.50000", "2012-12-31": "17572.30000", "2011-12-31": "18184.70000", "2010-12-31": "4872.20000", "2009-12-31": "5020.90000", "2008-12-31": "4756.90000", "2007-12-31": "4722.80000", "2006-12-31": "4419.40000", "2005-12-31": "3796.62800"}, "Total Current Liabilities": {"2019-12-31": "3630.60000", "2018-12-31": "3685.60000", "2017-12-31": "3475.20000", "2016-12-31": "3019.40000", "2015-12-31": "4764.40000", "2014-12-31": "4367.90000", "2013-12-31": "3488.70000", "2012-12-31": "3052.70000", "2011-12-31": "3166.30000", "2010-12-31": "1324.80000", "2009-12-31": "1250.20000", "2008-12-31": "1441.90000", "2007-12-31": "1518.30000", "2006-12-31": "1502.80000", "2005-12-31": "1119.35700"}, "Long Term Debt": {"2019-12-31": "5973.50000", "2018-12-31": "6301.60000", "2017-12-31": "6758.30000", "2016-12-31": "6145.70000", "2015-12-31": "4260.20000", "2014-12-31": "4843.40000", "2013-12-31": "6043.50000", "2012-12-31": "5736.10000", "2011-12-31": "6613.20000", "2010-12-31": "656.40000", "2009-12-31": "868.80000", "2008-12-31": "799.30000", "2007-12-31": "599.90000", "2006-12-31": "557.10000", "2005-12-31": "519.37400"}, "Other Non-Current Liabilities": {"2019-12-31": "285.60000", "2018-12-31": "324.80000", "2017-12-31": "415.30000", "2016-12-31": "204.80000", "2015-12-31": "238.40000", "2014-12-31": "1645.50000", "2013-12-31": "1899.30000", "2012-12-31": "1402.90000", "2011-12-31": "1490.70000", "2010-12-31": "192.20000", "2009-12-31": "288.60000", "2008-12-31": "256.50000", "2007-12-31": "250.40000", "2006-12-31": "259.10000", "2005-12-31": "206.63900"}, "Total Long Term Liabilities": {"2019-12-31": "8512.69900", "2018-12-31": "8335.30000", "2017-12-31": "8834.50000", "2016-12-31": "8339.90000", "2015-12-31": "6896.90000", "2014-12-31": "7677.40000", "2013-12-31": "8738.40000", "2012-12-31": "8359.50000", "2011-12-31": "9277.30000", "2010-12-31": "1414.40000", "2009-12-31": "1761.10000", "2008-12-31": "1736.00000", "2007-12-31": "1268.80000", "2006-12-31": "1236.40000", "2005-12-31": "1028.06100"}, "Total Liabilities": {"2019-12-31": "12143.30000", "2018-12-31": "12020.90000", "2017-12-31": "12309.70000", "2016-12-31": "11359.30000", "2015-12-31": "11661.30000", "2014-12-31": "12045.30000", "2013-12-31": "12227.10000", "2012-12-31": "11412.20000", "2011-12-31": "12443.60000", "2010-12-31": "2739.20000", "2009-12-31": "3011.30000", "2008-12-31": "3177.90000", "2007-12-31": "2787.10000", "2006-12-31": "2739.20000", "2005-12-31": "2147.41800"}, "Common Stock Net": {"2019-12-31": "359.60000", "2018-12-31": "357.00000", "2017-12-31": "354.70000", "2016-12-31": "352.60000", "2015-12-31": "350.30000", "2014-12-31": "347.70000", "2013-12-31": "345.10000", "2012-12-31": "342.10000", "2011-12-31": "336.10000", "2010-12-31": "333.10000", "2009-12-31": "329.80000", "2008-12-31": "328.00000", "2007-12-31": "326.50000", "2006-12-31": "322.60000", "2005-12-31": "318.60300"}, "Retained Earnings (Accumulated Deficit)": {"2019-12-31": "9993.70000", "2018-12-31": "8909.50000", "2017-12-31": "8011.60000", "2016-12-31": "6975.00000", "2015-12-31": "6160.30000", "2014-12-31": "5555.10000", "2013-12-31": "4699.00000", "2012-12-31": "4020.60000", "2011-12-31": "3559.90000", "2010-12-31": "3279.10000", "2009-12-31": "2898.10000", "2008-12-31": "2617.00000", "2007-12-31": "2298.40000", "2006-12-31": "1983.20000", "2005-12-31": "1719.20100"}, "Comprehensive Income": {"2019-12-31": "-2089.70000", "2018-12-31": "-1761.70000", "2017-12-31": "-1643.40000", "2016-12-31": "-1712.90000", "2015-12-31": "-1423.30000", "2014-12-31": "-951.90000", "2013-12-31": "-305.20000", "2012-12-31": "-459.70000", "2011-12-31": "-344.90000", "2010-12-31": "-271.90000", "2009-12-31": "-232.90000", "2008-12-31": "-359.10000", "2007-12-31": "63.10000", "2006-12-31": "-96.50000", "2005-12-31": "9.76400"}, "Other Share Holders Equity": {"2019-12-31": "", "2018-12-31": "", "2017-12-31": "", "2016-12-31": "", "2015-12-31": "", "2014-12-31": "", "2013-12-31": "", "2012-12-31": "", "2011-12-31": "", "2010-12-31": "", "2009-12-31": "", "2008-12-31": "", "2007-12-31": "", "2006-12-31": "", "2005-12-31": ""}, "Share Holder Equity": {"2019-12-31": "8725.80000", "2018-12-31": "8053.60000", "2017-12-31": "7653.80000", "2016-12-31": "6970.90000", "2015-12-31": "6980.40000", "2014-12-31": "7382.10000", "2013-12-31": "7409.40000", "2012-12-31": "6160.10000", "2011-12-31": "5741.10000", "2010-12-31": "2133.00000", "2009-12-31": "2009.60000", "2008-12-31": "1579.00000", "2007-12-31": "1935.70000", "2006-12-31": "1680.20000", "2005-12-31": "1649.21000"}, "Total Liabilities And Share Holders Equity": {"2019-12-31": "20869.10000", "2018-12-31": "20074.50000", "2017-12-31": "19963.50000", "2016-12-31": "18330.20000", "2015-12-31": "18641.70000", "2014-12-31": "19427.40000", "2013-12-31": "19636.50000", "2012-12-31": "17572.30000", "2011-12-31": "18184.70000", "2010-12-31": "4872.20000", "2009-12-31": "5020.90000", "2008-12-31": "4756.90000", "2007-12-31": "4722.80000", "2006-12-31": "4419.40000", "2005-12-31": "3796.62800"}}, "balance sheet, quarterly": {"Cash On Hand": {"2020-09-30": "1034.70000", "2020-06-30": "1369.00000", "2020-03-31": "1661.90000", "2019-12-31": "118.80000", "2019-09-30": "135.90000", "2019-06-30": "85.70000", "2019-03-31": "79.00000", "2018-12-31": "114.70000", "2018-09-30": "203.60000", "2018-06-30": "54.20000", "2018-03-31": "175.50000", "2017-12-31": "211.40000", "2017-09-30": "209.10000", "2017-06-30": "260.70000", "2017-03-31": "212.10000", "2016-12-31": "327.40000", "2016-09-30": "180.60000", "2016-06-30": "167.40000", "2016-03-31": "268.50000", "2015-12-31": "92.80000", "2015-09-30": "184.80000", "2015-06-30": "310.60000", "2015-03-31": "237.90000", "2014-12-31": "209.60000", "2014-09-30": "197.80000", "2014-06-30": "187.00000", "2014-03-31": "300.30000", "2013-12-31": "339.20000", "2013-09-30": "394.40000", "2013-06-30": "375.20000", "2013-03-31": "824.30000", "2012-12-31": "1157.80000", "2012-09-30": "324.00000", "2012-06-30": "304.90000", "2012-03-31": "354.00000", "2011-12-31": "1843.60000", "2011-09-30": "207.30000", "2011-06-30": "163.20000", "2011-03-31": "151.40000", "2010-12-31": "242.30000", "2010-09-30": "168.40000", "2010-06-30": "121.30000", "2010-03-31": "85.30000", "2009-12-31": "73.60000", "2009-09-30": "107.50000", "2009-06-30": "82.70000", "2009-03-31": "79.50000", "2008-12-31": "66.70000", "2008-09-30": "102.10000", "2008-06-30": "222.00000", "2008-03-31": "219.50000", "2007-12-31": "137.40000", "2007-09-30": "106.80000", "2007-06-30": "72.20000", "2007-03-31": "54.20000", "2006-12-31": "484.00000", "2006-09-30": "54.19200", "2006-06-30": "105.88500", "2006-03-31": "62.93400", "2005-12-31": "229.44100", "2005-09-30": "165.30800", "2005-06-30": "110.02300", "2005-03-31": "83.44700"}, "Receivables": {"2020-09-30": "2320.70000", "2020-06-30": "2255.50000", "2020-03-31": "2855.90000", "2019-12-31": "2382.00000", "2019-09-30": "2722.50000", "2019-06-30": "2747.10000", "2019-03-31": "2691.60000", "2018-12-31": "2662.50000", "2018-09-30": "2652.70000", "2018-06-30": "2635.40000", "2018-03-31": "2574.30000", "2017-12-31": "2571.40000", "2017-09-30": "2533.20000", "2017-06-30": "2446.80000", "2017-03-31": "2358.00000", "2016-12-31": "2341.20000", "2016-09-30": "2349.60000", "2016-06-30": "2318.00000", "2016-03-31": "2248.80000", "2015-12-31": "2390.20000", "2015-09-30": "2450.00000", "2015-06-30": "2494.80000", "2015-03-31": "2546.90000", "2014-12-31": "2626.70000", "2014-09-30": "2694.40000", "2014-06-30": "2637.30000", "2014-03-31": "2519.60000", "2013-12-31": "2568.00000", "2013-09-30": "2488.90000", "2013-06-30": "2436.30000", "2013-03-31": "2182.10000", "2012-12-31": "2225.10000", "2012-09-30": "2199.00000", "2012-06-30": "2076.90000", "2012-03-31": "2049.00000", "2011-12-31": "2095.30000", "2011-09-30": "1143.10000", "2011-06-30": "1106.70000", "2011-03-31": "1042.60000", "2010-12-31": "999.60000", "2010-09-30": "1019.80000", "2010-06-30": "950.10000", "2010-03-31": "950.20000", "2009-12-31": "1016.10000", "2009-09-30": "1013.00000", "2009-06-30": "970.60000", "2009-03-31": "913.30000", "2008-12-31": "971.00000", "2008-09-30": "1100.80000", "2008-06-30": "1082.10000", "2008-03-31": "1026.20000", "2007-12-31": "974.00000", "2007-09-30": "969.40000", "2007-06-30": "930.80000", "2007-03-31": "882.30000", "2006-12-31": "867.60000", "2006-09-30": "866.21400", "2006-06-30": "831.76200", "2006-03-31": "769.69500", "2005-12-31": "743.52000", "2005-09-30": "801.98100", "2005-06-30": "767.61200", "2005-03-31": "767.85700"}, "Inventory": {"2020-09-30": "1287.80000", "2020-06-30": "1228.70000", "2020-03-31": "1529.70000", "2019-12-31": "1081.60000", "2019-09-30": "1586.70000", "2019-06-30": "1625.30000", "2019-03-31": "1645.60000", "2018-12-31": "1546.40000", "2018-09-30": "1587.90000", "2018-06-30": "1557.60000", "2018-03-31": "1541.80000", "2017-12-31": "1446.50000", "2017-09-30": "1509.00000", "2017-06-30": "1469.80000", "2017-03-31": "1428.30000", "2016-12-31": "1319.40000", "2016-09-30": "1342.40000", "2016-06-30": "1331.70000", "2016-03-31": "1386.10000", "2015-12-31": "1388.20000", "2015-09-30": "1439.20000", "2015-06-30": "1462.70000", "2015-03-31": "1503.00000", "2014-12-31": "1466.90000", "2014-09-30": "1464.40000", "2014-06-30": "1414.30000", "2014-03-31": "1367.10000", "2013-12-31": "1321.90000", "2013-09-30": "1378.10000", "2013-06-30": "1373.30000", "2013-03-31": "1145.30000", "2012-12-31": "1088.10000", "2012-09-30": "1103.80000", "2012-06-30": "1071.70000", "2012-03-31": "1087.40000", "2011-12-31": "1069.60000", "2011-09-30": "504.90000", "2011-06-30": "495.50000", "2011-03-31": "480.20000", "2010-12-31": "447.60000", "2010-09-30": "456.50000", "2010-06-30": "441.30000", "2010-03-31": "468.90000", "2009-12-31": "493.40000", "2009-09-30": "474.80000", "2009-06-30": "476.70000", "2009-03-31": "467.60000", "2008-12-31": "467.20000", "2008-09-30": "500.20000", "2008-06-30": "499.10000", "2008-03-31": "475.70000", "2007-12-31": "450.80000", "2007-09-30": "396.00000", "2007-06-30": "387.90000", "2007-03-31": "368.90000", "2006-12-31": "364.90000", "2006-09-30": "354.22500", "2006-06-30": "348.11700", "2006-03-31": "341.55600", "2005-12-31": "325.57400", "2005-09-30": "337.51800", "2005-06-30": "334.81600", "2005-03-31": "345.92100"}, "Pre-Paid Expenses": {"2020-09-30": "", "2020-06-30": "", "2020-03-31": "", "2019-12-31": "", "2019-09-30": "", "2019-06-30": "", "2019-03-31": "", "2018-12-31": "", "2018-09-30": "", "2018-06-30": "", "2018-03-31": "", "2017-12-31": "", "2017-09-30": "", "2017-06-30": "", "2017-03-31": "", "2016-12-31": "", "2016-09-30": "", "2016-06-30": "", "2016-03-31": "", "2015-12-31": "", "2015-09-30": "", "2015-06-30": "", "2015-03-31": "", "2014-12-31": "", "2014-09-30": "", "2014-06-30": "", "2014-03-31": "", "2013-12-31": "", "2013-09-30": "", "2013-06-30": "", "2013-03-31": "", "2012-12-31": "", "2012-09-30": "", "2012-06-30": "", "2012-03-31": "", "2011-12-31": "", "2011-09-30": "", "2011-06-30": "", "2011-03-31": "", "2010-12-31": "", "2010-09-30": "", "2010-06-30": "", "2010-03-31": "", "2009-12-31": "", "2009-09-30": "", "2009-06-30": "", "2009-03-31": "", "2008-12-31": "", "2008-09-30": "", "2008-06-30": "", "2008-03-31": "", "2007-12-31": "", "2007-09-30": "", "2007-06-30": "", "2007-03-31": "", "2006-12-31": "", "2006-09-30": "", "2006-06-30": "", "2006-03-31": "", "2005-12-31": "", "2005-09-30": "", "2005-06-30": "", "2005-03-31": ""}, "Other Current Assets": {"2020-09-30": "348.80000", "2020-06-30": "313.00000", "2020-03-31": "389.60000", "2019-12-31": "295.20000", "2019-09-30": "425.00000", "2019-06-30": "395.40000", "2019-03-31": "334.80000", "2018-12-31": "354.10000", "2018-09-30": "378.10000", "2018-06-30": "360.70000", "2018-03-31": "305.20000", "2017-12-31": "365.00000", "2017-09-30": "363.20000", "2017-06-30": "354.80000", "2017-03-31": "308.90000", "2016-12-31": "291.40000", "2016-09-30": "299.40000", "2016-06-30": "278.30000", "2016-03-31": "291.50000", "2015-12-31": "326.30000", "2015-09-30": "333.40000", "2015-06-30": "538.40000", "2015-03-31": "461.20000", "2014-12-31": "366.60000", "2014-09-30": "349.10000", "2014-06-30": "366.20000", "2014-03-31": "345.20000", "2013-12-31": "306.30000", "2013-09-30": "338.00000", "2013-06-30": "309.80000", "2013-03-31": "250.40000", "2012-12-31": "215.80000", "2012-09-30": "259.80000", "2012-06-30": "265.50000", "2012-03-31": "286.20000", "2011-12-31": "223.50000", "2011-09-30": "149.20000", "2011-06-30": "136.00000", "2011-03-31": "132.50000", "2010-12-31": "101.50000", "2010-09-30": "131.20000", "2010-06-30": "138.10000", "2010-03-31": "127.70000", "2009-12-31": "147.20000", "2009-09-30": "126.90000", "2009-06-30": "122.20000", "2009-03-31": "130.10000", "2008-12-31": "91.50000", "2008-09-30": "99.70000", "2008-06-30": "93.10000", "2008-03-31": "88.80000", "2007-12-31": "65.70000", "2007-09-30": "61.80000", "2007-06-30": "68.70000", "2007-03-31": "74.20000", "2006-12-31": "50.20000", "2006-09-30": "66.56300", "2006-06-30": "69.88300", "2006-03-31": "70.15600", "2005-12-31": "57.25100", "2005-09-30": "68.91400", "2005-06-30": "69.17400", "2005-03-31": "73.96200"}, "Total Current Assets": {"2020-09-30": "4992.00000", "2020-06-30": "5166.20000", "2020-03-31": "6437.10000", "2019-12-31": "4828.40000", "2019-09-30": "4870.10000", "2019-06-30": "4853.50000", "2019-03-31": "4751.00000", "2018-12-31": "4677.70000", "2018-09-30": "4822.30000", "2018-06-30": "4607.90000", "2018-03-31": "4596.80000", "2017-12-31": "4594.30000", "2017-09-30": "4614.50000", "2017-06-30": "4532.10000", "2017-03-31": "4307.30000", "2016-12-31": "4279.40000", "2016-09-30": "4172.00000", "2016-06-30": "4095.40000", "2016-03-31": "4194.90000", "2015-12-31": "4447.50000", "2015-09-30": "4642.40000", "2015-06-30": "4971.10000", "2015-03-31": "4921.80000", "2014-12-31": "4853.00000", "2014-09-30": "4871.80000", "2014-06-30": "4772.10000", "2014-03-31": "4703.00000", "2013-12-31": "4698.40000", "2013-09-30": "4796.00000", "2013-06-30": "4698.20000", "2013-03-31": "4603.40000", "2012-12-31": "4892.00000", "2012-09-30": "4072.90000", "2012-06-30": "3908.50000", "2012-03-31": "3959.80000", "2011-12-31": "5396.00000", "2011-09-30": "2091.00000", "2011-06-30": "1994.20000", "2011-03-31": "1888.90000", "2010-12-31": "1869.90000", "2010-09-30": "1854.50000", "2010-06-30": "1735.30000", "2010-03-31": "1718.30000", "2009-12-31": "1814.20000", "2009-09-30": "1816.00000", "2009-06-30": "1749.90000", "2009-03-31": "1683.10000", "2008-12-31": "1691.10000", "2008-09-30": "1894.20000", "2008-06-30": "1992.50000", "2008-03-31": "1891.00000", "2007-12-31": "1717.30000", "2007-09-30": "1605.00000", "2007-06-30": "1539.60000", "2007-03-31": "1457.20000", "2006-12-31": "1853.60000", "2006-09-30": "1406.29100", "2006-06-30": "1418.36900", "2006-03-31": "1309.41500", "2005-12-31": "1421.66600", "2005-09-30": "1447.56500", "2005-06-30": "1355.58700", "2005-03-31": "1347.00800"}, "Property, Plant, And Equipment": {"2020-09-30": "3146.20000", "2020-06-30": "3138.90000", "2020-03-31": "3920.70000", "2019-12-31": "3228.30000", "2019-09-30": "3861.50000", "2019-06-30": "3866.90000", "2019-03-31": "3878.60000", "2018-12-31": "3836.00000", "2018-09-30": "3778.00000", "2018-06-30": "3758.70000", "2018-03-31": "3779.90000", "2017-12-31": "3707.10000", "2017-09-30": "3617.20000", "2017-06-30": "3497.40000", "2017-03-31": "3424.90000", "2016-12-31": "3365.00000", "2016-09-30": "3292.90000", "2016-06-30": "3257.30000", "2016-03-31": "3227.00000", "2015-12-31": "3228.30000", "2015-09-30": "3212.20000", "2015-06-30": "3123.40000", "2015-03-31": "3115.10000", "2014-12-31": "3050.60000", "2014-09-30": "2978.50000", "2014-06-30": "2938.90000", "2014-03-31": "2889.00000", "2013-12-31": "2882.00000", "2013-09-30": "2786.10000", "2013-06-30": "2779.10000", "2013-03-31": "2415.50000", "2012-12-31": "2409.10000", "2012-09-30": "2334.20000", "2012-06-30": "2285.10000", "2012-03-31": "2331.60000", "2011-12-31": "2295.40000", "2011-09-30": "1218.20000", "2011-06-30": "1212.70000", "2011-03-31": "1192.50000", "2010-12-31": "1148.30000", "2010-09-30": "1137.30000", "2010-06-30": "1124.00000", "2010-03-31": "1141.80000", "2009-12-31": "1176.20000", "2009-09-30": "1149.10000", "2009-06-30": "1142.90000", "2009-03-31": "1114.00000", "2008-12-31": "1135.20000", "2008-09-30": "1161.30000", "2008-06-30": "1157.30000", "2008-03-31": "1131.80000", "2007-12-31": "1083.40000", "2007-09-30": "1019.80000", "2007-06-30": "987.50000", "2007-03-31": "955.80000", "2006-12-31": "951.60000", "2006-09-30": "874.79300", "2006-06-30": "864.89400", "2006-03-31": "841.97700", "2005-12-31": "868.05300", "2005-09-30": "837.85000", "2005-06-30": "833.02500", "2005-03-31": "838.75900"}, "Long-Term Investments": {"2020-09-30": "", "2020-06-30": "", "2020-03-31": "", "2019-12-31": "", "2019-09-30": "", "2019-06-30": "", "2019-03-31": "", "2018-12-31": "", "2018-09-30": "", "2018-06-30": "", "2018-03-31": "", "2017-12-31": "", "2017-09-30": "", "2017-06-30": "", "2017-03-31": "", "2016-12-31": "", "2016-09-30": "", "2016-06-30": "", "2016-03-31": "", "2015-12-31": "", "2015-09-30": "", "2015-06-30": "", "2015-03-31": "", "2014-12-31": "", "2014-09-30": "", "2014-06-30": "", "2014-03-31": "", "2013-12-31": "", "2013-09-30": "", "2013-06-30": "", "2013-03-31": "", "2012-12-31": "", "2012-09-30": "", "2012-06-30": "", "2012-03-31": "", "2011-12-31": "", "2011-09-30": "", "2011-06-30": "", "2011-03-31": "", "2010-12-31": "", "2010-09-30": "", "2010-06-30": "", "2010-03-31": "", "2009-12-31": "", "2009-09-30": "", "2009-06-30": "", "2009-03-31": "", "2008-12-31": "", "2008-09-30": "", "2008-06-30": "", "2008-03-31": "", "2007-12-31": "", "2007-09-30": "", "2007-06-30": "", "2007-03-31": "", "2006-12-31": "", "2006-09-30": "", "2006-06-30": "", "2006-03-31": "", "2005-12-31": "", "2005-09-30": "", "2005-06-30": "", "2005-03-31": ""}, "Goodwill And Intangible Assets": {"2020-09-30": "8981.40000", "2020-06-30": "8779.10000", "2020-03-31": "10823.40000", "2019-12-31": "8496.60000", "2019-09-30": "10948.90000", "2019-06-30": "11010.30000", "2019-03-31": "11201.50000", "2018-12-31": "10875.70000", "2018-09-30": "10898.80000", "2018-06-30": "11100.70000", "2018-03-31": "11315.20000", "2017-12-31": "11184.70000", "2017-09-30": "11194.00000", "2017-06-30": "11065.40000", "2017-03-31": "11033.80000", "2016-12-31": "10200.80000", "2016-09-30": "10429.80000", "2016-06-30": "10482.70000", "2016-03-31": "10506.00000", "2015-12-31": "10600.00000", "2015-09-30": "10671.60000", "2015-06-30": "10744.40000", "2015-03-31": "10855.70000", "2014-12-31": "11173.80000", "2014-09-30": "11432.20000", "2014-06-30": "11498.80000", "2014-03-31": "11557.90000", "2013-12-31": "11648.20000", "2013-09-30": "11663.90000", "2013-06-30": "11807.30000", "2013-03-31": "9931.00000", "2012-12-31": "9964.60000", "2012-09-30": "9997.00000", "2012-06-30": "9962.69900", "2012-03-31": "10184.60000", "2011-12-31": "10130.50000", "2011-09-30": "1922.80000", "2011-06-30": "1933.10000", "2011-03-31": "1904.80000", "2010-12-31": "1611.80000", "2010-09-30": "1605.00000", "2010-06-30": "1549.90000", "2010-03-31": "1637.80000", "2009-12-31": "1726.60000", "2009-09-30": "1682.00000", "2009-06-30": "1675.70000", "2009-03-31": "1578.40000", "2008-12-31": "1594.40000", "2008-09-30": "1747.80000", "2008-06-30": "1814.40000", "2008-03-31": "1807.60000", "2007-12-31": "1608.10000", "2007-09-30": "1316.00000", "2007-06-30": "1293.40000", "2007-03-31": "1265.50000", "2006-12-31": "1259.70000", "2006-09-30": "1244.86800", "2006-06-30": "1177.78500", "2006-03-31": "1143.54500", "2005-12-31": "1139.95500", "2005-09-30": "1178.52300", "2005-06-30": "1176.89400", "2005-03-31": "1232.49400"}, "Other Long-Term Assets": {"2020-09-30": "543.60000", "2020-06-30": "558.30000", "2020-03-31": "599.90000", "2019-12-31": "516.30000", "2019-09-30": "584.80000", "2019-06-30": "547.10000", "2019-03-31": "525.60000", "2018-12-31": "685.10000", "2018-09-30": "463.50000", "2018-06-30": "484.30000", "2018-03-31": "492.40000", "2017-12-31": "477.40000", "2017-09-30": "431.00000", "2017-06-30": "428.50000", "2017-03-31": "457.00000", "2016-12-31": "485.00000", "2016-09-30": "484.10000", "2016-06-30": "389.20000", "2016-03-31": "413.90000", "2015-12-31": "365.90000", "2015-09-30": "357.10000", "2015-06-30": "378.40000", "2015-03-31": "359.40000", "2014-12-31": "350.00000", "2014-09-30": "403.30000", "2014-06-30": "404.00000", "2014-03-31": "413.50000", "2013-12-31": "407.90000", "2013-09-30": "367.60000", "2013-06-30": "369.70000", "2013-03-31": "346.30000", "2012-12-31": "306.60000", "2012-09-30": "318.70000", "2012-06-30": "309.10000", "2012-03-31": "385.70000", "2011-12-31": "362.80000", "2011-09-30": "273.60000", "2011-06-30": "267.40000", "2011-03-31": "276.10000", "2010-12-31": "242.20000", "2010-09-30": "264.70000", "2010-06-30": "254.60000", "2010-03-31": "271.30000", "2009-12-31": "303.90000", "2009-09-30": "341.70000", "2009-06-30": "359.80000", "2009-03-31": "328.30000", "2008-12-31": "336.20000", "2008-09-30": "310.60000", "2008-06-30": "391.30000", "2008-03-31": "403.90000", "2007-12-31": "314.00000", "2007-09-30": "322.40000", "2007-06-30": "319.90000", "2007-03-31": "314.90000", "2006-12-31": "354.50000", "2006-09-30": "480.92400", "2006-06-30": "450.23500", "2006-03-31": "453.37800", "2005-12-31": "366.95400", "2005-09-30": "364.64400", "2005-06-30": "364.97700", "2005-03-31": "380.07300"}, "Total Long-Term Assets": {"2020-09-30": "13105.10000", "2020-06-30": "12916.20000", "2020-03-31": "15902.50000", "2019-12-31": "16040.70000", "2019-09-30": "15965.50000", "2019-06-30": "15974.10000", "2019-03-31": "16176.60000", "2018-12-31": "15396.80000", "2018-09-30": "15140.30000", "2018-06-30": "15343.70000", "2018-03-31": "15587.50000", "2017-12-31": "15369.20000", "2017-09-30": "15242.20000", "2017-06-30": "14991.30000", "2017-03-31": "14915.70000", "2016-12-31": "14050.80000", "2016-09-30": "14206.80000", "2016-06-30": "14129.20000", "2016-03-31": "14146.90000", "2015-12-31": "14194.20000", "2015-09-30": "14240.90000", "2015-06-30": "14246.20000", "2015-03-31": "14330.20000", "2014-12-31": "14574.40000", "2014-09-30": "14814.00000", "2014-06-30": "14841.70000", "2014-03-31": "14860.40000", "2013-12-31": "14938.10000", "2013-09-30": "14817.60000", "2013-06-30": "14956.10000", "2013-03-31": "12692.80000", "2012-12-31": "12680.30000", "2012-09-30": "12649.90000", "2012-06-30": "12556.90000", "2012-03-31": "12901.90000", "2011-12-31": "12788.70000", "2011-09-30": "3414.60000", "2011-06-30": "3413.20000", "2011-03-31": "3373.40000", "2010-12-31": "3002.30000", "2010-09-30": "3007.00000", "2010-06-30": "2928.50000", "2010-03-31": "3050.90000", "2009-12-31": "3206.70000", "2009-09-30": "3172.80000", "2009-06-30": "3178.40000", "2009-03-31": "3020.70000", "2008-12-31": "3065.80000", "2008-09-30": "3219.70000", "2008-06-30": "3363.00000", "2008-03-31": "3343.30000", "2007-12-31": "3005.50000", "2007-09-30": "2658.20000", "2007-06-30": "2600.80000", "2007-03-31": "2536.20000", "2006-12-31": "2565.80000", "2006-09-30": "2600.58500", "2006-06-30": "2492.91400", "2006-03-31": "2438.90000", "2005-12-31": "2374.96200", "2005-09-30": "2381.01700", "2005-06-30": "2374.89600", "2005-03-31": "2451.32600"}, "Total Assets": {"2020-09-30": "18097.10000", "2020-06-30": "18082.40000", "2020-03-31": "22339.60000", "2019-12-31": "20869.10000", "2019-09-30": "20835.60000", "2019-06-30": "20827.60000", "2019-03-31": "20927.60000", "2018-12-31": "20074.50000", "2018-09-30": "19962.60000", "2018-06-30": "19951.60000", "2018-03-31": "20184.30000", "2017-12-31": "19963.50000", "2017-09-30": "19856.70000", "2017-06-30": "19523.40000", "2017-03-31": "19223.00000", "2016-12-31": "18330.20000", "2016-09-30": "18378.80000", "2016-06-30": "18224.60000", "2016-03-31": "18341.80000", "2015-12-31": "18641.70000", "2015-09-30": "18883.30000", "2015-06-30": "19217.30000", "2015-03-31": "19252.00000", "2014-12-31": "19427.40000", "2014-09-30": "19685.80000", "2014-06-30": "19613.80000", "2014-03-31": "19563.40000", "2013-12-31": "19636.50000", "2013-09-30": "19613.60000", "2013-06-30": "19654.30000", "2013-03-31": "17296.20000", "2012-12-31": "17572.30000", "2012-09-30": "16722.80000", "2012-06-30": "16465.40000", "2012-03-31": "16861.70000", "2011-12-31": "18184.70000", "2011-09-30": "5505.60000", "2011-06-30": "5407.40000", "2011-03-31": "5262.30000", "2010-12-31": "4872.20000", "2010-09-30": "4861.50000", "2010-06-30": "4663.80000", "2010-03-31": "4769.20000", "2009-12-31": "5020.90000", "2009-09-30": "4988.80000", "2009-06-30": "4928.30000", "2009-03-31": "4703.80000", "2008-12-31": "4756.90000", "2008-09-30": "5113.90000", "2008-06-30": "5355.50000", "2008-03-31": "5234.30000", "2007-12-31": "4722.80000", "2007-09-30": "4263.20000", "2007-06-30": "4140.40000", "2007-03-31": "3993.40000", "2006-12-31": "4419.40000", "2006-09-30": "4006.87600", "2006-06-30": "3911.28300", "2006-03-31": "3748.31500", "2005-12-31": "3796.62800", "2005-09-30": "3828.58200", "2005-06-30": "3730.48300", "2005-03-31": "3798.33400"}, "Total Current Liabilities": {"2020-09-30": "3106.40000", "2020-06-30": "3227.70000", "2020-03-31": "4257.40000", "2019-12-31": "3630.60000", "2019-09-30": "3919.50000", "2019-06-30": "4127.70000", "2019-03-31": "4156.00000", "2018-12-31": "3685.60000", "2018-09-30": "3589.80000", "2018-06-30": "3623.80000", "2018-03-31": "3982.80000", "2017-12-31": "3475.20000", "2017-09-30": "3756.60000", "2017-06-30": "4318.40000", "2017-03-31": "4205.30000", "2016-12-31": "3019.40000", "2016-09-30": "4174.00000", "2016-06-30": "4238.40000", "2016-03-31": "4159.50000", "2015-12-31": "4764.40000", "2015-09-30": "3556.60000", "2015-06-30": "4446.10000", "2015-03-31": "4121.00000", "2014-12-31": "4367.90000", "2014-09-30": "4455.00000", "2014-06-30": "3966.90000", "2014-03-31": "3904.40000", "2013-12-31": "3488.70000", "2013-09-30": "3200.60000", "2013-06-30": "3245.50000", "2013-03-31": "2684.20000", "2012-12-31": "3052.70000", "2012-09-30": "2818.70000", "2012-06-30": "3450.70000", "2012-03-31": "3506.60000", "2011-12-31": "3166.30000", "2011-09-30": "1617.70000", "2011-06-30": "1639.60000", "2011-03-31": "1650.20000", "2010-12-31": "1324.80000", "2010-09-30": "1438.60000", "2010-06-30": "1339.90000", "2010-03-31": "1370.00000", "2009-12-31": "1250.20000", "2009-09-30": "1292.90000", "2009-06-30": "1339.90000", "2009-03-31": "1421.40000", "2008-12-31": "1441.90000", "2008-09-30": "1338.00000", "2008-06-30": "1561.70000", "2008-03-31": "1604.20000", "2007-12-31": "1518.30000", "2007-09-30": "1322.00000", "2007-06-30": "1287.50000", "2007-03-31": "1149.80000", "2006-12-31": "1502.80000", "2006-09-30": "1145.97100", "2006-06-30": "1141.15900", "2006-03-31": "1027.21300", "2005-12-31": "1119.35700", "2005-09-30": "1066.05200", "2005-06-30": "1068.38500", "2005-03-31": "1114.90200"}, "Long Term Debt": {"2020-09-30": "6667.70000", "2020-06-30": "6752.00000", "2020-03-31": "6744.00000", "2019-12-31": "5973.10000", "2019-09-30": "5966.90000", "2019-06-30": "5987.10000", "2019-03-31": "6008.20000", "2018-12-31": "6301.60000", "2018-09-30": "6334.80000", "2018-06-30": "6343.10000", "2018-03-31": "6397.70000", "2017-12-31": "6758.30000", "2017-09-30": "6484.50000", "2017-06-30": "5909.30000", "2017-03-31": "5841.60000", "2016-12-31": "6145.70000", "2016-09-30": "5091.40000", "2016-06-30": "5097.00000", "2016-03-31": "5082.80000", "2015-12-31": "4260.20000", "2015-09-30": "5753.70000", "2015-06-30": "5124.20000", "2015-03-31": "5408.70000", "2014-12-31": "4843.40000", "2014-09-30": "4874.00000", "2014-06-30": "5539.10000", "2014-03-31": "5696.60000", "2013-12-31": "6043.50000", "2013-09-30": "6537.30000", "2013-06-30": "6635.30000", "2013-03-31": "5737.10000", "2012-12-31": "5736.10000", "2012-09-30": "5386.70000", "2012-06-30": "4879.20000", "2012-03-31": "4911.00000", "2011-12-31": "6613.20000", "2011-09-30": "700.20000", "2011-06-30": "703.30000", "2011-03-31": "683.70000", "2010-12-31": "656.40000", "2010-09-30": "647.30000", "2010-06-30": "637.00000", "2010-03-31": "677.90000", "2009-12-31": "868.80000", "2009-09-30": "850.00000", "2009-06-30": "842.80000", "2009-03-31": "797.80000", "2008-12-31": "799.30000", "2008-09-30": "859.40000", "2008-06-30": "876.00000", "2008-03-31": "864.90000", "2007-12-31": "599.90000", "2007-09-30": "569.90000", "2007-06-30": "563.90000", "2007-03-31": "557.30000", "2006-12-31": "557.10000", "2006-09-30": "542.94800", "2006-06-30": "544.84600", "2006-03-31": "522.38200", "2005-12-31": "519.37400", "2005-09-30": "539.01900", "2005-06-30": "537.91200", "2005-03-31": "566.63600"}, "Other Non-Current Liabilities": {"2020-09-30": "301.10000", "2020-06-30": "260.30000", "2020-03-31": "261.30000", "2019-12-31": "269.80000", "2019-09-30": "302.70000", "2019-06-30": "325.40000", "2019-03-31": "349.70000", "2018-12-31": "324.80000", "2018-09-30": "376.30000", "2018-06-30": "406.90000", "2018-03-31": "453.40000", "2017-12-31": "415.30000", "2017-09-30": "302.50000", "2017-06-30": "238.20000", "2017-03-31": "207.00000", "2016-12-31": "204.80000", "2016-09-30": "226.40000", "2016-06-30": "227.80000", "2016-03-31": "228.60000", "2015-12-31": "238.40000", "2015-09-30": "1583.60000", "2015-06-30": "1627.90000", "2015-03-31": "1645.50000", "2014-12-31": "1645.50000", "2014-09-30": "1805.50000", "2014-06-30": "1850.30000", "2014-03-31": "1893.40000", "2013-12-31": "1899.30000", "2013-09-30": "1787.40000", "2013-06-30": "1803.20000", "2013-03-31": "1423.20000", "2012-12-31": "1402.90000", "2012-09-30": "1494.20000", "2012-06-30": "1439.30000", "2012-03-31": "1474.30000", "2011-12-31": "1490.70000", "2011-09-30": "222.00000", "2011-06-30": "227.70000", "2011-03-31": "225.40000", "2010-12-31": "192.20000", "2010-09-30": "230.30000", "2010-06-30": "259.30000", "2010-03-31": "271.60000", "2009-12-31": "288.60000", "2009-09-30": "274.20000", "2009-06-30": "268.30000", "2009-03-31": "256.20000", "2008-12-31": "256.50000", "2008-09-30": "277.70000", "2008-06-30": "275.30000", "2008-03-31": "275.60000", "2007-12-31": "250.40000", "2007-09-30": "228.70000", "2007-06-30": "262.20000", "2007-03-31": "261.70000", "2006-12-31": "259.10000", "2006-09-30": "212.75900", "2006-06-30": "199.10600", "2006-03-31": "200.63100", "2005-12-31": "206.63900", "2005-09-30": "287.83800", "2005-06-30": "283.80000", "2005-03-31": "288.57000"}, "Total Long Term Liabilities": {"2020-09-30": "8941.30000", "2020-06-30": "8964.50000", "2020-03-31": "9221.60100", "2019-12-31": "8512.70000", "2019-09-30": "8303.70000", "2019-06-30": "8430.50100", "2019-03-31": "8504.70000", "2018-12-31": "8335.30000", "2018-09-30": "8389.80000", "2018-06-30": "8419.30000", "2018-03-31": "8531.60100", "2017-12-31": "8834.50000", "2017-09-30": "8800.90000", "2017-06-30": "8216.30000", "2017-03-31": "8139.20000", "2016-12-31": "8339.90000", "2016-09-30": "7263.00000", "2016-06-30": "7316.60000", "2016-03-31": "7530.20000", "2015-12-31": "6896.90000", "2015-09-30": "8484.10000", "2015-06-30": "7891.70000", "2015-03-31": "8195.00000", "2014-12-31": "7677.40000", "2014-09-30": "7464.50000", "2014-06-30": "8186.80000", "2014-03-31": "8385.90000", "2013-12-31": "8738.40000", "2013-09-30": "9567.10000", "2013-06-30": "9670.10000", "2013-03-31": "8379.50000", "2012-12-31": "8359.50000", "2012-09-30": "7877.90000", "2012-06-30": "7312.50000", "2012-03-31": "7550.00000", "2011-12-31": "9277.30000", "2011-09-30": "1417.00000", "2011-06-30": "1425.40000", "2011-03-31": "1397.40000", "2010-12-31": "1414.40000", "2010-09-30": "1455.10000", "2010-06-30": "1462.30000", "2010-03-31": "1530.70000", "2009-12-31": "1761.10000", "2009-09-30": "1725.90000", "2009-06-30": "1776.30000", "2009-03-31": "1690.30000", "2008-12-31": "1736.00000", "2008-09-30": "1542.60000", "2008-06-30": "1595.10000", "2008-03-31": "1570.70000", "2007-12-31": "1268.80000", "2007-09-30": "1239.80000", "2007-06-30": "1263.20000", "2007-03-31": "1242.20000", "2006-12-31": "1236.40000", "2006-09-30": "1097.78600", "2006-06-30": "1072.13800", "2006-03-31": "1032.74200", "2005-12-31": "1028.06100", "2005-09-30": "1118.20000", "2005-06-30": "1109.17100", "2005-03-31": "1151.85100"}, "Total Liabilities": {"2020-09-30": "12047.70000", "2020-06-30": "12192.20000", "2020-03-31": "13479.00000", "2019-12-31": "12143.30000", "2019-09-30": "12223.20000", "2019-06-30": "12558.20000", "2019-03-31": "12660.70000", "2018-12-31": "12020.90000", "2018-09-30": "11979.60000", "2018-06-30": "12043.10000", "2018-03-31": "12514.40000", "2017-12-31": "12309.70000", "2017-09-30": "12557.50000", "2017-06-30": "12534.70000", "2017-03-31": "12344.50000", "2016-12-31": "11359.30000", "2016-09-30": "11437.00000", "2016-06-30": "11555.00000", "2016-03-31": "11689.70000", "2015-12-31": "11661.30000", "2015-09-30": "12040.70000", "2015-06-30": "12337.80000", "2015-03-31": "12316.00000", "2014-12-31": "12045.30000", "2014-09-30": "11919.50000", "2014-06-30": "12153.70000", "2014-03-31": "12290.30000", "2013-12-31": "12227.10000", "2013-09-30": "12767.70000", "2013-06-30": "12915.60000", "2013-03-31": "11063.70000", "2012-12-31": "11412.20000", "2012-09-30": "10696.60000", "2012-06-30": "10763.20000", "2012-03-31": "11056.60000", "2011-12-31": "12443.60000", "2011-09-30": "3034.70000", "2011-06-30": "3065.00000", "2011-03-31": "3047.60000", "2010-12-31": "2739.20000", "2010-09-30": "2893.70000", "2010-06-30": "2802.20000", "2010-03-31": "2900.70000", "2009-12-31": "3011.30000", "2009-09-30": "3018.80000", "2009-06-30": "3116.20000", "2009-03-31": "3111.70000", "2008-12-31": "3177.90000", "2008-09-30": "2880.60000", "2008-06-30": "3156.80000", "2008-03-31": "3174.90000", "2007-12-31": "2787.10000", "2007-09-30": "2561.80000", "2007-06-30": "2550.70000", "2007-03-31": "2392.00000", "2006-12-31": "2739.20000", "2006-09-30": "2243.75700", "2006-06-30": "2213.29700", "2006-03-31": "2059.95500", "2005-12-31": "2147.41800", "2005-09-30": "2184.25200", "2005-06-30": "2177.55600", "2005-03-31": "2266.75300"}, "Common Stock Net": {"2020-09-30": "362.10000", "2020-06-30": "362.00000", "2020-03-31": "360.80000", "2019-12-31": "359.60000", "2019-09-30": "359.40000", "2019-06-30": "358.90000", "2019-03-31": "358.20000", "2018-12-31": "357.00000", "2018-09-30": "356.50000", "2018-06-30": "355.90000", "2018-03-31": "355.50000", "2017-12-31": "354.70000", "2017-09-30": "354.20000", "2017-06-30": "354.10000", "2017-03-31": "353.50000", "2016-12-31": "352.60000", "2016-09-30": "352.30000", "2016-06-30": "351.60000", "2016-03-31": "351.00000", "2015-12-31": "350.30000", "2015-09-30": "349.50000", "2015-06-30": "349.30000", "2015-03-31": "348.70000", "2014-12-31": "347.70000", "2014-09-30": "347.20000", "2014-06-30": "346.70000", "2014-03-31": "346.40000", "2013-12-31": "345.10000", "2013-09-30": "344.60000", "2013-06-30": "344.10000", "2013-03-31": "343.60000", "2012-12-31": "342.10000", "2012-09-30": "340.10000", "2012-06-30": "339.70000", "2012-03-31": "337.50000", "2011-12-31": "336.10000", "2011-09-30": "335.10000", "2011-06-30": "334.90000", "2011-03-31": "333.70000", "2010-12-31": "333.10000", "2010-09-30": "332.50000", "2010-06-30": "331.20000", "2010-03-31": "330.30000", "2009-12-31": "329.80000", "2009-09-30": "329.50000", "2009-06-30": "328.40000", "2009-03-31": "328.00000", "2008-12-31": "328.00000", "2008-09-30": "327.90000", "2008-06-30": "327.40000", "2008-03-31": "327.10000", "2007-12-31": "326.50000", "2007-09-30": "325.20000", "2007-06-30": "324.40000", "2007-03-31": "323.60000", "2006-12-31": "322.60000", "2006-09-30": "321.86000", "2006-06-30": "320.83100", "2006-03-31": "320.02800", "2005-12-31": "318.60300", "2005-09-30": "317.96600", "2005-06-30": "317.39900", "2005-03-31": "317.12600"}, "Retained Earnings (Accumulated Deficit)": {"2020-09-30": "8079.90000", "2020-06-30": "7967.80000", "2020-03-31": "10136.90000", "2019-12-31": "9993.70000", "2019-09-30": "9699.70000", "2019-06-30": "9368.00000", "2019-03-31": "9131.80000", "2018-12-31": "8909.50000", "2018-09-30": "8646.90000", "2018-06-30": "8329.90000", "2018-03-31": "8097.00000", "2017-12-31": "8011.60000", "2017-09-30": "7598.00000", "2017-06-30": "7312.60000", "2017-03-31": "7123.10000", "2016-12-31": "6975.00000", "2016-09-30": "6716.70000", "2016-06-30": "6444.60000", "2016-03-31": "6288.30000", "2015-12-31": "6160.30000", "2015-09-30": "6055.00000", "2015-06-30": "5894.70000", "2015-03-31": "5690.40000", "2014-12-31": "5555.10000", "2014-09-30": "5318.70000", "2014-06-30": "5036.30000", "2014-03-31": "4807.20000", "2013-12-31": "4699.00000", "2013-09-30": "4494.70000", "2013-06-30": "4255.90000", "2013-03-31": "4112.30000", "2012-12-31": "4020.60000", "2012-09-30": "3856.90000", "2012-06-30": "3677.50000", "2012-03-31": "3551.30000", "2011-12-31": "3559.90000", "2011-09-30": "3531.20000", "2011-06-30": "3417.50000", "2011-03-31": "3332.10000", "2010-12-31": "3279.10000", "2010-09-30": "3188.40000", "2010-06-30": "3050.10000", "2010-03-31": "2957.10000", "2009-12-31": "2898.10000", "2009-09-30": "2819.20000", "2009-06-30": "2707.40000", "2009-03-31": "2641.40000", "2008-12-31": "2617.00000", "2008-09-30": "2570.10000", "2008-06-30": "2476.10000", "2008-03-31": "2369.20000", "2007-12-31": "2298.40000", "2007-09-30": "2217.10000", "2007-06-30": "2131.30000", "2007-03-31": "2049.30000", "2006-12-31": "1983.20000", "2006-09-30": "1924.98200", "2006-06-30": "1839.76800", "2006-03-31": "1771.73600", "2005-12-31": "1719.20100", "2005-09-30": "1783.72200", "2005-06-30": "1702.37700", "2005-03-31": "1638.16500"}, "Comprehensive Income": {"2020-09-30": "-1945.90000", "2020-06-30": "-1989.70000", "2020-03-31": "-2113.70000", "2019-12-31": "-2089.70000", "2019-09-30": "-1884.70000", "2019-06-30": "-1836.40000", "2019-03-31": "-1734.90000", "2018-12-31": "-1761.70000", "2018-09-30": "-1765.40000", "2018-06-30": "-1592.70000", "2018-03-31": "-1558.30000", "2017-12-31": "-1643.40000", "2017-09-30": "-1564.30000", "2017-06-30": "-1643.90000", "2017-03-31": "-1636.10000", "2016-12-31": "-1712.90000", "2016-09-30": "-1452.30000", "2016-06-30": "-1492.70000", "2016-03-31": "-1536.10000", "2015-12-31": "-1423.30000", "2015-09-30": "-1404.60000", "2015-06-30": "-1195.10000", "2015-03-31": "-1187.40000", "2014-12-31": "-951.90000", "2014-09-30": "-377.30000", "2014-06-30": "-350.80000", "2014-03-31": "-373.30000", "2013-12-31": "-305.20000", "2013-09-30": "-700.40000", "2013-06-30": "-582.00000", "2013-03-31": "-509.20000", "2012-12-31": "-459.70000", "2012-09-30": "-353.60000", "2012-06-30": "-473.70000", "2012-03-31": "-249.50000", "2011-12-31": "-344.90000", "2011-09-30": "-160.70000", "2011-06-30": "-159.50000", "2011-03-31": "-205.20000", "2010-12-31": "-271.90000", "2010-09-30": "-320.20000", "2010-06-30": "-380.60000", "2010-03-31": "-307.70000", "2009-12-31": "-232.90000", "2009-09-30": "-224.60000", "2009-06-30": "-244.30000", "2009-03-31": "-379.90000", "2008-12-31": "-359.10000", "2008-09-30": "45.60000", "2008-06-30": "126.90000", "2008-03-31": "107.80000", "2007-12-31": "63.10000", "2007-09-30": "-42.30000", "2007-06-30": "-58.60000", "2007-03-31": "-88.80000", "2006-12-31": "-96.50000", "2006-09-30": "50.51200", "2006-06-30": "47.16700", "2006-03-31": "25.84200", "2005-12-31": "9.76400", "2005-09-30": "31.17600", "2005-06-30": "26.97500", "2005-03-31": "75.97900"}, "Other Share Holders Equity": {"2020-09-30": "", "2020-06-30": "", "2020-03-31": "", "2019-12-31": "", "2019-09-30": "", "2019-06-30": "", "2019-03-31": "", "2018-12-31": "", "2018-09-30": "", "2018-06-30": "", "2018-03-31": "", "2017-12-31": "", "2017-09-30": "", "2017-06-30": "", "2017-03-31": "", "2016-12-31": "", "2016-09-30": "", "2016-06-30": "", "2016-03-31": "", "2015-12-31": "", "2015-09-30": "", "2015-06-30": "", "2015-03-31": "", "2014-12-31": "", "2014-09-30": "", "2014-06-30": "", "2014-03-31": "", "2013-12-31": "", "2013-09-30": "", "2013-06-30": "", "2013-03-31": "", "2012-12-31": "", "2012-09-30": "", "2012-06-30": "", "2012-03-31": "", "2011-12-31": "", "2011-09-30": "", "2011-06-30": "", "2011-03-31": "", "2010-12-31": "", "2010-09-30": "", "2010-06-30": "", "2010-03-31": "", "2009-12-31": "", "2009-09-30": "", "2009-06-30": "", "2009-03-31": "", "2008-12-31": "", "2008-09-30": "", "2008-06-30": "", "2008-03-31": "", "2007-12-31": "", "2007-09-30": "", "2007-06-30": "", "2007-03-31": "", "2006-12-31": "", "2006-09-30": "", "2006-06-30": "", "2006-03-31": "", "2005-12-31": "", "2005-09-30": "", "2005-06-30": "", "2005-03-31": ""}, "Share Holder Equity": {"2020-09-30": "6049.40000", "2020-06-30": "5890.20000", "2020-03-31": "8860.60000", "2019-12-31": "8725.80000", "2019-09-30": "8612.40000", "2019-06-30": "8269.40000", "2019-03-31": "8266.90000", "2018-12-31": "8053.60000", "2018-09-30": "7983.00000", "2018-06-30": "7908.50000", "2018-03-31": "7669.90000", "2017-12-31": "7653.80000", "2017-09-30": "7299.20000", "2017-06-30": "6988.70000", "2017-03-31": "6878.50000", "2016-12-31": "6970.90000", "2016-09-30": "6941.80000", "2016-06-30": "6669.60000", "2016-03-31": "6652.10000", "2015-12-31": "6980.40000", "2015-09-30": "6842.60000", "2015-06-30": "6879.50000", "2015-03-31": "6936.00000", "2014-12-31": "7382.10000", "2014-09-30": "7766.30000", "2014-06-30": "7460.10000", "2014-03-31": "7273.10000", "2013-12-31": "7409.40000", "2013-09-30": "6845.90000", "2013-06-30": "6738.70000", "2013-03-31": "6232.50000", "2012-12-31": "6160.10000", "2012-09-30": "6026.20000", "2012-06-30": "5702.20000", "2012-03-31": "5805.10000", "2011-12-31": "5741.10000", "2011-09-30": "2470.90000", "2011-06-30": "2342.40000", "2011-03-31": "2214.70000", "2010-12-31": "2133.00000", "2010-09-30": "1967.80000", "2010-06-30": "1861.60000", "2010-03-31": "1868.50000", "2009-12-31": "2009.60000", "2009-09-30": "1970.00000", "2009-06-30": "1812.10000", "2009-03-31": "1592.10000", "2008-12-31": "1579.00000", "2008-09-30": "2233.30000", "2008-06-30": "2198.70000", "2008-03-31": "2059.40000", "2007-12-31": "1935.70000", "2007-09-30": "1701.40000", "2007-06-30": "1589.70000", "2007-03-31": "1601.40000", "2006-12-31": "1680.20000", "2006-09-30": "1763.11900", "2006-06-30": "1697.98600", "2006-03-31": "1688.36000", "2005-12-31": "1649.21000", "2005-09-30": "1644.33000", "2005-06-30": "1552.92700", "2005-03-31": "1531.58100"}, "Total Liabilities And Share Holders Equity": {"2020-09-30": "18097.10000", "2020-06-30": "18082.40000", "2020-03-31": "22339.60000", "2019-12-31": "20869.10000", "2019-09-30": "20835.60000", "2019-06-30": "20827.60000", "2019-03-31": "20927.60000", "2018-12-31": "20074.50000", "2018-09-30": "19962.60000", "2018-06-30": "19951.60000", "2018-03-31": "20184.30000", "2017-12-31": "19963.50000", "2017-09-30": "19856.70000", "2017-06-30": "19523.40000", "2017-03-31": "19223.00000", "2016-12-31": "18330.20000", "2016-09-30": "18378.80000", "2016-06-30": "18224.60000", "2016-03-31": "18341.80000", "2015-12-31": "18641.70000", "2015-09-30": "18883.30000", "2015-06-30": "19217.30000", "2015-03-31": "19252.00000", "2014-12-31": "19427.40000", "2014-09-30": "19685.80000", "2014-06-30": "19613.80000", "2014-03-31": "19563.40000", "2013-12-31": "19636.50000", "2013-09-30": "19613.60000", "2013-06-30": "19654.30000", "2013-03-31": "17296.20000", "2012-12-31": "17572.30000", "2012-09-30": "16722.80000", "2012-06-30": "16465.40000", "2012-03-31": "16861.70000", "2011-12-31": "18184.70000", "2011-09-30": "5505.60000", "2011-06-30": "5407.40000", "2011-03-31": "5262.30000", "2010-12-31": "4872.20000", "2010-09-30": "4861.50000", "2010-06-30": "4663.80000", "2010-03-31": "4769.20000", "2009-12-31": "5020.90000", "2009-09-30": "4988.80000", "2009-06-30": "4928.30000", "2009-03-31": "4703.80000", "2008-12-31": "4756.90000", "2008-09-30": "5113.90000", "2008-06-30": "5355.50000", "2008-03-31": "5234.30000", "2007-12-31": "4722.80000", "2007-09-30": "4263.20000", "2007-06-30": "4140.40000", "2007-03-31": "3993.40000", "2006-12-31": "4419.40000", "2006-09-30": "4006.87600", "2006-06-30": "3911.28300", "2006-03-31": "3748.31500", "2005-12-31": "3796.62800", "2005-09-30": "3828.58200", "2005-06-30": "3730.48300", "2005-03-31": "3798.33400"}}, "cash flow statement": {"Net Income/Loss": {"2019-12-31": "1576.20000", "2018-12-31": "1440.30000", "2017-12-31": "1518.60000", "2016-12-31": "1246.50000", "2015-12-31": "1017.20000", "2014-12-31": "1222.20000", "2013-12-31": "973.60000", "2012-12-31": "701.30000", "2011-12-31": "463.30000", "2010-12-31": "531.10000", "2009-12-31": "418.70000", "2008-12-31": "448.40000", "2007-12-31": "428.90000", "2006-12-31": "368.60000", "2005-12-31": "319.50000"}, "Total Depreciation And Amortization - Cash Flow": {"2019-12-31": "973.30000", "2018-12-31": "938.30000", "2017-12-31": "893.30000", "2016-12-31": "850.70000", "2015-12-31": "859.50000", "2014-12-31": "872.00000", "2013-12-31": "816.20000", "2012-12-31": "714.50000", "2011-12-31": "395.70000", "2010-12-31": "347.90000", "2009-12-31": "334.30000", "2008-12-31": "334.70000", "2007-12-31": "291.90000", "2006-12-31": "268.60000", "2005-12-31": "256.90000"}, "Other Non-Cash Items": {"2019-12-31": "-69.20000", "2018-12-31": "194.90000", "2017-12-31": "-400.50000", "2016-12-31": "-201.30000", "2015-12-31": "190.90000", "2014-12-31": "-103.60000", "2013-12-31": "-49.80000", "2012-12-31": "-150.50000", "2011-12-31": "43.90000", "2010-12-31": "25.40000", "2009-12-31": "-39.20000", "2008-12-31": "61.80000", "2007-12-31": "49.00000", "2006-12-31": "-1.90000", "2005-12-31": "14.40000"}, "Total Non-Cash Items": {"2019-12-31": "904.10000", "2018-12-31": "1133.20000", "2017-12-31": "492.80010", "2016-12-31": "649.40000", "2015-12-31": "1050.40000", "2014-12-31": "768.40000", "2013-12-31": "766.40000", "2012-12-31": "564.00000", "2011-12-31": "439.60000", "2010-12-31": "373.30000", "2009-12-31": "295.10000", "2008-12-31": "396.50000", "2007-12-31": "340.90000", "2006-12-31": "266.70000", "2005-12-31": "271.30000"}, "Change In Accounts Receivable": {"2019-12-31": "-137.20000", "2018-12-31": "-164.10000", "2017-12-31": "-91.50000", "2016-12-31": "0.90000", "2015-12-31": "-24.00000", "2014-12-31": "-175.40000", "2013-12-31": "-147.40000", "2012-12-31": "-189.70000", "2011-12-31": "-106.00000", "2010-12-31": "-39.30000", "2009-12-31": "45.10000", "2008-12-31": "-89.90000", "2007-12-31": "-34.40000", "2006-12-31": "-66.80000", "2005-12-31": "-44.80000"}, "Change In Inventories": {"2019-12-31": "41.00000", "2018-12-31": "-141.10000", "2017-12-31": "-85.50000", "2016-12-31": "18.80000", "2015-12-31": "-48.60000", "2014-12-31": "-210.80000", "2013-12-31": "-30.50000", "2012-12-31": "-2.00000", "2011-12-31": "-36.10000", "2010-12-31": "18.60000", "2009-12-31": "13.00000", "2008-12-31": "-57.50000", "2007-12-31": "-19.30000", "2006-12-31": "-18.00000", "2005-12-31": "2.60000"}, "Change In Accounts Payable": {"2019-12-31": "22.30000", "2018-12-31": "113.50000", "2017-12-31": "121.10000", "2016-12-31": "-55.10000", "2015-12-31": "-46.10000", "2014-12-31": "174.70000", "2013-12-31": "50.60000", "2012-12-31": "79.00000", "2011-12-31": "60.90000", "2010-12-31": "6.80000", "2009-12-31": "-25.10000", "2008-12-31": "30.00000", "2007-12-31": "-10.00000", "2006-12-31": "44.50000", "2005-12-31": "19.00000"}, "Change In Assets/Liabilities": {"2019-12-31": "-5.50000", "2018-12-31": "-128.10000", "2017-12-31": "98.40000", "2016-12-31": "65.00000", "2015-12-31": "39.30000", "2014-12-31": "28.70000", "2013-12-31": "-69.30000", "2012-12-31": "44.80000", "2011-12-31": "-145.10000", "2010-12-31": "58.10000", "2009-12-31": "-64.70000", "2008-12-31": "20.40000", "2007-12-31": "84.60000", "2006-12-31": "31.30000", "2005-12-31": "23.40000"}, "Total Change In Assets/Liabilities": {"2019-12-31": "-79.40000", "2018-12-31": "-319.80000", "2017-12-31": "42.50000", "2016-12-31": "29.60000", "2015-12-31": "-79.40000", "2014-12-31": "-182.80000", "2013-12-31": "-196.60000", "2012-12-31": "-67.90000", "2011-12-31": "-226.30000", "2010-12-31": "44.20000", "2009-12-31": "-31.70000", "2008-12-31": "-97.00000", "2007-12-31": "20.90000", "2006-12-31": "-9.00000", "2005-12-31": "0.20000"}, "Cash Flow From Operating Activities": {"2019-12-31": "2420.70000", "2018-12-31": "2277.70000", "2017-12-31": "2091.30000", "2016-12-31": "1939.70000", "2015-12-31": "1999.80000", "2014-12-31": "1815.60000", "2013-12-31": "1559.80000", "2012-12-31": "1203.00000", "2011-12-31": "685.50000", "2010-12-31": "950.40000", "2009-12-31": "695.00000", "2008-12-31": "753.20000", "2007-12-31": "797.60000", "2006-12-31": "627.60000", "2005-12-31": "590.10000"}, "Net Change In Property, Plant, And Equipment": {"2019-12-31": "-789.70000", "2018-12-31": "-817.10000", "2017-12-31": "-857.90000", "2016-12-31": "-726.30000", "2015-12-31": "-800.20000", "2014-12-31": "-783.00000", "2013-12-31": "-644.20000", "2012-12-31": "-591.60000", "2011-12-31": "-363.00000", "2010-12-31": "-295.10000", "2009-12-31": "-285.60000", "2008-12-31": "-358.10000", "2007-12-31": "-354.10000", "2006-12-31": "-295.40000", "2005-12-31": "-258.50000"}, "Net Change In Intangible Assets": {"2019-12-31": "", "2018-12-31": "", "2017-12-31": "", "2016-12-31": "", "2015-12-31": "", "2014-12-31": "", "2013-12-31": "", "2012-12-31": "", "2011-12-31": "", "2010-12-31": "", "2009-12-31": "", "2008-12-31": "", "2007-12-31": "", "2006-12-31": "", "2005-12-31": ""}, "Net Acquisitions/Divestitures": {"2019-12-31": "-384.60000", "2018-12-31": "-220.60000", "2017-12-31": "-870.40000", "2016-12-31": "-48.60000", "2015-12-31": "-269.60000", "2014-12-31": "-72.20000", "2013-12-31": "-1446.00000", "2012-12-31": "87.70000", "2011-12-31": "-1633.20000", "2010-12-31": "-27.40000", "2009-12-31": "-13.70000", "2008-12-31": "-201.60000", "2007-12-31": "-309.60000", "2006-12-31": "-63.70000", "2005-12-31": "-25.50000"}, "Net Change In Short-term Investments": {"2019-12-31": "", "2018-12-31": "", "2017-12-31": "", "2016-12-31": "", "2015-12-31": "", "2014-12-31": "", "2013-12-31": "", "2012-12-31": "", "2011-12-31": "", "2010-12-31": "", "2009-12-31": "", "2008-12-31": "", "2007-12-31": "", "2006-12-31": "125.10000", "2005-12-31": "-125.10000"}, "Net Change In Long-Term Investments": {"2019-12-31": "", "2018-12-31": "", "2017-12-31": "", "2016-12-31": "", "2015-12-31": "", "2014-12-31": "", "2013-12-31": "", "2012-12-31": "", "2011-12-31": "", "2010-12-31": "", "2009-12-31": "", "2008-12-31": "", "2007-12-31": "", "2006-12-31": "", "2005-12-31": ""}, "Net Change In Investments - Total": {"2019-12-31": "", "2018-12-31": "", "2017-12-31": "", "2016-12-31": "", "2015-12-31": "", "2014-12-31": "", "2013-12-31": "", "2012-12-31": "", "2011-12-31": "", "2010-12-31": "", "2009-12-31": "", "2008-12-31": "", "2007-12-31": "", "2006-12-31": "125.10000", "2005-12-31": "-125.10000"}, "Investing Activities - Other": {"2019-12-31": "-24.80000", "2018-12-31": "7.70000", "2017-12-31": "1.30000", "2016-12-31": "1.30000", "2015-12-31": "154.00000", "2014-12-31": "6.90000", "2013-12-31": "2.50000", "2012-12-31": "16.00000", "2011-12-31": "-28.10000", "2010-12-31": "18.90000", "2009-12-31": "", "2008-12-31": "-21.00000", "2007-12-31": "", "2006-12-31": "", "2005-12-31": ""}, "Cash Flow From Investing Activities": {"2019-12-31": "-1199.10000", "2018-12-31": "-1030.00000", "2017-12-31": "-1727.00000", "2016-12-31": "-773.60000", "2015-12-31": "-915.80000", "2014-12-31": "-848.30000", "2013-12-31": "-2087.70000", "2012-12-31": "-487.90000", "2011-12-31": "-2024.30000", "2010-12-31": "-303.60000", "2009-12-31": "-299.30000", "2008-12-31": "-580.70000", "2007-12-31": "-663.70000", "2006-12-31": "-234.00000", "2005-12-31": "-409.10000"}, "Net Long-Term Debt": {"2019-12-31": "-400.60000", "2018-12-31": "-551.60000", "2017-12-31": "510.40000", "2016-12-31": "820.40000", "2015-12-31": "189.00000", "2014-12-31": "-907.80000", "2013-12-31": "388.90000", "2012-12-31": "-693.70000", "2011-12-31": "2818.30000", "2010-12-31": "-7.40000", "2009-12-31": "-6.40000", "2008-12-31": "253.80000", "2007-12-31": "-394.20000", "2006-12-31": "309.90000", "2005-12-31": "-1.00000"}, "Net Current Debt": {"2019-12-31": "-252.00000", "2018-12-31": "341.80000", "2017-12-31": "-43.70000", "2016-12-31": "-606.40000", "2015-12-31": "-312.10000", "2014-12-31": "599.60000", "2013-12-31": "-278.30000", "2012-12-31": "-387.30000", "2011-12-31": "907.10000", "2010-12-31": "-66.60000", "2009-12-31": "-244.00000", "2008-12-31": "-67.80000", "2007-12-31": "279.90000", "2006-12-31": "-47.70000", "2005-12-31": "96.70000"}, "Debt Issuance/Retirement Net - Total": {"2019-12-31": "-652.60000", "2018-12-31": "-209.80000", "2017-12-31": "466.70000", "2016-12-31": "214.00000", "2015-12-31": "-123.10000", "2014-12-31": "-308.20000", "2013-12-31": "110.60000", "2012-12-31": "-1081.00000", "2011-12-31": "3725.40000", "2010-12-31": "-74.00000", "2009-12-31": "-250.40000", "2008-12-31": "186.00000", "2007-12-31": "-114.30000", "2006-12-31": "262.20000", "2005-12-31": "95.70000"}, "Net Common Equity Issued/Repurchased": {"2019-12-31": "-166.90000", "2018-12-31": "-447.90000", "2017-12-31": "-516.50000", "2016-12-31": "-662.80000", "2015-12-31": "-672.00000", "2014-12-31": "-363.20000", "2013-12-31": "-210.60000", "2012-12-31": "-46.20000", "2011-12-31": "-601.00000", "2010-12-31": "-259.60000", "2009-12-31": "-22.40000", "2008-12-31": "-300.80000", "2007-12-31": "-274.70000", "2006-12-31": "-194.90000", "2005-12-31": "-163.60000"}, "Net Total Equity Issued/Repurchased": {"2019-12-31": "-166.90000", "2018-12-31": "-447.90000", "2017-12-31": "-516.50000", "2016-12-31": "-662.80000", "2015-12-31": "-672.00000", "2014-12-31": "-363.20000", "2013-12-31": "-210.60000", "2012-12-31": "-46.20000", "2011-12-31": "-601.00000", "2010-12-31": "-259.60000", "2009-12-31": "-22.40000", "2008-12-31": "-300.80000", "2007-12-31": "-274.70000", "2006-12-31": "-194.90000", "2005-12-31": "-163.60000"}, "Total Common And Preferred Stock Dividends Paid": {"2019-12-31": "-554.90000", "2018-12-31": "-496.50000", "2017-12-31": "-448.70000", "2016-12-31": "-427.50000", "2015-12-31": "-400.70000", "2014-12-31": "-344.40000", "2013-12-31": "-218.10000", "2012-12-31": "-306.80000", "2011-12-31": "-162.90000", "2010-12-31": "-145.50000", "2009-12-31": "-132.70000", "2008-12-31": "-128.50000", "2007-12-31": "-114.00000", "2006-12-31": "-101.20000", "2005-12-31": "-89.80000"}, "Financial Activities - Other": {"2019-12-31": "24.80000", "2018-12-31": "-18.50000", "2017-12-31": "-24.20000", "2016-12-31": "8.10000", "2015-12-31": "44.90000", "2014-12-31": "-55.20000", "2013-12-31": "25.50000", "2012-12-31": "40.40000", "2011-12-31": "-27.70000", "2010-12-31": "16.90000", "2009-12-31": "7.70000", "2008-12-31": "7.70000", "2007-12-31": "20.60000", "2006-12-31": "17.50000", "2005-12-31": "11.70000"}, "Cash Flow From Financial Activities": {"2019-12-31": "-1349.60000", "2018-12-31": "-1172.70000", "2017-12-31": "-522.70000", "2016-12-31": "-868.20000", "2015-12-31": "-1150.90000", "2014-12-31": "-1071.00000", "2013-12-31": "-292.60000", "2012-12-31": "-1393.60000", "2011-12-31": "2933.80000", "2010-12-31": "-462.20000", "2009-12-31": "-397.80000", "2008-12-31": "-235.60000", "2007-12-31": "-482.40000", "2006-12-31": "-16.40000", "2005-12-31": "-146.00000"}, "Net Cash Flow": {"2019-12-31": "-107.60000", "2018-12-31": "82.60000", "2017-12-31": "-169.00000", "2016-12-31": "287.60000", "2015-12-31": "-116.80000", "2014-12-31": "-129.60000", "2013-12-31": "-818.60000", "2012-12-31": "-685.80000", "2011-12-31": "1601.30000", "2010-12-31": "168.70000", "2009-12-31": "6.90000", "2008-12-31": "-70.70000", "2007-12-31": "-346.60000", "2006-12-31": "379.60000", "2005-12-31": "33.20000"}, "Stock-Based Compensation": {"2019-12-31": "91.10000", "2018-12-31": "94.40000", "2017-12-31": "90.50000", "2016-12-31": "85.70000", "2015-12-31": "78.20000", "2014-12-31": "71.10000", "2013-12-31": "69.60000", "2012-12-31": "65.80000", "2011-12-31": "39.90000", "2010-12-31": "29.20000", "2009-12-31": "37.30000", "2008-12-31": "33.60000", "2007-12-31": "37.90000", "2006-12-31": "36.30000", "2005-12-31": "39.10000"}, "Common Stock Dividends Paid": {"2019-12-31": "-554.90000", "2018-12-31": "-496.50000", "2017-12-31": "-448.70000", "2016-12-31": "-427.50000", "2015-12-31": "-400.70000", "2014-12-31": "-344.40000", "2013-12-31": "-218.10000", "2012-12-31": "-306.80000", "2011-12-31": "-162.90000", "2010-12-31": "-145.50000", "2009-12-31": "-132.70000", "2008-12-31": "-128.50000", "2007-12-31": "-114.00000", "2006-12-31": "-101.20000", "2005-12-31": "-89.80000"}}, "cash flow statement, quarterly": {"Net Income/Loss": {"2020-09-30": -1921, "2020-06-30": 140.4, "2020-03-31": "290.20000", "2019-12-31": 434.3, "2019-09-30": 539, "2019-06-30": 302.5, "2019-03-31": "300.40000", "2018-12-31": 400.2, "2018-09-30": 438.3, "2018-06-30": 353.6, "2018-03-31": "248.20000", "2017-12-31": 568.4, "2017-09-30": 396.6, "2017-06-30": 296.3, "2017-03-31": "257.30000", "2016-12-31": 371.4, "2016-09-30": 379.5, "2016-06-30": 263.6, "2016-03-31": "232.00000", "2015-12-31": 222.9, "2015-09-30": 250.1, "2015-06-30": 308.8, "2015-03-31": "235.40000", "2014-12-31": 343.3, "2014-09-30": 369.4, "2014-06-30": 315, "2014-03-31": "194.50000", "2013-12-31": 289.6, "2013-09-30": 307.2, "2013-06-30": 215.8, "2013-03-31": "161.00000", "2012-12-31": 234.5, "2012-09-30": 239.3, "2012-06-30": 183.4, "2012-03-31": "44.10000", "2011-12-31": 88.8, "2011-09-30": 154.5, "2011-06-30": 126.2, "2011-03-31": "93.80000", "2010-12-31": 131.6, "2010-09-30": 174.3, "2010-06-30": 129.5, "2010-03-31": "95.70000", "2009-12-31": 116.3, "2009-09-30": 145.2, "2009-06-30": 99.5, "2009-03-31": "57.70000", "2008-12-31": 80.4, "2008-09-30": 125.9, "2008-06-30": 139, "2008-03-31": "103.10000", "2007-12-31": 115.1, "2007-09-30": 114, "2007-06-30": 110.3, "2007-03-31": "89.50000", "2006-12-31": 87.2, "2006-09-30": 110.3, "2006-06-30": 93.2, "2006-03-31": "77.90000", "2005-12-31": 70.715, "2005-09-30": 97.958, "2005-06-30": 81.401, "2005-03-31": "69.42600"}, "Total Depreciation And Amortization - Cash Flow": {"2020-09-30": 209, "2020-06-30": 146.6, "2020-03-31": "249.60000", "2019-12-31": 394.3, "2019-09-30": 194.3, "2019-06-30": 145.9, "2019-03-31": "238.80000", "2018-12-31": 237.9, "2018-09-30": 234.6, "2018-06-30": 234.7, "2018-03-31": "231.10000", "2017-12-31": 227.8, "2017-09-30": 228.3, "2017-06-30": 221.2, "2017-03-31": "216.00000", "2016-12-31": 212.6, "2016-09-30": 216.8, "2016-06-30": 209.1, "2016-03-31": "212.20000", "2015-12-31": 212.4, "2015-09-30": 211.4, "2015-06-30": 218.5, "2015-03-31": "217.20000", "2014-12-31": 218, "2014-09-30": 218.6, "2014-06-30": 218.6, "2014-03-31": "216.80000", "2013-12-31": 214.4, "2013-09-30": 211.9, "2013-06-30": 204.6, "2013-03-31": "185.30000", "2012-12-31": 180.9, "2012-09-30": 178, "2012-06-30": 178.4, "2012-03-31": "177.20000", "2011-12-31": 110.7, "2011-09-30": 97.1, "2011-06-30": 96.7, "2011-03-31": "91.20000", "2010-12-31": 88.4, "2010-09-30": 81.5, "2010-06-30": 91.8, "2010-03-31": "86.20000", "2009-12-31": 85.7, "2009-09-30": 83.6, "2009-06-30": 84.6, "2009-03-31": "80.40000", "2008-12-31": 79.5, "2008-09-30": 85.2, "2008-06-30": 85.1, "2008-03-31": "84.90000", "2007-12-31": 76.2, "2007-09-30": 73.2, "2007-06-30": 72.3, "2007-03-31": "70.20000", "2006-12-31": 66.7, "2006-09-30": 68.6, "2006-06-30": 67.9, "2006-03-31": "65.40000", "2005-12-31": 62.271, "2005-09-30": 64.491, "2005-06-30": 65.197, "2005-03-31": "64.94100"}, "Other Non-Cash Items": {"2020-09-30": 2275.9, "2020-06-30": 109.9, "2020-03-31": "-3.10000", "2019-12-31": -245.9, "2019-09-30": -33.9, "2019-06-30": 181.2, "2019-03-31": "29.40000", "2018-12-31": 28, "2018-09-30": 95.8, "2018-06-30": 46.2, "2018-03-31": "24.90000", "2017-12-31": -390.9, "2017-09-30": -52.8, "2017-06-30": 29.4, "2017-03-31": "13.80000", "2016-12-31": -13.1, "2016-09-30": -53.8, "2016-06-30": -174.4, "2016-03-31": "40.00000", "2015-12-31": 140.5, "2015-09-30": 10.2, "2015-06-30": 32.6, "2015-03-31": "7.60000", "2014-12-31": -18.5, "2014-09-30": -33.9, "2014-06-30": -39.4, "2014-03-31": "-11.80000", "2013-12-31": -22.2, "2013-09-30": -21.4, "2013-06-30": -19, "2013-03-31": "12.80000", "2012-12-31": -71.3, "2012-09-30": 50.9, "2012-06-30": -143.4, "2012-03-31": "13.30000", "2011-12-31": 48.2, "2011-09-30": 21.8, "2011-06-30": 43.8, "2011-03-31": "-69.90000", "2010-12-31": -33.3, "2010-09-30": 20.2, "2010-06-30": 18.3, "2010-03-31": "20.20000", "2009-12-31": -22, "2009-09-30": -46.5, "2009-06-30": 27, "2009-03-31": "2.30000", "2008-12-31": 41, "2008-09-30": 16.2, "2008-06-30": -5.8, "2008-03-31": "10.40000", "2007-12-31": 42.8, "2007-09-30": 1.4, "2007-06-30": -2.4, "2007-03-31": "7.20000", "2006-12-31": -11, "2006-09-30": -0.2, "2006-06-30": 9.9, "2006-03-31": "-0.60000", "2005-12-31": -0.524, "2005-09-30": 8.946, "2005-06-30": 5.266, "2005-03-31": "0.71200"}, "Total Non-Cash Items": {"2020-09-30": 2484.8999, "2020-06-30": 256.5001, "2020-03-31": "246.50000", "2019-12-31": 148.3999, "2019-09-30": 160.4001, "2019-06-30": 327.1, "2019-03-31": "268.20000", "2018-12-31": 265.9, "2018-09-30": 330.4, "2018-06-30": 280.9, "2018-03-31": "256.00000", "2017-12-31": -163.0999, "2017-09-30": 175.5, "2017-06-30": 250.6, "2017-03-31": "229.80000", "2016-12-31": 199.5, "2016-09-30": 163, "2016-06-30": 34.7, "2016-03-31": "252.20000", "2015-12-31": 352.9001, "2015-09-30": 221.5999, "2015-06-30": 251.1, "2015-03-31": "224.80000", "2014-12-31": 199.5, "2014-09-30": 184.7, "2014-06-30": 179.2, "2014-03-31": "205.00000", "2013-12-31": 192.2, "2013-09-30": 190.5, "2013-06-30": 185.6, "2013-03-31": "198.10000", "2012-12-31": 109.6, "2012-09-30": 228.9, "2012-06-30": 35, "2012-03-31": "190.50000", "2011-12-31": 158.9, "2011-09-30": 118.9, "2011-06-30": 140.5, "2011-03-31": "21.30000", "2010-12-31": 55.1, "2010-09-30": 101.7, "2010-06-30": 110.1, "2010-03-31": "106.40000", "2009-12-31": 63.7, "2009-09-30": 37.1, "2009-06-30": 111.6, "2009-03-31": "82.70000", "2008-12-31": 120.5, "2008-09-30": 101.4, "2008-06-30": 79.3, "2008-03-31": "95.30000", "2007-12-31": 119, "2007-09-30": 74.6, "2007-06-30": 69.9, "2007-03-31": "77.40000", "2006-12-31": 55.7, "2006-09-30": 68.4, "2006-06-30": 77.8, "2006-03-31": "64.80000", "2005-12-31": 61.747, "2005-09-30": 73.437, "2005-06-30": 70.463, "2005-03-31": "65.65300"}, "Change In Accounts Receivable": {"2020-09-30": 2.4, "2020-06-30": 172.3, "2020-03-31": "-76.20000", "2019-12-31": -18.9, "2019-09-30": -37.1, "2019-06-30": -89.2, "2019-03-31": "8.00000", "2018-12-31": -2.8, "2018-09-30": -72.8, "2018-06-30": -122.4, "2018-03-31": "33.90000", "2017-12-31": -68.3, "2017-09-30": -39.3, "2017-06-30": -60.3, "2017-03-31": "76.40000", "2016-12-31": -36.9, "2016-09-30": -24.7, "2016-06-30": -50.8, "2016-03-31": "113.30000", "2015-12-31": -12.4, "2015-09-30": -33.8, "2015-06-30": 34.6, "2015-03-31": "-12.40000", "2014-12-31": -11.9, "2014-09-30": -84.1, "2014-06-30": -117.7, "2014-03-31": "38.30000", "2013-12-31": -77.1, "2013-09-30": -75.3, "2013-06-30": -25.1, "2013-03-31": "30.10000", "2012-12-31": -15, "2012-09-30": -101.7, "2012-06-30": -103.5, "2012-03-31": "30.50000", "2011-12-31": -31.9, "2011-09-30": -39.8, "2011-06-30": -44.5, "2011-03-31": "10.20000", "2010-12-31": 35.2, "2010-09-30": -47.7, "2010-06-30": -46, "2010-03-31": "19.20000", "2009-12-31": 22, "2009-09-30": -30.5, "2009-06-30": 8.6, "2009-03-31": "45.00000", "2008-12-31": 39.4, "2008-09-30": -56, "2008-06-30": -43.4, "2008-03-31": "-29.90000", "2007-12-31": 50.4, "2007-09-30": -30.7, "2007-06-30": -34.7, "2007-03-31": "-19.40000", "2006-12-31": 14.4, "2006-09-30": -22.6, "2006-06-30": -39.6, "2006-03-31": "-19.00000", "2005-12-31": 42.002, "2005-09-30": -32.554, "2005-06-30": -28.692, "2005-03-31": "-25.55600"}, "Change In Inventories": {"2020-09-30": -24.2, "2020-06-30": -125.9, "2020-03-31": "-26.00000", "2019-12-31": 83.2, "2019-09-30": 9.4, "2019-06-30": 31.4, "2019-03-31": "-83.00000", "2018-12-31": 30.1, "2018-09-30": -52.3, "2018-06-30": -41.7, "2018-03-31": "-77.20000", "2017-12-31": 31.4, "2017-09-30": -21.1, "2017-06-30": -28.3, "2017-03-31": "-67.50000", "2016-12-31": -15.8, "2016-09-30": -6, "2016-06-30": 41.8, "2016-03-31": "-1.20000", "2015-12-31": 28.8, "2015-09-30": -11.4, "2015-06-30": 17.6, "2015-03-31": "-83.60000", "2014-12-31": -42.1, "2014-09-30": -61.5, "2014-06-30": -52.4, "2014-03-31": "-54.80000", "2013-12-31": 61.8, "2013-09-30": -19.7, "2013-06-30": -18.4, "2013-03-31": "-54.20000", "2012-12-31": 25.4, "2012-09-30": -23.1, "2012-06-30": -22.9, "2012-03-31": "18.60000", "2011-12-31": -8.1, "2011-09-30": -11.2, "2011-06-30": -7.2, "2011-03-31": "-9.60000", "2010-12-31": 16.9, "2010-09-30": -10.6, "2010-06-30": 7.3, "2010-03-31": "5.00000", "2009-12-31": -8.7, "2009-09-30": 5.4, "2009-06-30": 22.1, "2009-03-31": "-5.80000", "2008-12-31": -9, "2008-09-30": -17.7, "2008-06-30": -15.4, "2008-03-31": "-15.40000", "2007-12-31": 1.5, "2007-09-30": 3.3, "2007-06-30": -21.4, "2007-03-31": "-2.70000", "2006-12-31": -3.2, "2006-09-30": -4, "2006-06-30": 2.8, "2006-03-31": "-13.60000", "2005-12-31": 7.753, "2005-09-30": 0.207, "2005-06-30": 2.355, "2005-03-31": "-7.71500"}, "Change In Accounts Payable": {"2020-09-30": -8.3, "2020-06-30": 20.1, "2020-03-31": "", "2019-12-31": 25.8, "2019-09-30": -33.9, "2019-06-30": 65.7, "2019-03-31": "-35.30000", "2018-12-31": 61.3, "2018-09-30": -27.6, "2018-06-30": 39.4, "2018-03-31": "40.40000", "2017-12-31": 64.1, "2017-09-30": -27, "2017-06-30": 71.1, "2017-03-31": "12.90000", "2016-12-31": -17.5, "2016-09-30": 41.6, "2016-06-30": -21, "2016-03-31": "-58.20000", "2015-12-31": 17.8, "2015-09-30": 81.8, "2015-06-30": 24.3, "2015-03-31": "-170.00000", "2014-12-31": 145.2, "2014-09-30": 49.5, "2014-06-30": 49.6, "2014-03-31": "-69.60000", "2013-12-31": 91.3, "2013-09-30": 17.8, "2013-06-30": -20.5, "2013-03-31": "-38.00000", "2012-12-31": 32.3, "2012-09-30": 67.2, "2012-06-30": 3.4, "2012-03-31": "-23.90000", "2011-12-31": 13.8, "2011-09-30": 12.7, "2011-06-30": 33.8, "2011-03-31": "0.60000", "2010-12-31": -2.2, "2010-09-30": 18.4, "2010-06-30": 21.9, "2010-03-31": "-31.30000", "2009-12-31": -12.4, "2009-09-30": 19.8, "2009-06-30": 15.7, "2009-03-31": "-48.20000", "2008-12-31": -10.9, "2008-09-30": 5.7, "2008-06-30": 8.1, "2008-03-31": "27.10000", "2007-12-31": 9.2, "2007-09-30": -15.8, "2007-06-30": 16.7, "2007-03-31": "-20.10000", "2006-12-31": 16.5, "2006-09-30": 31.6, "2006-06-30": 0.4, "2006-03-31": "-4.00000", "2005-12-31": 17.924, "2005-09-30": 13.893, "2005-06-30": -0.366, "2005-03-31": "-12.45100"}, "Change In Assets/Liabilities": {"2020-09-30": -72.4, "2020-06-30": -118.6, "2020-03-31": "-74.50000", "2019-12-31": 139.5, "2019-09-30": 43.6, "2019-06-30": -102, "2019-03-31": "-86.60000", "2018-12-31": 68.6, "2018-09-30": 41, "2018-06-30": -218.7, "2018-03-31": "-19.00000", "2017-12-31": 196.4, "2017-09-30": 93.2, "2017-06-30": -103.3, "2017-03-31": "-87.90000", "2016-12-31": -55, "2016-09-30": 64.3, "2016-06-30": 128.8, "2016-03-31": "-73.10000", "2015-12-31": -14.8, "2015-09-30": 255.1, "2015-06-30": -114.5, "2015-03-31": "-86.50000", "2014-12-31": 37.2, "2014-09-30": 155.4, "2014-06-30": -61.2, "2014-03-31": "-102.70000", "2013-12-31": 69.3, "2013-09-30": 110.3, "2013-06-30": -133.3, "2013-03-31": "-115.60000", "2012-12-31": 86.6, "2012-09-30": 108.7, "2012-06-30": 1.5, "2012-03-31": "-152.00000", "2011-12-31": -80, "2011-09-30": 1.9, "2011-06-30": -4.9, "2011-03-31": "-62.10000", "2010-12-31": 76.9, "2010-09-30": 41.5, "2010-06-30": 3.3, "2010-03-31": "-63.60000", "2009-12-31": -22.9, "2009-09-30": 53.4, "2009-06-30": 11.1, "2009-03-31": "-106.30000", "2008-12-31": 28.9, "2008-09-30": 35.4, "2008-06-30": 0.9, "2008-03-31": "-44.80000", "2007-12-31": -46.5, "2007-09-30": 88.7, "2007-06-30": 81.3, "2007-03-31": "-38.90000", "2006-12-31": 51.9, "2006-09-30": 44, "2006-06-30": 41.3, "2006-03-31": "-105.90000", "2005-12-31": -29.912, "2005-09-30": 41.873, "2005-06-30": 40.925, "2005-03-31": "-29.48600"}, "Total Change In Assets/Liabilities": {"2020-09-30": -102.5, "2020-06-30": -52.1, "2020-03-31": "-176.70000", "2019-12-31": 229.6, "2019-09-30": -18, "2019-06-30": -94.1, "2019-03-31": "-196.90000", "2018-12-31": 157.2, "2018-09-30": -111.7, "2018-06-30": -343.4, "2018-03-31": "-21.90000", "2017-12-31": 223.6, "2017-09-30": 5.8, "2017-06-30": -120.8, "2017-03-31": "-66.10000", "2016-12-31": -125.2, "2016-09-30": 75.2, "2016-06-30": 98.8, "2016-03-31": "-19.20000", "2015-12-31": 19.4, "2015-09-30": 291.7, "2015-06-30": -38, "2015-03-31": "-352.50000", "2014-12-31": 128.4, "2014-09-30": 59.3, "2014-06-30": -181.7, "2014-03-31": "-188.80000", "2013-12-31": 145.3, "2013-09-30": 33.1, "2013-06-30": -197.3, "2013-03-31": "-177.70000", "2012-12-31": 129.3, "2012-09-30": 51.1, "2012-06-30": -121.5, "2012-03-31": "-126.80000", "2011-12-31": -106.2, "2011-09-30": -36.4, "2011-06-30": -22.8, "2011-03-31": "-60.90000", "2010-12-31": 126.8, "2010-09-30": 1.6, "2010-06-30": -13.5, "2010-03-31": "-70.70000", "2009-12-31": -22, "2009-09-30": 48.1, "2009-06-30": 57.5, "2009-03-31": "-115.30000", "2008-12-31": 48.4, "2008-09-30": -32.6, "2008-06-30": -49.8, "2008-03-31": "-63.00000", "2007-12-31": 14.6, "2007-09-30": 45.5, "2007-06-30": 41.9, "2007-03-31": "-81.10000", "2006-12-31": 79.6, "2006-09-30": 49, "2006-06-30": 4.9, "2006-03-31": "-142.50000", "2005-12-31": 37.767, "2005-09-30": 23.419, "2005-06-30": 14.222, "2005-03-31": "-75.20800"}, "Cash Flow From Operating Activities": {"2020-09-30": 451.8, "2020-06-30": 386.8, "2020-03-31": "371.80000", "2019-12-31": 821, "2019-09-30": 682.1, "2019-06-30": 539.5, "2019-03-31": "378.10000", "2018-12-31": 827.3, "2018-09-30": 664.7, "2018-06-30": 298.5, "2018-03-31": "487.20000", "2017-12-31": 646.4, "2017-09-30": 585.2, "2017-06-30": 434, "2017-03-31": "425.70000", "2016-12-31": 448, "2016-09-30": 616.9, "2016-06-30": 402.3, "2016-03-31": "472.50000", "2015-12-31": 604.6, "2015-09-30": 758.6, "2015-06-30": 524.1, "2015-03-31": "112.50000", "2014-12-31": 670.6, "2014-09-30": 613.1, "2014-06-30": 317.5, "2014-03-31": "214.40000", "2013-12-31": 630.6, "2013-09-30": 536.2, "2013-06-30": 207, "2013-03-31": "186.00000", "2012-12-31": 482.2, "2012-09-30": 509.7, "2012-06-30": 100.6, "2012-03-31": "110.50000", "2011-12-31": 144.8, "2011-09-30": 238.6, "2011-06-30": 246, "2011-03-31": "56.10000", "2010-12-31": 312.2, "2010-09-30": 273.2, "2010-06-30": 229.6, "2010-03-31": "135.40000", "2009-12-31": 163.5, "2009-09-30": 232.1, "2009-06-30": 272, "2009-03-31": "27.40000", "2008-12-31": 257, "2008-09-30": 185.5, "2008-06-30": 173.7, "2008-03-31": "137.00000", "2007-12-31": 253.9, "2007-09-30": 236.4, "2007-06-30": 221.3, "2007-03-31": "86.00000", "2006-12-31": 223.4, "2006-09-30": 228.1, "2006-06-30": 176.9, "2006-03-31": "-0.80000", "2005-12-31": 168.427, "2005-09-30": 195.191, "2005-06-30": 166.574, "2005-03-31": "59.90800"}, "Net Change In Property, Plant, And Equipment": {"2020-09-30": -110.9, "2020-06-30": -89.6, "2020-03-31": "-159.30000", "2019-12-31": -292.3, "2019-09-30": -159.4, "2019-06-30": -152.4, "2019-03-31": "-185.60000", "2018-12-31": -212.5, "2018-09-30": -216.6, "2018-06-30": -185.2, "2018-03-31": "-202.80000", "2017-12-31": -268, "2017-09-30": -214.2, "2017-06-30": -208.7, "2017-03-31": "-167.00000", "2016-12-31": -245.1, "2016-09-30": -166.7, "2016-06-30": -173.1, "2016-03-31": "-141.40000", "2015-12-31": -234.1, "2015-09-30": -231.1, "2015-06-30": -167.4, "2015-03-31": "-167.60000", "2014-12-31": -270.9999, "2014-09-30": -180.1001, "2014-06-30": -181.7, "2014-03-31": "-150.20000", "2013-12-31": -204.7, "2013-09-30": -160.5, "2013-06-30": -144.4, "2013-03-31": "-134.60000", "2012-12-31": -189.9, "2012-09-30": -147.2, "2012-06-30": -128.2, "2012-03-31": "-126.30000", "2011-12-31": -121.3, "2011-09-30": -86.5, "2011-06-30": -83, "2011-03-31": "-72.20000", "2010-12-31": -80.1, "2010-09-30": -69.9, "2010-06-30": -86.3, "2010-03-31": "-58.80000", "2009-12-31": -90.1, "2009-09-30": -71.5, "2009-06-30": -65.5, "2009-03-31": "-58.50000", "2008-12-31": -94, "2008-09-30": -98.4, "2008-06-30": -74.2, "2008-03-31": "-91.50000", "2007-12-31": -101.7, "2007-09-30": -109, "2007-06-30": -76.9, "2007-03-31": "-66.50000", "2006-12-31": -80, "2006-09-30": -81.3, "2006-06-30": -78.2, "2006-03-31": "-55.90000", "2005-12-31": -66.962, "2005-09-30": -61.341, "2005-06-30": -69.569, "2005-03-31": "-60.62800"}, "Net Change In Intangible Assets": {"2020-09-30": 0, "2020-06-30": 0, "2020-03-31": "", "2019-12-31": 0, "2019-09-30": 0, "2019-06-30": 0, "2019-03-31": "", "2018-12-31": 0, "2018-09-30": 0, "2018-06-30": 0, "2018-03-31": "", "2017-12-31": 0, "2017-09-30": 0, "2017-06-30": 0, "2017-03-31": "", "2016-12-31": 0, "2016-09-30": 0, "2016-06-30": 0, "2016-03-31": "", "2015-12-31": 0, "2015-09-30": 0, "2015-06-30": 0, "2015-03-31": "", "2014-12-31": 0, "2014-09-30": 0, "2014-06-30": 0, "2014-03-31": "", "2013-12-31": 0, "2013-09-30": 0, "2013-06-30": 0, "2013-03-31": "", "2012-12-31": 0, "2012-09-30": 0, "2012-06-30": 0, "2012-03-31": "", "2011-12-31": 0, "2011-09-30": 0, "2011-06-30": 0, "2011-03-31": "", "2010-12-31": 0, "2010-09-30": 0, "2010-06-30": 0, "2010-03-31": "", "2009-12-31": 0, "2009-09-30": 0, "2009-06-30": 0, "2009-03-31": "", "2008-12-31": 0, "2008-09-30": 0, "2008-06-30": 0, "2008-03-31": "", "2007-12-31": 0, "2007-09-30": 0, "2007-06-30": 0, "2007-03-31": "", "2006-12-31": 0, "2006-09-30": 0, "2006-06-30": 0, "2006-03-31": "", "2005-12-31": 0, "2005-09-30": 0, "2005-06-30": 0, "2005-03-31": ""}, "Net Acquisitions/Divestitures": {"2020-09-30": -0.2, "2020-06-30": -429.9, "2020-03-31": "-1.50000", "2019-12-31": -4.8, "2019-09-30": -91.4, "2019-06-30": -6.6, "2019-03-31": "-281.80000", "2018-12-31": -152.2, "2018-09-30": 1.3, "2018-06-30": -2.6, "2018-03-31": "-67.10000", "2017-12-31": -39.2, "2017-09-30": -4.7, "2017-06-30": 0.1, "2017-03-31": "-826.60000", "2016-12-31": -3.9, "2016-09-30": -35.3, "2016-06-30": 0.1, "2016-03-31": "-9.50000", "2015-12-31": -140.4, "2015-09-30": -114.8, "2015-06-30": -3.6, "2015-03-31": "-10.80000", "2014-12-31": -10.6, "2014-09-30": -32.8, "2014-06-30": -3.5, "2014-03-31": "-25.30000", "2013-12-31": 4.2, "2013-09-30": 1.9, "2013-06-30": -1360.9, "2013-03-31": "-91.20000", "2012-12-31": 116.9, "2012-09-30": -2.6, "2012-06-30": -14.8, "2012-03-31": "-11.80000", "2011-12-31": -1351.3, "2011-09-30": -0.8, "2011-06-30": -3.6, "2011-03-31": "-277.50000", "2010-12-31": -3.8, "2010-09-30": -32.9, "2010-06-30": 8, "2010-03-31": "1.30000", "2009-12-31": -7.3, "2009-09-30": -1.5, "2009-06-30": -0.4, "2009-03-31": "-4.50000", "2008-12-31": -0.1, "2008-09-30": -1.2, "2008-06-30": -3.2, "2008-03-31": "-197.10000", "2007-12-31": -258.7, "2007-09-30": -27.3, "2007-06-30": -13, "2007-03-31": "-10.60000", "2006-12-31": -1.1, "2006-09-30": -57.6, "2006-06-30": -4.2, "2006-03-31": "-0.80000", "2005-12-31": 1.165, "2005-09-30": 0.438, "2005-06-30": -6.923, "2005-03-31": "-20.18000"}, "Net Change In Short-term Investments": {"2020-09-30": 0, "2020-06-30": 0, "2020-03-31": "", "2019-12-31": 0, "2019-09-30": 0, "2019-06-30": 0, "2019-03-31": "", "2018-12-31": 0, "2018-09-30": 0, "2018-06-30": 0, "2018-03-31": "", "2017-12-31": 0, "2017-09-30": 0, "2017-06-30": 0, "2017-03-31": "", "2016-12-31": 0, "2016-09-30": 0, "2016-06-30": 0, "2016-03-31": "", "2015-12-31": 0, "2015-09-30": 0, "2015-06-30": 0, "2015-03-31": "", "2014-12-31": 0, "2014-09-30": 0, "2014-06-30": 0, "2014-03-31": "", "2013-12-31": 0, "2013-09-30": 0, "2013-06-30": 0, "2013-03-31": "", "2012-12-31": 0, "2012-09-30": 0, "2012-06-30": 0, "2012-03-31": "", "2011-12-31": 0, "2011-09-30": 0, "2011-06-30": 0, "2011-03-31": "", "2010-12-31": 0, "2010-09-30": 0, "2010-06-30": 0, "2010-03-31": "", "2009-12-31": 0, "2009-09-30": 0, "2009-06-30": 0, "2009-03-31": "", "2008-12-31": 0, "2008-09-30": 0, "2008-06-30": 0, "2008-03-31": "", "2007-12-31": 0, "2007-09-30": 0, "2007-06-30": 0, "2007-03-31": "", "2006-12-31": 0.1, "2006-09-30": -0.1, "2006-06-30": 0, "2006-03-31": "125.10000", "2005-12-31": -125.1, "2005-09-30": 0, "2005-06-30": 0, "2005-03-31": ""}, "Net Change In Long-Term Investments": {"2020-09-30": 0, "2020-06-30": 0, "2020-03-31": "", "2019-12-31": 0, "2019-09-30": 0, "2019-06-30": 0, "2019-03-31": "", "2018-12-31": 0, "2018-09-30": 0, "2018-06-30": 0, "2018-03-31": "", "2017-12-31": 0, "2017-09-30": 0, "2017-06-30": 0, "2017-03-31": "", "2016-12-31": 0, "2016-09-30": 0, "2016-06-30": 0, "2016-03-31": "", "2015-12-31": 0, "2015-09-30": 0, "2015-06-30": 0, "2015-03-31": "", "2014-12-31": 0, "2014-09-30": 0, "2014-06-30": 0, "2014-03-31": "", "2013-12-31": 0, "2013-09-30": 0, "2013-06-30": 0, "2013-03-31": "", "2012-12-31": 0, "2012-09-30": 0, "2012-06-30": 0, "2012-03-31": "", "2011-12-31": 0, "2011-09-30": 0, "2011-06-30": 0, "2011-03-31": "", "2010-12-31": 0, "2010-09-30": 0, "2010-06-30": 0, "2010-03-31": "", "2009-12-31": 0, "2009-09-30": 0, "2009-06-30": 0, "2009-03-31": "", "2008-12-31": 0, "2008-09-30": 0, "2008-06-30": 0, "2008-03-31": "", "2007-12-31": 0, "2007-09-30": 0, "2007-06-30": 0, "2007-03-31": "", "2006-12-31": 0, "2006-09-30": 0, "2006-06-30": 0, "2006-03-31": "", "2005-12-31": 0, "2005-09-30": 0, "2005-06-30": 0, "2005-03-31": ""}, "Net Change In Investments - Total": {"2020-09-30": 0, "2020-06-30": 0, "2020-03-31": "", "2019-12-31": 0, "2019-09-30": 0, "2019-06-30": 0, "2019-03-31": "", "2018-12-31": 0, "2018-09-30": 0, "2018-06-30": 0, "2018-03-31": "", "2017-12-31": 0, "2017-09-30": 0, "2017-06-30": 0, "2017-03-31": "", "2016-12-31": 0, "2016-09-30": 0, "2016-06-30": 0, "2016-03-31": "", "2015-12-31": 0, "2015-09-30": 0, "2015-06-30": 0, "2015-03-31": "", "2014-12-31": 0, "2014-09-30": 0, "2014-06-30": 0, "2014-03-31": "", "2013-12-31": 0, "2013-09-30": 0, "2013-06-30": 0, "2013-03-31": "", "2012-12-31": 0, "2012-09-30": 0, "2012-06-30": 0, "2012-03-31": "", "2011-12-31": 0, "2011-09-30": 0, "2011-06-30": 0, "2011-03-31": "", "2010-12-31": 0, "2010-09-30": 0, "2010-06-30": 0, "2010-03-31": "", "2009-12-31": 0, "2009-09-30": 0, "2009-06-30": 0, "2009-03-31": "", "2008-12-31": 0, "2008-09-30": 0, "2008-06-30": 0, "2008-03-31": "", "2007-12-31": 0, "2007-09-30": 0, "2007-06-30": 0, "2007-03-31": "", "2006-12-31": 0.1, "2006-09-30": -0.1, "2006-06-30": 0, "2006-03-31": "125.10000", "2005-12-31": -125.1, "2005-09-30": 0, "2005-06-30": 0, "2005-03-31": ""}, "Investing Activities - Other": {"2020-09-30": -62.7, "2020-06-30": 506.3, "2020-03-31": "-4.90000", "2019-12-31": 27.2, "2019-09-30": -20.9, "2019-06-30": -21.1, "2019-03-31": "-10.00000", "2018-12-31": -16.4, "2018-09-30": 10.8, "2018-06-30": -0.8, "2018-03-31": "14.10000", "2017-12-31": 2.1, "2017-09-30": 0.9, "2017-06-30": 0, "2017-03-31": "-1.70000", "2016-12-31": 57.2, "2016-09-30": -55.9, "2016-06-30": 0, "2016-03-31": "", "2015-12-31": 7.8, "2015-09-30": 136.8, "2015-06-30": 0, "2015-03-31": "9.40000", "2014-12-31": -1.8, "2014-09-30": 7.3, "2014-06-30": 0.3, "2014-03-31": "1.10000", "2013-12-31": 0.1, "2013-09-30": 0, "2013-06-30": -2.6, "2013-03-31": "5.00000", "2012-12-31": 0, "2012-09-30": 15.2, "2012-06-30": 0, "2012-03-31": "0.80000", "2011-12-31": 0, "2011-09-30": 0, "2011-06-30": 0, "2011-03-31": "-28.10000", "2010-12-31": 20.1, "2010-09-30": -2.1, "2010-06-30": 0.9, "2010-03-31": "", "2009-12-31": 0, "2009-09-30": 0, "2009-06-30": 0, "2009-03-31": "", "2008-12-31": 0, "2008-09-30": 0, "2008-06-30": 0, "2008-03-31": "-21.00000", "2007-12-31": 0, "2007-09-30": 0, "2007-06-30": 0, "2007-03-31": "", "2006-12-31": 0, "2006-09-30": 0, "2006-06-30": 0, "2006-03-31": "", "2005-12-31": 0, "2005-09-30": 0, "2005-06-30": 0, "2005-03-31": ""}, "Cash Flow From Investing Activities": {"2020-09-30": -173.8, "2020-06-30": -13.2, "2020-03-31": "-165.70000", "2019-12-31": -269.9, "2019-09-30": -271.7, "2019-06-30": -180.1, "2019-03-31": "-477.40000", "2018-12-31": -381.1, "2018-09-30": -204.5, "2018-06-30": -188.6, "2018-03-31": "-255.80000", "2017-12-31": -305.1, "2017-09-30": -218, "2017-06-30": -208.6, "2017-03-31": "-995.30000", "2016-12-31": -191.8, "2016-09-30": -257.9, "2016-06-30": -173, "2016-03-31": "-150.90000", "2015-12-31": -366.7, "2015-09-30": -209.1, "2015-06-30": -171, "2015-03-31": "-169.00000", "2014-12-31": -283.4, "2014-09-30": -205.6, "2014-06-30": -184.9, "2014-03-31": "-174.40000", "2013-12-31": -200.4, "2013-09-30": -158.6, "2013-06-30": -1507.9, "2013-03-31": "-220.80000", "2012-12-31": -73, "2012-09-30": -134.6, "2012-06-30": -143, "2012-03-31": "-137.30000", "2011-12-31": -1472.6, "2011-09-30": -87.3, "2011-06-30": -86.6, "2011-03-31": "-377.80000", "2010-12-31": -63.8, "2010-09-30": -104.9, "2010-06-30": -77.4, "2010-03-31": "-57.50000", "2009-12-31": -97.4, "2009-09-30": -73, "2009-06-30": -65.9, "2009-03-31": "-63.00000", "2008-12-31": -94.1, "2008-09-30": -99.6, "2008-06-30": -77.4, "2008-03-31": "-309.60000", "2007-12-31": -360.4, "2007-09-30": -136.3, "2007-06-30": -89.9, "2007-03-31": "-77.10000", "2006-12-31": -81, "2006-09-30": -139, "2006-06-30": -82.4, "2006-03-31": "68.40000", "2005-12-31": -190.897, "2005-09-30": -60.903, "2005-06-30": -76.492, "2005-03-31": "-80.80800"}, "Net Long-Term Debt": {"2020-09-30": -260.1, "2020-06-30": 2, "2020-03-31": "466.90000", "2019-12-31": 0, "2019-09-30": -0.6, "2019-06-30": 0.3, "2019-03-31": "-400.30000", "2018-12-31": -249.8, "2018-09-30": -1.2, "2018-06-30": 0, "2018-03-31": "-300.60000", "2017-12-31": 35.5, "2017-09-30": 480.2, "2017-06-30": -4.9, "2017-03-31": "-0.40000", "2016-12-31": 157.1, "2016-09-30": -0.5, "2016-06-30": -4.6, "2016-03-31": "668.40000", "2015-12-31": -151.8, "2015-09-30": 125.2, "2015-06-30": -4.2, "2015-03-31": "219.80000", "2014-12-31": -500.5, "2014-09-30": -150.8, "2014-06-30": -155.1, "2014-03-31": "-101.40000", "2013-12-31": -173.4, "2013-09-30": -101.8, "2013-06-30": 665.6, "2013-03-31": "-1.50000", "2012-12-31": 497.6, "2012-09-30": 499.8, "2012-06-30": -1.6, "2012-03-31": "-1689.50000", "2011-12-31": 2974, "2011-09-30": -1.9, "2011-06-30": -2, "2011-03-31": "-151.80000", "2010-12-31": -1.5, "2010-09-30": -2.6, "2010-06-30": -1.9, "2010-03-31": "-1.40000", "2009-12-31": -1.4, "2009-09-30": -1.5, "2009-06-30": -1.5, "2009-03-31": "-2.00000", "2008-12-31": -0.5, "2008-09-30": 9.1, "2008-06-30": -2.1, "2008-03-31": "247.30000", "2007-12-31": -0.7, "2007-09-30": -0.8, "2007-06-30": -1.4, "2007-03-31": "-391.30000", "2006-12-31": 394.2, "2006-09-30": -1.8, "2006-06-30": -6.4, "2006-03-31": "-76.10000", "2005-12-31": -0.706, "2005-09-30": 0.337, "2005-06-30": -0.334, "2005-03-31": "-0.29700"}, "Net Current Debt": {"2020-09-30": -288.9, "2020-06-30": -503.2, "2020-03-31": "957.60000", "2019-12-31": -401.5, "2019-09-30": -284.9, "2019-06-30": -53.5, "2019-03-31": "487.90000", "2018-12-31": 226.1, "2018-09-30": -107, "2018-06-30": -131.6, "2018-03-31": "354.30000", "2017-12-31": -231.5, "2017-09-30": -722, "2017-06-30": 51, "2017-03-31": "858.80000", "2016-12-31": -84, "2016-09-30": -180, "2016-06-30": -12.8, "2016-03-31": "-329.60000", "2015-12-31": -84.7, "2015-09-30": -677, "2015-06-30": 113.9, "2015-03-31": "335.70000", "2014-12-31": 289.4, "2014-09-30": -167.4, "2014-06-30": 80.1, "2014-03-31": "397.50000", "2013-12-31": -187.7, "2013-09-30": -158.2, "2013-06-30": 377.6, "2013-03-31": "-310.00000", "2012-12-31": 2.3, "2012-09-30": -816, "2012-06-30": 106.8, "2012-03-31": "319.60000", "2011-12-31": 610.1, "2011-09-30": -65.3, "2011-06-30": -103.4, "2011-03-31": "465.70000", "2010-12-31": -156.5, "2010-09-30": 16.7, "2010-06-30": -39.5, "2010-03-31": "112.70000", "2009-12-31": -24.2, "2009-09-30": -120.3, "2009-06-30": -181.3, "2009-03-31": "81.80000", "2008-12-31": 161.5, "2008-09-30": -197, "2008-06-30": -69.1, "2008-03-31": "36.80000", "2007-12-31": 130.3, "2007-09-30": -33.2, "2007-06-30": 58.9, "2007-03-31": "123.90000", "2006-12-31": -73.1, "2006-09-30": -81.1, "2006-06-30": 68.1, "2006-03-31": "38.40000", "2005-12-31": 57.889, "2005-09-30": -61.531, "2005-06-30": -44.704, "2005-03-31": "145.04600"}, "Debt Issuance/Retirement Net - Total": {"2020-09-30": -549, "2020-06-30": -501.2, "2020-03-31": "1424.50000", "2019-12-31": -401.5, "2019-09-30": -285.5, "2019-06-30": -53.2, "2019-03-31": "87.60000", "2018-12-31": -23.7, "2018-09-30": -108.2, "2018-06-30": -131.6, "2018-03-31": "53.70000", "2017-12-31": -196, "2017-09-30": -241.8, "2017-06-30": 46.1, "2017-03-31": "858.40000", "2016-12-31": 73.1, "2016-09-30": -180.5, "2016-06-30": -17.4, "2016-03-31": "338.80000", "2015-12-31": -236.5, "2015-09-30": -551.8, "2015-06-30": 109.7, "2015-03-31": "555.50000", "2014-12-31": -211.1, "2014-09-30": -318.2, "2014-06-30": -75, "2014-03-31": "296.10000", "2013-12-31": -361.1, "2013-09-30": -260, "2013-06-30": 1043.2, "2013-03-31": "-311.50000", "2012-12-31": 499.9, "2012-09-30": -316.2, "2012-06-30": 105.2, "2012-03-31": "-1369.90000", "2011-12-31": 3584.1, "2011-09-30": -67.2, "2011-06-30": -105.4, "2011-03-31": "313.90000", "2010-12-31": -158, "2010-09-30": 14.1, "2010-06-30": -41.4, "2010-03-31": "111.30000", "2009-12-31": -25.6, "2009-09-30": -121.8, "2009-06-30": -182.8, "2009-03-31": "79.80000", "2008-12-31": 161, "2008-09-30": -187.9, "2008-06-30": -71.2, "2008-03-31": "284.10000", "2007-12-31": 129.6, "2007-09-30": -34, "2007-06-30": 57.5, "2007-03-31": "-267.40000", "2006-12-31": 321.1, "2006-09-30": -82.9, "2006-06-30": 61.7, "2006-03-31": "-37.70000", "2005-12-31": 57.183, "2005-09-30": -61.194, "2005-06-30": -45.038, "2005-03-31": "144.74900"}, "Net Common Equity Issued/Repurchased": {"2020-09-30": -8.9, "2020-06-30": 95.6, "2020-03-31": "-11.60000", "2019-12-31": 10, "2019-09-30": 50.9, "2019-06-30": -164.1, "2019-03-31": "-63.70000", "2018-12-31": -212.3, "2018-09-30": -70.2, "2018-06-30": 21.3, "2018-03-31": "-186.70000", "2017-12-31": 8.2, "2017-09-30": -78.2, "2017-06-30": -97.7, "2017-03-31": "-348.80000", "2016-12-31": 12.7, "2016-09-30": -78.3, "2016-06-30": -216.6, "2016-03-31": "-380.60000", "2015-12-31": -2, "2015-09-30": 7.3, "2015-06-30": -287.7, "2015-03-31": "-389.60000", "2014-12-31": -73.7, "2014-09-30": 16.2, "2014-06-30": -87.1, "2014-03-31": "-218.60000", "2013-12-31": -59.8, "2013-09-30": -31.3, "2013-06-30": -129.3, "2013-03-31": "9.80000", "2012-12-31": 33.2, "2012-09-30": 13.5, "2012-06-30": -47.1, "2012-03-31": "-45.80000", "2011-12-31": -538.7, "2011-09-30": 9.2, "2011-06-30": -15.1, "2011-03-31": "-56.40000", "2010-12-31": 13.6, "2010-09-30": -106, "2010-06-30": -36.2, "2010-03-31": "-131.00000", "2009-12-31": -48, "2009-09-30": 13.9, "2009-06-30": 10, "2009-03-31": "1.70000", "2008-12-31": -315.5, "2008-09-30": 13.1, "2008-06-30": 4.4, "2008-03-31": "-2.80000", "2007-12-31": 26.8, "2007-09-30": -7.5, "2007-06-30": -147.5, "2007-03-31": "-146.50000", "2006-12-31": -12.8, "2006-09-30": -37.7, "2006-06-30": -92.2, "2006-03-31": "-52.20000", "2005-12-31": -75.184, "2005-09-30": 2.309, "2005-06-30": 4.04, "2005-03-31": "-94.76500"}, "Net Total Equity Issued/Repurchased": {"2020-09-30": -8.9, "2020-06-30": 95.6, "2020-03-31": "-11.60000", "2019-12-31": 10, "2019-09-30": 50.9, "2019-06-30": -164.1, "2019-03-31": "-63.70000", "2018-12-31": -212.3, "2018-09-30": -70.2, "2018-06-30": 21.3, "2018-03-31": "-186.70000", "2017-12-31": 8.2, "2017-09-30": -78.2, "2017-06-30": -97.7, "2017-03-31": "-348.80000", "2016-12-31": 12.7, "2016-09-30": -78.3, "2016-06-30": -216.6, "2016-03-31": "-380.60000", "2015-12-31": -2, "2015-09-30": 7.3, "2015-06-30": -287.7, "2015-03-31": "-389.60000", "2014-12-31": -73.7, "2014-09-30": 16.2, "2014-06-30": -87.1, "2014-03-31": "-218.60000", "2013-12-31": -59.8, "2013-09-30": -31.3, "2013-06-30": -129.3, "2013-03-31": "9.80000", "2012-12-31": 33.2, "2012-09-30": 13.5, "2012-06-30": -47.1, "2012-03-31": "-45.80000", "2011-12-31": -538.7, "2011-09-30": 9.2, "2011-06-30": -15.1, "2011-03-31": "-56.40000", "2010-12-31": 13.6, "2010-09-30": -106, "2010-06-30": -36.2, "2010-03-31": "-131.00000", "2009-12-31": -48, "2009-09-30": 13.9, "2009-06-30": 10, "2009-03-31": "1.70000", "2008-12-31": -315.5, "2008-09-30": 13.1, "2008-06-30": 4.4, "2008-03-31": "-2.80000", "2007-12-31": 26.8, "2007-09-30": -7.5, "2007-06-30": -147.5, "2007-03-31": "-146.50000", "2006-12-31": -12.8, "2006-09-30": -37.7, "2006-06-30": -92.2, "2006-03-31": "-52.20000", "2005-12-31": -75.184, "2005-09-30": 2.309, "2005-06-30": 4.04, "2005-03-31": "-94.76500"}, "Total Common And Preferred Stock Dividends Paid": {"2020-09-30": -138.6, "2020-06-30": -137.7, "2020-03-31": "-145.50000", "2019-12-31": -138.8, "2019-09-30": -136.3, "2019-06-30": -138.4, "2019-03-31": "-141.40000", "2018-12-31": -125.7, "2018-09-30": -118.5, "2018-06-30": -128.9, "2018-03-31": "-123.40000", "2017-12-31": -118.4, "2017-09-30": -107.4, "2017-06-30": -109.7, "2017-03-31": "-113.20000", "2016-12-31": -103, "2016-09-30": -106.9, "2016-06-30": -109.6, "2016-03-31": "-108.00000", "2015-12-31": -99.1, "2015-09-30": -99.1, "2015-06-30": -102.7, "2015-03-31": "-99.80000", "2014-12-31": -85.5, "2014-09-30": -86.6, "2014-06-30": -86.4, "2014-03-31": "-85.90000", "2013-12-31": -74.5, "2013-09-30": -71.2, "2013-06-30": -67.9, "2013-03-31": "-4.50000", "2012-12-31": -126.3, "2012-09-30": -59.6, "2012-06-30": -59.7, "2012-03-31": "-61.20000", "2011-12-31": -40.6, "2011-09-30": -41.1, "2011-06-30": -40.6, "2011-03-31": "-40.60000", "2010-12-31": -35.9, "2010-09-30": -36.2, "2010-06-30": -36.6, "2010-03-31": "-36.80000", "2009-12-31": -33.2, "2009-09-30": -33.1, "2009-06-30": -33.4, "2009-03-31": "-33.00000", "2008-12-31": -32.2, "2008-09-30": -32.1, "2008-06-30": -32.2, "2008-03-31": "-32.00000", "2007-12-31": -28.2, "2007-09-30": -28.2, "2007-06-30": -28.7, "2007-03-31": "-28.90000", "2006-12-31": -25.2, "2006-09-30": -25.1, "2006-06-30": -25.4, "2006-03-31": "-25.50000", "2005-12-31": -22.389, "2005-09-30": -22.381, "2005-06-30": -22.44, "2005-03-31": "-22.59000"}, "Financial Activities - Other": {"2020-09-30": 6.2, "2020-06-30": -3.5, "2020-03-31": "-1.60000", "2019-12-31": 28.2, "2019-09-30": -1, "2019-06-30": -2.4, "2019-03-31": "", "2018-12-31": 8.5, "2018-09-30": -16.1, "2018-06-30": -2.3, "2018-03-31": "-8.60000", "2017-12-31": -16, "2017-09-30": 0.9, "2017-06-30": -8.2, "2017-03-31": "-0.90000", "2016-12-31": -27.6, "2016-09-30": 19.5, "2016-06-30": 11.8, "2016-03-31": "4.40000", "2015-12-31": 9.5, "2015-09-30": 4.8, "2015-06-30": 10.8, "2015-03-31": "19.80000", "2014-12-31": 13, "2014-09-30": -5.2, "2014-06-30": 1.7, "2014-03-31": "-64.70000", "2013-12-31": 8.5, "2013-09-30": -1, "2013-06-30": 5.3, "2013-03-31": "12.70000", "2012-12-31": 15.4, "2012-09-30": 0.6, "2012-06-30": 17.3, "2012-03-31": "7.10000", "2011-12-31": -28.3, "2011-09-30": -7.1, "2011-06-30": 5.5, "2011-03-31": "2.20000", "2010-12-31": 3.6, "2010-09-30": 6.4, "2010-06-30": 4.3, "2010-03-31": "2.60000", "2009-12-31": 1.8, "2009-09-30": 4.7, "2009-06-30": 1, "2009-03-31": "0.20000", "2008-12-31": 0.2, "2008-09-30": 3.4, "2008-06-30": 0.9, "2008-03-31": "3.20000", "2007-12-31": 7.8, "2007-09-30": 4.2, "2007-06-30": 4.6, "2007-03-31": "4.00000", "2006-12-31": 3.1, "2006-09-30": 4.9, "2006-06-30": 3.6, "2006-03-31": "5.90000", "2005-12-31": 2.503, "2005-09-30": 2.357, "2005-06-30": 1.155, "2005-03-31": "5.68500"}, "Cash Flow From Financial Activities": {"2020-09-30": -690.3, "2020-06-30": -546.8, "2020-03-31": "1265.80000", "2019-12-31": -502.1, "2019-09-30": -371.9, "2019-06-30": -358.1, "2019-03-31": "-117.50000", "2018-12-31": -353.2, "2018-09-30": -313, "2018-06-30": -241.5, "2018-03-31": "-265.00000", "2017-12-31": -322.2, "2017-09-30": -426.5, "2017-06-30": -169.5, "2017-03-31": "395.50000", "2016-12-31": -44.8, "2016-09-30": -346.2, "2016-06-30": -331.8, "2016-03-31": "-145.40000", "2015-12-31": -328.1, "2015-09-30": -638.8, "2015-06-30": -269.9, "2015-03-31": "85.90000", "2014-12-31": -357.3, "2014-09-30": -393.8, "2014-06-30": -246.8, "2014-03-31": "-73.10000", "2013-12-31": -486.9, "2013-09-30": -363.5, "2013-06-30": 851.3, "2013-03-31": "-293.50000", "2012-12-31": 422.2, "2012-09-30": -361.7, "2012-06-30": 15.7, "2012-03-31": "-1469.80000", "2011-12-31": 2976.5, "2011-09-30": -106.2, "2011-06-30": -155.6, "2011-03-31": "219.10000", "2010-12-31": -176.7, "2010-09-30": -121.7, "2010-06-30": -109.9, "2010-03-31": "-53.90000", "2009-12-31": -105, "2009-09-30": -136.3, "2009-06-30": -205.2, "2009-03-31": "48.70000", "2008-12-31": -186.5, "2008-09-30": -203.5, "2008-06-30": -98.1, "2008-03-31": "252.50000", "2007-12-31": 136, "2007-09-30": -65.5, "2007-06-30": -114.1, "2007-03-31": "-438.80000", "2006-12-31": 286.2, "2006-09-30": -140.8, "2006-06-30": -52.3, "2006-03-31": "-109.50000", "2005-12-31": -37.887, "2005-09-30": -78.909, "2005-06-30": -62.283, "2005-03-31": "33.07900"}, "Net Cash Flow": {"2020-09-30": -334.3, "2020-06-30": -292.9, "2020-03-31": "1475.50000", "2019-12-31": 50.5, "2019-09-30": 50.1, "2019-06-30": 6.8, "2019-03-31": "-215.00000", "2018-12-31": 90.4, "2018-09-30": 149.4, "2018-06-30": -121.3, "2018-03-31": "-35.90000", "2017-12-31": 2.3, "2017-09-30": -51.6, "2017-06-30": 48.6, "2017-03-31": "-168.30000", "2016-12-31": 199.8, "2016-09-30": 13.2, "2016-06-30": -101.1, "2016-03-31": "175.70000", "2015-12-31": -92, "2015-09-30": -125.8, "2015-06-30": 72.7, "2015-03-31": "28.30000", "2014-12-31": 11.8, "2014-09-30": 10.8, "2014-06-30": -113.3, "2014-03-31": "-38.90000", "2013-12-31": -55.2, "2013-09-30": 19.2, "2013-06-30": -449.1, "2013-03-31": "-333.50000", "2012-12-31": 833.8, "2012-09-30": 19.1, "2012-06-30": -49.1, "2012-03-31": "-1489.60000", "2011-12-31": 1636.3, "2011-09-30": 44.1, "2011-06-30": 11.8, "2011-03-31": "-90.90000", "2010-12-31": 73.9, "2010-09-30": 47.1, "2010-06-30": 36, "2010-03-31": "11.70000", "2009-12-31": -33.9, "2009-09-30": 24.8, "2009-06-30": 3.2, "2009-03-31": "12.80000", "2008-12-31": -35.4, "2008-09-30": -119.9, "2008-06-30": 2.5, "2008-03-31": "82.10000", "2007-12-31": 30.6, "2007-09-30": 34.6, "2007-06-30": 18, "2007-03-31": "-429.80000", "2006-12-31": 429.8, "2006-09-30": -51.7, "2006-06-30": 43, "2006-03-31": "-41.50000", "2005-12-31": -60.877, "2005-09-30": 55.285, "2005-06-30": 26.576, "2005-03-31": "12.21600"}, "Stock-Based Compensation": {"2020-09-30": 11.4, "2020-06-30": 24.6, "2020-03-31": "29.10000", "2019-12-31": 23.4, "2019-09-30": 12.3, "2019-06-30": 23.2, "2019-03-31": "32.20000", "2018-12-31": 18.9, "2018-09-30": 13.7, "2018-06-30": 28.1, "2018-03-31": "33.70000", "2017-12-31": 18.7, "2017-09-30": 14.3, "2017-06-30": 26.6, "2017-03-31": "30.90000", "2016-12-31": 18, "2016-09-30": 14.1, "2016-06-30": 24.5, "2016-03-31": "29.10000", "2015-12-31": 18.1, "2015-09-30": 13, "2015-06-30": 21.8, "2015-03-31": "25.30000", "2014-12-31": 16, "2014-09-30": 12.4, "2014-06-30": 19.9, "2014-03-31": "22.80000", "2013-12-31": 16, "2013-09-30": 13.9, "2013-06-30": 18.6, "2013-03-31": "21.10000", "2012-12-31": 15.1, "2012-09-30": 12.4, "2012-06-30": 17.4, "2012-03-31": "20.90000", "2011-12-31": 11.9, "2011-09-30": 7, "2011-06-30": 9.8, "2011-03-31": "11.20000", "2010-12-31": 8.2, "2010-09-30": 6.8, "2010-06-30": 9.8, "2010-03-31": "4.40000", "2009-12-31": 14.4, "2009-09-30": 8, "2009-06-30": 7, "2009-03-31": "7.90000", "2008-12-31": 11.2, "2008-09-30": 7, "2008-06-30": 7.7, "2008-03-31": "7.70000", "2007-12-31": 13.4, "2007-09-30": 7.3, "2007-06-30": 9.6, "2007-03-31": "7.60000", "2006-12-31": 12.6, "2006-09-30": 7.2, "2006-06-30": 8.5, "2006-03-31": "8.00000", "2005-12-31": 13.18, "2005-09-30": 9.226, "2005-06-30": 8.212, "2005-03-31": "8.48200"}, "Common Stock Dividends Paid": {"2020-09-30": -138.6, "2020-06-30": -137.7, "2020-03-31": "-145.50000", "2019-12-31": -138.8, "2019-09-30": -136.3, "2019-06-30": -138.4, "2019-03-31": "-141.40000", "2018-12-31": -125.7, "2018-09-30": -118.5, "2018-06-30": -128.9, "2018-03-31": "-123.40000", "2017-12-31": -118.4, "2017-09-30": -107.4, "2017-06-30": -109.7, "2017-03-31": "-113.20000", "2016-12-31": -103, "2016-09-30": -106.9, "2016-06-30": -109.6, "2016-03-31": "-108.00000", "2015-12-31": -99.1, "2015-09-30": -99.1, "2015-06-30": -102.7, "2015-03-31": "-99.80000", "2014-12-31": -85.5, "2014-09-30": -86.6, "2014-06-30": -86.4, "2014-03-31": "-85.90000", "2013-12-31": -74.5, "2013-09-30": -71.2, "2013-06-30": -67.9, "2013-03-31": "-4.50000", "2012-12-31": -126.3, "2012-09-30": -59.6, "2012-06-30": -59.7, "2012-03-31": "-61.20000", "2011-12-31": -40.6, "2011-09-30": -41.1, "2011-06-30": -40.6, "2011-03-31": "-40.60000", "2010-12-31": -35.9, "2010-09-30": -36.2, "2010-06-30": -36.6, "2010-03-31": "-36.80000", "2009-12-31": -33.2, "2009-09-30": -33.1, "2009-06-30": -33.4, "2009-03-31": "-33.00000", "2008-12-31": -32.2, "2008-09-30": -32.1, "2008-06-30": -32.2, "2008-03-31": "-32.00000", "2007-12-31": -28.2, "2007-09-30": -28.2, "2007-06-30": -28.7, "2007-03-31": "-28.90000", "2006-12-31": -25.2, "2006-09-30": -25.1, "2006-06-30": -25.4, "2006-03-31": "-25.50000", "2005-12-31": -22.389, "2005-09-30": -22.381, "2005-06-30": -22.44, "2005-03-31": "-22.59000"}}, "financial ratios": {"Current Ratio": {"2019-12-31": "1.32990", "2018-12-31": "1.26920", "2017-12-31": "1.32200", "2016-12-31": "1.41730", "2015-12-31": "0.93350", "2014-12-31": "1.11110", "2013-12-31": "1.34670", "2012-12-31": "1.60250", "2011-12-31": "1.70420", "2010-12-31": "1.41150", "2009-12-31": "1.45110", "2008-12-31": "1.17280", "2007-12-31": "1.13110", "2006-12-31": "1.23340", "2005-12-31": "1.27010"}, "Long-term Debt / Capital": {"2019-12-31": "0.40640", "2018-12-31": "0.43900", "2017-12-31": "0.46890", "2016-12-31": "0.46850", "2015-12-31": "0.37900", "2014-12-31": "0.39620", "2013-12-31": "0.44920", "2012-12-31": "0.48220", "2011-12-31": "0.53530", "2010-12-31": "0.23530", "2009-12-31": "0.30180", "2008-12-31": "0.33610", "2007-12-31": "0.23660", "2006-12-31": "0.24900", "2005-12-31": "0.23950"}, "Debt/Equity Ratio": {"2019-12-31": "0.72820", "2018-12-31": "0.87480", "2017-12-31": "0.95670", "2016-12-31": "0.95930", "2015-12-31": "0.92620", "2014-12-31": "0.88700", "2013-12-31": "0.93190", "2012-12-31": "1.06200", "2011-12-31": "1.33010", "2010-12-31": "0.39640", "2009-12-31": "0.48130", "2008-12-31": "0.72080", "2007-12-31": "0.51840", "2006-12-31": "0.63450", "2005-12-31": "0.45250"}, "Gross Margin": {"2019-12-31": "41.47840", "2018-12-31": "41.19320", "2017-12-31": "41.71540", "2016-12-31": "42.71580", "2015-12-31": "46.67080", "2014-12-31": "46.22670", "2013-12-31": "45.96710", "2012-12-31": "46.06330", "2011-12-31": "48.87700", "2010-12-31": "50.50990", "2009-12-31": "49.53060", "2008-12-31": "48.81300", "2007-12-31": "50.78800", "2006-12-31": "50.64950", "2005-12-31": "50.41020"}, "Operating Margin": {"2019-12-31": "13.50970", "2018-12-31": "13.27360", "2017-12-31": "14.09450", "2016-12-31": "14.22010", "2015-12-31": "11.52670", "2014-12-31": "13.69000", "2013-12-31": "11.77510", "2012-12-31": "10.89060", "2011-12-31": "11.08770", "2010-12-31": "13.24860", "2009-12-31": "11.54630", "2008-12-31": "11.61390", "2007-12-31": "12.23120", "2006-12-31": "12.49230", "2005-12-31": "11.96080"}, "EBIT Margin": {"2019-12-31": "13.50970", "2018-12-31": "13.27360", "2017-12-31": "14.09450", "2016-12-31": "14.22010", "2015-12-31": "11.52670", "2014-12-31": "13.69000", "2013-12-31": "11.77510", "2012-12-31": "10.89060", "2011-12-31": "11.08770", "2010-12-31": "13.24860", "2009-12-31": "11.54630", "2008-12-31": "11.61390", "2007-12-31": "12.23120", "2006-12-31": "12.49230", "2005-12-31": "11.96080"}, "EBITDA Margin": {"2019-12-31": "20.03920", "2018-12-31": "19.67040", "2017-12-31": "20.55090", "2016-12-31": "20.68840", "2015-12-31": "17.87210", "2014-12-31": "19.79620", "2013-12-31": "17.93350", "2012-12-31": "16.92580", "2011-12-31": "16.90810", "2010-12-31": "18.96150", "2009-12-31": "17.21180", "2008-12-31": "17.06720", "2007-12-31": "17.56800", "2006-12-31": "17.97870", "2005-12-31": "17.62590"}, "Pre-Tax Profit Margin": {"2019-12-31": "12.73890", "2018-12-31": "12.30280", "2017-12-31": "12.73790", "2016-12-31": "12.54130", "2015-12-31": "9.72820", "2014-12-31": "11.89310", "2013-12-31": "9.79600", "2012-12-31": "8.55330", "2011-12-31": "9.99630", "2010-12-31": "12.27810", "2009-12-31": "10.50910", "2008-12-31": "10.61020", "2007-12-31": "11.29880", "2006-12-31": "11.58540", "2005-12-31": "10.98620"}, "Net Profit Margin": {"2019-12-31": "10.45800", "2018-12-31": "9.74280", "2017-12-31": "10.87460", "2016-12-31": "9.34470", "2015-12-31": "7.39820", "2014-12-31": "8.42270", "2013-12-31": "7.30230", "2012-12-31": "5.94320", "2011-12-31": "6.80300", "2010-12-31": "8.70810", "2009-12-31": "7.07220", "2008-12-31": "7.30100", "2007-12-31": "7.81040", "2006-12-31": "7.52890", "2005-12-31": "7.04550"}, "Asset Turnover": {"2019-12-31": "0.71430", "2018-12-31": "0.73070", "2017-12-31": "0.69310", "2016-12-31": "0.71750", "2015-12-31": "0.72660", "2014-12-31": "0.73510", "2013-12-31": "0.67490", "2012-12-31": "0.67370", "2011-12-31": "0.37390", "2010-12-31": "1.24990", "2009-12-31": "1.17520", "2008-12-31": "1.29020", "2007-12-31": "1.15810", "2006-12-31": "1.10780", "2005-12-31": "1.19440"}, "Inventory Turnover Ratio": {"2019-12-31": "5.79400", "2018-12-31": "5.57810", "2017-12-31": "5.57500", "2016-12-31": "5.71010", "2015-12-31": "5.20350", "2014-12-31": "5.23490", "2013-12-31": "5.41740", "2012-12-31": "5.86840", "2011-12-31": "3.24940", "2010-12-31": "6.73320", "2009-12-31": "6.03570", "2008-12-31": "6.72430", "2007-12-31": "5.97090", "2006-12-31": "6.62130", "2005-12-31": "6.90720"}, "Receiveable Turnover": {"2019-12-31": "5.33030", "2018-12-31": "5.50920", "2017-12-31": "5.38070", "2016-12-31": "5.61750", "2015-12-31": "5.66690", "2014-12-31": "5.43670", "2013-12-31": "5.16100", "2012-12-31": "5.32050", "2011-12-31": "3.24460", "2010-12-31": "6.09210", "2009-12-31": "5.80710", "2008-12-31": "6.32080", "2007-12-31": "5.61560", "2006-12-31": "5.64290", "2005-12-31": "6.09910"}, "Days Sales In Receivables": {"2019-12-31": "68.47590", "2018-12-31": "66.25300", "2017-12-31": "67.83520", "2016-12-31": "64.97500", "2015-12-31": "64.40880", "2014-12-31": "67.13670", "2013-12-31": "70.72300", "2012-12-31": "68.60230", "2011-12-31": "112.49310", "2010-12-31": "59.91330", "2009-12-31": "62.85400", "2008-12-31": "57.74580", "2007-12-31": "64.99740", "2006-12-31": "64.68280", "2005-12-31": "59.84490"}, "ROE - Return On Equity": {"2019-12-31": "18.06370", "2018-12-31": "17.88390", "2017-12-31": "19.84110", "2016-12-31": "17.88150", "2015-12-31": "14.57220", "2014-12-31": "16.55630", "2013-12-31": "13.14010", "2012-12-31": "11.38460", "2011-12-31": "8.06990", "2010-12-31": "24.89920", "2009-12-31": "20.83500", "2008-12-31": "28.39770", "2007-12-31": "22.15740", "2006-12-31": "21.93790", "2005-12-31": "19.37290"}, "Return On Tangible Equity": {"2019-12-31": "-71.69760", "2018-12-31": "-51.03650", "2017-12-31": "-43.00890", "2016-12-31": "-38.59250", "2015-12-31": "-28.10260", "2014-12-31": "-32.23360", "2013-12-31": "-22.96880", "2012-12-31": "-18.43340", "2011-12-31": "-10.55500", "2010-12-31": "101.89940", "2009-12-31": "147.95060", "2008-12-31": "-2911.70700", "2007-12-31": "130.92200", "2006-12-31": "87.65760", "2005-12-31": "62.73870"}, "ROA - Return On Assets": {"2019-12-31": "7.55280", "2018-12-31": "7.17480", "2017-12-31": "7.60690", "2016-12-31": "6.80030", "2015-12-31": "5.45660", "2014-12-31": "6.29110", "2013-12-31": "4.95810", "2012-12-31": "3.99090", "2011-12-31": "2.54770", "2010-12-31": "10.90060", "2009-12-31": "8.33910", "2008-12-31": "9.42630", "2007-12-31": "9.08150", "2006-12-31": "8.34050", "2005-12-31": "8.41540"}, "ROI - Return On Investment": {"2019-12-31": "10.72300", "2018-12-31": "10.03330", "2017-12-31": "10.53700", "2016-12-31": "9.50320", "2015-12-31": "9.04930", "2014-12-31": "9.99710", "2013-12-31": "7.23710", "2012-12-31": "5.89520", "2011-12-31": "3.75010", "2010-12-31": "19.03990", "2009-12-31": "14.54630", "2008-12-31": "18.85380", "2007-12-31": "16.91510", "2006-12-31": "16.47520", "2005-12-31": "14.73310"}, "Book Value Per Share": {"2019-12-31": "30.25590", "2018-12-31": "27.99310", "2017-12-31": "26.45630", "2016-12-31": "23.88930", "2015-12-31": "23.58240", "2014-12-31": "24.61520", "2013-12-31": "24.60780", "2012-12-31": "20.90300", "2011-12-31": "19.66130", "2010-12-31": "9.17420", "2009-12-31": "8.49370", "2008-12-31": "6.68500", "2007-12-31": "7.84240", "2006-12-31": "6.68600", "2005-12-31": "6.48930"}, "Operating Cash Flow Per Share": {"2019-12-31": 0.4969, "2018-12-31": 0.6657, "2017-12-31": 0.5757, "2016-12-31": -0.0974, "2015-12-31": 0.6997, "2014-12-31": 0.8212, "2013-12-31": 1.0893, "2012-12-31": 1.1933, "2011-12-31": -1.1685, "2010-12-31": 1.103, "2009-12-31": -0.1243, "2008-12-31": -0.1463, "2007-12-31": 0.7265, "2006-12-31": 0.1724, "2005-12-31": 2.2687}, "Free Cash Flow Per Share": {"2019-12-31": 0.5877, "2018-12-31": 0.7932, "2017-12-31": 0.1055, "2016-12-31": 0.1096, "2015-12-31": 0.6045, "2014-12-31": 0.3736, "2013-12-31": 0.9565, "2012-12-31": 0.7134, "2011-12-31": -1.4259, "2010-12-31": 1.0515, "2009-12-31": 0.1217, "2008-12-31": -0.1765, "2007-12-31": 0.4692, "2006-12-31": 0.0172, "2005-12-31": 1.2749}}, "financial ratios, quarterly": {"Current Ratio": {"2020-09-30": "1.60700", "2020-06-30": "1.60060", "2020-03-31": "1.51200", "2019-12-31": "1.32990", "2019-09-30": "1.24250", "2019-06-30": "1.17580", "2019-03-31": "1.14320", "2018-12-31": "1.26920", "2018-09-30": "1.34330", "2018-06-30": "1.27160", "2018-03-31": "1.15420", "2017-12-31": "1.32200", "2017-09-30": "1.22840", "2017-06-30": "1.04950", "2017-03-31": "1.02430", "2016-12-31": "1.41730", "2016-09-30": "0.99950", "2016-06-30": "0.96630", "2016-03-31": "1.00850", "2015-12-31": "0.93350", "2015-09-30": "1.30530", "2015-06-30": "1.11810", "2015-03-31": "1.19430", "2014-12-31": "1.11110", "2014-09-30": "1.09360", "2014-06-30": "1.20300", "2014-03-31": "1.20450", "2013-12-31": "1.34670", "2013-09-30": "1.49850", "2013-06-30": "1.44760", "2013-03-31": "1.71500", "2012-12-31": "1.60250", "2012-09-30": "1.44500", "2012-06-30": "1.13270", "2012-03-31": "1.12920", "2011-12-31": "1.70420", "2011-09-30": "1.29260", "2011-06-30": "1.21630", "2011-03-31": "1.14460", "2010-12-31": "1.41150", "2010-09-30": "1.28910", "2010-06-30": "1.29510", "2010-03-31": "1.25420", "2009-12-31": "1.45110", "2009-09-30": "1.40460", "2009-06-30": "1.30600", "2009-03-31": "1.18410", "2008-12-31": "1.17280", "2008-09-30": "1.41570", "2008-06-30": "1.27590", "2008-03-31": "1.17880", "2007-12-31": "1.13110", "2007-09-30": "1.21410", "2007-06-30": "1.19580", "2007-03-31": "1.26740", "2006-12-31": "1.23340", "2006-09-30": "1.22720", "2006-06-30": "1.24290", "2006-03-31": "1.27470", "2005-12-31": "1.27010", "2005-09-30": "1.35790", "2005-06-30": "1.26880", "2005-03-31": "1.20820"}, "Long-term Debt / Capital": {"2020-09-30": "0.52430", "2020-06-30": "0.53410", "2020-03-31": "0.43220", "2019-12-31": "0.40640", "2019-09-30": "0.40930", "2019-06-30": "0.42000", "2019-03-31": "0.42090", "2018-12-31": "0.43900", "2018-09-30": "0.44240", "2018-06-30": "0.44510", "2018-03-31": "0.45480", "2017-12-31": "0.46890", "2017-09-30": "0.47040", "2017-06-30": "0.45820", "2017-03-31": "0.45920", "2016-12-31": "0.46850", "2016-09-30": "0.42310", "2016-06-30": "0.43320", "2016-03-31": "0.43310", "2015-12-31": "0.37900", "2015-09-30": "0.45680", "2015-06-30": "0.42690", "2015-03-31": "0.43810", "2014-12-31": "0.39620", "2014-09-30": "0.38560", "2014-06-30": "0.42610", "2014-03-31": "0.43920", "2013-12-31": "0.44920", "2013-09-30": "0.48850", "2013-06-30": "0.49610", "2013-03-31": "0.47930", "2012-12-31": "0.48220", "2012-09-30": "0.47200", "2012-06-30": "0.46110", "2012-03-31": "0.45830", "2011-12-31": "0.53530", "2011-09-30": "0.22080", "2011-06-30": "0.23090", "2011-03-31": "0.23590", "2010-12-31": "0.23530", "2010-09-30": "0.24750", "2010-06-30": "0.25490", "2010-03-31": "0.26620", "2009-12-31": "0.30180", "2009-09-30": "0.30140", "2009-06-30": "0.31750", "2009-03-31": "0.33380", "2008-12-31": "0.33610", "2008-09-30": "0.27790", "2008-06-30": "0.28490", "2008-03-31": "0.29580", "2007-12-31": "0.23660", "2007-09-30": "0.25090", "2007-06-30": "0.26180", "2007-03-31": "0.25820", "2006-12-31": "0.24900", "2006-09-30": "0.23540", "2006-06-30": "0.24290", "2006-03-31": "0.23630", "2005-12-31": "0.23950", "2005-09-30": "0.24690", "2005-06-30": "0.25730", "2005-03-31": "0.27010"}, "Debt/Equity Ratio": {"2020-09-30": "1.14310", "2020-06-30": "1.23710", "2020-03-31": "0.87830", "2019-12-31": "0.72810", "2019-09-30": "0.78330", "2019-06-30": "0.85330", "2019-03-31": "0.86370", "2018-12-31": "0.87480", "2018-09-30": "0.88990", "2018-06-30": "0.91260", "2018-03-31": "0.96680", "2017-12-31": "0.95670", "2017-09-30": "1.03540", "2017-06-30": "1.09890", "2017-03-31": "1.09630", "2016-12-31": "0.95930", "2016-09-30": "0.95980", "2016-06-30": "1.02660", "2016-03-31": "1.02820", "2015-12-31": "0.92620", "2015-09-30": "0.98830", "2015-06-30": "1.06250", "2015-03-31": "1.03900", "2014-12-31": "0.88700", "2014-09-30": "0.87520", "2014-06-30": "0.95560", "2014-03-31": "0.99050", "2013-12-31": "0.93190", "2013-09-30": "1.05910", "2013-06-30": "1.11420", "2013-03-31": "1.00030", "2012-12-31": "1.06200", "2012-09-30": "0.99860", "2012-06-30": "1.10910", "2012-03-31": "1.07800", "2011-12-31": "1.33010", "2011-09-30": "0.41970", "2011-06-30": "0.47250", "2011-03-31": "0.53740", "2010-12-31": "0.39640", "2010-09-30": "0.50360", "2010-06-30": "0.51770", "2010-03-31": "0.55610", "2009-12-31": "0.48130", "2009-09-30": "0.49290", "2009-06-30": "0.59850", "2009-03-31": "0.76530", "2008-12-31": "0.72080", "2008-09-30": "0.46500", "2008-06-30": "0.56950", "2008-03-31": "0.63560", "2007-12-31": "0.51840", "2007-09-30": "0.49090", "2007-06-30": "0.54040", "2007-03-31": "0.49440", "2006-12-31": "0.63450", "2006-09-30": "0.41570", "2006-06-30": "0.47550", "2006-03-31": "0.42290", "2005-12-31": "0.45250", "2005-09-30": "0.43090", "2005-06-30": "0.49480", "2005-03-31": "0.55040"}, "Gross Margin": {"2020-09-30": "41.37680", "2020-06-30": "39.09600", "2020-03-31": "40.89460", "2019-12-31": "38.64370", "2019-09-30": "44.76120", "2019-06-30": "43.82320", "2019-03-31": "40.38910", "2018-12-31": "41.05040", "2018-09-30": "41.53770", "2018-06-30": "41.83380", "2018-03-31": "40.29500", "2017-12-31": "42.38420", "2017-09-30": "42.07880", "2017-06-30": "40.88440", "2017-03-31": "41.44320", "2016-12-31": "28.97560", "2016-09-30": "48.69610", "2016-06-30": "46.18350", "2016-03-31": "47.33000", "2015-12-31": "46.31590", "2015-09-30": "47.19130", "2015-06-30": "46.69680", "2015-03-31": "46.46710", "2014-12-31": "46.21010", "2014-09-30": "46.66700", "2014-06-30": "46.48840", "2014-03-31": "45.47740", "2013-12-31": "45.35190", "2013-09-30": "46.43800", "2013-06-30": "45.76670", "2013-03-31": "46.39110", "2012-12-31": "49.23830", "2012-09-30": "46.53520", "2012-06-30": "45.62140", "2012-03-31": "42.58070", "2011-12-31": "47.62370", "2011-09-30": "49.43260", "2011-06-30": "49.32890", "2011-03-31": "49.25900", "2010-12-31": "50.25710", "2010-09-30": "51.12360", "2010-06-30": "50.66440", "2010-03-31": "49.95460", "2009-12-31": "50.07350", "2009-09-30": "50.60140", "2009-06-30": "49.69820", "2009-03-31": "47.49300", "2008-12-31": "48.07520", "2008-09-30": "48.69950", "2008-06-30": "49.12100", "2008-03-31": "49.35870", "2007-12-31": "50.24310", "2007-09-30": "51.16760", "2007-06-30": "50.85880", "2007-03-31": "50.90900", "2006-12-31": "50.42490", "2006-09-30": "51.08700", "2006-06-30": "50.40380", "2006-03-31": "50.67410", "2005-12-31": "49.37310", "2005-09-30": "50.81770", "2005-06-30": "50.71340", "2005-03-31": "50.74450"}, "Operating Margin": {"2020-09-30": "13.62880", "2020-06-30": "7.14900", "2020-03-31": "11.09060", "2019-12-31": "12.64430", "2019-09-30": "17.02850", "2019-06-30": "14.65400", "2019-03-31": "10.47530", "2018-12-31": "15.47400", "2018-09-30": "13.77560", "2018-06-30": "13.40520", "2018-03-31": "10.20770", "2017-12-31": "16.69500", "2017-09-30": "15.82550", "2017-06-30": "12.12720", "2017-03-31": "11.29520", "2016-12-31": "15.28160", "2016-09-30": "16.95460", "2016-06-30": "12.43520", "2016-03-31": "11.99390", "2015-12-31": "9.46070", "2015-09-30": "11.98350", "2015-06-30": "12.91790", "2015-03-31": "11.75700", "2014-12-31": "14.14090", "2014-09-30": "15.46460", "2014-06-30": "14.35460", "2014-03-31": "10.51670", "2013-12-31": "13.22100", "2013-09-30": "13.66250", "2013-06-30": "10.55490", "2013-03-31": "9.11180", "2012-12-31": "12.99490", "2012-09-30": "13.27030", "2012-06-30": "11.03520", "2012-03-31": "5.89850", "2011-12-31": "8.89830", "2011-09-30": "13.80110", "2011-06-30": "11.67300", "2011-03-31": "9.99140", "2010-12-31": "12.92290", "2010-09-30": "15.69240", "2010-06-30": "13.43900", "2010-03-31": "10.73950", "2009-12-31": "12.51520", "2009-09-30": "14.42060", "2009-06-30": "11.44640", "2009-03-31": "7.23190", "2008-12-31": "9.45190", "2008-09-30": "12.38390", "2008-06-30": "13.40760", "2008-03-31": "11.02270", "2007-12-31": "12.22390", "2007-09-30": "12.14260", "2007-06-30": "12.69820", "2007-03-31": "11.83220", "2006-12-31": "11.45550", "2006-09-30": "14.18520", "2006-06-30": "12.49700", "2006-03-31": "11.73110", "2005-12-31": "10.83800", "2005-09-30": "13.94670", "2005-06-30": "11.93200", "2005-03-31": "11.02810"}, "EBIT Margin": {"2020-09-30": "13.62880", "2020-06-30": "7.14900", "2020-03-31": "11.09060", "2019-12-31": "12.64430", "2019-09-30": "17.02850", "2019-06-30": "14.65400", "2019-03-31": "10.47530", "2018-12-31": "15.47400", "2018-09-30": "13.77560", "2018-06-30": "13.40520", "2018-03-31": "10.20770", "2017-12-31": "16.69500", "2017-09-30": "15.82550", "2017-06-30": "12.12720", "2017-03-31": "11.29520", "2016-12-31": "15.28160", "2016-09-30": "16.95460", "2016-06-30": "12.43520", "2016-03-31": "11.99390", "2015-12-31": "9.46070", "2015-09-30": "11.98350", "2015-06-30": "12.91790", "2015-03-31": "11.75700", "2014-12-31": "14.14100", "2014-09-30": "15.46460", "2014-06-30": "14.35460", "2014-03-31": "10.51670", "2013-12-31": "13.22100", "2013-09-30": "13.66250", "2013-06-30": "10.55490", "2013-03-31": "9.11180", "2012-12-31": "12.99490", "2012-09-30": "13.27030", "2012-06-30": "11.03520", "2012-03-31": "5.89850", "2011-12-31": "8.89830", "2011-09-30": "13.80110", "2011-06-30": "11.67300", "2011-03-31": "9.99140", "2010-12-31": "12.92290", "2010-09-30": "15.69240", "2010-06-30": "13.43900", "2010-03-31": "10.73950", "2009-12-31": "12.51520", "2009-09-30": "14.42060", "2009-06-30": "11.44640", "2009-03-31": "7.23190", "2008-12-31": "9.45190", "2008-09-30": "12.38390", "2008-06-30": "13.40760", "2008-03-31": "11.02270", "2007-12-31": "12.22390", "2007-09-30": "12.14260", "2007-06-30": "12.69820", "2007-03-31": "11.83220", "2006-12-31": "11.45550", "2006-09-30": "14.18520", "2006-06-30": "12.49700", "2006-03-31": "11.73110", "2005-12-31": "10.83800", "2005-09-30": "13.94670", "2005-06-30": "11.93200", "2005-03-31": "11.02810"}, "EBITDA Margin": {"2020-09-30": "", "2020-06-30": "", "2020-03-31": "", "2019-12-31": "", "2019-09-30": "", "2019-06-30": "", "2019-03-31": "", "2018-12-31": "", "2018-09-30": "", "2018-06-30": "", "2018-03-31": "", "2017-12-31": "", "2017-09-30": "", "2017-06-30": "", "2017-03-31": "", "2016-12-31": "", "2016-09-30": "", "2016-06-30": "", "2016-03-31": "", "2015-12-31": "", "2015-09-30": "", "2015-06-30": "", "2015-03-31": "", "2014-12-31": "", "2014-09-30": "", "2014-06-30": "", "2014-03-31": "", "2013-12-31": "", "2013-09-30": "", "2013-06-30": "", "2013-03-31": "", "2012-12-31": "", "2012-09-30": "", "2012-06-30": "", "2012-03-31": "", "2011-12-31": "", "2011-09-30": "", "2011-06-30": "", "2011-03-31": "", "2010-12-31": "", "2010-09-30": "", "2010-06-30": "", "2010-03-31": "", "2009-12-31": "", "2009-09-30": "", "2009-06-30": "", "2009-03-31": "", "2008-12-31": "", "2008-09-30": "", "2008-06-30": "", "2008-03-31": "", "2007-12-31": "", "2007-09-30": "", "2007-06-30": "", "2007-03-31": "", "2006-12-31": "", "2006-09-30": "", "2006-06-30": "", "2006-03-31": "", "2005-12-31": "", "2005-09-30": "", "2005-06-30": "", "2005-03-31": ""}, "Pre-Tax Profit Margin": {"2020-09-30": "9.66340", "2020-06-30": "5.52560", "2020-03-31": "10.17200", "2019-12-31": "11.98330", "2019-09-30": "16.24380", "2019-06-30": "13.76100", "2019-03-31": "9.67080", "2018-12-31": "14.56990", "2018-09-30": "12.84960", "2018-06-30": "12.41060", "2018-03-31": "9.14170", "2017-12-31": "15.02330", "2017-09-30": "14.75380", "2017-06-30": "10.89020", "2017-03-31": "9.85010", "2016-12-31": "14.55050", "2016-09-30": "15.03800", "2016-06-30": "10.46670", "2016-03-31": "9.85990", "2015-12-31": "7.63480", "2015-09-30": "10.31220", "2015-06-30": "11.11210", "2015-03-31": "9.86170", "2014-12-31": "12.45650", "2014-09-30": "13.75140", "2014-06-30": "12.49930", "2014-03-31": "8.56560", "2013-12-31": "11.32180", "2013-09-30": "11.73940", "2013-06-30": "8.57150", "2013-03-31": "6.97050", "2012-12-31": "10.94290", "2012-09-30": "11.14680", "2012-06-30": "8.87550", "2012-03-31": "2.83540", "2011-12-31": "7.03410", "2011-09-30": "13.04070", "2011-06-30": "10.90180", "2011-03-31": "9.10230", "2010-12-31": "12.02160", "2010-09-30": "14.73850", "2010-06-30": "12.45230", "2010-03-31": "9.69210", "2009-12-31": "11.55000", "2009-09-30": "13.44410", "2009-06-30": "10.39200", "2009-03-31": "6.05990", "2008-12-31": "8.40690", "2008-09-30": "11.40010", "2008-06-30": "12.43310", "2008-03-31": "10.00750", "2007-12-31": "11.31410", "2007-09-30": "11.23690", "2007-06-30": "11.71460", "2007-03-31": "10.89940", "2006-12-31": "10.52720", "2006-09-30": "13.30150", "2006-06-30": "11.59960", "2006-03-31": "10.81150", "2005-12-31": "10.02350", "2005-09-30": "12.95690", "2005-06-30": "10.88050", "2005-03-31": "9.98210"}, "Net Profit Margin": {"2020-09-30": "8.15610", "2020-06-30": "-75.77170", "2020-03-31": "7.91310", "2019-12-31": "8.57860", "2019-09-30": "14.39830", "2019-06-30": "11.63110", "2019-03-31": "8.45840", "2018-12-31": "10.50660", "2018-09-30": "11.61930", "2018-06-30": "9.52140", "2018-03-31": "7.12500", "2017-12-31": "15.41790", "2017-09-30": "11.03100", "2017-06-30": "8.52020", "2017-03-31": "8.03190", "2016-12-31": "10.91280", "2016-09-30": "11.04810", "2016-06-30": "7.78970", "2016-03-31": "7.45140", "2015-12-31": "6.12250", "2015-09-30": "7.48030", "2015-06-30": "8.91090", "2015-03-31": "7.07790", "2014-12-31": "9.11490", "2014-09-30": "9.87580", "2014-06-30": "8.72710", "2014-03-31": "5.72440", "2013-12-31": "8.06570", "2013-09-30": "8.84040", "2013-06-30": "6.38440", "2013-03-31": "5.55690", "2012-12-31": "7.59730", "2012-09-30": "7.87220", "2012-06-30": "6.23580", "2012-03-31": "1.76810", "2011-12-31": "4.80680", "2011-09-30": "8.88770", "2011-06-30": "7.41110", "2011-03-31": "6.16480", "2010-12-31": "8.33390", "2010-09-30": "11.15310", "2010-06-30": "8.50550", "2010-03-31": "6.66850", "2009-12-31": "7.40170", "2009-09-30": "9.37660", "2009-06-30": "6.87480", "2009-03-31": "4.25750", "2008-12-31": "5.39340", "2008-09-30": "7.75990", "2008-06-30": "8.85350", "2008-03-31": "7.05810", "2007-12-31": "7.87610", "2007-09-30": "8.06680", "2007-06-30": "8.09600", "2007-03-31": "7.13600", "2006-12-31": "6.86070", "2006-09-30": "8.62530", "2006-06-30": "7.60260", "2006-03-31": "6.95470", "2005-12-31": "6.19500", "2005-09-30": "8.41010", "2005-06-30": "7.02540", "2005-03-31": "6.48910"}, "Asset Turnover": {"2020-09-30": "0.16680", "2020-06-30": "0.14850", "2020-03-31": "0.16030", "2019-12-31": "0.24000", "2019-09-30": "0.15470", "2019-06-30": "0.15220", "2019-03-31": "0.16750", "2018-12-31": "0.18730", "2018-09-30": "0.18770", "2018-06-30": "0.18490", "2018-03-31": "0.17200", "2017-12-31": "0.18280", "2017-09-30": "0.17950", "2017-06-30": "0.17720", "2017-03-31": "0.16450", "2016-12-31": "0.18280", "2016-09-30": "0.18420", "2016-06-30": "0.18200", "2016-03-31": "0.16890", "2015-12-31": "0.18300", "2015-09-30": "0.18250", "2015-06-30": "0.17640", "2015-03-31": "0.17130", "2014-12-31": "0.18950", "2014-09-30": "0.18770", "2014-06-30": "0.18190", "2014-03-31": "0.17060", "2013-12-31": "0.18130", "2013-09-30": "0.17760", "2013-06-30": "0.16980", "2013-03-31": "0.16610", "2012-12-31": "0.17330", "2012-09-30": "0.18080", "2012-06-30": "0.17970", "2012-03-31": "0.16670", "2011-12-31": "0.10150", "2011-09-30": "0.31530", "2011-06-30": "0.31420", "2011-03-31": "0.28850", "2010-12-31": "0.32340", "2010-09-30": "0.32130", "2010-06-30": "0.32600", "2010-03-31": "0.30030", "2009-12-31": "0.31160", "2009-09-30": "0.31000", "2009-06-30": "0.29250", "2009-03-31": "0.28660", "2008-12-31": "0.31180", "2008-09-30": "0.31800", "2008-06-30": "0.29320", "2008-03-31": "0.27850", "2007-12-31": "0.30490", "2007-09-30": "0.33150", "2007-06-30": "0.32910", "2007-03-31": "0.31410", "2006-12-31": "0.28760", "2006-09-30": "0.31920", "2006-06-30": "0.31340", "2006-03-31": "0.29880", "2005-12-31": "0.30070", "2005-09-30": "0.30420", "2005-06-30": "0.31060", "2005-03-31": "0.28170"}, "Inventory Turnover Ratio": {"2020-09-30": "1.37410", "2020-06-30": "1.33120", "2020-03-31": "1.38380", "2019-12-31": "2.84080", "2019-09-30": "1.12240", "2019-06-30": "1.09540", "2019-03-31": "1.26980", "2018-12-31": "1.43350", "2018-09-30": "1.37960", "2018-06-30": "1.37780", "2018-03-31": "1.34410", "2017-12-31": "1.45340", "2017-09-30": "1.36820", "2017-06-30": "1.39160", "2017-03-31": "1.29650", "2016-12-31": "1.80390", "2016-09-30": "1.29410", "2016-06-30": "1.34050", "2016-03-31": "1.17700", "2015-12-31": "1.31950", "2015-09-30": "1.26460", "2015-06-30": "1.23500", "2015-03-31": "1.17450", "2014-12-31": "1.34970", "2014-09-30": "1.34570", "2014-06-30": "1.35010", "2014-03-31": "1.33070", "2013-12-31": "1.47150", "2013-09-30": "1.35410", "2013-06-30": "1.31810", "2013-03-31": "1.34440", "2012-12-31": "1.42090", "2012-09-30": "1.46440", "2012-06-30": "1.50130", "2012-03-31": "1.48430", "2011-12-31": "0.90360", "2011-09-30": "1.73880", "2011-06-30": "1.73720", "2011-03-31": "1.60430", "2010-12-31": "1.75090", "2010-09-30": "1.67230", "2010-06-30": "1.69950", "2010-03-31": "1.52850", "2009-12-31": "1.58310", "2009-09-30": "1.60890", "2009-06-30": "1.52110", "2009-03-31": "1.51390", "2008-12-31": "1.64850", "2008-09-30": "1.66790", "2008-06-30": "1.60050", "2008-03-31": "1.55200", "2007-12-31": "1.58920", "2007-09-30": "1.74270", "2007-06-30": "1.72600", "2007-03-31": "1.66900", "2006-12-31": "1.72680", "2006-09-30": "1.76580", "2006-06-30": "1.74650", "2006-03-31": "1.61760", "2005-12-31": "1.77500", "2005-09-30": "1.69730", "2005-06-30": "1.70560", "2005-03-31": "1.52340"}, "Receiveable Turnover": {"2020-09-30": "1.30070", "2020-06-30": "1.19070", "2020-03-31": "1.25400", "2019-12-31": "2.10240", "2019-09-30": "1.18420", "2019-06-30": "1.15360", "2019-03-31": "1.30230", "2018-12-31": "1.41240", "2018-09-30": "1.41260", "2018-06-30": "1.40000", "2018-03-31": "1.34830", "2017-12-31": "1.41910", "2017-09-30": "1.40710", "2017-06-30": "1.41410", "2017-03-31": "1.34110", "2016-12-31": "1.43140", "2016-09-30": "1.44110", "2016-06-30": "1.43110", "2016-03-31": "1.37740", "2015-12-31": "1.42750", "2015-09-30": "1.40670", "2015-06-30": "1.35850", "2015-03-31": "1.29480", "2014-12-31": "1.40130", "2014-09-30": "1.37130", "2014-06-30": "1.35300", "2014-03-31": "1.32430", "2013-12-31": "1.38610", "2013-09-30": "1.39980", "2013-06-30": "1.37000", "2013-03-31": "1.31620", "2012-12-31": "1.36880", "2012-09-30": "1.37490", "2012-06-30": "1.42460", "2012-03-31": "1.37180", "2011-12-31": "0.88070", "2011-09-30": "1.51880", "2011-06-30": "1.53500", "2011-03-31": "1.45630", "2010-12-31": "1.57610", "2010-09-30": "1.53160", "2010-06-30": "1.60000", "2010-03-31": "1.50720", "2009-12-31": "1.53970", "2009-09-30": "1.52660", "2009-06-30": "1.48520", "2009-03-31": "1.47620", "2008-12-31": "1.52760", "2008-09-30": "1.47740", "2008-06-30": "1.45090", "2008-03-31": "1.42070", "2007-12-31": "1.47820", "2007-09-30": "1.45780", "2007-06-30": "1.46370", "2007-03-31": "1.42150", "2006-12-31": "1.46500", "2006-09-30": "1.47630", "2006-06-30": "1.47390", "2006-03-31": "1.45530", "2005-12-31": "1.53520", "2005-09-30": "1.45240", "2005-06-30": "1.50940", "2005-03-31": "1.39330"}, "Days Sales In Receivables": {"2020-09-30": "69.19200", "2020-06-30": "75.58370", "2020-03-31": "71.76830", "2019-12-31": "42.80920", "2019-09-30": "76.00030", "2019-06-30": "78.01550", "2019-03-31": "69.10600", "2018-12-31": "63.72160", "2018-09-30": "63.71240", "2018-06-30": "64.28500", "2018-03-31": "66.75130", "2017-12-31": "63.42180", "2017-09-30": "63.96070", "2017-06-30": "63.64510", "2017-03-31": "67.10730", "2016-12-31": "62.87730", "2016-09-30": "62.45060", "2016-06-30": "62.89040", "2016-03-31": "65.34250", "2015-12-31": "63.04750", "2015-09-30": "63.97980", "2015-06-30": "66.25120", "2015-03-31": "69.51150", "2014-12-31": "64.22600", "2014-09-30": "65.62990", "2014-06-30": "66.52010", "2014-03-31": "67.96260", "2013-12-31": "64.93050", "2013-09-30": "64.29420", "2013-06-30": "65.69210", "2013-03-31": "68.37820", "2012-12-31": "65.74920", "2012-09-30": "65.46160", "2012-06-30": "63.17670", "2012-03-31": "65.60530", "2011-12-31": "102.19320", "2011-09-30": "59.25870", "2011-06-30": "58.63140", "2011-03-31": "61.80200", "2010-12-31": "57.10190", "2010-09-30": "58.76300", "2010-06-30": "56.24850", "2010-03-31": "59.71510", "2009-12-31": "58.45250", "2009-09-30": "58.95630", "2009-06-30": "60.59940", "2009-03-31": "60.96800", "2008-12-31": "58.91590", "2008-09-30": "60.91870", "2008-06-30": "62.03120", "2008-03-31": "63.35000", "2007-12-31": "60.88350", "2007-09-30": "61.73650", "2007-06-30": "61.48860", "2007-03-31": "63.31290", "2006-12-31": "61.43510", "2006-09-30": "60.96280", "2006-06-30": "61.06420", "2006-03-31": "61.84500", "2005-12-31": "58.62270", "2005-09-30": "61.96770", "2005-06-30": "59.62480", "2005-03-31": "64.59340"}, "ROE - Return On Equity": {"2020-09-30": "4.06980", "2020-06-30": "2.18840", "2020-03-31": "3.27520", "2019-12-31": "5.69000", "2019-09-30": "5.06130", "2019-06-30": "4.15270", "2019-03-31": "3.63380", "2018-12-31": "4.96920", "2018-09-30": "5.49040", "2018-06-30": "4.47110", "2018-03-31": "3.23600", "2017-12-31": "7.42640", "2017-09-30": "5.43350", "2017-06-30": "4.23970", "2017-03-31": "3.74060", "2016-12-31": "5.32790", "2016-09-30": "5.46690", "2016-06-30": "3.95230", "2016-03-31": "3.48760", "2015-12-31": "3.19320", "2015-09-30": "3.65500", "2015-06-30": "4.48870", "2015-03-31": "3.39390", "2014-12-31": "4.65040", "2014-09-30": "4.75640", "2014-06-30": "4.22250", "2014-03-31": "2.67420", "2013-12-31": "3.90850", "2013-09-30": "4.48740", "2013-06-30": "3.20240", "2013-03-31": "2.58320", "2012-12-31": "3.80680", "2012-09-30": "3.97100", "2012-06-30": "3.21630", "2012-03-31": "0.75970", "2011-12-31": "1.54670", "2011-09-30": "6.25280", "2011-06-30": "5.38760", "2011-03-31": "4.23530", "2010-12-31": "6.16970", "2010-09-30": "8.85760", "2010-06-30": "6.95640", "2010-03-31": "5.12180", "2009-12-31": "5.78720", "2009-09-30": "7.37060", "2009-06-30": "5.49090", "2009-03-31": "3.62410", "2008-12-31": "5.09180", "2008-09-30": "5.63740", "2008-06-30": "6.32190", "2008-03-31": "5.00630", "2007-12-31": "5.94620", "2007-09-30": "6.70040", "2007-06-30": "6.93840", "2007-03-31": "5.58890", "2006-12-31": "5.18990", "2006-09-30": "6.25600", "2006-06-30": "5.48890", "2006-03-31": "4.61390", "2005-12-31": "4.28780", "2005-09-30": "5.95730", "2005-06-30": "5.24180", "2005-03-31": "4.53300"}, "Return On Tangible Equity": {"2020-09-30": "-8.39700", "2020-06-30": "-4.46190", "2020-03-31": "-14.78500", "2019-12-31": "216.62280", "2019-09-30": "-18.65610", "2019-06-30": "-12.52870", "2019-03-31": "-10.23650", "2018-12-31": "-14.18090", "2018-09-30": "-15.03190", "2018-06-30": "-11.07700", "2018-03-31": "-6.80880", "2017-12-31": "-16.09790", "2017-09-30": "-10.18280", "2017-06-30": "-7.26810", "2017-03-31": "-6.19210", "2016-12-31": "-11.49880", "2016-09-30": "-10.88020", "2016-06-30": "-6.91300", "2016-03-31": "-6.01990", "2015-12-31": "-6.15810", "2015-09-30": "-6.53170", "2015-06-30": "-7.98990", "2015-03-31": "-6.00560", "2014-12-31": "-9.05400", "2014-09-30": "-10.07670", "2014-06-30": "-7.79950", "2014-03-31": "-4.53930", "2013-12-31": "-6.83210", "2013-09-30": "-6.37610", "2013-06-30": "-4.25760", "2013-03-31": "-4.35310", "2012-12-31": "-6.16380", "2012-09-30": "-6.02650", "2012-06-30": "-4.30470", "2012-03-31": "-1.00700", "2011-12-31": "-2.02310", "2011-09-30": "28.18830", "2011-06-30": "30.83310", "2011-03-31": "30.26790", "2010-12-31": "25.24940", "2010-09-30": "48.04300", "2010-06-30": "41.54640", "2010-03-31": "41.48240", "2009-12-31": "41.09540", "2009-09-30": "50.41670", "2009-06-30": "72.94730", "2009-03-31": "421.17310", "2008-12-31": "-522.08150", "2008-09-30": "25.93200", "2008-06-30": "36.16970", "2008-03-31": "40.94520", "2007-12-31": "35.13430", "2007-09-30": "29.57970", "2007-06-30": "37.22580", "2007-03-31": "26.64480", "2006-12-31": "20.73720", "2006-09-30": "21.28310", "2006-06-30": "17.91620", "2006-03-31": "14.29840", "2005-12-31": "13.88600", "2005-09-30": "21.02970", "2005-06-30": "21.64730", "2005-03-31": "23.21260"}, "ROA - Return On Assets": {"2020-09-30": "1.36040", "2020-06-30": "0.71280", "2020-03-31": "1.29900", "2019-12-31": "2.37910", "2019-09-30": "2.09210", "2019-06-30": "1.64880", "2019-03-31": "1.43540", "2018-12-31": "1.99360", "2018-09-30": "2.19560", "2018-06-30": "1.77230", "2018-03-31": "1.22970", "2017-12-31": "2.84720", "2017-09-30": "1.99730", "2017-06-30": "1.51770", "2017-03-31": "1.33850", "2016-12-31": "2.02620", "2016-09-30": "2.06490", "2016-06-30": "1.44640", "2016-03-31": "1.26490", "2015-12-31": "1.19570", "2015-09-30": "1.32450", "2015-06-30": "1.60690", "2015-03-31": "1.22270", "2014-12-31": "1.76710", "2014-09-30": "1.87650", "2014-06-30": "1.60600", "2014-03-31": "0.99420", "2013-12-31": "1.47480", "2013-09-30": "1.56630", "2013-06-30": "1.09800", "2013-03-31": "0.93080", "2012-12-31": "1.33450", "2012-09-30": "1.43100", "2012-06-30": "1.11390", "2012-03-31": "0.26150", "2011-12-31": "0.48830", "2011-09-30": "2.80620", "2011-06-30": "2.33380", "2011-03-31": "1.78250", "2010-12-31": "2.70100", "2010-09-30": "3.58530", "2010-06-30": "2.77670", "2010-03-31": "2.00660", "2009-12-31": "2.31630", "2009-09-30": "2.91050", "2009-06-30": "2.01900", "2009-03-31": "1.22670", "2008-12-31": "1.69020", "2008-09-30": "2.46190", "2008-06-30": "2.59550", "2008-03-31": "1.96970", "2007-12-31": "2.43710", "2007-09-30": "2.67400", "2007-06-30": "2.66400", "2007-03-31": "2.24120", "2006-12-31": "1.97310", "2006-09-30": "2.75280", "2006-06-30": "2.38290", "2006-03-31": "2.07830", "2005-12-31": "1.86260", "2005-09-30": "2.55860", "2005-06-30": "2.18210", "2005-03-31": "1.82780"}, "ROI - Return On Investment": {"2020-09-30": "1.93600", "2020-06-30": "1.01960", "2020-03-31": "1.85970", "2019-12-31": "3.37780", "2019-09-30": "2.98990", "2019-06-30": "2.40870", "2019-03-31": "2.10440", "2018-12-31": "2.78780", "2018-09-30": "3.06120", "2018-06-30": "2.48110", "2018-03-31": "1.76430", "2017-12-31": "3.94390", "2017-09-30": "2.87730", "2017-06-30": "2.29730", "2017-03-31": "2.02280", "2016-12-31": "2.83150", "2016-09-30": "3.15380", "2016-06-30": "2.24020", "2016-03-31": "1.97700", "2015-12-31": "1.98300", "2015-09-30": "1.98550", "2015-06-30": "2.57250", "2015-03-31": "1.90690", "2014-12-31": "2.80810", "2014-09-30": "2.92240", "2014-06-30": "2.42320", "2014-03-31": "1.49960", "2013-12-31": "2.15270", "2013-09-30": "2.29540", "2013-06-30": "1.61360", "2013-03-31": "1.34510", "2012-12-31": "1.97120", "2012-09-30": "2.09680", "2012-06-30": "1.73320", "2012-03-31": "0.41150", "2011-12-31": "0.71880", "2011-09-30": "4.87210", "2011-06-30": "4.14350", "2011-03-31": "3.23630", "2010-12-31": "4.71790", "2010-09-30": "6.66510", "2010-06-30": "5.18290", "2010-03-31": "3.75820", "2009-12-31": "4.04040", "2009-09-30": "5.14890", "2009-06-30": "3.74780", "2009-03-31": "2.41430", "2008-12-31": "3.38060", "2008-09-30": "4.07090", "2008-06-30": "4.52080", "2008-03-31": "3.52560", "2007-12-31": "4.53940", "2007-09-30": "5.01920", "2007-06-30": "5.12170", "2007-03-31": "4.14600", "2006-12-31": "3.89760", "2006-09-30": "4.78300", "2006-06-30": "4.15550", "2006-03-31": "3.52370", "2005-12-31": "3.26090", "2005-09-30": "4.48660", "2005-06-30": "3.89320", "2005-03-31": "3.30880"}, "Book Value Per Share": {"2020-09-30": "21.19620", "2020-06-30": "20.63840", "2020-03-31": "30.63830", "2019-12-31": "30.25590", "2019-09-30": "29.88340", "2019-06-30": "28.73800", "2019-03-31": "28.68460", "2018-12-31": "27.99310", "2018-09-30": "27.63240", "2018-06-30": "27.37450", "2018-03-31": "26.58540", "2017-12-31": "26.45630", "2017-09-30": "25.26550", "2017-06-30": "24.14890", "2017-03-31": "23.71900", "2016-12-31": "23.88930", "2016-09-30": "23.80590", "2016-06-30": "22.87240", "2016-03-31": "22.68020", "2015-12-31": "23.58240", "2015-09-30": "23.17170", "2015-06-30": "23.31310", "2015-03-31": "23.29080", "2014-12-31": "24.61520", "2014-09-30": "25.87900", "2014-06-30": "24.90020", "2014-03-31": "24.22750", "2013-12-31": "24.60780", "2013-09-30": "22.72130", "2013-06-30": "22.35800", "2013-03-31": "21.05570", "2012-12-31": "20.90300", "2012-09-30": "20.57430", "2012-06-30": "19.49470", "2012-03-31": "19.88730", "2011-12-31": "19.66130", "2011-09-30": "10.64580", "2011-06-30": "10.10090", "2011-03-31": "9.55850", "2010-12-31": "9.17420", "2010-09-30": "8.48560", "2010-06-30": "7.97260", "2010-03-31": "7.98850", "2009-12-31": "8.49370", "2009-09-30": "8.29470", "2009-06-30": "7.65570", "2009-03-31": "6.73760", "2008-12-31": "6.68500", "2008-09-30": "9.01250", "2008-06-30": "8.89080", "2008-03-31": "8.33430", "2007-12-31": "7.84240", "2007-09-30": "6.92750", "2007-06-30": "6.48060", "2007-03-31": "6.45730", "2006-12-31": "6.68600", "2006-09-30": "7.02010", "2006-06-30": "6.75030", "2006-03-31": "6.65830", "2005-12-31": "6.48930", "2005-09-30": "6.42450", "2005-06-30": "6.07580", "2005-03-31": "5.99880"}, "Operating Cash Flow Per Share": {"2020-09-30": 1.5945, "2020-06-30": 1.3317, "2020-03-31": "1.27070", "2019-12-31": 2.8124, "2019-09-30": 2.3221, "2019-06-30": 1.8479, "2019-03-31": "1.29350", "2018-12-31": 2.8356, "2018-09-30": 2.2646, "2018-06-30": 1.0143, "2018-03-31": "1.66450", "2017-12-31": 2.1886, "2017-09-30": 2.0015, "2017-06-30": 1.4801, "2017-03-31": "1.44310", "2016-12-31": 1.493, "2016-09-30": 2.0942, "2016-06-30": 1.3648, "2016-03-31": "1.58560", "2015-12-31": 1.9843, "2015-09-30": 2.5365, "2015-06-30": 1.7432, "2015-03-31": "0.37100", "2014-12-31": 2.1898, "2014-09-30": 2.0027, "2014-06-30": 1.0433, "2014-03-31": "0.69950", "2013-12-31": 2.0874, "2013-09-30": 1.7482, "2013-06-30": 0.6604, "2013-03-31": "0.61810", "2012-12-31": 1.6109, "2012-09-30": 1.706, "2012-06-30": 0.337, "2012-03-31": "0.37090", "2011-12-31": 0.5414, "2011-09-30": 1.0106, "2011-06-30": 1.0417, "2011-03-31": "0.23780", "2010-12-31": 1.3072, "2010-09-30": 1.1553, "2010-06-30": 0.971, "2010-03-31": "0.56650", "2009-12-31": 0.6879, "2009-09-30": 0.959, "2009-06-30": 1.135, "2009-03-31": "0.11510", "2008-12-31": 1.0507, "2008-09-30": 0.7347, "2008-06-30": 0.6912, "2008-03-31": "0.54470", "2007-12-31": 0.9902, "2007-09-30": 0.9516, "2007-06-30": 0.8879, "2007-03-31": "0.33790", "2006-12-31": 0.8665, "2006-09-30": 0.8886, "2006-06-30": 0.6891, "2006-03-31": "-0.00310", "2005-12-31": 0.6463, "2005-09-30": 0.75, "2005-06-30": 0.6425, "2005-03-31": "0.22990"}, "Free Cash Flow Per Share": {"2020-09-30": 1.2009, "2020-06-30": 1.0223, "2020-03-31": "0.72620", "2019-12-31": 1.8114, "2019-09-30": 1.7804, "2019-06-30": 1.3257, "2019-03-31": "0.65860", "2018-12-31": 2.1056, "2018-09-30": 1.5268, "2018-06-30": 0.3844, "2018-03-31": "0.97160", "2017-12-31": 1.2811, "2017-09-30": 1.2684, "2017-06-30": 0.7688, "2017-03-31": "0.87690", "2016-12-31": 0.6724, "2016-09-30": 1.5276, "2016-06-30": 0.7786, "2016-03-31": "1.11110", "2015-12-31": 1.2164, "2015-09-30": 1.762, "2015-06-30": 1.1834, "2015-03-31": "-0.18170", "2014-12-31": 1.3049, "2014-09-30": 1.4154, "2014-06-30": 0.4458, "2014-03-31": "0.20950", "2013-12-31": 1.4069, "2013-09-30": 1.2242, "2013-06-30": 0.2001, "2013-03-31": "0.17080", "2012-12-31": 0.9768, "2012-09-30": 1.2142, "2012-06-30": -0.0925, "2012-03-31": "-0.05300", "2011-12-31": 0.0657, "2011-09-30": 0.6442, "2011-06-30": 0.6904, "2011-03-31": "-0.06820", "2010-12-31": 0.9723, "2010-09-30": 0.8594, "2010-06-30": 0.6058, "2010-03-31": "0.32050", "2009-12-31": 0.31, "2009-09-30": 0.6641, "2009-06-30": 0.863, "2009-03-31": "-0.13060", "2008-12-31": 0.663, "2008-09-30": 0.345, "2008-06-30": 0.3959, "2008-03-31": "0.18090", "2007-12-31": 0.5947, "2007-09-30": 0.5128, "2007-06-30": 0.5772, "2007-03-31": "0.07660", "2006-12-31": 0.5566, "2006-09-30": 0.5719, "2006-06-30": 0.3833, "2006-03-31": "-0.21970", "2005-12-31": 0.3895, "2005-09-30": 0.5145, "2005-06-30": 0.3737, "2005-03-31": "-0.00280"}}, "revenue": {"Ecolab Annual Revenue (Millions of US $)": {"2019": "$14,906", "2018": "$14,668", "2017": "$13,836", "2016": "$13,152", "2015": "$13,545", "2014": "$14,281", "2013": "$13,253", "2012": "$11,839", "2011": "$6,799", "2010": "$6,090", "2009": "$5,901", "2008": "$6,138", "2007": "$5,470", "2006": "$4,896", "2005": "$4,535"}, "Ecolab Quarterly Revenue (Millions of US $)": {"2020-09-30": "$3,019", "2020-06-30": "$2,686", "2020-03-31": "$3,581", "2019-12-31": "$5,008", "2019-09-30": "$3,224", "2019-06-30": "$3,169", "2019-03-31": "$3,505", "2018-12-31": "$3,761", "2018-09-30": "$3,747", "2018-06-30": "$3,690", "2018-03-31": "$3,471", "2017-12-31": "$3,649", "2017-09-30": "$3,565", "2017-06-30": "$3,460", "2017-03-31": "$3,162", "2016-12-31": "$3,351", "2016-09-30": "$3,386", "2016-06-30": "$3,317", "2016-03-31": "$3,097", "2015-12-31": "$3,412", "2015-09-30": "$3,446", "2015-06-30": "$3,389", "2015-03-31": "$3,298", "2014-12-31": "$3,681", "2014-09-30": "$3,695", "2014-06-30": "$3,568", "2014-03-31": "$3,337", "2013-12-31": "$3,560", "2013-09-30": "$3,484", "2013-06-30": "$3,338", "2013-03-31": "$2,872", "2012-12-31": "$3,046", "2012-09-30": "$3,023", "2012-06-30": "$2,959", "2012-03-31": "$2,811", "2011-12-31": "$1,845", "2011-09-30": "$1,736", "2011-06-30": "$1,699", "2011-03-31": "$1,518", "2010-12-31": "$1,576", "2010-09-30": "$1,562", "2010-06-30": "$1,520", "2010-03-31": "$1,432", "2009-12-31": "$1,565", "2009-09-30": "$1,546", "2009-06-30": "$1,442", "2009-03-31": "$1,348", "2008-12-31": "$1,483", "2008-09-30": "$1,626", "2008-06-30": "$1,570", "2008-03-31": "$1,458", "2007-12-31": "$1,440", "2007-09-30": "$1,413", "2007-06-30": "$1,362", "2007-03-31": "$1,254", "2006-12-31": "$1,271", "2006-09-30": "$1,279", "2006-06-30": "$1,226", "2006-03-31": "$1,120", "2005-12-31": "$1,141", "2005-09-30": "$1,165", "2005-06-30": "$1,159", "2005-03-31": "$1,070"}}, "gross-profit": {"Ecolab Annual Gross Profit (Millions of US $)": {"2019": "$6,183", "2018": "$6,042", "2017": "$5,772", "2016": "$5,618", "2015": "$6,322", "2014": "$6,601", "2013": "$6,092", "2012": "$5,453", "2011": "$3,323", "2010": "$3,076", "2009": "$2,923", "2008": "$2,996", "2007": "$2,778", "2006": "$2,480", "2005": "$2,286"}, "Ecolab Quarterly Gross Profit (Millions of US $)": {"2020-09-30": "$1,249", "2020-06-30": "$1,050", "2020-03-31": "$1,465", "2019-12-31": "$1,935", "2019-09-30": "$1,443", "2019-06-30": "$1,389", "2019-03-31": "$1,416", "2018-12-31": "$1,544", "2018-09-30": "$1,557", "2018-06-30": "$1,544", "2018-03-31": "$1,399", "2017-12-31": "$1,547", "2017-09-30": "$1,500", "2017-06-30": "$1,415", "2017-03-31": "$1,311", "2016-12-31": "$971", "2016-09-30": "$1,649", "2016-06-30": "$1,532", "2016-03-31": "$1,466", "2015-12-31": "$1,580", "2015-09-30": "$1,626", "2015-06-30": "$1,583", "2015-03-31": "$1,532", "2014-12-31": "$1,701", "2014-09-30": "$1,724", "2014-06-30": "$1,659", "2014-03-31": "$1,517", "2013-12-31": "$1,614", "2013-09-30": "$1,618", "2013-06-30": "$1,528", "2013-03-31": "$1,332", "2012-12-31": "$1,500", "2012-09-30": "$1,407", "2012-06-30": "$1,350", "2012-03-31": "$1,197", "2011-12-31": "$879", "2011-09-30": "$858", "2011-06-30": "$838", "2011-03-31": "$748", "2010-12-31": "$792", "2010-09-30": "$799", "2010-06-30": "$770", "2010-03-31": "$715", "2009-12-31": "$783", "2009-09-30": "$783", "2009-06-30": "$716", "2009-03-31": "$640", "2008-12-31": "$713", "2008-09-30": "$792", "2008-06-30": "$771", "2008-03-31": "$720", "2007-12-31": "$723", "2007-09-30": "$723", "2007-06-30": "$693", "2007-03-31": "$639", "2006-12-31": "$641", "2006-09-30": "$653", "2006-06-30": "$618", "2006-03-31": "$568", "2005-12-31": "$564", "2005-09-30": "$592", "2005-06-30": "$588", "2005-03-31": "$543"}}, "operating-income": {"Ecolab Annual Operating Income (Millions of US $)": {"2019": "$2,014", "2018": "$1,947", "2017": "$1,950", "2016": "$1,870", "2015": "$1,561", "2014": "$1,955", "2013": "$1,561", "2012": "$1,289", "2011": "$754", "2010": "$807", "2009": "$681", "2008": "$713", "2007": "$669", "2006": "$612", "2005": "$542"}, "Ecolab Quarterly Operating Income (Millions of US $)": {"2020-09-30": "$411", "2020-06-30": "$192", "2020-03-31": "$397", "2019-12-31": "$633", "2019-09-30": "$549", "2019-06-30": "$464", "2019-03-31": "$367", "2018-12-31": "$582", "2018-09-30": "$516", "2018-06-30": "$495", "2018-03-31": "$354", "2017-12-31": "$609", "2017-09-30": "$564", "2017-06-30": "$420", "2017-03-31": "$357", "2016-12-31": "$512", "2016-09-30": "$574", "2016-06-30": "$413", "2016-03-31": "$372", "2015-12-31": "$323", "2015-09-30": "$413", "2015-06-30": "$438", "2015-03-31": "$388", "2014-12-31": "$521", "2014-09-30": "$571", "2014-06-30": "$512", "2014-03-31": "$351", "2013-12-31": "$471", "2013-09-30": "$476", "2013-06-30": "$352", "2013-03-31": "$262", "2012-12-31": "$396", "2012-09-30": "$401", "2012-06-30": "$327", "2012-03-31": "$166", "2011-12-31": "$164", "2011-09-30": "$240", "2011-06-30": "$198", "2011-03-31": "$152", "2010-12-31": "$204", "2010-09-30": "$245", "2010-06-30": "$204", "2010-03-31": "$154", "2009-12-31": "$196", "2009-09-30": "$223", "2009-06-30": "$165", "2009-03-31": "$98", "2008-12-31": "$140", "2008-09-30": "$201", "2008-06-30": "$211", "2008-03-31": "$161", "2007-12-31": "$176", "2007-09-30": "$172", "2007-06-30": "$173", "2007-03-31": "$148", "2006-12-31": "$146", "2006-09-30": "$181", "2006-06-30": "$153", "2006-03-31": "$131", "2005-12-31": "$124", "2005-09-30": "$162", "2005-06-30": "$138", "2005-03-31": "$118"}}, "ebitda": {"Ecolab Annual EBITDA (Millions of US $)": {"2019": "$2,987", "2018": "$2,885", "2017": "$2,843", "2016": "$2,721", "2015": "$2,421", "2014": "$2,827", "2013": "$2,377", "2012": "$2,004", "2011": "$1,150", "2010": "$1,155", "2009": "$1,016", "2008": "$1,048", "2007": "$961", "2006": "$880", "2005": "$799"}, "Ecolab Quarterly EBITDA (Millions of US $)": {"2020-09-30": "$620", "2020-06-30": "$339", "2020-03-31": "$647", "2019-12-31": "$1,028", "2019-09-30": "$743", "2019-06-30": "$610", "2019-03-31": "$606", "2018-12-31": "$820", "2018-09-30": "$751", "2018-06-30": "$729", "2018-03-31": "$585", "2017-12-31": "$837", "2017-09-30": "$792", "2017-06-30": "$641", "2017-03-31": "$573", "2016-12-31": "$725", "2016-09-30": "$791", "2016-06-30": "$622", "2016-03-31": "$584", "2015-12-31": "$535", "2015-09-30": "$624", "2015-06-30": "$656", "2015-03-31": "$605", "2014-12-31": "$739", "2014-09-30": "$790", "2014-06-30": "$731", "2014-03-31": "$568", "2013-12-31": "$685", "2013-09-30": "$688", "2013-06-30": "$557", "2013-03-31": "$447", "2012-12-31": "$577", "2012-09-30": "$579", "2012-06-30": "$505", "2012-03-31": "$343", "2011-12-31": "$275", "2011-09-30": "$337", "2011-06-30": "$295", "2011-03-31": "$243", "2010-12-31": "$292", "2010-09-30": "$327", "2010-06-30": "$296", "2010-03-31": "$240", "2009-12-31": "$282", "2009-09-30": "$307", "2009-06-30": "$250", "2009-03-31": "$178", "2008-12-31": "$220", "2008-09-30": "$287", "2008-06-30": "$296", "2008-03-31": "$246", "2007-12-31": "$252", "2007-09-30": "$245", "2007-06-30": "$245", "2007-03-31": "$219", "2006-12-31": "$212", "2006-09-30": "$250", "2006-06-30": "$221", "2006-03-31": "$197", "2005-12-31": "$186", "2005-09-30": "$227", "2005-06-30": "$203", "2005-03-31": "$183"}}, "net-income": {"Ecolab Annual Net Income (Millions of US $)": {"2019": "$1,559", "2018": "$1,429", "2017": "$1,505", "2016": "$1,229", "2015": "$1,002", "2014": "$1,203", "2013": "$968", "2012": "$704", "2011": "$463", "2010": "$530", "2009": "$417", "2008": "$448", "2007": "$427", "2006": "$369", "2005": "$320"}, "Ecolab Quarterly Net Income (Millions of US $)": {"2020-09-30": "$246", "2020-06-30": "$-2,035", "2020-03-31": "$283", "2019-12-31": "$430", "2019-09-30": "$464", "2019-06-30": "$369", "2019-03-31": "$297", "2018-12-31": "$395", "2018-09-30": "$435", "2018-06-30": "$351", "2018-03-31": "$247", "2017-12-31": "$563", "2017-09-30": "$393", "2017-06-30": "$295", "2017-03-31": "$254", "2016-12-31": "$366", "2016-09-30": "$374", "2016-06-30": "$258", "2016-03-31": "$231", "2015-12-31": "$209", "2015-09-30": "$258", "2015-06-30": "$302", "2015-03-31": "$233", "2014-12-31": "$336", "2014-09-30": "$365", "2014-06-30": "$311", "2014-03-31": "$191", "2013-12-31": "$287", "2013-09-30": "$308", "2013-06-30": "$213", "2013-03-31": "$160", "2012-12-31": "$231", "2012-09-30": "$238", "2012-06-30": "$185", "2012-03-31": "$50", "2011-12-31": "$89", "2011-09-30": "$154", "2011-06-30": "$126", "2011-03-31": "$94", "2010-12-31": "$131", "2010-09-30": "$174", "2010-06-30": "$129", "2010-03-31": "$96", "2009-12-31": "$116", "2009-09-30": "$145", "2009-06-30": "$99", "2009-03-31": "$57", "2008-12-31": "$80", "2008-09-30": "$126", "2008-06-30": "$139", "2008-03-31": "$103", "2007-12-31": "$113", "2007-09-30": "$114", "2007-06-30": "$110", "2007-03-31": "$90", "2006-12-31": "$87", "2006-09-30": "$110", "2006-06-30": "$93", "2006-03-31": "$78", "2005-12-31": "$71", "2005-09-30": "$98", "2005-06-30": "$81", "2005-03-31": "$69"}}, "eps-earnings-per-share-diluted": {"Ecolab Annual EPS": {"2019": "$5.33", "2018": "$4.88", "2017": "$5.12", "2016": "$4.14", "2015": "$3.32", "2014": "$3.93", "2013": "$3.16", "2012": "$2.35", "2011": "$1.91", "2010": "$2.23", "2009": "$1.74", "2008": "$1.80", "2007": "$1.70", "2006": "$1.43", "2005": "$1.23"}, "Ecolab Quarterly EPS": {"2020-09-30": "$0.85", "2020-06-30": "$-6.98", "2020-03-31": "$0.97", "2019-12-31": "$1.47", "2019-09-30": "$1.59", "2019-06-30": "$1.26", "2019-03-31": "$1.01", "2018-12-31": "$1.36", "2018-09-30": "$1.48", "2018-06-30": "$1.20", "2018-03-31": "$0.84", "2017-12-31": "$1.92", "2017-09-30": "$1.34", "2017-06-30": "$1.00", "2017-03-31": "$0.86", "2016-12-31": "$1.23", "2016-09-30": "$1.27", "2016-06-30": "$0.87", "2016-03-31": "$0.77", "2015-12-31": "$0.69", "2015-09-30": "$0.86", "2015-06-30": "$1.00", "2015-03-31": "$0.77", "2014-12-31": "$1.10", "2014-09-30": "$1.19", "2014-06-30": "$1.02", "2014-03-31": "$0.62", "2013-12-31": "$0.94", "2013-09-30": "$1.00", "2013-06-30": "$0.69", "2013-03-31": "$0.53", "2012-12-31": "$0.76", "2012-09-30": "$0.80", "2012-06-30": "$0.62", "2012-03-31": "$0.17", "2011-12-31": "$0.33", "2011-09-30": "$0.65", "2011-06-30": "$0.53", "2011-03-31": "$0.40", "2010-12-31": "$0.55", "2010-09-30": "$0.74", "2010-06-30": "$0.54", "2010-03-31": "$0.40", "2009-12-31": "$0.49", "2009-09-30": "$0.60", "2009-06-30": "$0.41", "2009-03-31": "$0.24", "2008-12-31": "$0.34", "2008-09-30": "$0.50", "2008-06-30": "$0.55", "2008-03-31": "$0.41", "2007-12-31": "$0.45", "2007-09-30": "$0.46", "2007-06-30": "$0.44", "2007-03-31": "$0.35", "2006-12-31": "$0.34", "2006-09-30": "$0.43", "2006-06-30": "$0.36", "2006-03-31": "$0.30", "2005-12-31": "$0.27", "2005-09-30": "$0.38", "2005-06-30": "$0.31", "2005-03-31": "$0.27"}}, "shares-outstanding": {"Ecolab Annual Shares Outstanding (Millions of Shares)": {"2019": "293", "2018": "293", "2017": "294", "2016": "297", "2015": "301", "2014": "306", "2013": "305", "2012": "299", "2011": "242", "2010": "238", "2009": "240", "2008": "249", "2007": "252", "2006": "257", "2005": "260"}, "Ecolab Quarterly Shares Outstanding (Millions of Shares)": {"2020-09-30": "288", "2020-06-30": "292", "2020-03-31": "293", "2019-12-31": "293", "2019-09-30": "293", "2019-06-30": "292", "2019-03-31": "292", "2018-12-31": "293", "2018-09-30": "293", "2018-06-30": "293", "2018-03-31": "293", "2017-12-31": "294", "2017-09-30": "293", "2017-06-30": "294", "2017-03-31": "295", "2016-12-31": "297", "2016-09-30": "296", "2016-06-30": "297", "2016-03-31": "298", "2015-12-31": "301", "2015-09-30": "300", "2015-06-30": "301", "2015-03-31": "303", "2014-12-31": "306", "2014-09-30": "306", "2014-06-30": "305", "2014-03-31": "307", "2013-12-31": "305", "2013-09-30": "307", "2013-06-30": "307", "2013-03-31": "301", "2012-12-31": "299", "2012-09-30": "299", "2012-06-30": "298", "2012-03-31": "298", "2011-12-31": "242", "2011-09-30": "236", "2011-06-30": "236", "2011-03-31": "236", "2010-12-31": "238", "2010-09-30": "237", "2010-06-30": "237", "2010-03-31": "239", "2009-12-31": "240", "2009-09-30": "241", "2009-06-30": "240", "2009-03-31": "238", "2008-12-31": "249", "2008-09-30": "252", "2008-06-30": "251", "2008-03-31": "252", "2007-12-31": "252", "2007-09-30": "250", "2007-06-30": "251", "2007-03-31": "255", "2006-12-31": "257", "2006-09-30": "257", "2006-06-30": "257", "2006-03-31": "258", "2005-12-31": "260", "2005-09-30": "260", "2005-06-30": "260", "2005-03-31": "261"}}, "total-assets": {"Ecolab Annual Total Assets (Millions of US $)": {"2019": "$20,869", "2018": "$20,075", "2017": "$19,964", "2016": "$18,330", "2015": "$18,642", "2014": "$19,427", "2013": "$19,637", "2012": "$17,572", "2011": "$18,185", "2010": "$4,872", "2009": "$5,021", "2008": "$4,757", "2007": "$4,723", "2006": "$4,419", "2005": "$3,797"}, "Ecolab Quarterly Total Assets (Millions of US $)": {"2020-09-30": "$18,097", "2020-06-30": "$18,082", "2020-03-31": "$22,340", "2019-12-31": "$20,869", "2019-09-30": "$20,836", "2019-06-30": "$20,828", "2019-03-31": "$20,928", "2018-12-31": "$20,075", "2018-09-30": "$19,963", "2018-06-30": "$19,952", "2018-03-31": "$20,184", "2017-12-31": "$19,964", "2017-09-30": "$19,857", "2017-06-30": "$19,523", "2017-03-31": "$19,223", "2016-12-31": "$18,330", "2016-09-30": "$18,379", "2016-06-30": "$18,225", "2016-03-31": "$18,342", "2015-12-31": "$18,642", "2015-09-30": "$18,883", "2015-06-30": "$19,217", "2015-03-31": "$19,252", "2014-12-31": "$19,427", "2014-09-30": "$19,686", "2014-06-30": "$19,614", "2014-03-31": "$19,563", "2013-12-31": "$19,637", "2013-09-30": "$19,614", "2013-06-30": "$19,654", "2013-03-31": "$17,296", "2012-12-31": "$17,572", "2012-09-30": "$16,723", "2012-06-30": "$16,465", "2012-03-31": "$16,862", "2011-12-31": "$18,185", "2011-09-30": "$5,506", "2011-06-30": "$5,407", "2011-03-31": "$5,262", "2010-12-31": "$4,872", "2010-09-30": "$4,862", "2010-06-30": "$4,664", "2010-03-31": "$4,769", "2009-12-31": "$5,021", "2009-09-30": "$4,989", "2009-06-30": "$4,928", "2009-03-31": "$4,704", "2008-12-31": "$4,757", "2008-09-30": "$5,114", "2008-06-30": "$5,356", "2008-03-31": "$5,234", "2007-12-31": "$4,723", "2007-09-30": "$4,263", "2007-06-30": "$4,140", "2007-03-31": "$3,993", "2006-12-31": "$4,419", "2006-09-30": "$4,007", "2006-06-30": "$3,911", "2006-03-31": "$3,748", "2005-12-31": "$3,797", "2005-09-30": "$3,829", "2005-06-30": "$3,730", "2005-03-31": "$3,798"}}, "cash-on-hand": {"Ecolab Annual Cash on Hand (Millions of US $)": {"2019": "$186", "2018": "$115", "2017": "$211", "2016": "$327", "2015": "$93", "2014": "$210", "2013": "$339", "2012": "$1,158", "2011": "$1,844", "2010": "$242", "2009": "$74", "2008": "$67", "2007": "$137", "2006": "$484", "2005": "$229"}, "Ecolab Quarterly Cash on Hand (Millions of US $)": {"2020-09-30": "$1,035", "2020-06-30": "$1,369", "2020-03-31": "$1,662", "2019-12-31": "$119", "2019-09-30": "$136", "2019-06-30": "$86", "2019-03-31": "$79", "2018-12-31": "$115", "2018-09-30": "$204", "2018-06-30": "$54", "2018-03-31": "$176", "2017-12-31": "$211", "2017-09-30": "$209", "2017-06-30": "$261", "2017-03-31": "$212", "2016-12-31": "$327", "2016-09-30": "$181", "2016-06-30": "$167", "2016-03-31": "$269", "2015-12-31": "$93", "2015-09-30": "$185", "2015-06-30": "$311", "2015-03-31": "$238", "2014-12-31": "$210", "2014-09-30": "$198", "2014-06-30": "$187", "2014-03-31": "$300", "2013-12-31": "$339", "2013-09-30": "$394", "2013-06-30": "$375", "2013-03-31": "$824", "2012-12-31": "$1,158", "2012-09-30": "$324", "2012-06-30": "$305", "2012-03-31": "$354", "2011-12-31": "$1,844", "2011-09-30": "$207", "2011-06-30": "$163", "2011-03-31": "$151", "2010-12-31": "$242", "2010-09-30": "$168", "2010-06-30": "$121", "2010-03-31": "$85", "2009-12-31": "$74", "2009-09-30": "$108", "2009-06-30": "$83", "2009-03-31": "$80", "2008-12-31": "$67", "2008-09-30": "$102", "2008-06-30": "$222", "2008-03-31": "$220", "2007-12-31": "$137", "2007-09-30": "$107", "2007-06-30": "$72", "2007-03-31": "$54", "2006-12-31": "$484", "2006-09-30": "$54", "2006-06-30": "$106", "2006-03-31": "$63", "2005-12-31": "$229", "2005-09-30": "$165", "2005-06-30": "$110", "2005-03-31": "$83"}}, "long-term-debt": {"Ecolab Annual Long Term Debt (Millions of US $)": {"2019": "$5,974", "2018": "$6,302", "2017": "$6,758", "2016": "$6,146", "2015": "$4,260", "2014": "$4,843", "2013": "$6,044", "2012": "$5,736", "2011": "$6,613", "2010": "$656", "2009": "$869", "2008": "$799", "2007": "$600", "2006": "$557", "2005": "$519"}, "Ecolab Quarterly Long Term Debt (Millions of US $)": {"2020-09-30": "$6,668", "2020-06-30": "$6,752", "2020-03-31": "$6,744", "2019-12-31": "$5,973", "2019-09-30": "$5,967", "2019-06-30": "$5,987", "2019-03-31": "$6,008", "2018-12-31": "$6,302", "2018-09-30": "$6,335", "2018-06-30": "$6,343", "2018-03-31": "$6,398", "2017-12-31": "$6,758", "2017-09-30": "$6,485", "2017-06-30": "$5,909", "2017-03-31": "$5,842", "2016-12-31": "$6,146", "2016-09-30": "$5,091", "2016-06-30": "$5,097", "2016-03-31": "$5,083", "2015-12-31": "$4,260", "2015-09-30": "$5,754", "2015-06-30": "$5,124", "2015-03-31": "$5,409", "2014-12-31": "$4,843", "2014-09-30": "$4,874", "2014-06-30": "$5,539", "2014-03-31": "$5,697", "2013-12-31": "$6,044", "2013-09-30": "$6,537", "2013-06-30": "$6,635", "2013-03-31": "$5,737", "2012-12-31": "$5,736", "2012-09-30": "$5,387", "2012-06-30": "$4,879", "2012-03-31": "$4,911", "2011-12-31": "$6,613", "2011-09-30": "$700", "2011-06-30": "$703", "2011-03-31": "$684", "2010-12-31": "$656", "2010-09-30": "$647", "2010-06-30": "$637", "2010-03-31": "$678", "2009-12-31": "$869", "2009-09-30": "$850", "2009-06-30": "$843", "2009-03-31": "$798", "2008-12-31": "$799", "2008-09-30": "$859", "2008-06-30": "$876", "2008-03-31": "$865", "2007-12-31": "$600", "2007-09-30": "$570", "2007-06-30": "$564", "2007-03-31": "$557", "2006-12-31": "$557", "2006-09-30": "$543", "2006-06-30": "$545", "2006-03-31": "$522", "2005-12-31": "$519", "2005-09-30": "$539", "2005-06-30": "$538", "2005-03-31": "$567"}}, "total-liabilities": {"Ecolab Annual Total Liabilities (Millions of US $)": {"2019": "$12,143", "2018": "$12,021", "2017": "$12,310", "2016": "$11,359", "2015": "$11,661", "2014": "$12,045", "2013": "$12,227", "2012": "$11,412", "2011": "$12,444", "2010": "$2,739", "2009": "$3,011", "2008": "$3,178", "2007": "$2,787", "2006": "$2,739", "2005": "$2,147"}, "Ecolab Quarterly Total Liabilities (Millions of US $)": {"2020-09-30": "$12,048", "2020-06-30": "$12,192", "2020-03-31": "$13,479", "2019-12-31": "$12,143", "2019-09-30": "$12,223", "2019-06-30": "$12,558", "2019-03-31": "$12,661", "2018-12-31": "$12,021", "2018-09-30": "$11,980", "2018-06-30": "$12,043", "2018-03-31": "$12,514", "2017-12-31": "$12,310", "2017-09-30": "$12,558", "2017-06-30": "$12,535", "2017-03-31": "$12,345", "2016-12-31": "$11,359", "2016-09-30": "$11,437", "2016-06-30": "$11,555", "2016-03-31": "$11,690", "2015-12-31": "$11,661", "2015-09-30": "$12,041", "2015-06-30": "$12,338", "2015-03-31": "$12,316", "2014-12-31": "$12,045", "2014-09-30": "$11,920", "2014-06-30": "$12,154", "2014-03-31": "$12,290", "2013-12-31": "$12,227", "2013-09-30": "$12,768", "2013-06-30": "$12,916", "2013-03-31": "$11,064", "2012-12-31": "$11,412", "2012-09-30": "$10,697", "2012-06-30": "$10,763", "2012-03-31": "$11,057", "2011-12-31": "$12,444", "2011-09-30": "$3,035", "2011-06-30": "$3,065", "2011-03-31": "$3,048", "2010-12-31": "$2,739", "2010-09-30": "$2,894", "2010-06-30": "$2,802", "2010-03-31": "$2,901", "2009-12-31": "$3,011", "2009-09-30": "$3,019", "2009-06-30": "$3,116", "2009-03-31": "$3,112", "2008-12-31": "$3,178", "2008-09-30": "$2,881", "2008-06-30": "$3,157", "2008-03-31": "$3,175", "2007-12-31": "$2,787", "2007-09-30": "$2,562", "2007-06-30": "$2,551", "2007-03-31": "$2,392", "2006-12-31": "$2,739", "2006-09-30": "$2,244", "2006-06-30": "$2,213", "2006-03-31": "$2,060", "2005-12-31": "$2,147", "2005-09-30": "$2,184", "2005-06-30": "$2,178", "2005-03-31": "$2,267"}}, "total-share-holder-equity": {"Ecolab Annual Share Holder Equity (Millions of US $)": {"2019": "$8,726", "2018": "$8,054", "2017": "$7,654", "2016": "$6,971", "2015": "$6,980", "2014": "$7,382", "2013": "$7,409", "2012": "$6,160", "2011": "$5,741", "2010": "$2,133", "2009": "$2,010", "2008": "$1,579", "2007": "$1,936", "2006": "$1,680", "2005": "$1,649"}, "Ecolab Quarterly Share Holder Equity (Millions of US $)": {"2020-09-30": "$6,049", "2020-06-30": "$5,890", "2020-03-31": "$8,861", "2019-12-31": "$8,726", "2019-09-30": "$8,612", "2019-06-30": "$8,269", "2019-03-31": "$8,267", "2018-12-31": "$8,054", "2018-09-30": "$7,983", "2018-06-30": "$7,909", "2018-03-31": "$7,670", "2017-12-31": "$7,654", "2017-09-30": "$7,299", "2017-06-30": "$6,989", "2017-03-31": "$6,879", "2016-12-31": "$6,971", "2016-09-30": "$6,942", "2016-06-30": "$6,670", "2016-03-31": "$6,652", "2015-12-31": "$6,980", "2015-09-30": "$6,843", "2015-06-30": "$6,880", "2015-03-31": "$6,936", "2014-12-31": "$7,382", "2014-09-30": "$7,766", "2014-06-30": "$7,460", "2014-03-31": "$7,273", "2013-12-31": "$7,409", "2013-09-30": "$6,846", "2013-06-30": "$6,739", "2013-03-31": "$6,233", "2012-12-31": "$6,160", "2012-09-30": "$6,026", "2012-06-30": "$5,702", "2012-03-31": "$5,805", "2011-12-31": "$5,741", "2011-09-30": "$2,471", "2011-06-30": "$2,342", "2011-03-31": "$2,215", "2010-12-31": "$2,133", "2010-09-30": "$1,968", "2010-06-30": "$1,862", "2010-03-31": "$1,869", "2009-12-31": "$2,010", "2009-09-30": "$1,970", "2009-06-30": "$1,812", "2009-03-31": "$1,592", "2008-12-31": "$1,579", "2008-09-30": "$2,233", "2008-06-30": "$2,199", "2008-03-31": "$2,059", "2007-12-31": "$1,936", "2007-09-30": "$1,701", "2007-06-30": "$1,590", "2007-03-31": "$1,601", "2006-12-31": "$1,680", "2006-09-30": "$1,763", "2006-06-30": "$1,698", "2006-03-31": "$1,688", "2005-12-31": "$1,649", "2005-09-30": "$1,644", "2005-06-30": "$1,553", "2005-03-31": "$1,532"}}, "profit-margins": {"current": "-8.21%"}, "gross margin": {"2020-09-30": "39.87%", "2020-06-30": "40.64%", "2020-03-31": "41.60%", "2019-12-31": "41.48%", "2019-09-30": "42.40%", "2019-06-30": "41.64%", "2019-03-31": "41.22%", "2018-12-31": "41.20%", "2018-09-30": "41.54%", "2018-06-30": "41.67%", "2018-03-31": "41.44%", "2017-12-31": "41.72%", "2017-09-30": "38.39%", "2017-06-30": "40.02%", "2017-03-31": "41.34%", "2016-12-31": "42.72%", "2016-09-30": "47.13%", "2016-06-30": "46.75%", "2016-03-31": "46.88%", "2015-12-31": "46.67%", "2015-09-30": "46.63%", "2015-06-30": "46.51%", "2015-03-31": "46.45%", "2014-12-31": "46.22%", "2014-09-30": "46.00%", "2014-06-30": "45.94%", "2014-03-31": "45.75%", "2013-12-31": "45.96%", "2013-09-30": "46.92%", "2013-06-30": "46.97%", "2013-03-31": "46.97%", "2012-12-31": "46.07%", "2012-09-30": "45.43%", "2012-06-30": "45.81%", "2012-03-31": "46.62%", "2011-12-31": "48.88%", "2011-09-30": "49.56%", "2011-06-30": "49.99%", "2011-03-31": "50.34%", "2010-12-31": "50.51%", "2010-09-30": "50.45%", "2010-06-30": "50.32%", "2010-03-31": "50.08%", "2009-12-31": "49.52%", "2009-09-30": "49.01%", "2009-06-30": "48.50%", "2009-03-31": "48.38%", "2008-12-31": "48.82%", "2008-09-30": "49.33%", "2008-06-30": "49.94%", "2008-03-31": "50.40%", "2007-12-31": "50.78%", "2007-09-30": "50.85%", "2007-06-30": "50.81%", "2007-03-31": "50.70%", "2006-12-31": "50.65%", "2006-09-30": "50.42%", "2006-06-30": "50.34%", "2006-03-31": "50.43%", "2005-12-31": "50.43%"}, "operating margin": {"2020-09-30": "11.42%", "2020-06-30": "12.21%", "2020-03-31": "13.64%", "2019-12-31": "13.50%", "2019-09-30": "14.36%", "2019-06-30": "13.60%", "2019-03-31": "13.33%", "2018-12-31": "13.27%", "2018-09-30": "13.56%", "2018-06-30": "14.07%", "2018-03-31": "13.76%", "2017-12-31": "14.09%", "2017-09-30": "13.69%", "2017-06-30": "13.95%", "2017-03-31": "14.04%", "2016-12-31": "14.22%", "2016-09-30": "12.72%", "2016-06-30": "11.45%", "2016-03-31": "11.58%", "2015-12-31": "11.53%", "2015-09-30": "12.73%", "2015-06-30": "13.63%", "2015-03-31": "13.98%", "2014-12-31": "13.68%", "2014-09-30": "13.45%", "2014-06-30": "12.98%", "2014-03-31": "12.03%", "2013-12-31": "11.78%", "2013-09-30": "11.66%", "2013-06-30": "11.49%", "2013-03-31": "11.64%", "2012-12-31": "10.89%", "2012-09-30": "9.94%", "2012-06-30": "9.58%", "2012-03-31": "9.49%", "2011-12-31": "11.09%", "2011-09-30": "12.16%", "2011-06-30": "12.57%", "2011-03-31": "13.03%", "2010-12-31": "13.25%", "2010-09-30": "13.14%", "2010-06-30": "12.82%", "2010-03-31": "12.33%", "2009-12-31": "11.56%", "2009-09-30": "10.76%", "2009-06-30": "10.24%", "2009-03-31": "10.78%", "2008-12-31": "11.62%", "2008-09-30": "12.29%", "2008-06-30": "12.24%", "2008-03-31": "12.02%", "2007-12-31": "12.23%", "2007-09-30": "12.06%", "2007-06-30": "12.54%", "2007-03-31": "12.49%", "2006-12-31": "12.48%", "2006-09-30": "12.36%", "2006-06-30": "12.25%", "2006-03-31": "12.10%", "2005-12-31": "11.95%"}, "ebitda margin": {"2020-09-30": "18.43%", "2020-06-30": "19.02%", "2020-03-31": "20.21%", "2019-12-31": "20.04%", "2019-09-30": "20.35%", "2019-06-30": "19.65%", "2019-03-31": "19.76%", "2018-12-31": "19.67%", "2018-09-30": "19.94%", "2018-06-30": "20.47%", "2018-03-31": "20.18%", "2017-12-31": "20.55%", "2017-09-30": "20.17%", "2017-06-30": "20.44%", "2017-03-31": "20.51%", "2016-12-31": "20.70%", "2016-09-30": "19.16%", "2016-06-30": "17.82%", "2016-03-31": "17.98%", "2015-12-31": "17.87%", "2015-09-30": "18.99%", "2015-06-30": "19.83%", "2015-03-31": "20.11%", "2014-12-31": "19.80%", "2014-09-30": "19.59%", "2014-06-30": "19.16%", "2014-03-31": "18.21%", "2013-12-31": "17.93%", "2013-09-30": "17.81%", "2013-06-30": "17.59%", "2013-03-31": "17.71%", "2012-12-31": "16.93%", "2012-09-30": "16.00%", "2012-06-30": "15.61%", "2012-03-31": "15.45%", "2011-12-31": "16.92%", "2011-09-30": "17.87%", "2011-06-30": "18.21%", "2011-03-31": "18.75%", "2010-12-31": "18.97%", "2010-09-30": "18.82%", "2010-06-30": "18.54%", "2010-03-31": "18.01%", "2009-12-31": "17.22%", "2009-09-30": "16.41%", "2009-06-30": "15.85%", "2009-03-31": "16.28%", "2008-12-31": "17.09%", "2008-09-30": "17.74%", "2008-06-30": "17.67%", "2008-03-31": "17.42%", "2007-12-31": "17.57%", "2007-09-30": "17.38%", "2007-06-30": "17.92%", "2007-03-31": "17.93%", "2006-12-31": "17.97%", "2006-09-30": "17.92%", "2006-06-30": "17.86%", "2006-03-31": "17.73%", "2005-12-31": "17.62%"}, "pre tax profit margin": {"2020-09-30": "9.82%", "2020-06-30": "11.28%", "2020-03-31": "12.84%", "2019-12-31": "12.74%", "2019-09-30": "13.52%", "2019-06-30": "12.73%", "2019-03-31": "12.43%", "2018-12-31": "12.30%", "2018-09-30": "12.40%", "2018-06-30": "12.86%", "2018-03-31": "12.50%", "2017-12-31": "12.74%", "2017-09-30": "12.58%", "2017-06-30": "12.62%", "2017-03-31": "12.53%", "2016-12-31": "12.54%", "2016-09-30": "10.76%", "2016-06-30": "9.55%", "2016-03-31": "9.72%", "2015-12-31": "9.72%", "2015-09-30": "10.97%", "2015-06-30": "11.87%", "2015-03-31": "12.20%", "2014-12-31": "11.90%", "2014-09-30": "11.60%", "2014-06-30": "11.07%", "2014-03-31": "10.09%", "2013-12-31": "9.79%", "2013-09-30": "9.64%", "2013-06-30": "9.41%", "2013-03-31": "9.52%", "2012-12-31": "8.56%", "2012-09-30": "7.61%", "2012-06-30": "7.48%", "2012-03-31": "7.68%", "2011-12-31": "9.99%", "2011-09-30": "11.30%", "2011-06-30": "11.68%", "2011-03-31": "12.08%", "2010-12-31": "12.27%", "2010-09-30": "12.16%", "2010-06-30": "11.83%", "2010-03-31": "11.33%", "2009-12-31": "10.52%", "2009-09-30": "9.71%", "2009-06-30": "9.19%", "2009-03-31": "9.74%", "2008-12-31": "10.61%", "2008-09-30": "11.31%", "2008-06-30": "11.27%", "2008-03-31": "11.07%", "2007-12-31": "11.32%", "2007-09-30": "11.13%", "2007-06-30": "11.63%", "2007-03-31": "11.59%", "2006-12-31": "11.58%", "2006-09-30": "11.48%", "2006-06-30": "11.35%", "2006-03-31": "11.17%", "2005-12-31": "10.98%"}, "net profit margin": {"2020-09-30": "-7.53%", "2020-06-30": "-5.92%", "2020-03-31": "10.32%", "2019-12-31": "10.47%", "2019-09-30": "11.16%", "2019-06-30": "10.55%", "2019-03-31": "10.05%", "2018-12-31": "9.73%", "2018-09-30": "10.96%", "2018-06-30": "10.81%", "2018-03-31": "10.59%", "2017-12-31": "10.88%", "2017-09-30": "9.66%", "2017-06-30": "9.65%", "2017-03-31": "9.47%", "2016-12-31": "9.35%", "2016-09-30": "8.11%", "2016-06-30": "7.20%", "2016-03-31": "7.49%", "2015-12-31": "7.40%", "2015-09-30": "8.17%", "2015-06-30": "8.79%", "2015-03-31": "8.74%", "2014-12-31": "8.42%", "2014-09-30": "8.15%", "2014-06-30": "7.86%", "2014-03-31": "7.28%", "2013-12-31": "7.30%", "2013-09-30": "7.16%", "2013-06-30": "6.86%", "2013-03-31": "6.84%", "2012-12-31": "5.95%", "2012-09-30": "5.28%", "2012-06-30": "5.11%", "2012-03-31": "5.18%", "2011-12-31": "6.81%", "2011-09-30": "7.73%", "2011-06-30": "8.26%", "2011-03-31": "8.55%", "2010-12-31": "8.70%", "2010-09-30": "8.47%", "2010-06-30": "8.02%", "2010-03-31": "7.62%", "2009-12-31": "7.07%", "2009-09-30": "6.55%", "2009-06-30": "6.14%", "2009-03-31": "6.67%", "2008-12-31": "7.30%", "2008-09-30": "7.89%", "2008-06-30": "7.97%", "2008-03-31": "7.76%", "2007-12-31": "7.81%", "2007-09-30": "7.57%", "2007-06-30": "7.68%", "2007-03-31": "7.55%", "2006-12-31": "7.52%", "2006-09-30": "7.39%", "2006-06-30": "7.31%", "2006-03-31": "7.15%", "2005-12-31": "7.03%"}, "pe ratio": {"current": "46.36", "2021-02-05": "0.00", "2020-09-30": "0.00", "2020-06-30": "0.00", "2020-03-31": "29.26", "2019-12-31": "35.86", "2019-09-30": "37.55", "2019-06-30": "38.15", "2019-03-31": "34.44", "2018-12-31": "29.67", "2018-09-30": "28.12", "2018-06-30": "25.77", "2018-03-31": "26.03", "2017-12-31": "25.30", "2017-09-30": "27.93", "2017-06-30": "29.21", "2017-03-31": "28.41", "2016-12-31": "27.07", "2016-09-30": "32.30", "2016-06-30": "35.41", "2016-03-31": "31.90", "2015-12-31": "32.61", "2015-09-30": "27.76", "2015-06-30": "26.20", "2015-03-31": "26.30", "2014-12-31": "24.88", "2014-09-30": "28.47", "2014-06-30": "29.01", "2014-03-31": "30.92", "2013-12-31": "30.63", "2013-09-30": "30.49", "2013-06-30": "28.11", "2013-03-31": "27.07", "2012-12-31": "27.89", "2012-09-30": "30.64", "2012-06-30": "35.02", "2012-03-31": "33.12", "2011-12-31": "27.22", "2011-09-30": "20.58", "2011-06-30": "22.69", "2011-03-31": "20.29", "2010-12-31": "19.98", "2010-09-30": "20.77", "2010-06-30": "19.59", "2010-03-31": "20.53", "2009-12-31": "22.67", "2009-09-30": "25.65", "2009-06-30": "23.02", "2009-03-31": "18.66", "2008-12-31": "17.02", "2008-09-30": "21.93", "2008-06-30": "19.79", "2008-03-31": "21.18", "2007-12-31": "25.78", "2007-09-30": "25.34", "2007-06-30": "23.31", "2007-03-31": "24.67", "2006-12-31": "26.77"}, "price sales": {"2021-02-05": "4.34", "2020-09-30": "4.07", "2020-06-30": "3.99", "2020-03-31": "3.02", "2019-12-31": "3.75", "2019-09-30": "4.19", "2019-06-30": "4.02", "2019-03-31": "3.46", "2018-12-31": "2.89", "2018-09-30": "3.09", "2018-06-30": "2.79", "2018-03-31": "2.77", "2017-12-31": "2.76", "2017-09-30": "2.71", "2017-06-30": "2.83", "2017-03-31": "2.70", "2016-12-31": "2.53", "2016-09-30": "2.62", "2016-06-30": "2.54", "2016-03-31": "2.38", "2015-12-31": "2.41", "2015-09-30": "2.27", "2015-06-30": "2.30", "2015-03-31": "2.30", "2014-12-31": "2.09", "2014-09-30": "2.31", "2014-06-30": "2.27", "2014-03-31": "2.24", "2013-12-31": "2.22", "2013-09-30": "2.17", "2013-06-30": "1.93", "2013-03-31": "1.85", "2012-12-31": "1.66", "2012-09-30": "1.59", "2012-06-30": "1.82", "2012-03-31": "1.77", "2011-12-31": "1.83", "2011-09-30": "1.59", "2011-06-30": "1.88", "2011-03-31": "1.75", "2010-12-31": "1.75", "2010-09-30": "1.77", "2010-06-30": "1.57", "2010-03-31": "1.55", "2009-12-31": "1.59", "2009-09-30": "1.68", "2009-06-30": "1.41", "2009-03-31": "1.24", "2008-12-31": "1.25", "2008-09-30": "1.73", "2008-06-30": "1.58", "2008-03-31": "1.65", "2007-12-31": "2.02", "2007-09-30": "1.92", "2007-06-30": "1.79", "2007-03-31": "1.86", "2006-12-31": "2.01"}, "price book": {"current": "10.04", "2021-02-05": "10.04", "2020-09-30": "9.41", "2020-06-30": "9.60", "2020-03-31": "5.05", "2019-12-31": "6.32", "2019-09-30": "6.55", "2019-06-30": "6.77", "2019-03-31": "6.05", "2018-12-31": "5.16", "2018-09-30": "5.55", "2018-06-30": "5.00", "2018-03-31": "5.01", "2017-12-31": "4.92", "2017-09-30": "4.92", "2017-06-30": "5.30", "2017-03-31": "5.08", "2016-12-31": "4.70", "2016-09-30": "4.88", "2016-06-30": "4.94", "2016-03-31": "4.67", "2015-12-31": "4.59", "2015-09-30": "4.47", "2015-06-30": "4.56", "2015-03-31": "4.61", "2014-12-31": "3.97", "2014-09-30": "4.14", "2014-06-30": "4.16", "2014-03-31": "4.14", "2013-12-31": "3.92", "2013-09-30": "4.01", "2013-06-30": "3.51", "2013-03-31": "3.50", "2012-12-31": "3.15", "2012-09-30": "2.87", "2012-06-30": "3.20", "2012-03-31": "2.81", "2011-12-31": "2.66", "2011-09-30": "4.14", "2011-06-30": "5.01", "2011-03-31": "4.78", "2010-12-31": "4.90", "2010-09-30": "5.31", "2010-06-30": "4.99", "2010-03-31": "4.86", "2009-12-31": "4.62", "2009-09-30": "4.89", "2009-06-30": "4.45", "2009-03-31": "4.49", "2008-12-31": "4.56", "2008-09-30": "4.65", "2008-06-30": "4.16", "2008-03-31": "4.47", "2007-12-31": "5.59", "2007-09-30": "5.82", "2007-06-30": "5.61", "2007-03-31": "5.66", "2006-12-31": "5.73", "2006-09-30": "5.15", "2006-06-30": "5.07", "2006-03-31": "4.82"}, "price fcf": {"2021-02-05": "", "2020-09-30": "$4.76", "2020-06-30": "$5.34", "2020-03-31": "$5.64", "2019-12-31": "$5.58", "2019-09-30": "$5.87", "2019-06-30": "$5.62", "2019-03-31": "$4.68", "2018-12-31": "$4.99", "2018-09-30": "$4.16", "2018-06-30": "$3.91", "2018-03-31": "$4.29", "2017-12-31": "$4.20", "2017-09-30": "$3.59", "2017-06-30": "$3.85", "2017-03-31": "$3.86", "2016-12-31": "$4.09", "2016-09-30": "$4.63", "2016-06-30": "$4.87", "2016-03-31": "$5.27", "2015-12-31": "$3.98", "2015-09-30": "$4.07", "2015-06-30": "$3.72", "2015-03-31": "$2.98", "2014-12-31": "$3.38", "2014-09-30": "$3.48", "2014-06-30": "$3.29", "2014-03-31": "$3.04", "2013-12-31": "$3.00", "2013-09-30": "$2.57", "2013-06-30": "$2.56", "2013-03-31": "$2.27", "2012-12-31": "$2.05", "2012-09-30": "$1.13", "2012-06-30": "$0.56", "2012-03-31": "$1.35", "2011-12-31": "$1.33", "2011-09-30": "$2.24", "2011-06-30": "$2.45", "2011-03-31": "$2.37", "2010-12-31": "$2.76", "2010-09-30": "$2.10", "2010-06-30": "$1.90", "2010-03-31": "$2.16", "2009-12-31": "$1.71", "2009-09-30": "$2.06", "2009-06-30": "$1.74", "2009-03-31": "$1.27", "2008-12-31": "$1.58", "2008-09-30": "$1.52", "2008-06-30": "$1.68", "2008-03-31": "$1.87", "2007-12-31": "$1.76", "2007-09-30": "$1.72", "2007-06-30": "$1.78", "2007-03-31": "$1.59", "2006-12-31": "$1.29"}, "net worth": {"value": "$60.74B"}, "current ratio": {"current": "1.61", "2020-09-30": "1.61", "2020-06-30": "1.60", "2020-03-31": "1.51", "2019-12-31": "1.33", "2019-09-30": "1.24", "2019-06-30": "1.18", "2019-03-31": "1.14", "2018-12-31": "1.27", "2018-09-30": "1.34", "2018-06-30": "1.27", "2018-03-31": "1.15", "2017-12-31": "1.32", "2017-09-30": "1.23", "2017-06-30": "1.05", "2017-03-31": "1.02", "2016-12-31": "1.42", "2016-09-30": "1.00", "2016-06-30": "0.97", "2016-03-31": "1.01", "2015-12-31": "0.93", "2015-09-30": "1.31", "2015-06-30": "1.12", "2015-03-31": "1.19", "2014-12-31": "1.11", "2014-09-30": "1.09", "2014-06-30": "1.20", "2014-03-31": "1.21", "2013-12-31": "1.35", "2013-09-30": "1.50", "2013-06-30": "1.45", "2013-03-31": "1.72", "2012-12-31": "1.60", "2012-09-30": "1.45", "2012-06-30": "1.13", "2012-03-31": "1.13", "2011-12-31": "1.70", "2011-09-30": "1.29", "2011-06-30": "1.22", "2011-03-31": "1.15", "2010-12-31": "1.41", "2010-09-30": "1.29", "2010-06-30": "1.30", "2010-03-31": "1.25", "2009-12-31": "1.45", "2009-09-30": "1.41", "2009-06-30": "1.31", "2009-03-31": "1.18", "2008-12-31": "1.17", "2008-09-30": "1.42", "2008-06-30": "1.28", "2008-03-31": "1.18", "2007-12-31": "1.13", "2007-09-30": "1.21", "2007-06-30": "1.20", "2007-03-31": "1.27", "2006-12-31": "1.23", "2006-09-30": "1.23", "2006-06-30": "1.24", "2006-03-31": "1.28", "2005-12-31": "1.27", "2005-09-30": "1.36", "2005-06-30": "1.27", "2005-03-31": "1.21"}, "quick ratio": {"2020-09-30": "1.19", "2020-06-30": "1.22", "2020-03-31": "1.15", "2019-12-31": "1.03", "2019-09-30": "0.84", "2019-06-30": "0.78", "2019-03-31": "0.75", "2018-12-31": "0.85", "2018-09-30": "0.90", "2018-06-30": "0.84", "2018-03-31": "0.77", "2017-12-31": "0.91", "2017-09-30": "0.83", "2017-06-30": "0.71", "2017-03-31": "0.69", "2016-12-31": "0.98", "2016-09-30": "0.68", "2016-06-30": "0.65", "2016-03-31": "0.68", "2015-12-31": "0.64", "2015-09-30": "0.90", "2015-06-30": "0.79", "2015-03-31": "0.83", "2014-12-31": "0.78", "2014-09-30": "0.77", "2014-06-30": "0.85", "2014-03-31": "0.85", "2013-12-31": "0.97", "2013-09-30": "1.07", "2013-06-30": "1.02", "2013-03-31": "1.29", "2012-12-31": "1.25", "2012-09-30": "1.05", "2012-06-30": "0.82", "2012-03-31": "0.82", "2011-12-31": "1.37", "2011-09-30": "0.98", "2011-06-30": "0.91", "2011-03-31": "0.85", "2010-12-31": "1.07", "2010-09-30": "0.97", "2010-06-30": "0.97", "2010-03-31": "0.91", "2009-12-31": "1.06", "2009-09-30": "1.04", "2009-06-30": "0.95", "2009-03-31": "0.86", "2008-12-31": "0.85", "2008-09-30": "1.04", "2008-06-30": "0.96", "2008-03-31": "0.88", "2007-12-31": "0.83", "2007-09-30": "0.92", "2007-06-30": "0.90", "2007-03-31": "0.95", "2006-12-31": "0.99", "2006-09-30": "0.92", "2006-06-30": "0.94", "2006-03-31": "0.94", "2005-12-31": "0.98", "2005-09-30": "1.04", "2005-06-30": "0.96", "2005-03-31": "0.90"}, "debt equity ratio": {"current": "1.10", "2020-09-30": "1.99", "2020-06-30": "2.07", "2020-03-31": "1.52", "2019-12-31": "1.39", "2019-09-30": "1.42", "2019-06-30": "1.52", "2019-03-31": "1.53", "2018-12-31": "1.49", "2018-09-30": "1.50", "2018-06-30": "1.52", "2018-03-31": "1.63", "2017-12-31": "1.61", "2017-09-30": "1.72", "2017-06-30": "1.79", "2017-03-31": "1.80", "2016-12-31": "1.63", "2016-09-30": "1.65", "2016-06-30": "1.73", "2016-03-31": "1.76", "2015-12-31": "1.67", "2015-09-30": "1.76", "2015-06-30": "1.79", "2015-03-31": "1.78", "2014-12-31": "1.63", "2014-09-30": "1.54", "2014-06-30": "1.63", "2014-03-31": "1.69", "2013-12-31": "1.65", "2013-09-30": "1.87", "2013-06-30": "1.92", "2013-03-31": "1.78", "2012-12-31": "1.85", "2012-09-30": "1.78", "2012-06-30": "1.89", "2012-03-31": "1.91", "2011-12-31": "2.17", "2011-09-30": "1.23", "2011-06-30": "1.31", "2011-03-31": "1.38", "2010-12-31": "1.28", "2010-09-30": "1.47", "2010-06-30": "1.51", "2010-03-31": "1.55", "2009-12-31": "1.50", "2009-09-30": "1.53", "2009-06-30": "1.72", "2009-03-31": "1.95", "2008-12-31": "2.01", "2008-09-30": "1.29", "2008-06-30": "1.44", "2008-03-31": "1.54", "2007-12-31": "1.44", "2007-09-30": "1.51", "2007-06-30": "1.61", "2007-03-31": "1.49", "2006-12-31": "1.63", "2006-09-30": "1.27", "2006-06-30": "1.30", "2006-03-31": "1.22", "2005-12-31": "1.30", "2005-09-30": "1.33", "2005-06-30": "1.40", "2005-03-31": "1.48"}, "return on equity": {"2020-09-30": "-14.58%", "2020-06-30": "-10.70%", "2020-03-31": "17.94%", "2019-12-31": "18.42%", "2019-09-30": "18.37%", "2019-06-30": "18.37%", "2019-03-31": "18.35%", "2018-12-31": "18.07%", "2018-09-30": "20.45%", "2018-06-30": "20.36%", "2018-03-31": "20.24%", "2017-12-31": "20.89%", "2017-09-30": "18.59%", "2017-06-30": "18.56%", "2017-03-31": "18.24%", "2016-12-31": "18.05%", "2016-09-30": "15.74%", "2016-06-30": "14.09%", "2016-03-31": "14.62%", "2015-12-31": "14.50%", "2015-09-30": "16.10%", "2015-06-30": "17.07%", "2015-03-31": "16.86%", "2014-12-31": "16.10%", "2014-09-30": "15.43%", "2014-06-30": "15.14%", "2014-03-31": "14.14%", "2013-12-31": "14.22%", "2013-09-30": "14.04%", "2013-06-30": "13.39%", "2013-03-31": "13.50%", "2012-12-31": "11.89%", "2012-09-30": "9.66%", "2012-06-30": "9.70%", "2012-03-31": "10.25%", "2011-12-31": "14.50%", "2011-09-30": "22.05%", "2011-06-30": "24.26%", "2011-03-31": "25.83%", "2010-12-31": "27.07%", "2010-09-30": "26.72%", "2010-06-30": "25.21%", "2010-03-31": "23.81%", "2009-12-31": "22.59%", "2009-09-30": "21.92%", "2009-06-30": "20.07%", "2009-03-31": "21.15%", "2008-12-31": "22.21%", "2008-09-30": "22.83%", "2008-06-30": "23.76%", "2008-03-31": "24.16%", "2007-12-31": "25.01%", "2007-09-30": "24.41%", "2007-06-30": "23.94%", "2007-03-31": "22.55%", "2006-12-31": "21.56%", "2006-09-30": "20.71%", "2006-06-30": "20.36%", "2006-03-31": "20.08%", "2005-12-31": "20.01%"}, "return on assets": {"2020-09-30": "-5.42%", "2020-06-30": "-4.18%", "2020-03-31": "7.29%", "2019-12-31": "7.48%", "2019-09-30": "7.38%", "2019-06-30": "7.32%", "2019-03-31": "7.31%", "2018-12-31": "7.12%", "2018-09-30": "7.97%", "2018-06-30": "7.77%", "2018-03-31": "7.53%", "2017-12-31": "7.66%", "2017-09-30": "6.80%", "2017-06-30": "6.83%", "2017-03-31": "6.75%", "2016-12-31": "6.71%", "2016-09-30": "5.83%", "2016-06-30": "5.16%", "2016-03-31": "5.33%", "2015-12-31": "5.27%", "2015-09-30": "5.88%", "2015-06-30": "6.37%", "2015-03-31": "6.39%", "2014-12-31": "6.15%", "2014-09-30": "5.88%", "2014-06-30": "5.59%", "2014-03-31": "5.09%", "2013-12-31": "5.08%", "2013-09-30": "4.92%", "2013-06-30": "4.73%", "2013-03-31": "4.78%", "2012-12-31": "4.16%", "2012-09-30": "3.29%", "2012-06-30": "3.35%", "2012-03-31": "3.65%", "2011-12-31": "5.39%", "2011-09-30": "9.60%", "2011-06-30": "10.29%", "2011-03-31": "10.74%", "2010-12-31": "11.06%", "2010-09-30": "10.66%", "2010-06-30": "10.00%", "2010-03-31": "9.26%", "2009-12-31": "8.49%", "2009-09-30": "7.86%", "2009-06-30": "7.42%", "2009-03-31": "8.07%", "2008-12-31": "8.76%", "2008-09-30": "9.42%", "2008-06-30": "9.58%", "2008-03-31": "9.59%", "2007-12-31": "9.98%", "2007-09-30": "9.54%", "2007-06-30": "9.59%", "2007-03-31": "9.31%", "2006-12-31": "9.15%", "2006-09-30": "9.11%", "2006-06-30": "8.90%", "2006-03-31": "8.69%", "2005-12-31": "8.42%"}, "return on investments": {"2020-09-30": "11.73%", "2020-06-30": "12.31%", "2020-03-31": "13.82%", "2019-12-31": "13.93%", "2019-09-30": "13.66%", "2019-06-30": "13.49%", "2019-03-31": "13.71%", "2018-12-31": "13.66%", "2018-09-30": "13.84%", "2018-06-30": "14.31%", "2018-03-31": "14.12%", "2017-12-31": "14.49%", "2017-09-30": "14.11%", "2017-06-30": "14.68%", "2017-03-31": "14.96%", "2016-12-31": "15.37%", "2016-09-30": "14.37%", "2016-06-30": "12.84%", "2016-03-31": "12.99%", "2015-12-31": "12.97%", "2015-09-30": "14.31%", "2015-06-30": "15.58%", "2015-03-31": "15.86%", "2014-12-31": "15.38%", "2014-09-30": "14.64%", "2014-06-30": "13.71%", "2014-03-31": "12.41%", "2013-12-31": "11.97%", "2013-09-30": "11.74%", "2013-06-30": "11.60%", "2013-03-31": "12.08%", "2012-12-31": "11.56%", "2012-09-30": "9.38%", "2012-06-30": "9.73%", "2012-03-31": "10.49%", "2011-12-31": "14.05%", "2011-09-30": "26.68%", "2011-06-30": "28.16%", "2011-03-31": "29.81%", "2010-12-31": "30.89%", "2010-09-30": "30.33%", "2010-06-30": "28.93%", "2010-03-31": "27.09%", "2009-12-31": "25.39%", "2009-09-30": "24.45%", "2009-06-30": "22.97%", "2009-03-31": "23.77%", "2008-12-31": "24.86%", "2008-09-30": "25.77%", "2008-06-30": "26.65%", "2008-03-31": "27.60%", "2007-12-31": "29.34%", "2007-09-30": "28.98%", "2007-06-30": "29.27%", "2007-03-31": "28.08%", "2006-12-31": "27.16%", "2006-09-30": "26.39%", "2006-06-30": "25.89%", "2006-03-31": "25.65%", "2005-12-31": "25.38%"}, "return on tangible equity": {"2020-09-30": "56.97%", "2020-06-30": "49.31%", "2020-03-31": "-90.78%", "2019-12-31": "-80.16%", "2019-09-30": "-56.30%", "2019-06-30": "-52.43%", "2019-03-31": "-49.83%", "2018-12-31": "-45.42%", "2018-09-30": "-48.06%", "2018-06-30": "-43.58%", "2018-03-31": "-39.56%", "2017-12-31": "-38.45%", "2017-09-30": "-34.07%", "2017-06-30": "-34.49%", "2017-03-31": "-34.10%", "2016-12-31": "-34.17%", "2016-09-30": "-29.02%", "2016-06-30": "-25.30%", "2016-03-31": "-26.37%", "2015-12-31": "-26.31%", "2015-09-30": "-29.31%", "2015-06-30": "-32.43%", "2015-03-31": "-32.30%", "2014-12-31": "-30.49%", "2014-09-30": "-28.44%", "2014-06-30": "-25.25%", "2014-03-31": "-21.70%", "2013-12-31": "-21.72%", "2013-09-30": "-20.98%", "2013-06-30": "-20.36%", "2013-03-31": "-20.69%", "2012-12-31": "-17.16%", "2012-09-30": "-13.22%", "2012-06-30": "-15.32%", "2012-03-31": "-21.45%", "2011-12-31": "-59.32%", "2011-09-30": "112.98%", "2011-06-30": "131.00%", "2011-03-31": "140.24%", "2010-12-31": "148.56%", "2010-09-30": "173.25%", "2010-06-30": "174.51%", "2010-03-31": "194.46%", "2009-12-31": "231.35%", "2009-09-30": "360.28%", "2009-06-30": "233.55%", "2009-03-31": "185.25%", "2008-12-31": "162.03%", "2008-09-30": "132.78%", "2008-06-30": "139.07%", "2008-03-31": "139.57%", "2007-12-31": "126.99%", "2007-09-30": "111.62%", "2007-06-30": "101.15%", "2007-03-31": "84.73%", "2006-12-31": "73.49%", "2006-09-30": "67.30%", "2006-06-30": "66.67%", "2006-03-31": "69.20%", "2005-12-31": "77.33%"}, "dividend yield history": {"last payout": "$1.92", "last yield": "0.90%"}}