{"ticker": "EFX", "price": {"title": "Equifax Historical Annual Stock Price Data", "value": 176.95, "historical": {"2021": {"Average Stock Price": "180.7779", "Year Open": "187.9600", "Year High": "189.8800", "Year Low": "176.0200", "Year Close": "176.9500", "Annual % Change": "-8.24%"}, "2020": {"Average Stock Price": "156.4987", "Year Open": "142.3900", "Year High": "195.1700", "Year Low": "104.6200", "Year Close": "192.8400", "Annual % Change": "37.62%"}, "2019": {"Average Stock Price": "128.1540", "Year Open": "93.0400", "Year High": "146.7800", "Year Low": "91.3400", "Year Close": "140.1200", "Annual % Change": "50.46%"}, "2018": {"Average Stock Price": "118.8081", "Year Open": "119.5400", "Year High": "138.0600", "Year Low": "90.0000", "Year Close": "93.1300", "Annual % Change": "-21.02%"}, "2017": {"Average Stock Price": "127.2768", "Year Open": "118.7600", "Year High": "146.2600", "Year Low": "92.9800", "Year Close": "117.9200", "Annual % Change": "-0.26%"}, "2016": {"Average Stock Price": "120.4574", "Year Open": "109.4500", "Year High": "136.4300", "Year Low": "93.2200", "Year Close": "118.2300", "Annual % Change": "6.16%"}, "2015": {"Average Stock Price": "98.5316", "Year Open": "81.3200", "Year High": "113.6100", "Year Low": "80.0000", "Year Close": "111.3700", "Annual % Change": "37.71%"}, "2014": {"Average Stock Price": "73.4609", "Year Open": "68.4500", "Year High": "82.1500", "Year Low": "65.0400", "Year Close": "80.8700", "Annual % Change": "17.05%"}, "2013": {"Average Stock Price": "60.8937", "Year Open": "54.7400", "Year High": "69.3500", "Year Low": "53.1300", "Year Close": "69.0900", "Annual % Change": "27.66%"}, "2012": {"Average Stock Price": "46.2333", "Year Open": "38.8300", "Year High": "54.9300", "Year Low": "38.4200", "Year Close": "54.1200", "Annual % Change": "39.70%"}, "2011": {"Average Stock Price": "35.1836", "Year Open": "36.2400", "Year High": "39.8100", "Year Low": "28.7900", "Year Close": "38.7400", "Annual % Change": "8.82%"}, "2010": {"Average Stock Price": "32.2955", "Year Open": "31.4700", "Year High": "36.4000", "Year Low": "27.7800", "Year Close": "35.6000", "Annual % Change": "15.25%"}, "2009": {"Average Stock Price": "26.8521", "Year Open": "27.6500", "Year High": "31.5000", "Year Low": "19.7900", "Year Close": "30.8900", "Annual % Change": "16.48%"}, "2008": {"Average Stock Price": "32.8134", "Year Open": "35.0700", "Year High": "39.6800", "Year Low": "19.9900", "Year Close": "26.5200", "Annual % Change": "-27.06%"}, "2007": {"Average Stock Price": "39.5594", "Year Open": "40.0100", "Year High": "46.2600", "Year Low": "35.3300", "Year Close": "36.3600", "Annual % Change": "-10.44%"}, "2006": {"Average Stock Price": "36.3948", "Year Open": "38.5000", "Year High": "41.3800", "Year Low": "31.2900", "Year Close": "40.6000", "Annual % Change": "6.79%"}, "2005": {"Average Stock Price": "33.7772", "Year Open": "28.6600", "Year High": "38.7600", "Year Low": "27.2300", "Year Close": "38.0200", "Annual % Change": "35.30%"}, "2004": {"Average Stock Price": "25.6546", "Year Open": "23.9700", "Year High": "28.3800", "Year Low": "23.2500", "Year Close": "28.1000", "Annual % Change": "14.69%"}, "2003": {"Average Stock Price": "22.9499", "Year Open": "23.9400", "Year High": "27.4500", "Year Low": "18.2100", "Year Close": "24.5000", "Annual % Change": "5.88%"}, "2002": {"Average Stock Price": "25.2076", "Year Open": "24.3100", "Year High": "30.8900", "Year Low": "19.6100", "Year Close": "23.1400", "Annual % Change": "-4.18%"}, "2001": {"Average Stock Price": "28.1538", "Year Open": "28.0000", "Year High": "38.2100", "Year Low": "20.4700", "Year Close": "24.1500", "Annual % Change": "-15.82%"}, "2000": {"Average Stock Price": "26.2144", "Year Open": "22.2800", "Year High": "35.3800", "Year Low": "19.7900", "Year Close": "28.6900", "Annual % Change": "22.29%"}, "1999": {"Average Stock Price": "31.8510", "Year Open": "33.5600", "Year High": "39.6200", "Year Low": "20.4700", "Year Close": "23.4600", "Annual % Change": "-31.38%"}, "1998": {"Average Stock Price": "37.5437", "Year Open": "35.3100", "Year High": "44.9400", "Year Low": "31.6900", "Year Close": "34.1900", "Annual % Change": "-3.53%"}, "1997": {"Average Stock Price": "31.6298", "Year Open": "30.5000", "Year High": "37.1900", "Year Low": "26.7500", "Year Close": "35.4400", "Annual % Change": "15.74%"}, "1996": {"Average Stock Price": "25.2436", "Year Open": "22.3800", "Year High": "34.0000", "Year Low": "18.2500", "Year Close": "30.6200", "Annual % Change": "43.22%"}, "1995": {"Average Stock Price": "17.5808", "Year Open": "13.0000", "Year High": "21.3800", "Year Low": "12.6900", "Year Close": "21.3800", "Annual % Change": "62.09%"}, "1994": {"Average Stock Price": "13.5669", "Year Open": "13.6250", "Year High": "15.1250", "Year Low": "11.0600", "Year Close": "13.1900", "Annual % Change": "-3.65%"}, "1993": {"Average Stock Price": "10.9882", "Year Open": "10.2500", "Year High": "13.6900", "Year Low": "8.7500", "Year Close": "13.6900", "Annual % Change": "32.78%"}, "1992": {"Average Stock Price": "8.4570", "Year Open": "7.7500", "Year High": "10.3100", "Year Low": "7.2500", "Year Close": "10.3100", "Annual % Change": "29.85%"}, "1991": {"Average Stock Price": "8.7086", "Year Open": "7.5600", "Year High": "10.5600", "Year Low": "6.6900", "Year Close": "7.9400", "Annual % Change": "-2.28%"}, "1990": {"Average Stock Price": "8.5506", "Year Open": "7.9400", "Year High": "11.0600", "Year Low": "6.7500", "Year Close": "8.1250", "Annual % Change": "1.56%"}, "1989": {"Average Stock Price": "8.0599", "Year Open": "6.7800", "Year High": "9.9050", "Year Low": "6.5625", "Year Close": "8.0000", "Annual % Change": "17.99%"}, "1988": {"Average Stock Price": "6.8237", "Year Open": "6.7500", "Year High": "8.1250", "Year Low": "6.1550", "Year Close": "6.7800", "Annual % Change": "-2.27%"}, "1987": {"Average Stock Price": "6.1313", "Year Open": "5.4375", "Year High": "7.7800", "Year Low": "4.5000", "Year Close": "6.9375", "Annual % Change": "27.59%"}}}, "market cap": {"value": "$22.29B"}, "income statement": {"Revenue": {"2019-12-31": "3507.60000", "2018-12-31": "3412.10000", "2017-12-31": "3362.20000", "2016-12-31": "3144.90000", "2015-12-31": "2663.60000", "2014-12-31": "2436.40000", "2013-12-31": "2303.90000", "2012-12-31": "2073.00000", "2011-12-31": "1893.20000", "2010-12-31": "1859.50000", "2009-12-31": "1716.00000", "2008-12-31": "1813.60000", "2007-12-31": "1843.00000", "2006-12-31": "1546.30000", "2005-12-31": "1443.40000"}, "Cost Of Goods Sold": {"2019-12-31": "1521.70000", "2018-12-31": "1440.40000", "2017-12-31": "1210.70000", "2016-12-31": "1113.40000", "2015-12-31": "887.40000", "2014-12-31": "844.70000", "2013-12-31": "787.30000", "2012-12-31": "759.50000", "2011-12-31": "703.90000", "2010-12-31": "759.90000", "2009-12-31": "718.80000", "2008-12-31": "741.80000", "2007-12-31": "757.40000", "2006-12-31": "626.40000", "2005-12-31": "594.20000"}, "Gross Profit": {"2019-12-31": "1985.90000", "2018-12-31": "1971.70000", "2017-12-31": "2151.50000", "2016-12-31": "2031.50000", "2015-12-31": "1776.20000", "2014-12-31": "1591.70000", "2013-12-31": "1516.60000", "2012-12-31": "1313.50000", "2011-12-31": "1189.30000", "2010-12-31": "1099.60000", "2009-12-31": "997.20000", "2008-12-31": "1071.80000", "2007-12-31": "1085.60000", "2006-12-31": "919.90000", "2005-12-31": "849.20000"}, "Research And Development Expenses": {"2019-12-31": "", "2018-12-31": "", "2017-12-31": "", "2016-12-31": "", "2015-12-31": "", "2014-12-31": "", "2013-12-31": "", "2012-12-31": "", "2011-12-31": "", "2010-12-31": "", "2009-12-31": "", "2008-12-31": "", "2007-12-31": "", "2006-12-31": "", "2005-12-31": ""}, "SG&A Expenses": {"2019-12-31": "1990.20000", "2018-12-31": "1213.30000", "2017-12-31": "1032.00000", "2016-12-31": "941.00000", "2015-12-31": "884.30000", "2014-12-31": "751.70000", "2013-12-31": "715.80000", "2012-12-31": "673.50000", "2011-12-31": "560.10000", "2010-12-31": "507.40000", "2009-12-31": "470.20000", "2008-12-31": "490.60000", "2007-12-31": "471.70000", "2006-12-31": "401.00000", "2005-12-31": "345.00000"}, "Other Operating Income Or Expenses": {"2019-12-31": "", "2018-12-31": "", "2017-12-31": "", "2016-12-31": "", "2015-12-31": "", "2014-12-31": "", "2013-12-31": "", "2012-12-31": "", "2011-12-31": "", "2010-12-31": "", "2009-12-31": "", "2008-12-31": "", "2007-12-31": "", "2006-12-31": "", "2005-12-31": ""}, "Operating Expenses": {"2019-12-31": "3843.00000", "2018-12-31": "2964.10000", "2017-12-31": "2530.50000", "2016-12-31": "2319.80000", "2015-12-31": "1969.70000", "2014-12-31": "1798.20000", "2013-12-31": "1692.70000", "2012-12-31": "1593.00000", "2011-12-31": "1424.60000", "2010-12-31": "1429.50000", "2009-12-31": "1334.20000", "2008-12-31": "1374.60000", "2007-12-31": "1356.80000", "2006-12-31": "1110.20000", "2005-12-31": "1021.40000"}, "Operating Income": {"2019-12-31": "-335.39990", "2018-12-31": "448.00000", "2017-12-31": "831.70000", "2016-12-31": "825.09990", "2015-12-31": "693.90010", "2014-12-31": "638.20000", "2013-12-31": "611.20000", "2012-12-31": "480.00000", "2011-12-31": "468.60000", "2010-12-31": "430.00000", "2009-12-31": "381.80000", "2008-12-31": "439.00000", "2007-12-31": "486.20000", "2006-12-31": "436.10010", "2005-12-31": "422.00000"}, "Total Non-Operating Income/Expense": {"2019-12-31": "-97.60000", "2018-12-31": "-91.70000", "2017-12-31": "-85.10000", "2016-12-31": "-96.90000", "2015-12-31": "-57.30000", "2014-12-31": "-64.00000", "2013-12-31": "-80.80000", "2012-12-31": "-48.70000", "2011-12-31": "-62.70000", "2010-12-31": "-54.80000", "2009-12-31": "-50.80000", "2008-12-31": "-65.10000", "2007-12-31": "-55.50000", "2006-12-31": "-20.20000", "2005-12-31": "-31.30000"}, "Pre-Tax Income": {"2019-12-31": "-433.00000", "2018-12-31": "356.30000", "2017-12-31": "746.60000", "2016-12-31": "728.20000", "2015-12-31": "636.60000", "2014-12-31": "574.20000", "2013-12-31": "530.40000", "2012-12-31": "431.30000", "2011-12-31": "405.90000", "2010-12-31": "375.20000", "2009-12-31": "331.00000", "2008-12-31": "373.90000", "2007-12-31": "430.70000", "2006-12-31": "415.90000", "2005-12-31": "390.70000"}, "Income Taxes": {"2019-12-31": "-40.20000", "2018-12-31": "50.00000", "2017-12-31": "148.60000", "2016-12-31": "233.10000", "2015-12-31": "201.80000", "2014-12-31": "200.20000", "2013-12-31": "188.90000", "2012-12-31": "156.00000", "2011-12-31": "167.10000", "2010-12-31": "131.90000", "2009-12-31": "106.60000", "2008-12-31": "119.00000", "2007-12-31": "151.90000", "2006-12-31": "141.40000", "2005-12-31": "144.20000"}, "Income After Taxes": {"2019-12-31": "-392.80000", "2018-12-31": "306.30000", "2017-12-31": "598.00000", "2016-12-31": "495.10000", "2015-12-31": "434.80000", "2014-12-31": "374.00000", "2013-12-31": "341.50000", "2012-12-31": "275.30000", "2011-12-31": "238.80000", "2010-12-31": "243.30000", "2009-12-31": "224.40000", "2008-12-31": "254.90000", "2007-12-31": "278.80000", "2006-12-31": "274.50000", "2005-12-31": "246.50000"}, "Other Income": {"2019-12-31": "", "2018-12-31": "", "2017-12-31": "", "2016-12-31": "", "2015-12-31": "", "2014-12-31": "", "2013-12-31": "", "2012-12-31": "", "2011-12-31": "", "2010-12-31": "", "2009-12-31": "", "2008-12-31": "", "2007-12-31": "", "2006-12-31": "", "2005-12-31": ""}, "Income From Continuous Operations": {"2019-12-31": "-392.80000", "2018-12-31": "306.30000", "2017-12-31": "598.00000", "2016-12-31": "495.10000", "2015-12-31": "434.80000", "2014-12-31": "374.00000", "2013-12-31": "341.50000", "2012-12-31": "275.30000", "2011-12-31": "238.80000", "2010-12-31": "243.30000", "2009-12-31": "224.40000", "2008-12-31": "254.90000", "2007-12-31": "278.80000", "2006-12-31": "274.50000", "2005-12-31": "246.50000"}, "Income From Discontinued Operations": {"2019-12-31": "", "2018-12-31": "", "2017-12-31": "", "2016-12-31": "", "2015-12-31": "", "2014-12-31": "", "2013-12-31": "18.40000", "2012-12-31": "5.50000", "2011-12-31": "2.90000", "2010-12-31": "31.50000", "2009-12-31": "16.10000", "2008-12-31": "24.10000", "2007-12-31": "", "2006-12-31": "", "2005-12-31": ""}, "Net Income": {"2019-12-31": "-398.80000", "2018-12-31": "299.80000", "2017-12-31": "587.30000", "2016-12-31": "488.80000", "2015-12-31": "429.10000", "2014-12-31": "367.40000", "2013-12-31": "351.80000", "2012-12-31": "272.10000", "2011-12-31": "232.90000", "2010-12-31": "266.70000", "2009-12-31": "233.90000", "2008-12-31": "272.80000", "2007-12-31": "272.70000", "2006-12-31": "274.50000", "2005-12-31": "246.50000"}, "EBITDA": {"2019-12-31": "1.90010", "2018-12-31": "763.90000", "2017-12-31": "1122.60000", "2016-12-31": "1093.80000", "2015-12-31": "893.90010", "2014-12-31": "842.40000", "2013-12-31": "801.49990", "2012-12-31": "643.40000", "2011-12-31": "633.50000", "2010-12-31": "597.80000", "2009-12-31": "540.60000", "2008-12-31": "594.40000", "2007-12-31": "613.90000", "2006-12-31": "518.90010", "2005-12-31": "504.20000"}, "EBIT": {"2019-12-31": "-335.39990", "2018-12-31": "448.00000", "2017-12-31": "831.70000", "2016-12-31": "825.09990", "2015-12-31": "693.90010", "2014-12-31": "638.20000", "2013-12-31": "611.20000", "2012-12-31": "480.00000", "2011-12-31": "468.60000", "2010-12-31": "430.00000", "2009-12-31": "381.80000", "2008-12-31": "439.00000", "2007-12-31": "486.20000", "2006-12-31": "436.10010", "2005-12-31": "422.00000"}, "Basic Shares Outstanding": {"2019-12-31": "120.90000", "2018-12-31": "120.40000", "2017-12-31": "120.10000", "2016-12-31": "119.30000", "2015-12-31": "118.70000", "2014-12-31": "121.20000", "2013-12-31": "121.20000", "2012-12-31": "119.90000", "2011-12-31": "121.90000", "2010-12-31": "124.80000", "2009-12-31": "126.30000", "2008-12-31": "128.10000", "2007-12-31": "132.00000", "2006-12-31": "127.10000", "2005-12-31": "129.70000"}, "Shares Outstanding": {"2019-12-31": "122.00000", "2018-12-31": "121.40000", "2017-12-31": "121.50000", "2016-12-31": "121.10000", "2015-12-31": "120.90000", "2014-12-31": "123.50000", "2013-12-31": "123.70000", "2012-12-31": "122.50000", "2011-12-31": "123.70000", "2010-12-31": "126.50000", "2009-12-31": "127.90000", "2008-12-31": "130.40000", "2007-12-31": "135.10000", "2006-12-31": "129.40000", "2005-12-31": "132.20000"}, "Basic EPS": {"2019-12-31": "-3.30000", "2018-12-31": "2.49000", "2017-12-31": "4.89000", "2016-12-31": "4.10000", "2015-12-31": "3.61000", "2014-12-31": "3.03000", "2013-12-31": "2.90000", "2012-12-31": "2.27000", "2011-12-31": "1.91000", "2010-12-31": "2.14000", "2009-12-31": "1.85000", "2008-12-31": "2.13000", "2007-12-31": "2.07000", "2006-12-31": "2.16000", "2005-12-31": "1.90000"}, "EPS - Earnings Per Share": {"2019-12-31": "-3.30000", "2018-12-31": "2.47000", "2017-12-31": "4.83000", "2016-12-31": "4.04000", "2015-12-31": "3.55000", "2014-12-31": "2.97000", "2013-12-31": "2.84000", "2012-12-31": "2.22000", "2011-12-31": "1.88000", "2010-12-31": "2.11000", "2009-12-31": "1.83000", "2008-12-31": "2.09000", "2007-12-31": "2.02000", "2006-12-31": "2.12000", "2005-12-31": "1.86000"}}, "income statement, quarterly": {"Revenue": {"2020-09-30": "1068.30000", "2020-06-30": "982.80000", "2020-03-31": "957.90000", "2019-12-31": "905.80020", "2019-09-30": "875.70000", "2019-06-30": "880.00000", "2019-03-31": "846.10000", "2018-12-31": "835.30010", "2018-09-30": "834.20000", "2018-06-30": "876.90000", "2018-03-31": "865.70000", "2017-12-31": "838.49990", "2017-09-30": "834.80000", "2017-06-30": "856.70000", "2017-03-31": "832.20000", "2016-12-31": "801.19980", "2016-09-30": "804.10000", "2016-06-30": "811.30000", "2016-03-31": "728.30000", "2015-12-31": "666.30010", "2015-09-30": "667.40000", "2015-06-30": "678.10000", "2015-03-31": "651.80000", "2014-12-31": "624.59990", "2014-09-30": "613.40000", "2014-06-30": "613.90000", "2014-03-31": "584.50000", "2013-12-31": "578.49990", "2013-09-30": "572.00000", "2013-06-30": "586.90000", "2013-03-31": "566.50000", "2012-12-31": "533.79990", "2012-09-30": "520.00000", "2012-06-30": "513.30000", "2012-03-31": "505.90000", "2011-12-31": "443.09990", "2011-09-30": "490.40000", "2011-06-30": "487.10000", "2011-03-31": "472.60000", "2010-12-31": "481.99990", "2010-09-30": "473.80000", "2010-06-30": "460.70000", "2010-03-31": "443.00000", "2009-12-31": "415.30000", "2009-09-30": "425.00000", "2009-06-30": "429.10000", "2009-03-31": "446.60000", "2008-12-31": "324.50000", "2008-09-30": "484.10000", "2008-06-30": "501.90000", "2008-03-31": "503.10000", "2007-12-31": "490.90000", "2007-09-30": "492.50000", "2007-06-30": "454.50000", "2007-03-31": "405.10000", "2006-12-31": "390.00010", "2006-09-30": "394.60000", "2006-06-30": "387.70000", "2006-03-31": "374.00000", "2005-12-31": "361.30010", "2005-09-30": "375.30000", "2005-06-30": "363.40000", "2005-03-31": "343.40000"}, "Cost Of Goods Sold": {"2020-09-30": "433.20000", "2020-06-30": "409.30000", "2020-03-31": "414.10000", "2019-12-31": "382.79990", "2019-09-30": "374.50000", "2019-06-30": "376.90000", "2019-03-31": "387.50000", "2018-12-31": "372.30000", "2018-09-30": "376.70000", "2018-06-30": "348.60000", "2018-03-31": "342.80000", "2017-12-31": "318.90000", "2017-09-30": "297.30000", "2017-06-30": "293.70000", "2017-03-31": "300.80000", "2016-12-31": "286.30000", "2016-09-30": "288.00000", "2016-06-30": "285.80000", "2016-03-31": "253.30000", "2015-12-31": "225.00000", "2015-09-30": "226.50000", "2015-06-30": "220.80000", "2015-03-31": "215.10000", "2014-12-31": "214.60000", "2014-09-30": "211.00000", "2014-06-30": "212.30000", "2014-03-31": "206.80000", "2013-12-31": "197.20000", "2013-09-30": "196.80000", "2013-06-30": "198.20000", "2013-03-31": "195.10000", "2012-12-31": "196.50000", "2012-09-30": "188.40000", "2012-06-30": "187.20000", "2012-03-31": "187.40000", "2011-12-31": "136.60000", "2011-09-30": "186.60000", "2011-06-30": "188.70000", "2011-03-31": "192.00000", "2010-12-31": "193.30000", "2010-09-30": "188.20000", "2010-06-30": "188.30000", "2010-03-31": "190.10000", "2009-12-31": "173.90000", "2009-09-30": "177.50000", "2009-06-30": "180.40000", "2009-03-31": "187.00000", "2008-12-31": "134.20000", "2008-09-30": "197.00000", "2008-06-30": "204.40000", "2008-03-31": "206.20000", "2007-12-31": "203.90000", "2007-09-30": "194.30000", "2007-06-30": "189.90000", "2007-03-31": "169.30000", "2006-12-31": "155.60000", "2006-09-30": "157.90000", "2006-06-30": "161.80000", "2006-03-31": "151.10000", "2005-12-31": "150.90000", "2005-09-30": "153.00000", "2005-06-30": "147.80000", "2005-03-31": "142.50000"}, "Gross Profit": {"2020-09-30": "635.10000", "2020-06-30": "573.50000", "2020-03-31": "543.80000", "2019-12-31": "523.00020", "2019-09-30": "501.20000", "2019-06-30": "503.10000", "2019-03-31": "458.60000", "2018-12-31": "463.00010", "2018-09-30": "457.50000", "2018-06-30": "528.30000", "2018-03-31": "522.90000", "2017-12-31": "519.60000", "2017-09-30": "537.50000", "2017-06-30": "563.00000", "2017-03-31": "531.40000", "2016-12-31": "514.89970", "2016-09-30": "516.10000", "2016-06-30": "525.50000", "2016-03-31": "475.00000", "2015-12-31": "441.30010", "2015-09-30": "440.90000", "2015-06-30": "457.30000", "2015-03-31": "436.70000", "2014-12-31": "409.99980", "2014-09-30": "402.40000", "2014-06-30": "401.60000", "2014-03-31": "377.70000", "2013-12-31": "381.29990", "2013-09-30": "375.20000", "2013-06-30": "388.70000", "2013-03-31": "371.40000", "2012-12-31": "337.30000", "2012-09-30": "331.60000", "2012-06-30": "326.10000", "2012-03-31": "318.50000", "2011-12-31": "306.49990", "2011-09-30": "303.80000", "2011-06-30": "298.40000", "2011-03-31": "280.60000", "2010-12-31": "288.69990", "2010-09-30": "285.60000", "2010-06-30": "272.40000", "2010-03-31": "252.90000", "2009-12-31": "241.40000", "2009-09-30": "247.50000", "2009-06-30": "248.70000", "2009-03-31": "259.60000", "2008-12-31": "190.30000", "2008-09-30": "287.10000", "2008-06-30": "297.50000", "2008-03-31": "296.90000", "2007-12-31": "286.99990", "2007-09-30": "298.20000", "2007-06-30": "264.60000", "2007-03-31": "235.80000", "2006-12-31": "234.40010", "2006-09-30": "236.70000", "2006-06-30": "225.90000", "2006-03-31": "222.90000", "2005-12-31": "210.40010", "2005-09-30": "222.30000", "2005-06-30": "215.60000", "2005-03-31": "200.90000"}, "Research And Development Expenses": {"2020-09-30": "", "2020-06-30": "", "2020-03-31": "", "2019-12-31": "", "2019-09-30": "", "2019-06-30": "", "2019-03-31": "", "2018-12-31": "", "2018-09-30": "", "2018-06-30": "", "2018-03-31": "", "2017-12-31": "", "2017-09-30": "", "2017-06-30": "", "2017-03-31": "", "2016-12-31": "", "2016-09-30": "", "2016-06-30": "", "2016-03-31": "", "2015-12-31": "", "2015-09-30": "", "2015-06-30": "", "2015-03-31": "", "2014-12-31": "", "2014-09-30": "", "2014-06-30": "", "2014-03-31": "", "2013-12-31": "", "2013-09-30": "", "2013-06-30": "", "2013-03-31": "", "2012-12-31": "", "2012-09-30": "", "2012-06-30": "", "2012-03-31": "", "2011-12-31": "", "2011-09-30": "", "2011-06-30": "", "2011-03-31": "", "2010-12-31": "", "2010-09-30": "", "2010-06-30": "", "2010-03-31": "", "2009-12-31": "", "2009-09-30": "", "2009-06-30": "", "2009-03-31": "", "2008-12-31": "", "2008-09-30": "", "2008-06-30": "", "2008-03-31": "", "2007-12-31": "", "2007-09-30": "", "2007-06-30": "", "2007-03-31": "", "2006-12-31": "", "2006-09-30": "", "2006-06-30": "", "2006-03-31": "", "2005-12-31": "", "2005-09-30": "", "2005-06-30": "", "2005-03-31": ""}, "SG&A Expenses": {"2020-09-30": "330.00000", "2020-06-30": "309.90000", "2020-03-31": "316.00000", "2019-12-31": "388.99990", "2019-09-30": "295.50000", "2019-06-30": "306.80000", "2019-03-31": "998.90000", "2018-12-31": "337.80000", "2018-09-30": "317.50000", "2018-06-30": "257.50000", "2018-03-31": "300.50000", "2017-12-31": "253.50000", "2017-09-30": "310.40000", "2017-06-30": "226.60000", "2017-03-31": "241.50000", "2016-12-31": "232.90000", "2016-09-30": "233.40000", "2016-06-30": "231.60000", "2016-03-31": "243.10000", "2015-12-31": "215.50000", "2015-09-30": "217.20000", "2015-06-30": "218.70000", "2015-03-31": "232.90000", "2014-12-31": "195.00000", "2014-09-30": "197.80000", "2014-06-30": "183.50000", "2014-03-31": "175.40000", "2013-12-31": "181.40000", "2013-09-30": "173.40000", "2013-06-30": "186.50000", "2013-03-31": "174.50000", "2012-12-31": "205.40000", "2012-09-30": "161.50000", "2012-06-30": "156.80000", "2012-03-31": "149.80000", "2011-12-31": "146.89990", "2011-09-30": "141.70000", "2011-06-30": "142.70000", "2011-03-31": "128.80000", "2010-12-31": "137.00000", "2010-09-30": "134.00000", "2010-06-30": "126.90000", "2010-03-31": "109.50000", "2009-12-31": "125.90000", "2009-09-30": "111.20000", "2009-06-30": "111.10000", "2009-03-31": "122.00000", "2008-12-31": "87.50000", "2008-09-30": "138.50000", "2008-06-30": "131.80000", "2008-03-31": "132.80000", "2007-12-31": "129.00000", "2007-09-30": "130.10000", "2007-06-30": "115.20000", "2007-03-31": "97.40000", "2006-12-31": "103.70000", "2006-09-30": "95.70000", "2006-06-30": "109.00000", "2006-03-31": "92.60000", "2005-12-31": "82.70000", "2005-09-30": "94.50000", "2005-06-30": "88.80000", "2005-03-31": "79.00000"}, "Other Operating Income Or Expenses": {"2020-09-30": "", "2020-06-30": "", "2020-03-31": "", "2019-12-31": "", "2019-09-30": "", "2019-06-30": "", "2019-03-31": "", "2018-12-31": "", "2018-09-30": "", "2018-06-30": "", "2018-03-31": "", "2017-12-31": "", "2017-09-30": "", "2017-06-30": "", "2017-03-31": "", "2016-12-31": "", "2016-09-30": "", "2016-06-30": "", "2016-03-31": "", "2015-12-31": "", "2015-09-30": "", "2015-06-30": "", "2015-03-31": "", "2014-12-31": "", "2014-09-30": "", "2014-06-30": "", "2014-03-31": "", "2013-12-31": "", "2013-09-30": "", "2013-06-30": "", "2013-03-31": "", "2012-12-31": "", "2012-09-30": "", "2012-06-30": "", "2012-03-31": "", "2011-12-31": "", "2011-09-30": "", "2011-06-30": "", "2011-03-31": "", "2010-12-31": "", "2010-09-30": "", "2010-06-30": "", "2010-03-31": "", "2009-12-31": "", "2009-09-30": "", "2009-06-30": "", "2009-03-31": "", "2008-12-31": "", "2008-09-30": "", "2008-06-30": "", "2008-03-31": "", "2007-12-31": "", "2007-09-30": "", "2007-06-30": "", "2007-03-31": "", "2006-12-31": "", "2006-09-30": "", "2006-06-30": "", "2006-03-31": "", "2005-12-31": "", "2005-09-30": "", "2005-06-30": "", "2005-03-31": ""}, "Operating Expenses": {"2020-09-30": "863.90000", "2020-06-30": "816.00000", "2020-03-31": "822.00000", "2019-12-31": "858.70000", "2019-09-30": "754.10000", "2019-06-30": "766.20000", "2019-03-31": "1464.00000", "2018-12-31": "789.20000", "2018-09-30": "770.10000", "2018-06-30": "683.30000", "2018-03-31": "721.50000", "2017-12-31": "646.00000", "2017-09-30": "680.10000", "2017-06-30": "590.80000", "2017-03-31": "613.60000", "2016-12-31": "590.10010", "2016-09-30": "592.00000", "2016-06-30": "585.60000", "2016-03-31": "552.10000", "2015-12-31": "489.40000", "2015-09-30": "493.10000", "2015-06-30": "489.60000", "2015-03-31": "497.60000", "2014-12-31": "459.40000", "2014-09-30": "459.70000", "2014-06-30": "446.50000", "2014-03-31": "432.60000", "2013-12-31": "424.40000", "2013-09-30": "422.00000", "2013-06-30": "428.80000", "2013-03-31": "417.50000", "2012-12-31": "441.60000", "2012-09-30": "389.50000", "2012-06-30": "384.30000", "2012-03-31": "377.60000", "2011-12-31": "319.80000", "2011-09-30": "368.80000", "2011-06-30": "372.50000", "2011-03-31": "363.50000", "2010-12-31": "372.30000", "2010-09-30": "363.60000", "2010-06-30": "354.90000", "2010-03-31": "338.70000", "2009-12-31": "336.50000", "2009-09-30": "325.00000", "2009-06-30": "327.10000", "2009-03-31": "345.60000", "2008-12-31": "246.59990", "2008-09-30": "376.90000", "2008-06-30": "374.20000", "2008-03-31": "376.90000", "2007-12-31": "370.70000", "2007-09-30": "363.30000", "2007-06-30": "334.70000", "2007-03-31": "288.10000", "2006-12-31": "280.09990", "2006-09-30": "274.00000", "2006-06-30": "291.30000", "2006-03-31": "264.80000", "2005-12-31": "255.30000", "2005-09-30": "268.00000", "2005-06-30": "256.70000", "2005-03-31": "241.40000"}, "Operating Income": {"2020-09-30": "204.40000", "2020-06-30": "166.80000", "2020-03-31": "135.90000", "2019-12-31": "47.10020", "2019-09-30": "121.60000", "2019-06-30": "113.80000", "2019-03-31": "-617.90000", "2018-12-31": "46.10020", "2018-09-30": "64.10000", "2018-06-30": "193.60000", "2018-03-31": "144.20000", "2017-12-31": "192.49990", "2017-09-30": "154.70000", "2017-06-30": "265.90000", "2017-03-31": "218.60000", "2016-12-31": "211.09970", "2016-09-30": "212.10000", "2016-06-30": "225.70000", "2016-03-31": "176.20000", "2015-12-31": "176.90010", "2015-09-30": "174.30000", "2015-06-30": "188.50000", "2015-03-31": "154.20000", "2014-12-31": "165.19990", "2014-09-30": "153.70000", "2014-06-30": "167.40000", "2014-03-31": "151.90000", "2013-12-31": "154.09990", "2013-09-30": "150.00000", "2013-06-30": "158.10000", "2013-03-31": "149.00000", "2012-12-31": "92.19990", "2012-09-30": "130.50000", "2012-06-30": "129.00000", "2012-03-31": "128.30000", "2011-12-31": "123.29990", "2011-09-30": "121.60000", "2011-06-30": "114.60000", "2011-03-31": "109.10000", "2010-12-31": "109.70000", "2010-09-30": "110.20000", "2010-06-30": "105.80000", "2010-03-31": "104.30000", "2009-12-31": "78.80010", "2009-09-30": "100.00000", "2009-06-30": "102.00000", "2009-03-31": "101.00000", "2008-12-31": "77.90010", "2008-09-30": "107.20000", "2008-06-30": "127.70000", "2008-03-31": "126.20000", "2007-12-31": "120.20000", "2007-09-30": "129.20000", "2007-06-30": "119.80000", "2007-03-31": "117.00000", "2006-12-31": "109.90010", "2006-09-30": "120.60000", "2006-06-30": "96.40000", "2006-03-31": "109.20000", "2005-12-31": "106.00010", "2005-09-30": "107.30000", "2005-06-30": "106.70000", "2005-03-31": "102.00000"}, "Total Non-Operating Income/Expense": {"2020-09-30": "96.00000", "2020-06-30": "-44.10000", "2020-03-31": "14.60000", "2019-12-31": "-23.10000", "2019-09-30": "-25.10000", "2019-06-30": "-24.80000", "2019-03-31": "-24.60000", "2018-12-31": "-21.10000", "2018-09-30": "-25.40000", "2018-06-30": "-24.20000", "2018-03-31": "-21.00000", "2017-12-31": "-20.20000", "2017-09-30": "-18.70000", "2017-06-30": "-23.30000", "2017-03-31": "-22.90000", "2016-12-31": "-28.40000", "2016-09-30": "-21.90000", "2016-06-30": "-24.40000", "2016-03-31": "-22.20000", "2015-12-31": "-9.20000", "2015-09-30": "-1.40000", "2015-06-30": "-30.10000", "2015-03-31": "-16.60000", "2014-12-31": "-13.80000", "2014-09-30": "-13.90000", "2014-06-30": "-16.90000", "2014-03-31": "-19.40000", "2013-12-31": "-32.20000", "2013-09-30": "-16.90000", "2013-06-30": "-14.10000", "2013-03-31": "-17.60000", "2012-12-31": "-13.00000", "2012-09-30": "-11.70000", "2012-06-30": "-11.50000", "2012-03-31": "-12.50000", "2011-12-31": "-12.80000", "2011-09-30": "-13.10000", "2011-06-30": "-23.30000", "2011-03-31": "-13.50000", "2010-12-31": "-13.50000", "2010-09-30": "-13.30000", "2010-06-30": "-13.30000", "2010-03-31": "-14.70000", "2009-12-31": "-13.60000", "2009-09-30": "-13.90000", "2009-06-30": "-11.40000", "2009-03-31": "-11.90000", "2008-12-31": "-13.90000", "2008-09-30": "-15.40000", "2008-06-30": "-16.40000", "2008-03-31": "-19.40000", "2007-12-31": "-15.90000", "2007-09-30": "-20.40000", "2007-06-30": "-10.60000", "2007-03-31": "-8.60000", "2006-12-31": "-9.20000", "2006-09-30": "-8.40000", "2006-06-30": "5.70000", "2006-03-31": "-8.30000", "2005-12-31": "-10.10000", "2005-09-30": "-4.80000", "2005-06-30": "-8.70000", "2005-03-31": "-7.70000"}, "Pre-Tax Income": {"2020-09-30": "300.40000", "2020-06-30": "122.70000", "2020-03-31": "150.50000", "2019-12-31": "24.00000", "2019-09-30": "96.50000", "2019-06-30": "89.00000", "2019-03-31": "-642.50000", "2018-12-31": "25.00000", "2018-09-30": "38.70000", "2018-06-30": "169.40000", "2018-03-31": "123.20000", "2017-12-31": "172.30000", "2017-09-30": "136.00000", "2017-06-30": "242.60000", "2017-03-31": "195.70000", "2016-12-31": "182.70000", "2016-09-30": "190.20000", "2016-06-30": "201.30000", "2016-03-31": "154.00000", "2015-12-31": "167.70000", "2015-09-30": "172.90000", "2015-06-30": "158.40000", "2015-03-31": "137.60000", "2014-12-31": "151.40000", "2014-09-30": "139.80000", "2014-06-30": "150.50000", "2014-03-31": "132.50000", "2013-12-31": "121.90000", "2013-09-30": "133.10000", "2013-06-30": "144.00000", "2013-03-31": "131.40000", "2012-12-31": "79.20000", "2012-09-30": "118.80000", "2012-06-30": "117.50000", "2012-03-31": "115.80000", "2011-12-31": "110.50000", "2011-09-30": "108.50000", "2011-06-30": "91.30000", "2011-03-31": "95.60000", "2010-12-31": "96.20000", "2010-09-30": "96.90000", "2010-06-30": "92.50000", "2010-03-31": "89.60000", "2009-12-31": "65.20000", "2009-09-30": "86.10000", "2009-06-30": "90.60000", "2009-03-31": "89.10000", "2008-12-31": "64.00000", "2008-09-30": "91.80000", "2008-06-30": "111.30000", "2008-03-31": "106.80000", "2007-12-31": "104.30000", "2007-09-30": "108.80000", "2007-06-30": "109.20000", "2007-03-31": "108.40000", "2006-12-31": "100.70000", "2006-09-30": "112.20000", "2006-06-30": "102.10000", "2006-03-31": "100.90000", "2005-12-31": "95.90000", "2005-09-30": "102.50000", "2005-06-30": "98.00000", "2005-03-31": "94.30000"}, "Income Taxes": {"2020-09-30": "75.40000", "2020-06-30": "26.60000", "2020-03-31": "36.00000", "2019-12-31": "13.20000", "2019-09-30": "14.00000", "2019-06-30": "20.70000", "2019-03-31": "-88.10000", "2018-12-31": "-1.80000", "2018-09-30": "-0.90000", "2018-06-30": "23.30000", "2018-03-31": "29.40000", "2017-12-31": "-2.20000", "2017-09-30": "35.50000", "2017-06-30": "75.00000", "2017-03-31": "40.30000", "2016-12-31": "57.90000", "2016-09-30": "55.30000", "2016-06-30": "68.30000", "2016-03-31": "51.60000", "2015-12-31": "54.70000", "2015-09-30": "53.20000", "2015-06-30": "45.90000", "2015-03-31": "48.00000", "2014-12-31": "52.60000", "2014-09-30": "45.40000", "2014-06-30": "56.00000", "2014-03-31": "46.20000", "2013-12-31": "43.00000", "2013-09-30": "47.00000", "2013-06-30": "51.70000", "2013-03-31": "47.20000", "2012-12-31": "32.80000", "2012-09-30": "39.70000", "2012-06-30": "41.00000", "2012-03-31": "42.50000", "2011-12-31": "37.40000", "2011-09-30": "39.20000", "2011-06-30": "54.20000", "2011-03-31": "36.30000", "2010-12-31": "32.20000", "2010-09-30": "33.30000", "2010-06-30": "32.70000", "2010-03-31": "33.70000", "2009-12-31": "11.10000", "2009-09-30": "28.70000", "2009-06-30": "32.70000", "2009-03-31": "34.10000", "2008-12-31": "22.90000", "2008-09-30": "18.00000", "2008-06-30": "38.70000", "2008-03-31": "39.40000", "2007-12-31": "32.50000", "2007-09-30": "40.90000", "2007-06-30": "39.10000", "2007-03-31": "39.40000", "2006-12-31": "37.60000", "2006-09-30": "33.30000", "2006-06-30": "32.50000", "2006-03-31": "38.00000", "2005-12-31": "33.10000", "2005-09-30": "40.00000", "2005-06-30": "35.40000", "2005-03-31": "35.70000"}, "Income After Taxes": {"2020-09-30": "225.00000", "2020-06-30": "96.10000", "2020-03-31": "114.50000", "2019-12-31": "10.80010", "2019-09-30": "82.50000", "2019-06-30": "68.30000", "2019-03-31": "-554.40000", "2018-12-31": "26.80000", "2018-09-30": "39.60000", "2018-06-30": "146.10000", "2018-03-31": "93.80000", "2017-12-31": "174.50000", "2017-09-30": "100.50000", "2017-06-30": "167.60000", "2017-03-31": "155.40000", "2016-12-31": "124.80000", "2016-09-30": "134.90000", "2016-06-30": "133.00000", "2016-03-31": "102.40000", "2015-12-31": "113.00000", "2015-09-30": "119.70000", "2015-06-30": "112.50000", "2015-03-31": "89.60000", "2014-12-31": "98.80000", "2014-09-30": "94.40000", "2014-06-30": "94.50000", "2014-03-31": "86.30000", "2013-12-31": "78.90000", "2013-09-30": "86.10000", "2013-06-30": "92.30000", "2013-03-31": "84.20000", "2012-12-31": "46.40000", "2012-09-30": "79.10000", "2012-06-30": "76.50000", "2012-03-31": "73.30000", "2011-12-31": "73.10000", "2011-09-30": "69.30000", "2011-06-30": "37.10000", "2011-03-31": "59.30000", "2010-12-31": "64.00000", "2010-09-30": "63.60000", "2010-06-30": "59.80000", "2010-03-31": "55.90000", "2009-12-31": "54.10000", "2009-09-30": "57.40000", "2009-06-30": "57.90000", "2009-03-31": "55.00000", "2008-12-31": "41.10000", "2008-09-30": "73.80000", "2008-06-30": "72.60000", "2008-03-31": "67.40000", "2007-12-31": "71.80000", "2007-09-30": "67.90000", "2007-06-30": "70.10000", "2007-03-31": "69.00000", "2006-12-31": "63.10000", "2006-09-30": "78.90000", "2006-06-30": "69.60000", "2006-03-31": "62.90000", "2005-12-31": "62.80000", "2005-09-30": "62.50000", "2005-06-30": "62.60000", "2005-03-31": "58.60000"}, "Other Income": {"2020-09-30": "", "2020-06-30": "", "2020-03-31": "", "2019-12-31": "", "2019-09-30": "", "2019-06-30": "", "2019-03-31": "", "2018-12-31": "", "2018-09-30": "", "2018-06-30": "", "2018-03-31": "", "2017-12-31": "", "2017-09-30": "", "2017-06-30": "", "2017-03-31": "", "2016-12-31": "", "2016-09-30": "", "2016-06-30": "", "2016-03-31": "", "2015-12-31": "", "2015-09-30": "", "2015-06-30": "", "2015-03-31": "", "2014-12-31": "", "2014-09-30": "", "2014-06-30": "", "2014-03-31": "", "2013-12-31": "", "2013-09-30": "", "2013-06-30": "", "2013-03-31": "", "2012-12-31": "", "2012-09-30": "", "2012-06-30": "", "2012-03-31": "", "2011-12-31": "", "2011-09-30": "", "2011-06-30": "", "2011-03-31": "", "2010-12-31": "", "2010-09-30": "", "2010-06-30": "", "2010-03-31": "", "2009-12-31": "", "2009-09-30": "", "2009-06-30": "", "2009-03-31": "", "2008-12-31": "", "2008-09-30": "", "2008-06-30": "", "2008-03-31": "", "2007-12-31": "", "2007-09-30": "", "2007-06-30": "", "2007-03-31": "", "2006-12-31": "", "2006-09-30": "", "2006-06-30": "", "2006-03-31": "", "2005-12-31": "", "2005-09-30": "", "2005-06-30": "", "2005-03-31": ""}, "Income From Continuous Operations": {"2020-09-30": "225.00000", "2020-06-30": "96.10000", "2020-03-31": "114.50000", "2019-12-31": "10.80010", "2019-09-30": "82.50000", "2019-06-30": "68.30000", "2019-03-31": "-554.40000", "2018-12-31": "26.80000", "2018-09-30": "39.60000", "2018-06-30": "146.10000", "2018-03-31": "93.80000", "2017-12-31": "174.50000", "2017-09-30": "100.50000", "2017-06-30": "167.60000", "2017-03-31": "155.40000", "2016-12-31": "124.80000", "2016-09-30": "134.90000", "2016-06-30": "133.00000", "2016-03-31": "102.40000", "2015-12-31": "113.00000", "2015-09-30": "119.70000", "2015-06-30": "112.50000", "2015-03-31": "89.60000", "2014-12-31": "98.80000", "2014-09-30": "94.40000", "2014-06-30": "94.50000", "2014-03-31": "86.30000", "2013-12-31": "78.90000", "2013-09-30": "86.10000", "2013-06-30": "92.30000", "2013-03-31": "84.20000", "2012-12-31": "46.40000", "2012-09-30": "79.10000", "2012-06-30": "76.50000", "2012-03-31": "73.30000", "2011-12-31": "73.10000", "2011-09-30": "69.30000", "2011-06-30": "37.10000", "2011-03-31": "59.30000", "2010-12-31": "64.00000", "2010-09-30": "63.60000", "2010-06-30": "59.80000", "2010-03-31": "55.90000", "2009-12-31": "54.10000", "2009-09-30": "57.40000", "2009-06-30": "57.90000", "2009-03-31": "55.00000", "2008-12-31": "44.60000", "2008-09-30": "73.80000", "2008-06-30": "70.80000", "2008-03-31": "65.70000", "2007-12-31": "71.80000", "2007-09-30": "67.90000", "2007-06-30": "70.10000", "2007-03-31": "69.00000", "2006-12-31": "63.10000", "2006-09-30": "78.90000", "2006-06-30": "69.60000", "2006-03-31": "62.90000", "2005-12-31": "62.80000", "2005-09-30": "62.50000", "2005-06-30": "62.60000", "2005-03-31": "58.60000"}, "Income From Discontinued Operations": {"2020-09-30": "", "2020-06-30": "", "2020-03-31": "", "2019-12-31": "", "2019-09-30": "", "2019-06-30": "", "2019-03-31": "", "2018-12-31": "", "2018-09-30": "", "2018-06-30": "", "2018-03-31": "", "2017-12-31": "", "2017-09-30": "", "2017-06-30": "", "2017-03-31": "", "2016-12-31": "", "2016-09-30": "", "2016-06-30": "", "2016-03-31": "", "2015-12-31": "", "2015-09-30": "", "2015-06-30": "", "2015-03-31": "", "2014-12-31": "", "2014-09-30": "", "2014-06-30": "", "2014-03-31": "", "2013-12-31": "", "2013-09-30": "-0.60000", "2013-06-30": "0.00000", "2013-03-31": "19.00000", "2012-12-31": "1.80000", "2012-09-30": "1.00000", "2012-06-30": "2.30000", "2012-03-31": "0.40000", "2011-12-31": "", "2011-09-30": "", "2011-06-30": "", "2011-03-31": "", "2010-12-31": "0.00000", "2010-09-30": "15.20000", "2010-06-30": "13.60000", "2010-03-31": "2.70000", "2009-12-31": "7.80000", "2009-09-30": "4.00000", "2009-06-30": "3.20000", "2009-03-31": "1.10000", "2008-12-31": "", "2008-09-30": "", "2008-06-30": "", "2008-03-31": "", "2007-12-31": "", "2007-09-30": "", "2007-06-30": "", "2007-03-31": "", "2006-12-31": "", "2006-09-30": "", "2006-06-30": "", "2006-03-31": "", "2005-12-31": "", "2005-09-30": "", "2005-06-30": "", "2005-03-31": ""}, "Net Income": {"2020-09-30": "224.20000", "2020-06-30": "95.90000", "2020-03-31": "112.60000", "2019-12-31": "9.20000", "2019-09-30": "81.10000", "2019-06-30": "66.80000", "2019-03-31": "-555.90000", "2018-12-31": "25.70000", "2018-09-30": "38.40000", "2018-06-30": "144.80000", "2018-03-31": "90.90000", "2017-12-31": "172.30000", "2017-09-30": "96.30000", "2017-06-30": "165.40000", "2017-03-31": "153.30000", "2016-12-31": "123.00000", "2016-09-30": "132.80000", "2016-06-30": "130.90000", "2016-03-31": "102.10000", "2015-12-31": "111.90000", "2015-09-30": "117.90000", "2015-06-30": "111.00000", "2015-03-31": "88.30000", "2014-12-31": "98.00000", "2014-09-30": "92.70000", "2014-06-30": "92.80000", "2014-03-31": "83.90000", "2013-12-31": "76.70000", "2013-09-30": "83.50000", "2013-06-30": "90.50000", "2013-03-31": "101.10000", "2012-12-31": "46.30000", "2012-09-30": "77.90000", "2012-06-30": "76.40000", "2012-03-31": "71.50000", "2011-12-31": "74.40000", "2011-09-30": "66.70000", "2011-06-30": "34.50000", "2011-03-31": "57.30000", "2010-12-31": "62.20000", "2010-09-30": "76.50000", "2010-06-30": "71.30000", "2010-03-31": "56.70000", "2009-12-31": "60.20000", "2009-09-30": "59.70000", "2009-06-30": "59.60000", "2009-03-31": "54.40000", "2008-12-31": "64.00000", "2008-09-30": "72.30000", "2008-06-30": "70.80000", "2008-03-31": "65.70000", "2007-12-31": "65.70000", "2007-09-30": "67.90000", "2007-06-30": "70.10000", "2007-03-31": "69.00000", "2006-12-31": "63.10000", "2006-09-30": "78.90000", "2006-06-30": "69.60000", "2006-03-31": "62.90000", "2005-12-31": "62.80000", "2005-09-30": "62.50000", "2005-06-30": "62.60000", "2005-03-31": "58.60000"}, "EBITDA": {"2020-09-30": "307.50000", "2020-06-30": "264.60000", "2020-03-31": "230.20000", "2019-12-31": "135.60020", "2019-09-30": "207.30000", "2019-06-30": "197.70010", "2019-03-31": "-538.70000", "2018-12-31": "126.70010", "2018-09-30": "141.90000", "2018-06-30": "272.10000", "2018-03-31": "223.20000", "2017-12-31": "266.70000", "2017-09-30": "227.90000", "2017-06-30": "337.30000", "2017-03-31": "290.70000", "2016-12-31": "284.39970", "2016-09-30": "282.80000", "2016-06-30": "293.60000", "2016-03-31": "233.00000", "2015-12-31": "226.50010", "2015-09-30": "223.90000", "2015-06-30": "239.00000", "2015-03-31": "204.50000", "2014-12-31": "216.19990", "2014-09-30": "205.00000", "2014-06-30": "218.40000", "2014-03-31": "202.80000", "2013-12-31": "199.79990", "2013-09-30": "202.30000", "2013-06-30": "202.30000", "2013-03-31": "197.10000", "2012-12-31": "132.79990", "2012-09-30": "170.90000", "2012-06-30": "170.10000", "2012-03-31": "169.60000", "2011-12-31": "164.39990", "2011-09-30": "161.90000", "2011-06-30": "155.40000", "2011-03-31": "151.80000", "2010-12-31": "151.80000", "2010-09-30": "151.60000", "2010-06-30": "147.60000", "2010-03-31": "146.80000", "2009-12-31": "120.70010", "2009-09-30": "139.60000", "2009-06-30": "141.10000", "2009-03-31": "139.20000", "2008-12-31": "116.00000", "2008-09-30": "148.60000", "2008-06-30": "165.70000", "2008-03-31": "164.10000", "2007-12-31": "158.00000", "2007-09-30": "168.10000", "2007-06-30": "149.40000", "2007-03-31": "138.40000", "2006-12-31": "130.70010", "2006-09-30": "141.00000", "2006-06-30": "116.90000", "2006-03-31": "130.30000", "2005-12-31": "127.70010", "2005-09-30": "127.80000", "2005-06-30": "126.80000", "2005-03-31": "121.90000"}, "EBIT": {"2020-09-30": "204.40000", "2020-06-30": "166.80000", "2020-03-31": "135.90000", "2019-12-31": "47.10000", "2019-09-30": "121.60000", "2019-06-30": "113.80000", "2019-03-31": "-617.90000", "2018-12-31": "46.09990", "2018-09-30": "64.10000", "2018-06-30": "193.60000", "2018-03-31": "144.20000", "2017-12-31": "192.49990", "2017-09-30": "154.70000", "2017-06-30": "265.90000", "2017-03-31": "218.60000", "2016-12-31": "211.09990", "2016-09-30": "212.10000", "2016-06-30": "225.70000", "2016-03-31": "176.20000", "2015-12-31": "176.90010", "2015-09-30": "174.30000", "2015-06-30": "188.50000", "2015-03-31": "154.20000", "2014-12-31": "165.19990", "2014-09-30": "153.70000", "2014-06-30": "167.40000", "2014-03-31": "151.90000", "2013-12-31": "154.09990", "2013-09-30": "150.00000", "2013-06-30": "158.10000", "2013-03-31": "149.00000", "2012-12-31": "92.20000", "2012-09-30": "130.50000", "2012-06-30": "129.00000", "2012-03-31": "128.30000", "2011-12-31": "123.30000", "2011-09-30": "121.60000", "2011-06-30": "114.60000", "2011-03-31": "109.10000", "2010-12-31": "109.70000", "2010-09-30": "110.20000", "2010-06-30": "105.80000", "2010-03-31": "104.30000", "2009-12-31": "78.80010", "2009-09-30": "100.00000", "2009-06-30": "102.00000", "2009-03-31": "101.00000", "2008-12-31": "77.90000", "2008-09-30": "107.20000", "2008-06-30": "127.70000", "2008-03-31": "126.20000", "2007-12-31": "120.20000", "2007-09-30": "129.20000", "2007-06-30": "119.80000", "2007-03-31": "117.00000", "2006-12-31": "109.90010", "2006-09-30": "120.60000", "2006-06-30": "96.40000", "2006-03-31": "109.20000", "2005-12-31": "106.00000", "2005-09-30": "107.30000", "2005-06-30": "106.70000", "2005-03-31": "102.00000"}, "Basic Shares Outstanding": {"2020-09-30": "121.50000", "2020-06-30": "121.40000", "2020-03-31": "121.30000", "2019-12-31": "120.90000", "2019-09-30": "121.00000", "2019-06-30": "120.80000", "2019-03-31": "120.70000", "2018-12-31": "120.40000", "2018-09-30": "120.50000", "2018-06-30": "120.30000", "2018-03-31": "120.20000", "2017-12-31": "120.10000", "2017-09-30": "120.10000", "2017-06-30": "120.30000", "2017-03-31": "120.00000", "2016-12-31": "119.30000", "2016-09-30": "119.50000", "2016-06-30": "119.20000", "2016-03-31": "118.80000", "2015-12-31": "118.70000", "2015-09-30": "118.40000", "2015-06-30": "118.60000", "2015-03-31": "119.40000", "2014-12-31": "121.20000", "2014-09-30": "121.10000", "2014-06-30": "122.00000", "2014-03-31": "122.00000", "2013-12-31": "121.20000", "2013-09-30": "121.60000", "2013-06-30": "121.00000", "2013-03-31": "120.50000", "2012-12-31": "119.90000", "2012-09-30": "119.70000", "2012-06-30": "120.30000", "2012-03-31": "120.00000", "2011-12-31": "121.90000", "2011-09-30": "121.80000", "2011-06-30": "122.80000", "2011-03-31": "122.80000", "2010-12-31": "124.80000", "2010-09-30": "124.30000", "2010-06-30": "125.70000", "2010-03-31": "126.30000", "2009-12-31": "126.30000", "2009-09-30": "126.40000", "2009-06-30": "126.30000", "2009-03-31": "126.20000", "2008-12-31": "128.10000", "2008-09-30": "127.50000", "2008-06-30": "129.00000", "2008-03-31": "129.60000", "2007-12-31": "132.00000", "2007-09-30": "137.40000", "2007-06-30": "134.90000", "2007-03-31": "124.90000", "2006-12-31": "127.10000", "2006-09-30": "126.40000", "2006-06-30": "128.10000", "2006-03-31": "129.00000", "2005-12-31": "129.70000", "2005-09-30": "129.90000", "2005-06-30": "129.80000", "2005-03-31": "129.80000"}, "Shares Outstanding": {"2020-09-30": "123.00000", "2020-06-30": "122.70000", "2020-03-31": "122.60000", "2019-12-31": "122.00000", "2019-09-30": "122.30000", "2019-06-30": "122.00000", "2019-03-31": "121.60000", "2018-12-31": "121.40000", "2018-09-30": "121.60000", "2018-06-30": "121.40000", "2018-03-31": "121.30000", "2017-12-31": "121.50000", "2017-09-30": "121.40000", "2017-06-30": "121.90000", "2017-03-31": "121.90000", "2016-12-31": "121.10000", "2016-09-30": "121.30000", "2016-06-30": "121.10000", "2016-03-31": "120.80000", "2015-12-31": "120.90000", "2015-09-30": "120.60000", "2015-06-30": "120.90000", "2015-03-31": "121.70000", "2014-12-31": "123.50000", "2014-09-30": "123.50000", "2014-06-30": "124.30000", "2014-03-31": "124.40000", "2013-12-31": "123.70000", "2013-09-30": "123.90000", "2013-06-30": "123.60000", "2013-03-31": "123.10000", "2012-12-31": "122.50000", "2012-09-30": "122.20000", "2012-06-30": "122.80000", "2012-03-31": "122.40000", "2011-12-31": "123.70000", "2011-09-30": "123.30000", "2011-06-30": "124.60000", "2011-03-31": "124.70000", "2010-12-31": "126.50000", "2010-09-30": "125.80000", "2010-06-30": "127.30000", "2010-03-31": "128.10000", "2009-12-31": "127.90000", "2009-09-30": "128.00000", "2009-06-30": "127.80000", "2009-03-31": "127.40000", "2008-12-31": "130.40000", "2008-09-30": "129.80000", "2008-06-30": "131.50000", "2008-03-31": "132.10000", "2007-12-31": "135.10000", "2007-09-30": "140.60000", "2007-06-30": "138.60000", "2007-03-31": "127.30000", "2006-12-31": "129.40000", "2006-09-30": "128.40000", "2006-06-30": "130.40000", "2006-03-31": "131.50000", "2005-12-31": "132.20000", "2005-09-30": "132.50000", "2005-06-30": "132.70000", "2005-03-31": "132.40000"}, "Basic EPS": {"2020-09-30": "1.84000", "2020-06-30": "0.79000", "2020-03-31": "0.93000", "2019-12-31": "0.08000", "2019-09-30": "0.67000", "2019-06-30": "0.55000", "2019-03-31": "-4.60000", "2018-12-31": "0.21000", "2018-09-30": "0.32000", "2018-06-30": "1.20000", "2018-03-31": "0.76000", "2017-12-31": "1.44000", "2017-09-30": "0.80000", "2017-06-30": "1.37000", "2017-03-31": "1.28000", "2016-12-31": "1.03000", "2016-09-30": "1.11000", "2016-06-30": "1.10000", "2016-03-31": "0.86000", "2015-12-31": "0.93000", "2015-09-30": "1.00000", "2015-06-30": "0.94000", "2015-03-31": "0.74000", "2014-12-31": "0.81000", "2014-09-30": "0.77000", "2014-06-30": "0.76000", "2014-03-31": "0.69000", "2013-12-31": "0.62000", "2013-09-30": "0.69000", "2013-06-30": "0.75000", "2013-03-31": "0.84000", "2012-12-31": "0.39000", "2012-09-30": "0.65000", "2012-06-30": "0.63000", "2012-03-31": "0.60000", "2011-12-31": "0.61000", "2011-09-30": "0.55000", "2011-06-30": "0.28000", "2011-03-31": "0.47000", "2010-12-31": "0.50000", "2010-09-30": "0.62000", "2010-06-30": "0.57000", "2010-03-31": "0.45000", "2009-12-31": "0.48000", "2009-09-30": "0.47000", "2009-06-30": "0.47000", "2009-03-31": "0.43000", "2008-12-31": "0.50000", "2008-09-30": "0.57000", "2008-06-30": "0.55000", "2008-03-31": "0.51000", "2007-12-31": "0.51000", "2007-09-30": "0.49000", "2007-06-30": "0.52000", "2007-03-31": "0.55000", "2006-12-31": "0.51000", "2006-09-30": "0.62000", "2006-06-30": "0.54000", "2006-03-31": "0.49000", "2005-12-31": "0.49000", "2005-09-30": "0.48000", "2005-06-30": "0.48000", "2005-03-31": "0.45000"}, "EPS - Earnings Per Share": {"2020-09-30": "1.82000", "2020-06-30": "0.78000", "2020-03-31": "0.92000", "2019-12-31": "0.09000", "2019-09-30": "0.66000", "2019-06-30": "0.55000", "2019-03-31": "-4.60000", "2018-12-31": "0.21000", "2018-09-30": "0.32000", "2018-06-30": "1.19000", "2018-03-31": "0.75000", "2017-12-31": "1.42000", "2017-09-30": "0.79000", "2017-06-30": "1.36000", "2017-03-31": "1.26000", "2016-12-31": "1.02000", "2016-09-30": "1.09000", "2016-06-30": "1.08000", "2016-03-31": "0.85000", "2015-12-31": "0.92000", "2015-09-30": "0.98000", "2015-06-30": "0.92000", "2015-03-31": "0.73000", "2014-12-31": "0.80000", "2014-09-30": "0.75000", "2014-06-30": "0.75000", "2014-03-31": "0.67000", "2013-12-31": "0.62000", "2013-09-30": "0.67000", "2013-06-30": "0.73000", "2013-03-31": "0.82000", "2012-12-31": "0.38000", "2012-09-30": "0.64000", "2012-06-30": "0.62000", "2012-03-31": "0.58000", "2011-12-31": "0.60000", "2011-09-30": "0.54000", "2011-06-30": "0.28000", "2011-03-31": "0.46000", "2010-12-31": "0.50000", "2010-09-30": "0.61000", "2010-06-30": "0.56000", "2010-03-31": "0.44000", "2009-12-31": "0.46000", "2009-09-30": "0.47000", "2009-06-30": "0.47000", "2009-03-31": "0.43000", "2008-12-31": "0.49000", "2008-09-30": "0.56000", "2008-06-30": "0.54000", "2008-03-31": "0.50000", "2007-12-31": "0.49000", "2007-09-30": "0.48000", "2007-06-30": "0.51000", "2007-03-31": "0.54000", "2006-12-31": "0.50000", "2006-09-30": "0.61000", "2006-06-30": "0.53000", "2006-03-31": "0.48000", "2005-12-31": "0.48000", "2005-09-30": "0.47000", "2005-06-30": "0.47000", "2005-03-31": "0.44000"}}, "balance sheet": {"Cash On Hand": {"2019-12-31": "401.30000", "2018-12-31": "223.60000", "2017-12-31": "336.40000", "2016-12-31": "129.30000", "2015-12-31": "93.30000", "2014-12-31": "128.30000", "2013-12-31": "235.90000", "2012-12-31": "146.80000", "2011-12-31": "127.70000", "2010-12-31": "119.40000", "2009-12-31": "103.10000", "2008-12-31": "58.20000", "2007-12-31": "81.60000", "2006-12-31": "67.80000", "2005-12-31": "37.50000"}, "Receivables": {"2019-12-31": "532.10000", "2018-12-31": "469.10000", "2017-12-31": "444.80000", "2016-12-31": "433.30000", "2015-12-31": "349.80000", "2014-12-31": "337.20000", "2013-12-31": "309.70000", "2012-12-31": "317.00000", "2011-12-31": "284.40000", "2010-12-31": "262.60000", "2009-12-31": "258.70000", "2008-12-31": "253.40000", "2007-12-31": "295.80000", "2006-12-31": "244.80000", "2005-12-31": "216.00000"}, "Inventory": {"2019-12-31": "", "2018-12-31": "", "2017-12-31": "", "2016-12-31": "", "2015-12-31": "", "2014-12-31": "", "2013-12-31": "", "2012-12-31": "", "2011-12-31": "", "2010-12-31": "", "2009-12-31": "", "2008-12-31": "", "2007-12-31": "", "2006-12-31": "", "2005-12-31": ""}, "Pre-Paid Expenses": {"2019-12-31": "88.10000", "2018-12-31": "100.00000", "2017-12-31": "94.30000", "2016-12-31": "60.20000", "2015-12-31": "39.30000", "2014-12-31": "35.70000", "2013-12-31": "34.50000", "2012-12-31": "26.20000", "2011-12-31": "24.60000", "2010-12-31": "26.10000", "2009-12-31": "27.60000", "2008-12-31": "22.90000", "2007-12-31": "25.80000", "2006-12-31": "21.50000", "2005-12-31": "17.90000"}, "Other Current Assets": {"2019-12-31": "187.90000", "2018-12-31": "109.60000", "2017-12-31": "122.90000", "2016-12-31": "50.10000", "2015-12-31": "79.20000", "2014-12-31": "89.30000", "2013-12-31": "68.30000", "2012-12-31": "48.70000", "2011-12-31": "20.20000", "2010-12-31": "25.00000", "2009-12-31": "27.40000", "2008-12-31": "19.30000", "2007-12-31": "21.80000", "2006-12-31": "11.10000", "2005-12-31": "9.00000"}, "Total Current Assets": {"2019-12-31": "1209.40000", "2018-12-31": "902.30000", "2017-12-31": "998.40000", "2016-12-31": "672.90000", "2015-12-31": "561.60000", "2014-12-31": "590.50000", "2013-12-31": "648.40000", "2012-12-31": "538.70000", "2011-12-31": "456.90000", "2010-12-31": "433.10000", "2009-12-31": "416.80000", "2008-12-31": "353.80000", "2007-12-31": "425.00000", "2006-12-31": "345.20000", "2005-12-31": "280.40000"}, "Property, Plant, And Equipment": {"2019-12-31": "947.60000", "2018-12-31": "764.80000", "2017-12-31": "567.00000", "2016-12-31": "466.90000", "2015-12-31": "366.80000", "2014-12-31": "300.60000", "2013-12-31": "288.90000", "2012-12-31": "283.70000", "2011-12-31": "292.90000", "2010-12-31": "298.40000", "2009-12-31": "319.30000", "2008-12-31": "286.30000", "2007-12-31": "259.50000", "2006-12-31": "161.90000", "2005-12-31": "156.80000"}, "Long-Term Investments": {"2019-12-31": "", "2018-12-31": "", "2017-12-31": "", "2016-12-31": "", "2015-12-31": "", "2014-12-31": "", "2013-12-31": "", "2012-12-31": "", "2011-12-31": "", "2010-12-31": "", "2009-12-31": "", "2008-12-31": "", "2007-12-31": "", "2006-12-31": "", "2005-12-31": ""}, "Goodwill And Intangible Assets": {"2019-12-31": "5447.80000", "2018-12-31": "5323.70000", "2017-12-31": "5526.00000", "2016-12-31": "5392.90000", "2015-12-31": "3493.60000", "2014-12-31": "3655.90000", "2013-12-31": "3463.80000", "2012-12-31": "3532.60000", "2011-12-31": "2607.00000", "2010-12-31": "2604.20000", "2009-12-31": "2725.70000", "2008-12-31": "2537.30000", "2007-12-31": "2694.80000", "2006-12-31": "1179.40000", "2005-12-31": "1149.60000"}, "Other Long-Term Assets": {"2019-12-31": "304.20000", "2018-12-31": "162.40000", "2017-12-31": "142.00000", "2016-12-31": "131.30000", "2015-12-31": "79.50000", "2014-12-31": "114.00000", "2013-12-31": "138.80000", "2012-12-31": "165.10000", "2011-12-31": "161.90000", "2010-12-31": "101.80000", "2009-12-31": "88.70000", "2008-12-31": "82.90000", "2007-12-31": "72.40000", "2006-12-31": "56.40000", "2005-12-31": "61.00000"}, "Total Long-Term Assets": {"2019-12-31": "6699.60000", "2018-12-31": "6250.90000", "2017-12-31": "6235.00000", "2016-12-31": "5991.10000", "2015-12-31": "3939.90000", "2014-12-31": "4070.50000", "2013-12-31": "3891.50000", "2012-12-31": "3981.40000", "2011-12-31": "3061.80000", "2010-12-31": "3004.40000", "2009-12-31": "3133.70000", "2008-12-31": "2906.50000", "2007-12-31": "3098.90000", "2006-12-31": "1445.40000", "2005-12-31": "1551.10000"}, "Total Assets": {"2019-12-31": "7909.00000", "2018-12-31": "7153.20000", "2017-12-31": "7233.40000", "2016-12-31": "6664.00000", "2015-12-31": "4501.50000", "2014-12-31": "4661.00000", "2013-12-31": "4539.90000", "2012-12-31": "4520.10000", "2011-12-31": "3518.70000", "2010-12-31": "3437.50000", "2009-12-31": "3550.50000", "2008-12-31": "3260.30000", "2007-12-31": "3523.90000", "2006-12-31": "1790.60000", "2005-12-31": "1831.50000"}, "Total Current Liabilities": {"2019-12-31": "1359.10000", "2018-12-31": "826.80000", "2017-12-31": "1673.50000", "2016-12-31": "1259.60000", "2015-12-31": "603.80000", "2014-12-31": "823.10000", "2013-12-31": "662.50000", "2012-12-31": "646.50000", "2011-12-31": "364.90000", "2010-12-31": "319.50000", "2009-12-31": "492.20000", "2008-12-31": "318.00000", "2007-12-31": "546.90000", "2006-12-31": "582.10000", "2005-12-31": "294.50000"}, "Long Term Debt": {"2019-12-31": "3379.50000", "2018-12-31": "2630.60000", "2017-12-31": "1739.00000", "2016-12-31": "2086.80000", "2015-12-31": "1138.40000", "2014-12-31": "1145.70000", "2013-12-31": "1145.50000", "2012-12-31": "1447.40000", "2011-12-31": "966.00000", "2010-12-31": "978.90000", "2009-12-31": "990.90000", "2008-12-31": "1187.40000", "2007-12-31": "1165.20000", "2006-12-31": "173.90000", "2005-12-31": "463.80000"}, "Other Non-Current Liabilities": {"2019-12-31": "180.60000", "2018-12-31": "84.60000", "2017-12-31": "101.00000", "2016-12-31": "86.50000", "2015-12-31": "57.00000", "2014-12-31": "56.30000", "2013-12-31": "54.80000", "2012-12-31": "54.00000", "2011-12-31": "53.40000", "2010-12-31": "53.60000", "2009-12-31": "60.60000", "2008-12-31": "50.10000", "2007-12-31": "72.70000", "2006-12-31": "60.40000", "2005-12-31": "70.60000"}, "Total Long Term Liabilities": {"2019-12-31": "3927.00000", "2018-12-31": "3170.70000", "2017-12-31": "2320.90000", "2016-12-31": "2683.10000", "2015-12-31": "1547.30000", "2014-12-31": "1603.30000", "2013-12-31": "1536.40000", "2012-12-31": "1914.40000", "2011-12-31": "1431.70000", "2010-12-31": "1409.60000", "2009-12-31": "1443.30000", "2008-12-31": "1618.80000", "2007-12-31": "1577.80000", "2006-12-31": "370.40000", "2005-12-31": "716.70000"}, "Total Liabilities": {"2019-12-31": "5286.10000", "2018-12-31": "3997.50000", "2017-12-31": "3994.40000", "2016-12-31": "3942.70000", "2015-12-31": "2151.10000", "2014-12-31": "2426.40000", "2013-12-31": "2198.90000", "2012-12-31": "2560.90000", "2011-12-31": "1796.60000", "2010-12-31": "1729.10000", "2009-12-31": "1935.50000", "2008-12-31": "1936.80000", "2007-12-31": "2124.70000", "2006-12-31": "952.50000", "2005-12-31": "1011.20000"}, "Common Stock Net": {"2019-12-31": "236.60000", "2018-12-31": "236.60000", "2017-12-31": "236.60000", "2016-12-31": "236.60000", "2015-12-31": "236.60000", "2014-12-31": "236.60000", "2013-12-31": "236.60000", "2012-12-31": "236.60000", "2011-12-31": "236.60000", "2010-12-31": "236.60000", "2009-12-31": "236.60000", "2008-12-31": "236.50000", "2007-12-31": "235.60000", "2006-12-31": "232.90000", "2005-12-31": "231.50000"}, "Retained Earnings (Accumulated Deficit)": {"2019-12-31": "4131.80000", "2018-12-31": "4717.80000", "2017-12-31": "4600.60000", "2016-12-31": "4153.20000", "2015-12-31": "3834.40000", "2014-12-31": "3554.80000", "2013-12-31": "3309.20000", "2012-12-31": "3064.60000", "2011-12-31": "2879.20000", "2010-12-31": "2725.70000", "2009-12-31": "2494.20000", "2008-12-31": "2281.00000", "2007-12-31": "2030.00000", "2006-12-31": "1778.60000", "2005-12-31": "1525.10000"}, "Comprehensive Income": {"2019-12-31": "-631.60000", "2018-12-31": "-626.30000", "2017-12-31": "-412.00000", "2016-12-31": "-528.90000", "2015-12-31": "-484.80000", "2014-12-31": "-435.40000", "2013-12-31": "-312.60000", "2012-12-31": "-362.00000", "2011-12-31": "-391.80000", "2010-12-31": "-344.50000", "2009-12-31": "-318.70000", "2008-12-31": "-390.60000", "2007-12-31": "-170.50000", "2006-12-31": "-232.20000", "2005-12-31": "-157.80000"}, "Other Share Holders Equity": {"2019-12-31": "-5.90000", "2018-12-31": "-5.90000", "2017-12-31": "-5.90000", "2016-12-31": "-5.90000", "2015-12-31": "-5.90000", "2014-12-31": "-5.90000", "2013-12-31": "-5.90000", "2012-12-31": "-5.90000", "2011-12-31": "-5.90000", "2010-12-31": "-41.20000", "2009-12-31": "-41.20000", "2008-12-31": "-51.80000", "2007-12-31": "-57.70000", "2006-12-31": "-59.50000", "2005-12-31": "-62.90000"}, "Share Holder Equity": {"2019-12-31": "2622.90000", "2018-12-31": "3155.70000", "2017-12-31": "3239.00000", "2016-12-31": "2721.30000", "2015-12-31": "2350.40000", "2014-12-31": "2234.60000", "2013-12-31": "2341.00000", "2012-12-31": "1959.20000", "2011-12-31": "1722.10000", "2010-12-31": "1708.40000", "2009-12-31": "1615.00000", "2008-12-31": "1323.50000", "2007-12-31": "1399.20000", "2006-12-31": "838.10000", "2005-12-31": "820.30000"}, "Total Liabilities And Share Holders Equity": {"2019-12-31": "7909.00000", "2018-12-31": "7153.20000", "2017-12-31": "7233.40000", "2016-12-31": "6664.00000", "2015-12-31": "4501.50000", "2014-12-31": "4661.00000", "2013-12-31": "4539.90000", "2012-12-31": "4520.10000", "2011-12-31": "3518.70000", "2010-12-31": "3437.50000", "2009-12-31": "3550.50000", "2008-12-31": "3260.30000", "2007-12-31": "3523.90000", "2006-12-31": "1790.60000", "2005-12-31": "1831.50000"}}, "balance sheet, quarterly": {"Cash On Hand": {"2020-09-30": "1535.60000", "2020-06-30": "1347.40000", "2020-03-31": "369.90000", "2019-12-31": "401.30000", "2019-09-30": "167.50000", "2019-06-30": "135.80000", "2019-03-31": "133.20000", "2018-12-31": "223.60000", "2018-09-30": "253.40000", "2018-06-30": "327.40000", "2018-03-31": "249.30000", "2017-12-31": "336.40000", "2017-09-30": "315.40000", "2017-06-30": "403.90000", "2017-03-31": "123.20000", "2016-12-31": "129.30000", "2016-09-30": "111.50000", "2016-06-30": "96.80000", "2016-03-31": "96.80000", "2015-12-31": "93.30000", "2015-09-30": "108.50000", "2015-06-30": "84.20000", "2015-03-31": "95.00000", "2014-12-31": "128.30000", "2014-09-30": "115.00000", "2014-06-30": "91.70000", "2014-03-31": "101.40000", "2013-12-31": "235.90000", "2013-09-30": "131.90000", "2013-06-30": "104.90000", "2013-03-31": "107.60000", "2012-12-31": "146.80000", "2012-09-30": "267.20000", "2012-06-30": "183.10000", "2012-03-31": "132.70000", "2011-12-31": "127.70000", "2011-09-30": "102.00000", "2011-06-30": "108.70000", "2011-03-31": "86.90000", "2010-12-31": "119.40000", "2010-09-30": "115.60000", "2010-06-30": "70.10000", "2010-03-31": "77.10000", "2009-12-31": "103.10000", "2009-09-30": "77.70000", "2009-06-30": "63.60000", "2009-03-31": "60.00000", "2008-12-31": "58.20000", "2008-09-30": "69.00000", "2008-06-30": "72.60000", "2008-03-31": "85.00000", "2007-12-31": "81.60000", "2007-09-30": "87.00000", "2007-06-30": "264.20000", "2007-03-31": "69.60000", "2006-12-31": "67.80000", "2006-09-30": "55.70000", "2006-06-30": "48.20000", "2006-03-31": "56.40000", "2005-12-31": "37.50000", "2005-09-30": "41.50000", "2005-06-30": "44.70000", "2005-03-31": "52.90000"}, "Receivables": {"2020-09-30": "605.90000", "2020-06-30": "592.50000", "2020-03-31": "605.50000", "2019-12-31": "532.10000", "2019-09-30": "516.60000", "2019-06-30": "502.60000", "2019-03-31": "514.00000", "2018-12-31": "469.10000", "2018-09-30": "467.90000", "2018-06-30": "473.50000", "2018-03-31": "487.50000", "2017-12-31": "444.80000", "2017-09-30": "458.30000", "2017-06-30": "462.40000", "2017-03-31": "459.70000", "2016-12-31": "433.30000", "2016-09-30": "436.40000", "2016-06-30": "418.00000", "2016-03-31": "424.70000", "2015-12-31": "349.80000", "2015-09-30": "357.70000", "2015-06-30": "368.20000", "2015-03-31": "362.70000", "2014-12-31": "337.20000", "2014-09-30": "324.00000", "2014-06-30": "345.30000", "2014-03-31": "337.20000", "2013-12-31": "309.70000", "2013-09-30": "306.20000", "2013-06-30": "318.50000", "2013-03-31": "310.40000", "2012-12-31": "317.00000", "2012-09-30": "296.90000", "2012-06-30": "293.90000", "2012-03-31": "297.80000", "2011-12-31": "284.40000", "2011-09-30": "275.80000", "2011-06-30": "273.00000", "2011-03-31": "283.50000", "2010-12-31": "262.60000", "2010-09-30": "266.20000", "2010-06-30": "260.50000", "2010-03-31": "258.50000", "2009-12-31": "258.70000", "2009-09-30": "251.70000", "2009-06-30": "254.40000", "2009-03-31": "263.80000", "2008-12-31": "253.40000", "2008-09-30": "273.70000", "2008-06-30": "305.90000", "2008-03-31": "305.10000", "2007-12-31": "295.80000", "2007-09-30": "302.70000", "2007-06-30": "296.20000", "2007-03-31": "252.20000", "2006-12-31": "244.80000", "2006-09-30": "248.50000", "2006-06-30": "239.00000", "2006-03-31": "226.90000", "2005-12-31": "216.00000", "2005-09-30": "224.00000", "2005-06-30": "215.60000", "2005-03-31": "214.10000"}, "Inventory": {"2020-09-30": "", "2020-06-30": "", "2020-03-31": "", "2019-12-31": "", "2019-09-30": "", "2019-06-30": "", "2019-03-31": "", "2018-12-31": "", "2018-09-30": "", "2018-06-30": "", "2018-03-31": "", "2017-12-31": "", "2017-09-30": "", "2017-06-30": "", "2017-03-31": "", "2016-12-31": "", "2016-09-30": "", "2016-06-30": "", "2016-03-31": "", "2015-12-31": "", "2015-09-30": "", "2015-06-30": "", "2015-03-31": "", "2014-12-31": "", "2014-09-30": "", "2014-06-30": "", "2014-03-31": "", "2013-12-31": "", "2013-09-30": "", "2013-06-30": "", "2013-03-31": "", "2012-12-31": "", "2012-09-30": "", "2012-06-30": "", "2012-03-31": "", "2011-12-31": "", "2011-09-30": "", "2011-06-30": "", "2011-03-31": "", "2010-12-31": "", "2010-09-30": "", "2010-06-30": "", "2010-03-31": "", "2009-12-31": "", "2009-09-30": "", "2009-06-30": "", "2009-03-31": "", "2008-12-31": "", "2008-09-30": "", "2008-06-30": "", "2008-03-31": "", "2007-12-31": "", "2007-09-30": "", "2007-06-30": "", "2007-03-31": "", "2006-12-31": "", "2006-09-30": "", "2006-06-30": "", "2006-03-31": "", "2005-12-31": "", "2005-09-30": "", "2005-06-30": "", "2005-03-31": ""}, "Pre-Paid Expenses": {"2020-09-30": "123.30000", "2020-06-30": "121.10000", "2020-03-31": "119.90000", "2019-12-31": "88.10000", "2019-09-30": "92.70000", "2019-06-30": "97.90000", "2019-03-31": "107.00000", "2018-12-31": "100.00000", "2018-09-30": "90.60000", "2018-06-30": "87.70000", "2018-03-31": "97.60000", "2017-12-31": "94.30000", "2017-09-30": "76.90000", "2017-06-30": "71.40000", "2017-03-31": "76.20000", "2016-12-31": "60.20000", "2016-09-30": "64.40000", "2016-06-30": "55.90000", "2016-03-31": "55.70000", "2015-12-31": "39.30000", "2015-09-30": "46.90000", "2015-06-30": "46.20000", "2015-03-31": "46.30000", "2014-12-31": "35.70000", "2014-09-30": "44.70000", "2014-06-30": "43.30000", "2014-03-31": "37.20000", "2013-12-31": "34.50000", "2013-09-30": "35.30000", "2013-06-30": "33.90000", "2013-03-31": "32.10000", "2012-12-31": "26.20000", "2012-09-30": "30.20000", "2012-06-30": "30.20000", "2012-03-31": "29.60000", "2011-12-31": "24.60000", "2011-09-30": "32.20000", "2011-06-30": "33.10000", "2011-03-31": "34.40000", "2010-12-31": "26.10000", "2010-09-30": "32.70000", "2010-06-30": "32.20000", "2010-03-31": "37.70000", "2009-12-31": "27.60000", "2009-09-30": "39.60000", "2009-06-30": "33.40000", "2009-03-31": "27.20000", "2008-12-31": "22.90000", "2008-09-30": "30.00000", "2008-06-30": "31.70000", "2008-03-31": "34.20000", "2007-12-31": "25.80000", "2007-09-30": "31.00000", "2007-06-30": "35.50000", "2007-03-31": "31.80000", "2006-12-31": "21.50000", "2006-09-30": "24.90000", "2006-06-30": "24.90000", "2006-03-31": "25.50000", "2005-12-31": "17.90000", "2005-09-30": "", "2005-06-30": "", "2005-03-31": ""}, "Other Current Assets": {"2020-09-30": "46.80000", "2020-06-30": "43.90000", "2020-03-31": "53.70000", "2019-12-31": "187.90000", "2019-09-30": "76.20000", "2019-06-30": "77.50000", "2019-03-31": "110.50000", "2018-12-31": "109.60000", "2018-09-30": "75.60000", "2018-06-30": "60.20000", "2018-03-31": "83.00000", "2017-12-31": "122.90000", "2017-09-30": "48.70000", "2017-06-30": "63.00000", "2017-03-31": "46.10000", "2016-12-31": "50.10000", "2016-09-30": "49.50000", "2016-06-30": "56.50000", "2016-03-31": "52.90000", "2015-12-31": "79.20000", "2015-09-30": "69.00000", "2015-06-30": "92.60000", "2015-03-31": "81.00000", "2014-12-31": "89.30000", "2014-09-30": "66.70000", "2014-06-30": "73.90000", "2014-03-31": "48.70000", "2013-12-31": "68.30000", "2013-09-30": "53.10000", "2013-06-30": "55.30000", "2013-03-31": "34.70000", "2012-12-31": "48.70000", "2012-09-30": "11.40000", "2012-06-30": "9.80000", "2012-03-31": "15.00000", "2011-12-31": "20.20000", "2011-09-30": "20.20000", "2011-06-30": "21.70000", "2011-03-31": "22.40000", "2010-12-31": "25.00000", "2010-09-30": "22.60000", "2010-06-30": "110.20000", "2010-03-31": "73.50000", "2009-12-31": "27.40000", "2009-09-30": "16.60000", "2009-06-30": "19.40000", "2009-03-31": "18.40000", "2008-12-31": "19.30000", "2008-09-30": "22.30000", "2008-06-30": "23.10000", "2008-03-31": "21.00000", "2007-12-31": "21.80000", "2007-09-30": "23.70000", "2007-06-30": "29.90000", "2007-03-31": "19.00000", "2006-12-31": "11.10000", "2006-09-30": "12.90000", "2006-06-30": "10.40000", "2006-03-31": "10.00000", "2005-12-31": "9.00000", "2005-09-30": "24.90000", "2005-06-30": "36.90000", "2005-03-31": "46.40000"}, "Total Current Assets": {"2020-09-30": "2311.60000", "2020-06-30": "2104.90000", "2020-03-31": "1149.00000", "2019-12-31": "1209.40000", "2019-09-30": "853.00000", "2019-06-30": "813.80000", "2019-03-31": "864.70000", "2018-12-31": "902.30000", "2018-09-30": "887.50000", "2018-06-30": "948.80000", "2018-03-31": "917.40000", "2017-12-31": "998.40000", "2017-09-30": "899.30000", "2017-06-30": "1000.70000", "2017-03-31": "705.20000", "2016-12-31": "672.90000", "2016-09-30": "661.80000", "2016-06-30": "627.20000", "2016-03-31": "630.10000", "2015-12-31": "561.60000", "2015-09-30": "582.10000", "2015-06-30": "591.20000", "2015-03-31": "585.00000", "2014-12-31": "590.50000", "2014-09-30": "550.40000", "2014-06-30": "554.20000", "2014-03-31": "524.50000", "2013-12-31": "648.40000", "2013-09-30": "526.50000", "2013-06-30": "512.60000", "2013-03-31": "484.80000", "2012-12-31": "538.70000", "2012-09-30": "605.70000", "2012-06-30": "517.00000", "2012-03-31": "475.10000", "2011-12-31": "456.90000", "2011-09-30": "430.20000", "2011-06-30": "436.50000", "2011-03-31": "427.20000", "2010-12-31": "433.10000", "2010-09-30": "437.10000", "2010-06-30": "473.00000", "2010-03-31": "446.80000", "2009-12-31": "416.80000", "2009-09-30": "385.60000", "2009-06-30": "370.80000", "2009-03-31": "369.40000", "2008-12-31": "353.80000", "2008-09-30": "395.00000", "2008-06-30": "433.30000", "2008-03-31": "445.30000", "2007-12-31": "425.00000", "2007-09-30": "444.40000", "2007-06-30": "625.80000", "2007-03-31": "372.60000", "2006-12-31": "345.20000", "2006-09-30": "342.00000", "2006-06-30": "322.50000", "2006-03-31": "318.80000", "2005-12-31": "280.40000", "2005-09-30": "304.70000", "2005-06-30": "308.60000", "2005-03-31": "331.30000"}, "Property, Plant, And Equipment": {"2020-09-30": "1070.60000", "2020-06-30": "1017.20000", "2020-03-31": "962.10000", "2019-12-31": "947.60000", "2019-09-30": "904.50000", "2019-06-30": "872.50000", "2019-03-31": "818.10000", "2018-12-31": "764.80000", "2018-09-30": "695.20000", "2018-06-30": "636.50000", "2018-03-31": "590.90000", "2017-12-31": "567.00000", "2017-09-30": "528.70000", "2017-06-30": "498.10000", "2017-03-31": "479.00000", "2016-12-31": "466.90000", "2016-09-30": "443.30000", "2016-06-30": "418.20000", "2016-03-31": "397.40000", "2015-12-31": "366.80000", "2015-09-30": "339.00000", "2015-06-30": "315.60000", "2015-03-31": "304.00000", "2014-12-31": "300.60000", "2014-09-30": "297.90000", "2014-06-30": "292.30000", "2014-03-31": "291.00000", "2013-12-31": "288.90000", "2013-09-30": "285.70000", "2013-06-30": "279.30000", "2013-03-31": "281.10000", "2012-12-31": "283.70000", "2012-09-30": "286.20000", "2012-06-30": "288.70000", "2012-03-31": "291.40000", "2011-12-31": "292.90000", "2011-09-30": "296.00000", "2011-06-30": "300.90000", "2011-03-31": "306.40000", "2010-12-31": "298.40000", "2010-09-30": "300.20000", "2010-06-30": "300.90000", "2010-03-31": "309.50000", "2009-12-31": "319.30000", "2009-09-30": "316.10000", "2009-06-30": "316.00000", "2009-03-31": "311.20000", "2008-12-31": "286.30000", "2008-09-30": "291.20000", "2008-06-30": "285.30000", "2008-03-31": "272.70000", "2007-12-31": "259.50000", "2007-09-30": "239.00000", "2007-06-30": "187.70000", "2007-03-31": "162.40000", "2006-12-31": "161.90000", "2006-09-30": "156.60000", "2006-06-30": "158.30000", "2006-03-31": "136.20000", "2005-12-31": "156.80000", "2005-09-30": "138.00000", "2005-06-30": "136.80000", "2005-03-31": "137.10000"}, "Long-Term Investments": {"2020-09-30": "", "2020-06-30": "", "2020-03-31": "", "2019-12-31": "", "2019-09-30": "", "2019-06-30": "", "2019-03-31": "", "2018-12-31": "", "2018-09-30": "", "2018-06-30": "", "2018-03-31": "", "2017-12-31": "", "2017-09-30": "", "2017-06-30": "", "2017-03-31": "", "2016-12-31": "", "2016-09-30": "", "2016-06-30": "", "2016-03-31": "", "2015-12-31": "", "2015-09-30": "", "2015-06-30": "", "2015-03-31": "", "2014-12-31": "", "2014-09-30": "", "2014-06-30": "", "2014-03-31": "", "2013-12-31": "", "2013-09-30": "", "2013-06-30": "", "2013-03-31": "", "2012-12-31": "", "2012-09-30": "", "2012-06-30": "", "2012-03-31": "", "2011-12-31": "", "2011-09-30": "", "2011-06-30": "", "2011-03-31": "", "2010-12-31": "", "2010-09-30": "", "2010-06-30": "", "2010-03-31": "", "2009-12-31": "", "2009-09-30": "", "2009-06-30": "", "2009-03-31": "", "2008-12-31": "", "2008-09-30": "", "2008-06-30": "", "2008-03-31": "", "2007-12-31": "", "2007-09-30": "", "2007-06-30": "", "2007-03-31": "", "2006-12-31": "", "2006-09-30": "", "2006-06-30": "", "2006-03-31": "", "2005-12-31": "", "2005-09-30": "", "2005-06-30": "", "2005-03-31": ""}, "Goodwill And Intangible Assets": {"2020-09-30": "5462.20000", "2020-06-30": "5430.40000", "2020-03-31": "5252.70000", "2019-12-31": "5447.80000", "2019-09-30": "5374.10000", "2019-06-30": "5481.50000", "2019-03-31": "5348.60000", "2018-12-31": "5323.70000", "2018-09-30": "5390.50000", "2018-06-30": "5385.60000", "2018-03-31": "5535.50000", "2017-12-31": "5526.00000", "2017-09-30": "5550.20000", "2017-06-30": "5431.50000", "2017-03-31": "5464.60000", "2016-12-31": "5392.90000", "2016-09-30": "5572.80000", "2016-06-30": "5471.40000", "2016-03-31": "5589.00000", "2015-12-31": "3493.60000", "2015-09-30": "3535.50000", "2015-06-30": "3590.90000", "2015-03-31": "3605.10000", "2014-12-31": "3655.90000", "2014-09-30": "3711.70000", "2014-06-30": "3772.10000", "2014-03-31": "3789.90000", "2013-12-31": "3463.80000", "2013-09-30": "3417.90000", "2013-06-30": "3421.00000", "2013-03-31": "3453.60000", "2012-12-31": "3532.60000", "2012-09-30": "2557.80000", "2012-06-30": "2562.80000", "2012-03-31": "2593.60000", "2011-12-31": "2607.00000", "2011-09-30": "2616.90000", "2011-06-30": "2574.60000", "2011-03-31": "2628.40000", "2010-12-31": "2604.20000", "2010-09-30": "2555.70000", "2010-06-30": "2561.40000", "2010-03-31": "2657.50000", "2009-12-31": "2725.70000", "2009-09-30": "2535.40000", "2009-06-30": "2542.10000", "2009-03-31": "2521.60000", "2008-12-31": "2537.30000", "2008-09-30": "2612.00000", "2008-06-30": "2674.60000", "2008-03-31": "2685.20000", "2007-12-31": "2694.80000", "2007-09-30": "2667.20000", "2007-06-30": "2675.00000", "2007-03-31": "1180.70000", "2006-12-31": "1179.40000", "2006-09-30": "1146.50000", "2006-06-30": "1150.30000", "2006-03-31": "1149.50000", "2005-12-31": "1149.60000", "2005-09-30": "1164.70000", "2005-06-30": "1119.40000", "2005-03-31": "1101.00000"}, "Other Long-Term Assets": {"2020-09-30": "405.40000", "2020-06-30": "280.30000", "2020-03-31": "259.00000", "2019-12-31": "304.20000", "2019-09-30": "299.10000", "2019-06-30": "305.70000", "2019-03-31": "304.30000", "2018-12-31": "162.40000", "2018-09-30": "160.80000", "2018-06-30": "146.00000", "2018-03-31": "152.30000", "2017-12-31": "142.00000", "2017-09-30": "137.50000", "2017-06-30": "128.00000", "2017-03-31": "140.20000", "2016-12-31": "131.30000", "2016-09-30": "128.70000", "2016-06-30": "124.00000", "2016-03-31": "116.40000", "2015-12-31": "79.50000", "2015-09-30": "84.80000", "2015-06-30": "87.80000", "2015-03-31": "100.90000", "2014-12-31": "114.00000", "2014-09-30": "147.10000", "2014-06-30": "147.70000", "2014-03-31": "144.70000", "2013-12-31": "138.80000", "2013-09-30": "160.30000", "2013-06-30": "160.70000", "2013-03-31": "167.70000", "2012-12-31": "165.10000", "2012-09-30": "156.20000", "2012-06-30": "152.60000", "2012-03-31": "158.30000", "2011-12-31": "161.90000", "2011-09-30": "169.40000", "2011-06-30": "177.30000", "2011-03-31": "106.80000", "2010-12-31": "101.80000", "2010-09-30": "107.00000", "2010-06-30": "96.80000", "2010-03-31": "91.80000", "2009-12-31": "88.70000", "2009-09-30": "89.40000", "2009-06-30": "86.90000", "2009-03-31": "79.70000", "2008-12-31": "82.90000", "2008-09-30": "77.70000", "2008-06-30": "79.60000", "2008-03-31": "74.10000", "2007-12-31": "72.40000", "2007-09-30": "70.90000", "2007-06-30": "67.40000", "2007-03-31": "60.30000", "2006-12-31": "56.40000", "2006-09-30": "59.10000", "2006-06-30": "61.10000", "2006-03-31": "82.20000", "2005-12-31": "61.00000", "2005-09-30": "105.60000", "2005-06-30": "106.50000", "2005-03-31": "101.20000"}, "Total Long-Term Assets": {"2020-09-30": "6938.20000", "2020-06-30": "6727.90000", "2020-03-31": "6473.80000", "2019-12-31": "6699.60000", "2019-09-30": "6577.70000", "2019-06-30": "6659.70000", "2019-03-31": "6471.00000", "2018-12-31": "6250.90000", "2018-09-30": "6246.50000", "2018-06-30": "6168.10000", "2018-03-31": "6278.70000", "2017-12-31": "6235.00000", "2017-09-30": "6216.40000", "2017-06-30": "6057.60000", "2017-03-31": "6083.80000", "2016-12-31": "5991.10000", "2016-09-30": "6144.80000", "2016-06-30": "6013.60100", "2016-03-31": "6102.80000", "2015-12-31": "3939.90000", "2015-09-30": "3959.30000", "2015-06-30": "3994.30000", "2015-03-31": "4010.00000", "2014-12-31": "4070.50000", "2014-09-30": "4156.70000", "2014-06-30": "4212.10000", "2014-03-31": "4225.60000", "2013-12-31": "3891.50000", "2013-09-30": "3863.90000", "2013-06-30": "3861.00000", "2013-03-31": "3902.40000", "2012-12-31": "3981.40000", "2012-09-30": "3000.20000", "2012-06-30": "3004.10000", "2012-03-31": "3043.30000", "2011-12-31": "3061.80000", "2011-09-30": "3082.30000", "2011-06-30": "3052.80000", "2011-03-31": "3041.60000", "2010-12-31": "3004.40000", "2010-09-30": "2962.90000", "2010-06-30": "2959.10000", "2010-03-31": "3058.80000", "2009-12-31": "3133.70000", "2009-09-30": "2940.90000", "2009-06-30": "2945.00000", "2009-03-31": "2912.50000", "2008-12-31": "2906.50000", "2008-09-30": "3055.60000", "2008-06-30": "3113.30000", "2008-03-31": "3104.60000", "2007-12-31": "3098.90000", "2007-09-30": "3036.30000", "2007-06-30": "2987.90000", "2007-03-31": "1459.30000", "2006-12-31": "1445.40000", "2006-09-30": "1552.10000", "2006-06-30": "1561.20000", "2006-03-31": "1560.20000", "2005-12-31": "1551.10000", "2005-09-30": "1408.30000", "2005-06-30": "1362.70000", "2005-03-31": "1339.30000"}, "Total Assets": {"2020-09-30": "9249.80000", "2020-06-30": "8832.80000", "2020-03-31": "7622.80000", "2019-12-31": "7909.00000", "2019-09-30": "7430.70000", "2019-06-30": "7473.50000", "2019-03-31": "7335.70000", "2018-12-31": "7153.20000", "2018-09-30": "7134.00000", "2018-06-30": "7116.90000", "2018-03-31": "7196.10000", "2017-12-31": "7233.40000", "2017-09-30": "7115.70000", "2017-06-30": "7058.30000", "2017-03-31": "6789.00000", "2016-12-31": "6664.00000", "2016-09-30": "6806.60000", "2016-06-30": "6640.80000", "2016-03-31": "6732.90000", "2015-12-31": "4501.50000", "2015-09-30": "4541.40000", "2015-06-30": "4585.50000", "2015-03-31": "4595.00000", "2014-12-31": "4661.00000", "2014-09-30": "4707.10000", "2014-06-30": "4766.30000", "2014-03-31": "4750.10000", "2013-12-31": "4539.90000", "2013-09-30": "4390.40000", "2013-06-30": "4373.60000", "2013-03-31": "4387.20000", "2012-12-31": "4520.10000", "2012-09-30": "3605.90000", "2012-06-30": "3521.10000", "2012-03-31": "3518.40000", "2011-12-31": "3518.70000", "2011-09-30": "3512.50000", "2011-06-30": "3489.30000", "2011-03-31": "3468.80000", "2010-12-31": "3437.50000", "2010-09-30": "3400.00000", "2010-06-30": "3432.10000", "2010-03-31": "3505.60000", "2009-12-31": "3550.50000", "2009-09-30": "3326.50000", "2009-06-30": "3315.80000", "2009-03-31": "3281.90000", "2008-12-31": "3260.30000", "2008-09-30": "3450.60000", "2008-06-30": "3546.60000", "2008-03-31": "3549.90000", "2007-12-31": "3523.90000", "2007-09-30": "3480.70000", "2007-06-30": "3613.70000", "2007-03-31": "1831.90000", "2006-12-31": "1790.60000", "2006-09-30": "1894.10000", "2006-06-30": "1883.70000", "2006-03-31": "1879.00000", "2005-12-31": "1831.50000", "2005-09-30": "1713.00000", "2005-06-30": "1671.30000", "2005-03-31": "1670.60000"}, "Total Current Liabilities": {"2020-09-30": "2391.00000", "2020-06-30": "1656.40000", "2020-03-31": "1143.80000", "2019-12-31": "1359.10000", "2019-09-30": "1491.80000", "2019-06-30": "1497.90000", "2019-03-31": "1523.00000", "2018-12-31": "826.80000", "2018-09-30": "744.20000", "2018-06-30": "677.60000", "2018-03-31": "1538.90000", "2017-12-31": "1673.50000", "2017-09-30": "1336.30000", "2017-06-30": "1343.40000", "2017-03-31": "1201.30000", "2016-12-31": "1259.60000", "2016-09-30": "1297.70000", "2016-06-30": "961.90000", "2016-03-31": "1729.40000", "2015-12-31": "603.80000", "2015-09-30": "690.70000", "2015-06-30": "784.50000", "2015-03-31": "790.80000", "2014-12-31": "823.10000", "2014-09-30": "766.10000", "2014-06-30": "759.80000", "2014-03-31": "794.60000", "2013-12-31": "662.50000", "2013-09-30": "332.40000", "2013-06-30": "375.80000", "2013-03-31": "449.70000", "2012-12-31": "646.50000", "2012-09-30": "325.50000", "2012-06-30": "293.80000", "2012-03-31": "272.90000", "2011-12-31": "364.90000", "2011-09-30": "344.20000", "2011-06-30": "298.70000", "2011-03-31": "303.50000", "2010-12-31": "319.50000", "2010-09-30": "305.30000", "2010-06-30": "369.70000", "2010-03-31": "429.40000", "2009-12-31": "492.20000", "2009-09-30": "578.70000", "2009-06-30": "615.30000", "2009-03-31": "584.10000", "2008-12-31": "318.00000", "2008-09-30": "362.80000", "2008-06-30": "434.30000", "2008-03-31": "329.20000", "2007-12-31": "546.90000", "2007-09-30": "471.30000", "2007-06-30": "716.60000", "2007-03-31": "566.40000", "2006-12-31": "582.10000", "2006-09-30": "321.00000", "2006-06-30": "312.60000", "2006-03-31": "312.00000", "2005-12-31": "294.50000", "2005-09-30": "296.30000", "2005-06-30": "456.90000", "2005-03-31": "519.70000"}, "Long Term Debt": {"2020-09-30": "3275.30000", "2020-06-30": "3872.10000", "2020-03-31": "3505.10000", "2019-12-31": "3379.50000", "2019-09-30": "2834.70000", "2019-06-30": "2833.30000", "2019-03-31": "2656.90000", "2018-12-31": "2630.60000", "2018-09-30": "2629.40000", "2018-06-30": "2628.40000", "2018-03-31": "1739.60000", "2017-12-31": "1739.00000", "2017-09-30": "2038.70000", "2017-06-30": "2038.10000", "2017-03-31": "2037.40000", "2016-12-31": "2086.80000", "2016-09-30": "2136.30000", "2016-06-30": "2498.70000", "2016-03-31": "1883.80000", "2015-12-31": "1138.40000", "2015-09-30": "1145.90000", "2015-06-30": "1145.80000", "2015-03-31": "1145.80000", "2014-12-31": "1145.70000", "2014-09-30": "1145.70000", "2014-06-30": "1145.60000", "2014-03-31": "1145.60000", "2013-12-31": "1145.50000", "2013-09-30": "1427.80000", "2013-06-30": "1429.10000", "2013-03-31": "1445.60000", "2012-12-31": "1447.40000", "2012-09-30": "951.40000", "2012-06-30": "951.80000", "2012-03-31": "965.30000", "2011-12-31": "966.00000", "2011-09-30": "967.80000", "2011-06-30": "963.90000", "2011-03-31": "974.80000", "2010-12-31": "978.90000", "2010-09-30": "986.40000", "2010-06-30": "979.40000", "2010-03-31": "990.60000", "2009-12-31": "990.90000", "2009-09-30": "740.40000", "2009-06-30": "791.30000", "2009-03-31": "906.30000", "2008-12-31": "1187.40000", "2008-09-30": "1252.90000", "2008-06-30": "1213.20000", "2008-03-31": "1363.80000", "2007-12-31": "1165.20000", "2007-09-30": "1240.90000", "2007-06-30": "778.60000", "2007-03-31": "148.90000", "2006-12-31": "173.90000", "2006-09-30": "416.90000", "2006-06-30": "433.80000", "2006-03-31": "468.80000", "2005-12-31": "463.80000", "2005-09-30": "518.80000", "2005-06-30": "398.70000", "2005-03-31": "398.70000"}, "Other Non-Current Liabilities": {"2020-09-30": "170.70000", "2020-06-30": "171.50000", "2020-03-31": "166.40000", "2019-12-31": "180.60000", "2019-09-30": "164.20000", "2019-06-30": "170.10000", "2019-03-31": "178.80000", "2018-12-31": "84.60000", "2018-09-30": "84.60000", "2018-06-30": "84.40000", "2018-03-31": "103.40000", "2017-12-31": "101.00000", "2017-09-30": "95.90000", "2017-06-30": "91.70000", "2017-03-31": "86.80000", "2016-12-31": "86.50000", "2016-09-30": "85.80000", "2016-06-30": "87.70000", "2016-03-31": "77.80000", "2015-12-31": "57.00000", "2015-09-30": "52.30000", "2015-06-30": "54.10000", "2015-03-31": "54.70000", "2014-12-31": "56.30000", "2014-09-30": "57.30000", "2014-06-30": "56.60000", "2014-03-31": "55.40000", "2013-12-31": "54.80000", "2013-09-30": "54.00000", "2013-06-30": "53.30000", "2013-03-31": "53.50000", "2012-12-31": "54.00000", "2012-09-30": "53.90000", "2012-06-30": "51.00000", "2012-03-31": "52.80000", "2011-12-31": "53.40000", "2011-09-30": "56.10000", "2011-06-30": "58.30000", "2011-03-31": "54.10000", "2010-12-31": "53.60000", "2010-09-30": "53.50000", "2010-06-30": "50.30000", "2010-03-31": "54.30000", "2009-12-31": "60.60000", "2009-09-30": "55.30000", "2009-06-30": "52.30000", "2009-03-31": "50.10000", "2008-12-31": "50.10000", "2008-09-30": "60.90000", "2008-06-30": "76.20000", "2008-03-31": "75.20000", "2007-12-31": "72.70000", "2007-09-30": "66.60000", "2007-06-30": "63.50000", "2007-03-31": "61.30000", "2006-12-31": "60.40000", "2006-09-30": "102.80000", "2006-06-30": "114.80000", "2006-03-31": "113.40000", "2005-12-31": "70.60000", "2005-09-30": "117.20000", "2005-06-30": "122.40000", "2005-03-31": "119.40000"}, "Total Long Term Liabilities": {"2020-09-30": "3892.00000", "2020-06-30": "4442.10000", "2020-03-31": "4049.20000", "2019-12-31": "3927.00000", "2019-09-30": "3379.80000", "2019-06-30": "3387.70000", "2019-03-31": "3201.80000", "2018-12-31": "3170.70000", "2018-09-30": "3148.30000", "2018-06-30": "3159.60000", "2018-03-31": "2320.30000", "2017-12-31": "2320.90000", "2017-09-30": "2613.70000", "2017-06-30": "2633.50000", "2017-03-31": "2635.50000", "2016-12-31": "2683.10000", "2016-09-30": "2721.50000", "2016-06-30": "3095.50000", "2016-03-31": "2470.70000", "2015-12-31": "1547.30000", "2015-09-30": "1583.20000", "2015-06-30": "1594.40000", "2015-03-31": "1614.50000", "2014-12-31": "1603.30000", "2014-09-30": "1570.00000", "2014-06-30": "1565.30000", "2014-03-31": "1560.00000", "2013-12-31": "1536.40000", "2013-09-30": "1864.60000", "2013-06-30": "1877.80000", "2013-03-31": "1893.00000", "2012-12-31": "1914.40000", "2012-09-30": "1397.20000", "2012-06-30": "1399.40000", "2012-03-31": "1420.90000", "2011-12-31": "1431.70000", "2011-09-30": "1384.20000", "2011-06-30": "1388.00000", "2011-03-31": "1395.50000", "2010-12-31": "1409.60000", "2010-09-30": "1366.30000", "2010-06-30": "1383.50000", "2010-03-31": "1413.00000", "2009-12-31": "1443.30000", "2009-09-30": "1184.30000", "2009-06-30": "1213.00000", "2009-03-31": "1322.40000", "2008-12-31": "1618.80000", "2008-09-30": "1650.20000", "2008-06-30": "1630.30000", "2008-03-31": "1777.70000", "2007-12-31": "1577.80000", "2007-09-30": "1631.90000", "2007-06-30": "1169.90000", "2007-03-31": "337.90000", "2006-12-31": "370.40000", "2006-09-30": "655.00000", "2006-06-30": "678.40000", "2006-03-31": "709.60000", "2005-12-31": "716.70000", "2005-09-30": "719.00000", "2005-06-30": "592.40000", "2005-03-31": "585.20000"}, "Total Liabilities": {"2020-09-30": "6283.00000", "2020-06-30": "6098.50000", "2020-03-31": "5193.00000", "2019-12-31": "5286.10000", "2019-09-30": "4871.60000", "2019-06-30": "4885.60000", "2019-03-31": "4724.80000", "2018-12-31": "3997.50000", "2018-09-30": "3892.50000", "2018-06-30": "3837.20000", "2018-03-31": "3859.20000", "2017-12-31": "3994.40000", "2017-09-30": "3950.00000", "2017-06-30": "3976.90000", "2017-03-31": "3836.80000", "2016-12-31": "3942.70000", "2016-09-30": "4019.20000", "2016-06-30": "4057.40000", "2016-03-31": "4200.10000", "2015-12-31": "2151.10000", "2015-09-30": "2273.90000", "2015-06-30": "2378.90000", "2015-03-31": "2405.30000", "2014-12-31": "2426.40000", "2014-09-30": "2336.10000", "2014-06-30": "2325.10000", "2014-03-31": "2354.60000", "2013-12-31": "2198.90000", "2013-09-30": "2197.00000", "2013-06-30": "2253.60000", "2013-03-31": "2342.70000", "2012-12-31": "2560.90000", "2012-09-30": "1722.70000", "2012-06-30": "1693.20000", "2012-03-31": "1693.80000", "2011-12-31": "1796.60000", "2011-09-30": "1728.40000", "2011-06-30": "1686.70000", "2011-03-31": "1699.00000", "2010-12-31": "1729.10000", "2010-09-30": "1671.60000", "2010-06-30": "1753.20000", "2010-03-31": "1842.40000", "2009-12-31": "1935.50000", "2009-09-30": "1763.00000", "2009-06-30": "1828.30000", "2009-03-31": "1906.50000", "2008-12-31": "1936.80000", "2008-09-30": "2013.00000", "2008-06-30": "2064.60000", "2008-03-31": "2106.90000", "2007-12-31": "2124.70000", "2007-09-30": "2103.20000", "2007-06-30": "1886.50000", "2007-03-31": "904.30000", "2006-12-31": "952.50000", "2006-09-30": "976.00000", "2006-06-30": "991.00000", "2006-03-31": "1021.60000", "2005-12-31": "1011.20000", "2005-09-30": "1015.30000", "2005-06-30": "1049.30000", "2005-03-31": "1104.90000"}, "Common Stock Net": {"2020-09-30": "236.60000", "2020-06-30": "236.60000", "2020-03-31": "236.60000", "2019-12-31": "236.60000", "2019-09-30": "236.60000", "2019-06-30": "236.60000", "2019-03-31": "236.60000", "2018-12-31": "236.60000", "2018-09-30": "236.60000", "2018-06-30": "236.60000", "2018-03-31": "236.60000", "2017-12-31": "236.60000", "2017-09-30": "236.60000", "2017-06-30": "236.60000", "2017-03-31": "236.60000", "2016-12-31": "236.60000", "2016-09-30": "236.60000", "2016-06-30": "236.60000", "2016-03-31": "236.60000", "2015-12-31": "236.60000", "2015-09-30": "236.60000", "2015-06-30": "236.60000", "2015-03-31": "236.60000", "2014-12-31": "236.60000", "2014-09-30": "236.60000", "2014-06-30": "236.60000", "2014-03-31": "236.60000", "2013-12-31": "236.60000", "2013-09-30": "236.60000", "2013-06-30": "236.60000", "2013-03-31": "236.60000", "2012-12-31": "236.60000", "2012-09-30": "236.60000", "2012-06-30": "236.60000", "2012-03-31": "236.60000", "2011-12-31": "236.60000", "2011-09-30": "236.60000", "2011-06-30": "236.60000", "2011-03-31": "236.60000", "2010-12-31": "236.60000", "2010-09-30": "236.60000", "2010-06-30": "236.60000", "2010-03-31": "236.60000", "2009-12-31": "236.60000", "2009-09-30": "236.60000", "2009-06-30": "236.60000", "2009-03-31": "236.50000", "2008-12-31": "236.50000", "2008-09-30": "236.40000", "2008-06-30": "236.60000", "2008-03-31": "235.90000", "2007-12-31": "235.60000", "2007-09-30": "235.10000", "2007-06-30": "234.70000", "2007-03-31": "233.10000", "2006-12-31": "232.90000", "2006-09-30": "232.70000", "2006-06-30": "232.40000", "2006-03-31": "232.00000", "2005-12-31": "231.50000", "2005-09-30": "230.90000", "2005-06-30": "229.80000", "2005-03-31": "228.50000"}, "Retained Earnings (Accumulated Deficit)": {"2020-09-30": "4423.10000", "2020-06-30": "4248.00000", "2020-03-31": "4196.90000", "2019-12-31": "4131.80000", "2019-09-30": "4170.40000", "2019-06-30": "4135.50000", "2019-03-31": "4115.40000", "2018-12-31": "4717.80000", "2018-09-30": "4740.10000", "2018-06-30": "4748.30000", "2018-03-31": "4653.10000", "2017-12-31": "4600.60000", "2017-09-30": "4424.70000", "2017-06-30": "4376.30000", "2017-03-31": "4255.90000", "2016-12-31": "4153.20000", "2016-09-30": "4081.90000", "2016-06-30": "3988.30000", "2016-03-31": "3896.20000", "2015-12-31": "3834.40000", "2015-09-30": "3758.50000", "2015-06-30": "3676.10000", "2015-03-31": "3600.10000", "2014-12-31": "3554.80000", "2014-09-30": "3486.90000", "2014-06-30": "3424.40000", "2014-03-31": "3362.30000", "2013-12-31": "3309.20000", "2013-09-30": "3259.40000", "2013-06-30": "3202.80000", "2013-03-31": "3139.10000", "2012-12-31": "3064.60000", "2012-09-30": "3039.90000", "2012-06-30": "2983.60000", "2012-03-31": "2929.10000", "2011-12-31": "2879.20000", "2011-09-30": "2824.50000", "2011-06-30": "2777.60000", "2011-03-31": "2763.10000", "2010-12-31": "2725.70000", "2010-09-30": "2683.50000", "2010-06-30": "2612.10000", "2010-03-31": "2545.80000", "2009-12-31": "2494.20000", "2009-09-30": "2439.20000", "2009-06-30": "2384.70000", "2009-03-31": "2330.30000", "2008-12-31": "2281.00000", "2008-09-30": "2222.10000", "2008-06-30": "2155.10000", "2008-03-31": "2089.50000", "2007-12-31": "2030.00000", "2007-09-30": "1969.70000", "2007-06-30": "1907.40000", "2007-03-31": "1842.50000", "2006-12-31": "1778.60000", "2006-09-30": "1720.70000", "2006-06-30": "1647.00000", "2006-03-31": "1582.70000", "2005-12-31": "1525.10000", "2005-09-30": "1467.70000", "2005-06-30": "1410.60000", "2005-03-31": "1353.40000"}, "Comprehensive Income": {"2020-09-30": "-628.50000", "2020-06-30": "-681.70000", "2020-03-31": "-918.90000", "2019-12-31": "-631.60000", "2019-09-30": "-717.50000", "2019-06-30": "-640.00000", "2019-03-31": "-585.90000", "2018-12-31": "-626.30000", "2018-09-30": "-561.40000", "2018-06-30": "-522.00000", "2018-03-31": "-366.80000", "2017-12-31": "-412.00000", "2017-09-30": "-311.80000", "2017-06-30": "-405.50000", "2017-03-31": "-414.40000", "2016-12-31": "-528.90000", "2016-09-30": "-363.30000", "2016-06-30": "-447.80000", "2016-03-31": "-384.00000", "2015-12-31": "-484.80000", "2015-09-30": "-477.10000", "2015-06-30": "-448.20000", "2015-03-31": "-469.80000", "2014-12-31": "-435.40000", "2014-09-30": "-333.90000", "2014-06-30": "-299.50000", "2014-03-31": "-316.60000", "2013-12-31": "-312.60000", "2013-09-30": "-370.70000", "2013-06-30": "-379.80000", "2013-03-31": "-368.60000", "2012-12-31": "-362.00000", "2012-09-30": "-373.00000", "2012-06-30": "-390.90000", "2012-03-31": "-373.50000", "2011-12-31": "-391.80000", "2011-09-30": "-321.30000", "2011-06-30": "-295.90000", "2011-03-31": "-331.30000", "2010-12-31": "-344.50000", "2010-09-30": "-309.70000", "2010-06-30": "-332.20000", "2010-03-31": "-330.10000", "2009-12-31": "-318.70000", "2009-09-30": "-317.70000", "2009-06-30": "-333.20000", "2009-03-31": "-383.60000", "2008-12-31": "-390.60000", "2008-09-30": "-213.70000", "2008-06-30": "-159.20000", "2008-03-31": "-162.60000", "2007-12-31": "-170.50000", "2007-09-30": "-185.80000", "2007-06-30": "-204.20000", "2007-03-31": "-224.30000", "2006-12-31": "-232.20000", "2006-09-30": "-134.00000", "2006-06-30": "-138.30000", "2006-03-31": "-149.00000", "2005-12-31": "-157.80000", "2005-09-30": "-251.30000", "2005-06-30": "-266.70000", "2005-03-31": "-274.20000"}, "Other Share Holders Equity": {"2020-09-30": "-5.90000", "2020-06-30": "-5.90000", "2020-03-31": "-5.90000", "2019-12-31": "-5.90000", "2019-09-30": "-5.90000", "2019-06-30": "-5.90000", "2019-03-31": "-5.90000", "2018-12-31": "-5.90000", "2018-09-30": "-5.90000", "2018-06-30": "-5.90000", "2018-03-31": "-5.90000", "2017-12-31": "-5.90000", "2017-09-30": "-5.90000", "2017-06-30": "-5.90000", "2017-03-31": "-5.90000", "2016-12-31": "-5.90000", "2016-09-30": "-5.90000", "2016-06-30": "-5.90000", "2016-03-31": "-5.90000", "2015-12-31": "-5.90000", "2015-09-30": "-5.90000", "2015-06-30": "-5.90000", "2015-03-31": "-5.90000", "2014-12-31": "-5.90000", "2014-09-30": "-5.90000", "2014-06-30": "-5.90000", "2014-03-31": "-5.90000", "2013-12-31": "-5.90000", "2013-09-30": "-5.90000", "2013-06-30": "-5.90000", "2013-03-31": "-5.90000", "2012-12-31": "-5.90000", "2012-09-30": "-5.90000", "2012-06-30": "-5.90000", "2012-03-31": "-5.90000", "2011-12-31": "-5.90000", "2011-09-30": "-41.20000", "2011-06-30": "-41.20000", "2011-03-31": "-41.20000", "2010-12-31": "-41.20000", "2010-09-30": "-41.20000", "2010-06-30": "-41.20000", "2010-03-31": "-41.20000", "2009-12-31": "-41.20000", "2009-09-30": "-46.90000", "2009-06-30": "-47.50000", "2009-03-31": "-49.10000", "2008-12-31": "-51.80000", "2008-09-30": "-53.60000", "2008-06-30": "-55.90000", "2008-03-31": "-55.90000", "2007-12-31": "-57.70000", "2007-09-30": "-57.60000", "2007-06-30": "-57.60000", "2007-03-31": "-57.60000", "2006-12-31": "-59.50000", "2006-09-30": "-61.70000", "2006-06-30": "-61.70000", "2006-03-31": "-61.70000", "2005-12-31": "-62.90000", "2005-09-30": "-65.80000", "2005-06-30": "-65.80000", "2005-03-31": "-65.80000"}, "Share Holder Equity": {"2020-09-30": "2966.80000", "2020-06-30": "2734.30000", "2020-03-31": "2429.80000", "2019-12-31": "2622.90000", "2019-09-30": "2559.10000", "2019-06-30": "2587.90000", "2019-03-31": "2610.90000", "2018-12-31": "3155.70000", "2018-09-30": "3241.50000", "2018-06-30": "3279.70000", "2018-03-31": "3336.90000", "2017-12-31": "3239.00000", "2017-09-30": "3165.70000", "2017-06-30": "3081.40000", "2017-03-31": "2952.20000", "2016-12-31": "2721.30000", "2016-09-30": "2787.40000", "2016-06-30": "2583.40000", "2016-03-31": "2532.80000", "2015-12-31": "2350.40000", "2015-09-30": "2267.50000", "2015-06-30": "2206.60000", "2015-03-31": "2189.70000", "2014-12-31": "2234.60000", "2014-09-30": "2371.00000", "2014-06-30": "2441.20000", "2014-03-31": "2395.50000", "2013-12-31": "2341.00000", "2013-09-30": "2193.40000", "2013-06-30": "2120.00000", "2013-03-31": "2044.50000", "2012-12-31": "1959.20000", "2012-09-30": "1883.20000", "2012-06-30": "1827.90000", "2012-03-31": "1824.60000", "2011-12-31": "1722.10000", "2011-09-30": "1784.10000", "2011-06-30": "1802.60000", "2011-03-31": "1769.80000", "2010-12-31": "1708.40000", "2010-09-30": "1728.40000", "2010-06-30": "1678.90000", "2010-03-31": "1663.20000", "2009-12-31": "1615.00000", "2009-09-30": "1563.50000", "2009-06-30": "1487.50000", "2009-03-31": "1375.40000", "2008-12-31": "1323.50000", "2008-09-30": "1437.60000", "2008-06-30": "1482.00000", "2008-03-31": "1443.00000", "2007-12-31": "1399.20000", "2007-09-30": "1377.50000", "2007-06-30": "1727.20000", "2007-03-31": "927.60000", "2006-12-31": "838.10000", "2006-09-30": "918.10000", "2006-06-30": "892.70000", "2006-03-31": "857.40000", "2005-12-31": "820.30000", "2005-09-30": "697.70000", "2005-06-30": "622.00000", "2005-03-31": "565.70000"}, "Total Liabilities And Share Holders Equity": {"2020-09-30": "9249.80000", "2020-06-30": "8832.80000", "2020-03-31": "7622.80000", "2019-12-31": "7909.00000", "2019-09-30": "7430.70000", "2019-06-30": "7473.50000", "2019-03-31": "7335.70000", "2018-12-31": "7153.20000", "2018-09-30": "7134.00000", "2018-06-30": "7116.90000", "2018-03-31": "7196.10000", "2017-12-31": "7233.40000", "2017-09-30": "7115.70000", "2017-06-30": "7058.30000", "2017-03-31": "6789.00000", "2016-12-31": "6664.00000", "2016-09-30": "6806.60000", "2016-06-30": "6640.80000", "2016-03-31": "6732.90000", "2015-12-31": "4501.50000", "2015-09-30": "4541.40000", "2015-06-30": "4585.50000", "2015-03-31": "4595.00000", "2014-12-31": "4661.00000", "2014-09-30": "4707.10000", "2014-06-30": "4766.30000", "2014-03-31": "4750.10000", "2013-12-31": "4539.90000", "2013-09-30": "4390.40000", "2013-06-30": "4373.60000", "2013-03-31": "4387.20000", "2012-12-31": "4520.10000", "2012-09-30": "3605.90000", "2012-06-30": "3521.10000", "2012-03-31": "3518.40000", "2011-12-31": "3518.70000", "2011-09-30": "3512.50000", "2011-06-30": "3489.30000", "2011-03-31": "3468.80000", "2010-12-31": "3437.50000", "2010-09-30": "3400.00000", "2010-06-30": "3432.10000", "2010-03-31": "3505.60000", "2009-12-31": "3550.50000", "2009-09-30": "3326.50000", "2009-06-30": "3315.80000", "2009-03-31": "3281.90000", "2008-12-31": "3260.30000", "2008-09-30": "3450.60000", "2008-06-30": "3546.60000", "2008-03-31": "3549.90000", "2007-12-31": "3523.90000", "2007-09-30": "3480.70000", "2007-06-30": "3613.70000", "2007-03-31": "1831.90000", "2006-12-31": "1790.60000", "2006-09-30": "1894.10000", "2006-06-30": "1883.70000", "2006-03-31": "1879.00000", "2005-12-31": "1831.50000", "2005-09-30": "1713.00000", "2005-06-30": "1671.30000", "2005-03-31": "1670.60000"}}, "cash flow statement": {"Net Income/Loss": {"2019-12-31": "-392.80000", "2018-12-31": "306.30000", "2017-12-31": "598.00000", "2016-12-31": "495.10000", "2015-12-31": "434.80000", "2014-12-31": "374.00000", "2013-12-31": "359.90000", "2012-12-31": "280.80000", "2011-12-31": "241.70000", "2010-12-31": "274.80000", "2009-12-31": "240.50000", "2008-12-31": "279.00000", "2007-12-31": "278.80000", "2006-12-31": "274.50000", "2005-12-31": "246.50000"}, "Total Depreciation And Amortization - Cash Flow": {"2019-12-31": "337.30000", "2018-12-31": "315.90000", "2017-12-31": "290.90000", "2016-12-31": "268.70000", "2015-12-31": "200.00000", "2014-12-31": "204.20000", "2013-12-31": "190.30000", "2012-12-31": "163.40000", "2011-12-31": "164.90000", "2010-12-31": "167.80000", "2009-12-31": "158.80000", "2008-12-31": "155.40000", "2007-12-31": "127.70000", "2006-12-31": "82.80000", "2005-12-31": "82.20000"}, "Other Non-Cash Items": {"2019-12-31": "-37.50000", "2018-12-31": "40.20000", "2017-12-31": "-5.80000", "2016-12-31": "-11.80000", "2015-12-31": "-5.50000", "2014-12-31": "10.80000", "2013-12-31": "5.90000", "2012-12-31": "38.50000", "2011-12-31": "53.10000", "2010-12-31": "-8.70000", "2009-12-31": "33.00000", "2008-12-31": "25.50000", "2007-12-31": "25.10000", "2006-12-31": "16.50000", "2005-12-31": "38.10000"}, "Total Non-Cash Items": {"2019-12-31": "299.80000", "2018-12-31": "356.10000", "2017-12-31": "285.10000", "2016-12-31": "256.90000", "2015-12-31": "194.50000", "2014-12-31": "215.00000", "2013-12-31": "196.20000", "2012-12-31": "201.90000", "2011-12-31": "218.00000", "2010-12-31": "159.10000", "2009-12-31": "191.80000", "2008-12-31": "180.90000", "2007-12-31": "152.80000", "2006-12-31": "99.30000", "2005-12-31": "120.30000"}, "Change In Accounts Receivable": {"2019-12-31": "-61.30000", "2018-12-31": "-37.40000", "2017-12-31": "-1.30000", "2016-12-31": "-55.70000", "2015-12-31": "-26.90000", "2014-12-31": "-27.80000", "2013-12-31": "-2.40000", "2012-12-31": "-17.20000", "2011-12-31": "-26.60000", "2010-12-31": "-3.60000", "2009-12-31": "12.80000", "2008-12-31": "24.20000", "2007-12-31": "-1.60000", "2006-12-31": "-22.80000", "2005-12-31": "-14.30000"}, "Change In Inventories": {"2019-12-31": "", "2018-12-31": "", "2017-12-31": "", "2016-12-31": "", "2015-12-31": "", "2014-12-31": "", "2013-12-31": "", "2012-12-31": "", "2011-12-31": "", "2010-12-31": "", "2009-12-31": "", "2008-12-31": "", "2007-12-31": "", "2006-12-31": "", "2005-12-31": ""}, "Change In Accounts Payable": {"2019-12-31": "", "2018-12-31": "", "2017-12-31": "", "2016-12-31": "", "2015-12-31": "", "2014-12-31": "", "2013-12-31": "", "2012-12-31": "", "2011-12-31": "", "2010-12-31": "", "2009-12-31": "", "2008-12-31": "", "2007-12-31": "", "2006-12-31": "", "2005-12-31": ""}, "Change In Assets/Liabilities": {"2019-12-31": "468.10000", "2018-12-31": "47.20000", "2017-12-31": "-65.80000", "2016-12-31": "126.70000", "2015-12-31": "166.70000", "2014-12-31": "55.00000", "2013-12-31": "15.30000", "2012-12-31": "30.80000", "2011-12-31": "-24.40000", "2010-12-31": "-77.70000", "2009-12-31": "-26.70000", "2008-12-31": "-36.00000", "2007-12-31": "23.50000", "2006-12-31": "21.10000", "2005-12-31": "-14.70000"}, "Total Change In Assets/Liabilities": {"2019-12-31": "406.80000", "2018-12-31": "9.80000", "2017-12-31": "-67.10000", "2016-12-31": "71.00000", "2015-12-31": "139.80000", "2014-12-31": "27.20000", "2013-12-31": "12.90000", "2012-12-31": "13.60000", "2011-12-31": "-51.00000", "2010-12-31": "-81.30000", "2009-12-31": "-13.90000", "2008-12-31": "-11.80000", "2007-12-31": "21.90000", "2006-12-31": "-1.70000", "2005-12-31": "-29.00000"}, "Cash Flow From Operating Activities": {"2019-12-31": "313.80000", "2018-12-31": "672.20000", "2017-12-31": "816.00000", "2016-12-31": "823.00000", "2015-12-31": "769.10000", "2014-12-31": "616.20000", "2013-12-31": "569.00000", "2012-12-31": "496.30000", "2011-12-31": "408.70000", "2010-12-31": "352.60000", "2009-12-31": "418.40000", "2008-12-31": "448.10000", "2007-12-31": "453.50000", "2006-12-31": "372.10000", "2005-12-31": "337.80000"}, "Net Change In Property, Plant, And Equipment": {"2019-12-31": "-399.60000", "2018-12-31": "-316.30000", "2017-12-31": "-209.60000", "2016-12-31": "-173.50000", "2015-12-31": "-146.20000", "2014-12-31": "-86.40000", "2013-12-31": "-83.30000", "2012-12-31": "-66.00000", "2011-12-31": "-75.00000", "2010-12-31": "-99.80000", "2009-12-31": "-70.70000", "2008-12-31": "-110.50000", "2007-12-31": "-118.50000", "2006-12-31": "-52.00000", "2005-12-31": "-46.20000"}, "Net Change In Intangible Assets": {"2019-12-31": "", "2018-12-31": "", "2017-12-31": "", "2016-12-31": "", "2015-12-31": "", "2014-12-31": "", "2013-12-31": "", "2012-12-31": "", "2011-12-31": "", "2010-12-31": "", "2009-12-31": "", "2008-12-31": "", "2007-12-31": "", "2006-12-31": "", "2005-12-31": ""}, "Net Acquisitions/Divestitures": {"2019-12-31": "-272.90000", "2018-12-31": "-138.30000", "2017-12-31": "-139.90000", "2016-12-31": "-1791.60000", "2015-12-31": "-1.50000", "2014-12-31": "-340.40000", "2013-12-31": "-43.90000", "2012-12-31": "-1013.90000", "2011-12-31": "-124.90000", "2010-12-31": "99.10000", "2009-12-31": "-196.00000", "2008-12-31": "-27.40000", "2007-12-31": "-303.80000", "2006-12-31": "-34.80000", "2005-12-31": "-121.80000"}, "Net Change In Short-term Investments": {"2019-12-31": "", "2018-12-31": "", "2017-12-31": "", "2016-12-31": "", "2015-12-31": "", "2014-12-31": "", "2013-12-31": "", "2012-12-31": "", "2011-12-31": "", "2010-12-31": "", "2009-12-31": "", "2008-12-31": "", "2007-12-31": "", "2006-12-31": "", "2005-12-31": ""}, "Net Change In Long-Term Investments": {"2019-12-31": "", "2018-12-31": "", "2017-12-31": "", "2016-12-31": "", "2015-12-31": "", "2014-12-31": "", "2013-12-31": "", "2012-12-31": "", "2011-12-31": "", "2010-12-31": "", "2009-12-31": "", "2008-12-31": "", "2007-12-31": "", "2006-12-31": "", "2005-12-31": "10.10000"}, "Net Change In Investments - Total": {"2019-12-31": "", "2018-12-31": "", "2017-12-31": "", "2016-12-31": "", "2015-12-31": "", "2014-12-31": "", "2013-12-31": "", "2012-12-31": "", "2011-12-31": "", "2010-12-31": "", "2009-12-31": "", "2008-12-31": "", "2007-12-31": "", "2006-12-31": "", "2005-12-31": "10.10000"}, "Investing Activities - Other": {"2019-12-31": "-25.00000", "2018-12-31": "-6.90000", "2017-12-31": "", "2016-12-31": "-10.80000", "2015-12-31": "-0.10000", "2014-12-31": "-2.50000", "2013-12-31": "-9.10000", "2012-12-31": "-3.70000", "2011-12-31": "-4.20000", "2010-12-31": "1.70000", "2009-12-31": "-3.40000", "2008-12-31": "-3.70000", "2007-12-31": "", "2006-12-31": "", "2005-12-31": ""}, "Cash Flow From Investing Activities": {"2019-12-31": "-697.50000", "2018-12-31": "-461.50000", "2017-12-31": "-349.50000", "2016-12-31": "-1975.90000", "2015-12-31": "-147.80000", "2014-12-31": "-429.30000", "2013-12-31": "-136.30000", "2012-12-31": "-1083.60000", "2011-12-31": "-204.10000", "2010-12-31": "1.00000", "2009-12-31": "-270.10000", "2008-12-31": "-141.60000", "2007-12-31": "-422.30000", "2006-12-31": "-86.80000", "2005-12-31": "-157.90000"}, "Net Long-Term Debt": {"2019-12-31": "748.30000", "2018-12-31": "894.50000", "2017-12-31": "-222.50000", "2016-12-31": "1224.70000", "2015-12-31": "", "2014-12-31": "-290.00000", "2013-12-31": "-15.00000", "2012-12-31": "484.00000", "2011-12-31": "-16.70000", "2010-12-31": "-25.80000", "2009-12-31": "-172.60000", "2008-12-31": "29.50000", "2007-12-31": "549.10000", "2006-12-31": "-40.00000", "2005-12-31": "-185.00000"}, "Net Current Debt": {"2019-12-31": "-1.80000", "2018-12-31": "-959.20000", "2017-12-31": "252.40000", "2016-12-31": "73.00000", "2015-12-31": "-331.00000", "2014-12-31": "379.90000", "2013-12-31": "-267.30000", "2012-12-31": "234.10000", "2011-12-31": "24.40000", "2010-12-31": "-134.00000", "2009-12-31": "101.80000", "2008-12-31": "-184.80000", "2007-12-31": "139.70000", "2006-12-31": "-12.20000", "2005-12-31": "92.30000"}, "Debt Issuance/Retirement Net - Total": {"2019-12-31": "746.50000", "2018-12-31": "-64.70000", "2017-12-31": "29.90000", "2016-12-31": "1297.70000", "2015-12-31": "-331.00000", "2014-12-31": "89.90000", "2013-12-31": "-282.30000", "2012-12-31": "718.10000", "2011-12-31": "7.70000", "2010-12-31": "-159.80000", "2009-12-31": "-70.80000", "2008-12-31": "-155.30000", "2007-12-31": "688.80000", "2006-12-31": "-52.20000", "2005-12-31": "-92.70000"}, "Net Common Equity Issued/Repurchased": {"2019-12-31": "22.30000", "2018-12-31": "11.80000", "2017-12-31": "-57.90000", "2016-12-31": "31.50000", "2015-12-31": "-161.90000", "2014-12-31": "-261.90000", "2013-12-31": "35.90000", "2012-12-31": "-16.80000", "2011-12-31": "-118.60000", "2010-12-31": "-138.20000", "2009-12-31": "-13.60000", "2008-12-31": "-141.00000", "2007-12-31": "-687.10000", "2006-12-31": "-189.10000", "2005-12-31": "-81.20000"}, "Net Total Equity Issued/Repurchased": {"2019-12-31": "22.30000", "2018-12-31": "11.80000", "2017-12-31": "-57.90000", "2016-12-31": "31.50000", "2015-12-31": "-161.90000", "2014-12-31": "-261.90000", "2013-12-31": "35.90000", "2012-12-31": "-16.80000", "2011-12-31": "-118.60000", "2010-12-31": "-138.20000", "2009-12-31": "-13.60000", "2008-12-31": "-141.00000", "2007-12-31": "-687.10000", "2006-12-31": "-189.10000", "2005-12-31": "-81.20000"}, "Total Common And Preferred Stock Dividends Paid": {"2019-12-31": "-195.30000", "2018-12-31": "-198.20000", "2017-12-31": "-195.80000", "2016-12-31": "-163.40000", "2015-12-31": "-144.20000", "2014-12-31": "-129.10000", "2013-12-31": "-117.20000", "2012-12-31": "-90.80000", "2011-12-31": "-83.70000", "2010-12-31": "-40.30000", "2009-12-31": "-24.20000", "2008-12-31": "-23.90000", "2007-12-31": "-24.30000", "2006-12-31": "-20.30000", "2005-12-31": "-20.20000"}, "Financial Activities - Other": {"2019-12-31": "-15.60000", "2018-12-31": "-59.90000", "2017-12-31": "-39.90000", "2016-12-31": "-5.50000", "2015-12-31": "-1.90000", "2014-12-31": "17.70000", "2013-12-31": "30.50000", "2012-12-31": "-4.20000", "2011-12-31": "-1.30000", "2010-12-31": "3.00000", "2009-12-31": "0.30000", "2008-12-31": "1.10000", "2007-12-31": "1.40000", "2006-12-31": "6.60000", "2005-12-31": "0.60000"}, "Cash Flow From Financial Activities": {"2019-12-31": "557.90000", "2018-12-31": "-311.00000", "2017-12-31": "-263.70000", "2016-12-31": "1160.30000", "2015-12-31": "-639.00000", "2014-12-31": "-283.40000", "2013-12-31": "-333.10000", "2012-12-31": "606.30000", "2011-12-31": "-195.90000", "2010-12-31": "-335.30000", "2009-12-31": "-108.30000", "2008-12-31": "-319.10000", "2007-12-31": "-21.20000", "2006-12-31": "-255.00000", "2005-12-31": "-193.50000"}, "Net Cash Flow": {"2019-12-31": "177.70000", "2018-12-31": "-112.80000", "2017-12-31": "207.10000", "2016-12-31": "36.00000", "2015-12-31": "-35.00000", "2014-12-31": "-107.60000", "2013-12-31": "89.10000", "2012-12-31": "19.10000", "2011-12-31": "8.30000", "2010-12-31": "16.30000", "2009-12-31": "44.90000", "2008-12-31": "-23.40000", "2007-12-31": "13.80000", "2006-12-31": "30.30000", "2005-12-31": "-14.60000"}, "Stock-Based Compensation": {"2019-12-31": "49.70000", "2018-12-31": "42.50000", "2017-12-31": "38.30000", "2016-12-31": "37.10000", "2015-12-31": "38.40000", "2014-12-31": "38.10000", "2013-12-31": "32.20000", "2012-12-31": "28.00000", "2011-12-31": "24.40000", "2010-12-31": "21.80000", "2009-12-31": "19.60000", "2008-12-31": "19.90000", "2007-12-31": "17.60000", "2006-12-31": "17.40000", "2005-12-31": "8.20000"}, "Common Stock Dividends Paid": {"2019-12-31": "-195.30000", "2018-12-31": "-198.20000", "2017-12-31": "-195.80000", "2016-12-31": "-163.40000", "2015-12-31": "-144.20000", "2014-12-31": "-129.10000", "2013-12-31": "-117.20000", "2012-12-31": "-90.80000", "2011-12-31": "-83.70000", "2010-12-31": "-40.30000", "2009-12-31": "-24.20000", "2008-12-31": "-23.90000", "2007-12-31": "-24.30000", "2006-12-31": "-20.30000", "2005-12-31": "-20.20000"}}, "cash flow statement, quarterly": {"Net Income/Loss": {"2020-09-30": 225, "2020-06-30": 96.1, "2020-03-31": "114.50000", "2019-12-31": 10.8, "2019-09-30": 82.5, "2019-06-30": 68.3, "2019-03-31": "-554.40000", "2018-12-31": 26.7, "2018-09-30": 39.6, "2018-06-30": 146.2, "2018-03-31": "93.80000", "2017-12-31": 174.5, "2017-09-30": 100.5, "2017-06-30": 167.6, "2017-03-31": "155.40000", "2016-12-31": 124.8, "2016-09-30": 134.9, "2016-06-30": 133, "2016-03-31": "102.40000", "2015-12-31": 113, "2015-09-30": 119.7, "2015-06-30": 112.5, "2015-03-31": "89.60000", "2014-12-31": 98.8, "2014-09-30": 94.4, "2014-06-30": 94.5, "2014-03-31": "86.30000", "2013-12-31": 78.9, "2013-09-30": 85.5, "2013-06-30": 92.3, "2013-03-31": "103.20000", "2012-12-31": 48.2, "2012-09-30": 80.1, "2012-06-30": 78.8, "2012-03-31": "73.70000", "2011-12-31": 76, "2011-09-30": 69.3, "2011-06-30": 37.1, "2011-03-31": "59.30000", "2010-12-31": 64, "2010-09-30": 78.8, "2010-06-30": 73.4, "2010-03-31": "58.60000", "2009-12-31": 61.9, "2009-09-30": 61.4, "2009-06-30": 61.1, "2009-03-31": "56.10000", "2008-12-31": 65.2, "2008-09-30": 73.8, "2008-06-30": 72.6, "2008-03-31": "67.40000", "2007-12-31": 71.8, "2007-09-30": 67.9, "2007-06-30": 70.1, "2007-03-31": "69.00000", "2006-12-31": 63.1, "2006-09-30": 78.9, "2006-06-30": 69.6, "2006-03-31": "62.90000", "2005-12-31": 62.8, "2005-09-30": 62.5, "2005-06-30": 62.6, "2005-03-31": "58.60000"}, "Total Depreciation And Amortization - Cash Flow": {"2020-09-30": 103.1, "2020-06-30": 97.8, "2020-03-31": "94.30000", "2019-12-31": 88.5, "2019-09-30": 85.7, "2019-06-30": 83.9, "2019-03-31": "79.20000", "2018-12-31": 80.6, "2018-09-30": 77.8, "2018-06-30": 78.5, "2018-03-31": "79.00000", "2017-12-31": 74.2, "2017-09-30": 73.2, "2017-06-30": 71.4, "2017-03-31": "72.10000", "2016-12-31": 73.3, "2016-09-30": 70.7, "2016-06-30": 67.9, "2016-03-31": "56.80000", "2015-12-31": 49.6, "2015-09-30": 49.6, "2015-06-30": 50.5, "2015-03-31": "50.30000", "2014-12-31": 51, "2014-09-30": 51.3, "2014-06-30": 51, "2014-03-31": "50.90000", "2013-12-31": 45.7, "2013-09-30": 52.3, "2013-06-30": 44.2, "2013-03-31": "48.10000", "2012-12-31": 40.6, "2012-09-30": 40.4, "2012-06-30": 41.1, "2012-03-31": "41.30000", "2011-12-31": 41.1, "2011-09-30": 40.3, "2011-06-30": 40.8, "2011-03-31": "42.70000", "2010-12-31": 42.1, "2010-09-30": 41.4, "2010-06-30": 41.8, "2010-03-31": "42.50000", "2009-12-31": 41.9, "2009-09-30": 39.6, "2009-06-30": 39.1, "2009-03-31": "38.20000", "2008-12-31": 38.1, "2008-09-30": 41.4, "2008-06-30": 38, "2008-03-31": "37.90000", "2007-12-31": 37.8, "2007-09-30": 38.9, "2007-06-30": 29.6, "2007-03-31": "21.40000", "2006-12-31": 20.8, "2006-09-30": 20.4, "2006-06-30": 20.5, "2006-03-31": "21.10000", "2005-12-31": 21.7, "2005-09-30": 20.5, "2005-06-30": 20.1, "2005-03-31": "19.90000"}, "Other Non-Cash Items": {"2020-09-30": -69.2, "2020-06-30": 25.4, "2020-03-31": "2.90000", "2019-12-31": 3.6, "2019-09-30": 13.7, "2019-06-30": 16.3, "2019-03-31": "-71.10000", "2018-12-31": 20.8, "2018-09-30": 8.7, "2018-06-30": 0.6, "2018-03-31": "10.10000", "2017-12-31": 0.2, "2017-09-30": -24.5, "2017-06-30": 2.4, "2017-03-31": "16.10000", "2016-12-31": -2, "2016-09-30": -14.6, "2016-06-30": -1.7, "2016-03-31": "6.50000", "2015-12-31": -6.1, "2015-09-30": -3, "2015-06-30": -4.2, "2015-03-31": "7.80000", "2014-12-31": -6.8, "2014-09-30": 5.6, "2014-06-30": 4.8, "2014-03-31": "7.20000", "2013-12-31": 19.8, "2013-09-30": 3.5, "2013-06-30": -5.2, "2013-03-31": "-12.20000", "2012-12-31": 26.2, "2012-09-30": 1.7, "2012-06-30": 1.4, "2012-03-31": "9.20000", "2011-12-31": 1.6, "2011-09-30": 6.4, "2011-06-30": 41, "2011-03-31": "4.10000", "2010-12-31": 1.8, "2010-09-30": -8.3, "2010-06-30": -5.1, "2010-03-31": "2.90000", "2009-12-31": -4.7, "2009-09-30": 21.6, "2009-06-30": 9.5, "2009-03-31": "6.60000", "2008-12-31": 23.2, "2008-09-30": 3.9, "2008-06-30": -2.6, "2008-03-31": "1.00000", "2007-12-31": 15.7, "2007-09-30": 1.2, "2007-06-30": 5.8, "2007-03-31": "2.40000", "2006-12-31": -3.3, "2006-09-30": 8.6, "2006-06-30": 7.7, "2006-03-31": "3.50000", "2005-12-31": 5.5, "2005-09-30": 8.1, "2005-06-30": 16, "2005-03-31": "8.50000"}, "Total Non-Cash Items": {"2020-09-30": 33.9, "2020-06-30": 123.2, "2020-03-31": "97.20000", "2019-12-31": 92.1, "2019-09-30": 99.4, "2019-06-30": 100.2, "2019-03-31": "8.10000", "2018-12-31": 101.4, "2018-09-30": 86.5, "2018-06-30": 79.1, "2018-03-31": "89.10000", "2017-12-31": 74.4, "2017-09-30": 48.7, "2017-06-30": 73.8, "2017-03-31": "88.20000", "2016-12-31": 71.3, "2016-09-30": 56.1, "2016-06-30": 66.2, "2016-03-31": "63.30000", "2015-12-31": 43.5, "2015-09-30": 46.6, "2015-06-30": 46.3, "2015-03-31": "58.10000", "2014-12-31": 44.2, "2014-09-30": 56.9, "2014-06-30": 55.8, "2014-03-31": "58.10000", "2013-12-31": 65.5, "2013-09-30": 55.8, "2013-06-30": 39, "2013-03-31": "35.90000", "2012-12-31": 66.8, "2012-09-30": 42.1, "2012-06-30": 42.5, "2012-03-31": "50.50000", "2011-12-31": 42.7, "2011-09-30": 46.7, "2011-06-30": 81.8, "2011-03-31": "46.80000", "2010-12-31": 43.9, "2010-09-30": 33.1, "2010-06-30": 36.7, "2010-03-31": "45.40000", "2009-12-31": 37.2, "2009-09-30": 61.2, "2009-06-30": 48.6, "2009-03-31": "44.80000", "2008-12-31": 61.3, "2008-09-30": 45.3, "2008-06-30": 35.4, "2008-03-31": "38.90000", "2007-12-31": 53.5, "2007-09-30": 40.1, "2007-06-30": 35.4, "2007-03-31": "23.80000", "2006-12-31": 17.5, "2006-09-30": 29, "2006-06-30": 28.2, "2006-03-31": "24.60000", "2005-12-31": 27.2, "2005-09-30": 28.6, "2005-06-30": 36.1, "2005-03-31": "28.40000"}, "Change In Accounts Receivable": {"2020-09-30": -10.8, "2020-06-30": 18.6, "2020-03-31": "-83.90000", "2019-12-31": -11.4, "2019-09-30": -19.7, "2019-06-30": 12.6, "2019-03-31": "-42.80000", "2018-12-31": -5.3, "2018-09-30": 4.2, "2018-06-30": 3.3, "2018-03-31": "-39.60000", "2017-12-31": 13.6, "2017-09-30": 9.2, "2017-06-30": -1.4, "2017-03-31": "-22.70000", "2016-12-31": -1.2, "2016-09-30": -12, "2016-06-30": 2.9, "2016-03-31": "-45.40000", "2015-12-31": 2.1, "2015-09-30": 5.8, "2015-06-30": -4.2, "2015-03-31": "-30.60000", "2014-12-31": -16.7, "2014-09-30": 16.7, "2014-06-30": -7.4, "2014-03-31": "-20.40000", "2013-12-31": -1, "2013-09-30": 13.1, "2013-06-30": -10.4, "2013-03-31": "-4.10000", "2012-12-31": -7.7, "2012-09-30": 0.3, "2012-06-30": 1.2, "2012-03-31": "-11.00000", "2011-12-31": -7.9, "2011-09-30": -3.5, "2011-06-30": 1.8, "2011-03-31": "-17.00000", "2010-12-31": 7.2, "2010-09-30": -2.4, "2010-06-30": -2.6, "2010-03-31": "-5.80000", "2009-12-31": 1, "2009-09-30": 5.4, "2009-06-30": 16.7, "2009-03-31": "-10.30000", "2008-12-31": 8.3, "2008-09-30": 24.2, "2008-06-30": -1.5, "2008-03-31": "-6.80000", "2007-12-31": 2.9, "2007-09-30": -5, "2007-06-30": 7.4, "2007-03-31": "-6.90000", "2006-12-31": 6.5, "2006-09-30": -8.8, "2006-06-30": -10.2, "2006-03-31": "-10.30000", "2005-12-31": 7.1, "2005-09-30": -4.6, "2005-06-30": -2, "2005-03-31": "-14.80000"}, "Change In Inventories": {"2020-09-30": 0, "2020-06-30": 0, "2020-03-31": "", "2019-12-31": 0, "2019-09-30": 0, "2019-06-30": 0, "2019-03-31": "", "2018-12-31": 0, "2018-09-30": 0, "2018-06-30": 0, "2018-03-31": "", "2017-12-31": 0, "2017-09-30": 0, "2017-06-30": 0, "2017-03-31": "", "2016-12-31": 0, "2016-09-30": 0, "2016-06-30": 0, "2016-03-31": "", "2015-12-31": 0, "2015-09-30": 0, "2015-06-30": 0, "2015-03-31": "", "2014-12-31": 0, "2014-09-30": 0, "2014-06-30": 0, "2014-03-31": "", "2013-12-31": 0, "2013-09-30": 0, "2013-06-30": 0, "2013-03-31": "", "2012-12-31": 0, "2012-09-30": 0, "2012-06-30": 0, "2012-03-31": "", "2011-12-31": 0, "2011-09-30": 0, "2011-06-30": 0, "2011-03-31": "", "2010-12-31": 0, "2010-09-30": 0, "2010-06-30": 0, "2010-03-31": "", "2009-12-31": 0, "2009-09-30": 0, "2009-06-30": 0, "2009-03-31": "", "2008-12-31": 0, "2008-09-30": 0, "2008-06-30": 0, "2008-03-31": "", "2007-12-31": 0, "2007-09-30": 0, "2007-06-30": 0, "2007-03-31": "", "2006-12-31": 0, "2006-09-30": 0, "2006-06-30": 0, "2006-03-31": "", "2005-12-31": 0, "2005-09-30": 0, "2005-06-30": 0, "2005-03-31": ""}, "Change In Accounts Payable": {"2020-09-30": 0, "2020-06-30": 0, "2020-03-31": "", "2019-12-31": 0, "2019-09-30": 0, "2019-06-30": 0, "2019-03-31": "", "2018-12-31": 0, "2018-09-30": 0, "2018-06-30": 0, "2018-03-31": "", "2017-12-31": 0, "2017-09-30": 0, "2017-06-30": 0, "2017-03-31": "", "2016-12-31": 0, "2016-09-30": 0, "2016-06-30": 0, "2016-03-31": "", "2015-12-31": 0, "2015-09-30": 0, "2015-06-30": 0, "2015-03-31": "", "2014-12-31": 0, "2014-09-30": 0, "2014-06-30": 0, "2014-03-31": "", "2013-12-31": 0, "2013-09-30": 0, "2013-06-30": 0, "2013-03-31": "", "2012-12-31": 0, "2012-09-30": 0, "2012-06-30": 0, "2012-03-31": "", "2011-12-31": 0, "2011-09-30": 0, "2011-06-30": 0, "2011-03-31": "", "2010-12-31": 0, "2010-09-30": 0, "2010-06-30": 0, "2010-03-31": "", "2009-12-31": 0, "2009-09-30": 0, "2009-06-30": 0, "2009-03-31": "", "2008-12-31": 0, "2008-09-30": 0, "2008-06-30": 0, "2008-03-31": "", "2007-12-31": 0, "2007-09-30": 0, "2007-06-30": 0, "2007-03-31": "", "2006-12-31": 0, "2006-09-30": 0, "2006-06-30": 0, "2006-03-31": "", "2005-12-31": 0, "2005-09-30": 0, "2005-06-30": 0, "2005-03-31": ""}, "Change In Assets/Liabilities": {"2020-09-30": 118.9, "2020-06-30": 13.3, "2020-03-31": "-97.00000", "2019-12-31": 139.2, "2019-09-30": -327.1, "2019-06-30": 35.9, "2019-03-31": "620.10000", "2018-12-31": 42, "2018-09-30": 22.3, "2018-06-30": 6.6, "2018-03-31": "-23.70000", "2017-12-31": -55.2, "2017-09-30": 121.2, "2017-06-30": -14.6, "2017-03-31": "-117.20000", "2016-12-31": 83.9, "2016-09-30": 66.7, "2016-06-30": -11.7, "2016-03-31": "-12.20000", "2015-12-31": 73.7, "2015-09-30": 75.1, "2015-06-30": 32.1, "2015-03-31": "-14.20000", "2014-12-31": 76.5, "2014-09-30": 20.8, "2014-06-30": 9.9, "2014-03-31": "-52.20000", "2013-12-31": 48.5, "2013-09-30": 19.9, "2013-06-30": 15.6, "2013-03-31": "-68.70000", "2012-12-31": 40.7, "2012-09-30": 28.5, "2012-06-30": 26.5, "2012-03-31": "-64.90000", "2011-12-31": 38.9, "2011-09-30": -0.5, "2011-06-30": 3.2, "2011-03-31": "-66.00000", "2010-12-31": 30.1, "2010-09-30": -41, "2010-06-30": -6.3, "2010-03-31": "-60.50000", "2009-12-31": 49.5, "2009-09-30": -4.8, "2009-06-30": -25.3, "2009-03-31": "-46.10000", "2008-12-31": -14.8, "2008-09-30": -4.8, "2008-06-30": 6.6, "2008-03-31": "-23.00000", "2007-12-31": 53.5, "2007-09-30": 15.7, "2007-06-30": -24.7, "2007-03-31": "-21.00000", "2006-12-31": 31.3, "2006-09-30": -0.2, "2006-06-30": 2.8, "2006-03-31": "-12.80000", "2005-12-31": 3, "2005-09-30": 18.9, "2005-06-30": -6.2, "2005-03-31": "-30.40000"}, "Total Change In Assets/Liabilities": {"2020-09-30": 108.1, "2020-06-30": 31.9, "2020-03-31": "-180.90000", "2019-12-31": 127.8, "2019-09-30": -346.8, "2019-06-30": 48.5, "2019-03-31": "577.30000", "2018-12-31": 36.7, "2018-09-30": 26.5, "2018-06-30": 9.9, "2018-03-31": "-63.30000", "2017-12-31": -41.6, "2017-09-30": 130.4, "2017-06-30": -16, "2017-03-31": "-139.90000", "2016-12-31": 82.7, "2016-09-30": 54.7, "2016-06-30": -8.8, "2016-03-31": "-57.60000", "2015-12-31": 75.8, "2015-09-30": 80.9, "2015-06-30": 27.9, "2015-03-31": "-44.80000", "2014-12-31": 59.8, "2014-09-30": 37.5, "2014-06-30": 2.5, "2014-03-31": "-72.60000", "2013-12-31": 47.5, "2013-09-30": 33, "2013-06-30": 5.2, "2013-03-31": "-72.80000", "2012-12-31": 33, "2012-09-30": 28.8, "2012-06-30": 27.7, "2012-03-31": "-75.90000", "2011-12-31": 31, "2011-09-30": -4, "2011-06-30": 5, "2011-03-31": "-83.00000", "2010-12-31": 37.3, "2010-09-30": -43.4, "2010-06-30": -8.9, "2010-03-31": "-66.30000", "2009-12-31": 50.5, "2009-09-30": 0.6, "2009-06-30": -8.6, "2009-03-31": "-56.40000", "2008-12-31": -6.5, "2008-09-30": 19.4, "2008-06-30": 5.1, "2008-03-31": "-29.80000", "2007-12-31": 56.4, "2007-09-30": 10.7, "2007-06-30": -17.3, "2007-03-31": "-27.90000", "2006-12-31": 37.8, "2006-09-30": -9, "2006-06-30": -7.4, "2006-03-31": "-23.10000", "2005-12-31": 10.1, "2005-09-30": 14.3, "2005-06-30": -8.2, "2005-03-31": "-45.20000"}, "Cash Flow From Operating Activities": {"2020-09-30": 367, "2020-06-30": 251.2, "2020-03-31": "30.80000", "2019-12-31": 230.7, "2019-09-30": -164.9, "2019-06-30": 217, "2019-03-31": "31.00000", "2018-12-31": 164.8, "2018-09-30": 152.6, "2018-06-30": 235.2, "2018-03-31": "119.60000", "2017-12-31": 207.3, "2017-09-30": 279.6, "2017-06-30": 225.4, "2017-03-31": "103.70000", "2016-12-31": 278.8, "2016-09-30": 245.7, "2016-06-30": 190.4, "2016-03-31": "108.10000", "2015-12-31": 232.3, "2015-09-30": 247.2, "2015-06-30": 186.7, "2015-03-31": "102.90000", "2014-12-31": 202.8, "2014-09-30": 188.8, "2014-06-30": 152.8, "2014-03-31": "71.80000", "2013-12-31": 191.9, "2013-09-30": 174.3, "2013-06-30": 136.5, "2013-03-31": "66.30000", "2012-12-31": 148, "2012-09-30": 151, "2012-06-30": 149, "2012-03-31": "48.30000", "2011-12-31": 149.7, "2011-09-30": 112, "2011-06-30": 123.9, "2011-03-31": "23.10000", "2010-12-31": 145.2, "2010-09-30": 68.5, "2010-06-30": 101.2, "2010-03-31": "37.70000", "2009-12-31": 149.6, "2009-09-30": 123.2, "2009-06-30": 101.1, "2009-03-31": "44.50000", "2008-12-31": 120, "2008-09-30": 138.5, "2008-06-30": 113.1, "2008-03-31": "76.50000", "2007-12-31": 181.7, "2007-09-30": 118.7, "2007-06-30": 88.2, "2007-03-31": "64.90000", "2006-12-31": 118.4, "2006-09-30": 98.9, "2006-06-30": 90.4, "2006-03-31": "64.40000", "2005-12-31": 100.1, "2005-09-30": 105.4, "2005-06-30": 90.5, "2005-03-31": "41.80000"}, "Net Change In Property, Plant, And Equipment": {"2020-09-30": -116.7, "2020-06-30": -104.8, "2020-03-31": "-88.00000", "2019-12-31": -93.9, "2019-09-30": -97.2, "2019-06-30": -93.7, "2019-03-31": "-114.80000", "2018-12-31": -113.8, "2018-09-30": -83.8, "2018-06-30": -62.5, "2018-03-31": "-56.20000", "2017-12-31": -60.7, "2017-09-30": -57.6, "2017-06-30": -49.6, "2017-03-31": "-41.70000", "2016-12-31": -42.5, "2016-09-30": -48.2, "2016-06-30": -42.6, "2016-03-31": "-40.20000", "2015-12-31": -52.6, "2015-09-30": -38.4, "2015-06-30": -33.6, "2015-03-31": "-21.60000", "2014-12-31": -22.5, "2014-09-30": -26.2, "2014-06-30": -19.2, "2014-03-31": "-18.50000", "2013-12-31": -21.8, "2013-09-30": -25.3, "2013-06-30": -17.5, "2013-03-31": "-18.70000", "2012-12-31": -16.7, "2012-09-30": -14.8, "2012-06-30": -14.3, "2012-03-31": "-20.20000", "2011-12-31": -15.8, "2011-09-30": -15.3, "2011-06-30": -17.7, "2011-03-31": "-26.20000", "2010-12-31": -17.4, "2010-09-30": -15.5, "2010-06-30": -16.9, "2010-03-31": "-50.00000", "2009-12-31": -19.5, "2009-09-30": -17.2, "2009-06-30": -19, "2009-03-31": "-15.00000", "2008-12-31": -21.2, "2008-09-30": -30.9, "2008-06-30": -28.4, "2008-03-31": "-30.00000", "2007-12-31": -33.2, "2007-09-30": -53.5, "2007-06-30": -17.2, "2007-03-31": "-14.60000", "2006-12-31": -17.9, "2006-09-30": -7.6, "2006-06-30": -15.8, "2006-03-31": "-10.70000", "2005-12-31": -12.9, "2005-09-30": -11.2, "2005-06-30": -12.3, "2005-03-31": "-9.80000"}, "Net Change In Intangible Assets": {"2020-09-30": 0, "2020-06-30": 0, "2020-03-31": "", "2019-12-31": 0, "2019-09-30": 0, "2019-06-30": 0, "2019-03-31": "", "2018-12-31": 0, "2018-09-30": 0, "2018-06-30": 0, "2018-03-31": "", "2017-12-31": 0, "2017-09-30": 0, "2017-06-30": 0, "2017-03-31": "", "2016-12-31": 0, "2016-09-30": 0, "2016-06-30": 0, "2016-03-31": "", "2015-12-31": 0, "2015-09-30": 0, "2015-06-30": 0, "2015-03-31": "", "2014-12-31": 0, "2014-09-30": 0, "2014-06-30": 0, "2014-03-31": "", "2013-12-31": 0, "2013-09-30": 0, "2013-06-30": 0, "2013-03-31": "", "2012-12-31": 0, "2012-09-30": 0, "2012-06-30": 0, "2012-03-31": "", "2011-12-31": 0, "2011-09-30": 0, "2011-06-30": 0, "2011-03-31": "", "2010-12-31": 0, "2010-09-30": 0, "2010-06-30": 0, "2010-03-31": "", "2009-12-31": 0, "2009-09-30": 0, "2009-06-30": 0, "2009-03-31": "", "2008-12-31": 0, "2008-09-30": 0, "2008-06-30": 0, "2008-03-31": "", "2007-12-31": 0, "2007-09-30": 0, "2007-06-30": 0, "2007-03-31": "", "2006-12-31": 0, "2006-09-30": 0, "2006-06-30": 0, "2006-03-31": "", "2005-12-31": 0, "2005-09-30": 0, "2005-06-30": 0, "2005-03-31": ""}, "Net Acquisitions/Divestitures": {"2020-09-30": -13.3, "2020-06-30": 0, "2020-03-31": "-48.10000", "2019-12-31": -38.1, "2019-09-30": 0, "2019-06-30": -210, "2019-03-31": "-24.80000", "2018-12-31": -22.5, "2018-09-30": -85.1, "2018-06-30": -16.8, "2018-03-31": "-13.90000", "2017-12-31": -62.6, "2017-09-30": -67.7, "2017-06-30": -2.3, "2017-03-31": "-7.30000", "2016-12-31": 0.8, "2016-09-30": -64.6, "2016-06-30": 0, "2016-03-31": "-1727.80000", "2015-12-31": 0, "2015-09-30": 2.9, "2015-06-30": 0, "2015-03-31": "-4.40000", "2014-12-31": -7.3, "2014-09-30": 0.6, "2014-06-30": 0, "2014-03-31": "-333.70000", "2013-12-31": -63.9, "2013-09-30": -27.5, "2013-06-30": 3.8, "2013-03-31": "43.70000", "2012-12-31": -1009.1, "2012-09-30": -7.3, "2012-06-30": 2.5, "2012-03-31": "", "2011-12-31": -15.2, "2011-09-30": -81.5, "2011-06-30": 2.5, "2011-03-31": "-30.70000", "2010-12-31": -67.3, "2010-09-30": 114.4, "2010-06-30": 58, "2010-03-31": "-6.00000", "2009-12-31": -192.5, "2009-09-30": -3.5, "2009-06-30": 0, "2009-03-31": "", "2008-12-31": -9.6, "2008-09-30": -6.8, "2008-06-30": -5, "2008-03-31": "-6.00000", "2007-12-31": -9, "2007-09-30": -0.3, "2007-06-30": -290.6, "2007-03-31": "-3.90000", "2006-12-31": -34.8, "2006-09-30": 0, "2006-06-30": 0, "2006-03-31": "", "2005-12-31": 0, "2005-09-30": -17.3, "2005-06-30": -18.8, "2005-03-31": "-85.70000"}, "Net Change In Short-term Investments": {"2020-09-30": 0, "2020-06-30": 0, "2020-03-31": "", "2019-12-31": 0, "2019-09-30": 0, "2019-06-30": 0, "2019-03-31": "", "2018-12-31": 0, "2018-09-30": 0, "2018-06-30": 0, "2018-03-31": "", "2017-12-31": 0, "2017-09-30": 0, "2017-06-30": 0, "2017-03-31": "", "2016-12-31": 0, "2016-09-30": 0, "2016-06-30": 0, "2016-03-31": "", "2015-12-31": 0, "2015-09-30": 0, "2015-06-30": 0, "2015-03-31": "", "2014-12-31": 0, "2014-09-30": 0, "2014-06-30": 0, "2014-03-31": "", "2013-12-31": 0, "2013-09-30": 0, "2013-06-30": 0, "2013-03-31": "", "2012-12-31": 0, "2012-09-30": 0, "2012-06-30": 0, "2012-03-31": "", "2011-12-31": 0, "2011-09-30": 0, "2011-06-30": 0, "2011-03-31": "", "2010-12-31": 0, "2010-09-30": 0, "2010-06-30": 0, "2010-03-31": "", "2009-12-31": 0, "2009-09-30": 0, "2009-06-30": 0, "2009-03-31": "", "2008-12-31": 0, "2008-09-30": 0, "2008-06-30": 0, "2008-03-31": "", "2007-12-31": 0, "2007-09-30": 0, "2007-06-30": 0, "2007-03-31": "", "2006-12-31": 0, "2006-09-30": 0, "2006-06-30": 0, "2006-03-31": "", "2005-12-31": 0, "2005-09-30": 0, "2005-06-30": 0, "2005-03-31": ""}, "Net Change In Long-Term Investments": {"2020-09-30": 0, "2020-06-30": 0, "2020-03-31": "", "2019-12-31": 0, "2019-09-30": 0, "2019-06-30": 0, "2019-03-31": "", "2018-12-31": 0, "2018-09-30": 0, "2018-06-30": 0, "2018-03-31": "", "2017-12-31": 0, "2017-09-30": 0, "2017-06-30": 0, "2017-03-31": "", "2016-12-31": 0, "2016-09-30": 0, "2016-06-30": 0, "2016-03-31": "", "2015-12-31": 0, "2015-09-30": 0, "2015-06-30": 0, "2015-03-31": "", "2014-12-31": 0, "2014-09-30": 0, "2014-06-30": 0, "2014-03-31": "", "2013-12-31": 0, "2013-09-30": 0, "2013-06-30": 0, "2013-03-31": "", "2012-12-31": 0, "2012-09-30": 0, "2012-06-30": 0, "2012-03-31": "", "2011-12-31": 0, "2011-09-30": 0, "2011-06-30": 0, "2011-03-31": "", "2010-12-31": 0, "2010-09-30": 0, "2010-06-30": 0, "2010-03-31": "", "2009-12-31": 0, "2009-09-30": 0, "2009-06-30": 0, "2009-03-31": "", "2008-12-31": 0, "2008-09-30": 0, "2008-06-30": 0, "2008-03-31": "", "2007-12-31": 0, "2007-09-30": 0, "2007-06-30": 0, "2007-03-31": "", "2006-12-31": 0, "2006-09-30": 0, "2006-06-30": 0, "2006-03-31": "", "2005-12-31": 10.1, "2005-09-30": 0, "2005-06-30": 0, "2005-03-31": ""}, "Net Change In Investments - Total": {"2020-09-30": 0, "2020-06-30": 0, "2020-03-31": "", "2019-12-31": 0, "2019-09-30": 0, "2019-06-30": 0, "2019-03-31": "", "2018-12-31": 0, "2018-09-30": 0, "2018-06-30": 0, "2018-03-31": "", "2017-12-31": 0, "2017-09-30": 0, "2017-06-30": 0, "2017-03-31": "", "2016-12-31": 0, "2016-09-30": 0, "2016-06-30": 0, "2016-03-31": "", "2015-12-31": 0, "2015-09-30": 0, "2015-06-30": 0, "2015-03-31": "", "2014-12-31": 0, "2014-09-30": 0, "2014-06-30": 0, "2014-03-31": "", "2013-12-31": 0, "2013-09-30": 0, "2013-06-30": 0, "2013-03-31": "", "2012-12-31": 0, "2012-09-30": 0, "2012-06-30": 0, "2012-03-31": "", "2011-12-31": 0, "2011-09-30": 0, "2011-06-30": 0, "2011-03-31": "", "2010-12-31": 0, "2010-09-30": 0, "2010-06-30": 0, "2010-03-31": "", "2009-12-31": 0, "2009-09-30": 0, "2009-06-30": 0, "2009-03-31": "", "2008-12-31": 0, "2008-09-30": 0, "2008-06-30": 0, "2008-03-31": "", "2007-12-31": 0, "2007-09-30": 0, "2007-06-30": 0, "2007-03-31": "", "2006-12-31": 0, "2006-09-30": 0, "2006-06-30": 0, "2006-03-31": "", "2005-12-31": 10.1, "2005-09-30": 0, "2005-06-30": 0, "2005-03-31": ""}, "Investing Activities - Other": {"2020-09-30": 0, "2020-06-30": -10, "2020-03-31": "", "2019-12-31": 0, "2019-09-30": 0, "2019-06-30": 0, "2019-03-31": "-25.00000", "2018-12-31": 0, "2018-09-30": -6.9, "2018-06-30": 0, "2018-03-31": "", "2017-12-31": 0, "2017-09-30": 0, "2017-06-30": 0, "2017-03-31": "", "2016-12-31": 0, "2016-09-30": 0, "2016-06-30": 0, "2016-03-31": "-10.80000", "2015-12-31": 0, "2015-09-30": 0, "2015-06-30": 0, "2015-03-31": "-0.10000", "2014-12-31": 0, "2014-09-30": 0.5, "2014-06-30": -0.5, "2014-03-31": "-2.50000", "2013-12-31": 0, "2013-09-30": -6.7, "2013-06-30": -2.4, "2013-03-31": "", "2012-12-31": 0, "2012-09-30": -0.1, "2012-06-30": -3.6, "2012-03-31": "", "2011-12-31": 0, "2011-09-30": -1.5, "2011-06-30": 0, "2011-03-31": "-2.70000", "2010-12-31": 0.2, "2010-09-30": 0.5, "2010-06-30": 1, "2010-03-31": "", "2009-12-31": -5.2, "2009-09-30": 0.3, "2009-06-30": 0.5, "2009-03-31": "1.00000", "2008-12-31": 0.7, "2008-09-30": 0, "2008-06-30": -4.4, "2008-03-31": "", "2007-12-31": 0, "2007-09-30": 0, "2007-06-30": 0, "2007-03-31": "", "2006-12-31": 0.1, "2006-09-30": 0, "2006-06-30": 0, "2006-03-31": "-0.10000", "2005-12-31": -10.1, "2005-09-30": 0, "2005-06-30": 10.1, "2005-03-31": ""}, "Cash Flow From Investing Activities": {"2020-09-30": -130, "2020-06-30": -114.8, "2020-03-31": "-136.10000", "2019-12-31": -132, "2019-09-30": -97.2, "2019-06-30": -303.7, "2019-03-31": "-164.60000", "2018-12-31": -136.3, "2018-09-30": -175.8, "2018-06-30": -79.3, "2018-03-31": "-70.10000", "2017-12-31": -123.3, "2017-09-30": -125.3, "2017-06-30": -51.9, "2017-03-31": "-49.00000", "2016-12-31": -41.7, "2016-09-30": -112.8, "2016-06-30": -42.6, "2016-03-31": "-1778.80000", "2015-12-31": -52.6, "2015-09-30": -35.5, "2015-06-30": -33.6, "2015-03-31": "-26.10000", "2014-12-31": -29.8, "2014-09-30": -25.1, "2014-06-30": -19.7, "2014-03-31": "-354.70000", "2013-12-31": -85.7, "2013-09-30": -59.5, "2013-06-30": -16.1, "2013-03-31": "25.00000", "2012-12-31": -1025.8, "2012-09-30": -22.2, "2012-06-30": -15.4, "2012-03-31": "-20.20000", "2011-12-31": -31, "2011-09-30": -98.3, "2011-06-30": -15.2, "2011-03-31": "-59.60000", "2010-12-31": -84.5, "2010-09-30": 99.4, "2010-06-30": 42.1, "2010-03-31": "-56.00000", "2009-12-31": -217.2, "2009-09-30": -20.4, "2009-06-30": -18.5, "2009-03-31": "-14.00000", "2008-12-31": -30.1, "2008-09-30": -37.7, "2008-06-30": -37.8, "2008-03-31": "-36.00000", "2007-12-31": -42.2, "2007-09-30": -53.8, "2007-06-30": -307.8, "2007-03-31": "-18.50000", "2006-12-31": -52.6, "2006-09-30": -7.6, "2006-06-30": -15.8, "2006-03-31": "-10.80000", "2005-12-31": -12.9, "2005-09-30": -28.5, "2005-06-30": -21, "2005-03-31": "-95.50000"}, "Net Long-Term Debt": {"2020-09-30": 0, "2020-06-30": 873.3, "2020-03-31": "125.00000", "2019-12-31": 548.3, "2019-09-30": 0, "2019-06-30": 175, "2019-03-31": "25.00000", "2018-12-31": 0, "2018-09-30": -0.3, "2018-06-30": 894.8, "2018-03-31": "", "2017-12-31": 100, "2017-09-30": -272.5, "2017-06-30": 0, "2017-03-31": "-50.00000", "2016-12-31": -50, "2016-09-30": -90, "2016-06-30": 574.7, "2016-03-31": "790.00000", "2015-12-31": 0, "2015-09-30": 0, "2015-06-30": 0, "2015-03-31": "", "2014-12-31": -275, "2014-09-30": 0, "2014-06-30": -15, "2014-03-31": "", "2013-12-31": 0, "2013-09-30": 0, "2013-06-30": -15, "2013-03-31": "", "2012-12-31": 499.1, "2012-09-30": 0, "2012-06-30": -15.1, "2012-03-31": "", "2011-12-31": 0, "2011-09-30": 0, "2011-06-30": -15, "2011-03-31": "-1.70000", "2010-12-31": -1.2, "2010-09-30": -0.9, "2010-06-30": -17.4, "2010-03-31": "-6.30000", "2009-12-31": 254, "2009-09-30": -50.1, "2009-06-30": -100.1, "2009-03-31": "-276.40000", "2008-12-31": -59.4, "2008-09-30": 39.8, "2008-06-30": -150.1, "2008-03-31": "199.20000", "2007-12-31": -73.2, "2007-09-30": 199.3, "2007-06-30": 448, "2007-03-31": "-25.00000", "2006-12-31": 7, "2006-09-30": -17, "2006-06-30": -35, "2006-03-31": "5.00000", "2005-12-31": -55, "2005-09-30": -130, "2005-06-30": 0, "2005-03-31": ""}, "Net Current Debt": {"2020-09-30": -0.5, "2020-06-30": 0.6, "2020-03-31": "0.20000", "2019-12-31": -368.8, "2019-09-30": 339.8, "2019-06-30": -37.5, "2019-03-31": "64.70000", "2018-12-31": 1.7, "2018-09-30": -0.7, "2018-06-30": -883.4, "2018-03-31": "-76.80000", "2017-12-31": -102.5, "2017-09-30": 146.1, "2017-06-30": 162.4, "2017-03-31": "46.40000", "2016-12-31": -121.2, "2016-09-30": -13.3, "2016-06-30": -692.6, "2016-03-31": "900.10000", "2015-12-31": -137.6, "2015-09-30": -148.2, "2015-06-30": -42.4, "2015-03-31": "-2.80000", "2014-12-31": 247.6, "2014-09-30": 0.9, "2014-06-30": -62, "2014-03-31": "193.40000", "2013-12-31": -0.8, "2013-09-30": -59.9, "2013-06-30": -100, "2013-03-31": "-106.60000", "2012-12-31": 262.2, "2012-09-30": 3.5, "2012-06-30": -1.4, "2012-03-31": "-30.20000", "2011-12-31": -22.1, "2011-09-30": 49.9, "2011-06-30": -23.2, "2011-03-31": "19.80000", "2010-12-31": 0, "2010-09-30": -67.1, "2010-06-30": -69.6, "2010-03-31": "2.70000", "2009-12-31": -145.7, "2009-09-30": -34.9, "2009-06-30": 22.3, "2009-03-31": "260.10000", "2008-12-31": -18.9, "2008-09-30": -71, "2008-06-30": 104.6, "2008-03-31": "-199.50000", "2007-12-31": 51.6, "2007-09-30": -9, "2007-06-30": 120.1, "2007-03-31": "-23.00000", "2006-12-31": -11.6, "2006-09-30": -3.9, "2006-06-30": 3.3, "2006-03-31": "", "2005-12-31": 3.7, "2005-09-30": 77.2, "2005-06-30": -53.8, "2005-03-31": "65.20000"}, "Debt Issuance/Retirement Net - Total": {"2020-09-30": -0.5, "2020-06-30": 873.9, "2020-03-31": "125.20000", "2019-12-31": 179.5, "2019-09-30": 339.8, "2019-06-30": 137.5, "2019-03-31": "89.70000", "2018-12-31": 1.7, "2018-09-30": -1, "2018-06-30": 11.4, "2018-03-31": "-76.80000", "2017-12-31": -2.5, "2017-09-30": -126.4, "2017-06-30": 162.4, "2017-03-31": "-3.60000", "2016-12-31": -171.2, "2016-09-30": -103.3, "2016-06-30": -117.9, "2016-03-31": "1690.10000", "2015-12-31": -137.6, "2015-09-30": -148.2, "2015-06-30": -42.4, "2015-03-31": "-2.80000", "2014-12-31": -27.4, "2014-09-30": 0.9, "2014-06-30": -77, "2014-03-31": "193.40000", "2013-12-31": -0.8, "2013-09-30": -59.9, "2013-06-30": -115, "2013-03-31": "-106.60000", "2012-12-31": 761.3, "2012-09-30": 3.5, "2012-06-30": -16.5, "2012-03-31": "-30.20000", "2011-12-31": -22.1, "2011-09-30": 49.9, "2011-06-30": -38.2, "2011-03-31": "18.10000", "2010-12-31": -1.2, "2010-09-30": -68, "2010-06-30": -87, "2010-03-31": "-3.60000", "2009-12-31": 108.3, "2009-09-30": -85, "2009-06-30": -77.8, "2009-03-31": "-16.30000", "2008-12-31": -78.3, "2008-09-30": -31.2, "2008-06-30": -45.5, "2008-03-31": "-0.30000", "2007-12-31": -21.6, "2007-09-30": 190.3, "2007-06-30": 568.1, "2007-03-31": "-48.00000", "2006-12-31": -4.6, "2006-09-30": -20.9, "2006-06-30": -31.7, "2006-03-31": "5.00000", "2005-12-31": -51.3, "2005-09-30": -52.8, "2005-06-30": -53.8, "2005-03-31": "65.20000"}, "Net Common Equity Issued/Repurchased": {"2020-09-30": 7, "2020-06-30": 6.2, "2020-03-31": "16.70000", "2019-12-31": 7, "2019-09-30": 9.2, "2019-06-30": 4.2, "2019-03-31": "1.90000", "2018-12-31": 0.5, "2018-09-30": 5.6, "2018-06-30": 3.5, "2018-03-31": "2.20000", "2017-12-31": 0.4, "2017-09-30": -71.3, "2017-06-30": 3.6, "2017-03-31": "9.40000", "2016-12-31": 4.7, "2016-09-30": 11.1, "2016-06-30": 11.6, "2016-03-31": "4.10000", "2015-12-31": 8.4, "2015-09-30": -5.3, "2015-06-30": -86.5, "2015-03-31": "-78.50000", "2014-12-31": -105, "2014-09-30": -108, "2014-06-30": -38.4, "2014-03-31": "-10.50000", "2013-12-31": 8.9, "2013-09-30": 2.7, "2013-06-30": 18.4, "2013-03-31": "5.90000", "2012-12-31": 27.4, "2012-09-30": -26.4, "2012-06-30": -38.4, "2012-03-31": "20.60000", "2011-12-31": -56.3, "2011-09-30": -43.3, "2011-06-30": -24.1, "2011-03-31": "5.10000", "2010-12-31": -35.6, "2010-09-30": -50.2, "2010-06-30": -54.6, "2010-03-31": "2.20000", "2009-12-31": -10.4, "2009-09-30": 1.1, "2009-06-30": 1.4, "2009-03-31": "-5.70000", "2008-12-31": -11.2, "2008-09-30": -62.2, "2008-06-30": -36.2, "2008-03-31": "-31.40000", "2007-12-31": -108.5, "2007-09-30": -430.7, "2007-06-30": -154, "2007-03-31": "6.10000", "2006-12-31": -45, "2006-09-30": -58.9, "2006-06-30": -47.9, "2006-03-31": "-37.30000", "2005-12-31": -33.9, "2005-09-30": -23.3, "2005-06-30": -17.8, "2005-03-31": "-6.20000"}, "Net Total Equity Issued/Repurchased": {"2020-09-30": 7, "2020-06-30": 6.2, "2020-03-31": "16.70000", "2019-12-31": 7, "2019-09-30": 9.2, "2019-06-30": 4.2, "2019-03-31": "1.90000", "2018-12-31": 0.5, "2018-09-30": 5.6, "2018-06-30": 3.5, "2018-03-31": "2.20000", "2017-12-31": 0.4, "2017-09-30": -71.3, "2017-06-30": 3.6, "2017-03-31": "9.40000", "2016-12-31": 4.7, "2016-09-30": 11.1, "2016-06-30": 11.6, "2016-03-31": "4.10000", "2015-12-31": 8.4, "2015-09-30": -5.3, "2015-06-30": -86.5, "2015-03-31": "-78.50000", "2014-12-31": -105, "2014-09-30": -108, "2014-06-30": -38.4, "2014-03-31": "-10.50000", "2013-12-31": 8.9, "2013-09-30": 2.7, "2013-06-30": 18.4, "2013-03-31": "5.90000", "2012-12-31": 27.4, "2012-09-30": -26.4, "2012-06-30": -38.4, "2012-03-31": "20.60000", "2011-12-31": -56.3, "2011-09-30": -43.3, "2011-06-30": -24.1, "2011-03-31": "5.10000", "2010-12-31": -35.6, "2010-09-30": -50.2, "2010-06-30": -54.6, "2010-03-31": "2.20000", "2009-12-31": -10.4, "2009-09-30": 1.1, "2009-06-30": 1.4, "2009-03-31": "-5.70000", "2008-12-31": -11.2, "2008-09-30": -62.2, "2008-06-30": -36.2, "2008-03-31": "-31.40000", "2007-12-31": -108.5, "2007-09-30": -430.7, "2007-06-30": -154, "2007-03-31": "6.10000", "2006-12-31": -45, "2006-09-30": -58.9, "2006-06-30": -47.9, "2006-03-31": "-37.30000", "2005-12-31": -33.9, "2005-09-30": -23.3, "2005-06-30": -17.8, "2005-03-31": "-6.20000"}, "Total Common And Preferred Stock Dividends Paid": {"2020-09-30": -48.5, "2020-06-30": -48.6, "2020-03-31": "-47.60000", "2019-12-31": -49.1, "2019-09-30": -47.3, "2019-06-30": -51.6, "2019-03-31": "-47.30000", "2018-12-31": -48.7, "2018-09-30": -46.9, "2018-06-30": -53.3, "2018-03-31": "-49.30000", "2017-12-31": -46.9, "2017-09-30": -48.4, "2017-06-30": -51.7, "2017-03-31": "-48.80000", "2016-12-31": -39.5, "2016-09-30": -39.7, "2016-06-30": -43.3, "2016-03-31": "-40.90000", "2015-12-31": -34.8, "2015-09-30": -34.4, "2015-06-30": -38.7, "2015-03-31": "-36.30000", "2014-12-31": -30.1, "2014-09-30": -31.5, "2014-06-30": -34.9, "2014-03-31": "-32.60000", "2013-12-31": -27.5, "2013-09-30": -32.6, "2013-06-30": -29.5, "2013-03-31": "-27.60000", "2012-12-31": -24.4, "2012-09-30": -21.9, "2012-06-30": -23.3, "2012-03-31": "-21.20000", "2011-12-31": -19.4, "2011-09-30": -21.5, "2011-06-30": -23.2, "2011-03-31": "-19.60000", "2010-12-31": -22, "2010-09-30": -6.1, "2010-06-30": -6.9, "2010-03-31": "-5.30000", "2009-12-31": -5.8, "2009-09-30": -5.8, "2009-06-30": -7.2, "2009-03-31": "-5.40000", "2008-12-31": -5.2, "2008-09-30": -5.6, "2008-06-30": -6.5, "2008-03-31": "-6.60000", "2007-12-31": -8.9, "2007-09-30": -5.4, "2007-06-30": -5, "2007-03-31": "-5.00000", "2006-12-31": -5, "2006-09-30": -5, "2006-06-30": -5.1, "2006-03-31": "-5.20000", "2005-12-31": -5.4, "2005-09-30": -5.4, "2005-06-30": -5.4, "2005-03-31": "-4.00000"}, "Financial Activities - Other": {"2020-09-30": -9, "2020-06-30": -7.9, "2020-03-31": "-1.60000", "2019-12-31": -5.9, "2019-09-30": -5.1, "2019-06-30": -0.4, "2019-03-31": "-4.20000", "2018-12-31": -8.5, "2018-09-30": -8.7, "2018-06-30": -28.3, "2018-03-31": "-14.40000", "2017-12-31": -11.9, "2017-09-30": -1, "2017-06-30": -6.7, "2017-03-31": "-20.30000", "2016-12-31": -6.4, "2016-09-30": 5.4, "2016-06-30": 2.4, "2016-03-31": "-6.90000", "2015-12-31": -24, "2015-09-30": 5, "2015-06-30": 3.1, "2015-03-31": "14.00000", "2014-12-31": 5.8, "2014-09-30": 1.4, "2014-06-30": 5.9, "2014-03-31": "4.60000", "2013-12-31": 20.2, "2013-09-30": 3.3, "2013-06-30": 7.1, "2013-03-31": "-0.10000", "2012-12-31": -8.1, "2012-09-30": 0.7, "2012-06-30": 3.1, "2012-03-31": "0.10000", "2011-12-31": 0.8, "2011-09-30": -0.1, "2011-06-30": 0, "2011-03-31": "-2.00000", "2010-12-31": 2.2, "2010-09-30": -0.1, "2010-06-30": -0.3, "2010-03-31": "1.20000", "2009-12-31": 0.7, "2009-09-30": -0.4, "2009-06-30": 0.3, "2009-03-31": "-0.30000", "2008-12-31": 0, "2008-09-30": 0, "2008-06-30": 0.5, "2008-03-31": "0.60000", "2007-12-31": -5.8, "2007-09-30": 1.7, "2007-06-30": 3.7, "2007-03-31": "1.80000", "2006-12-31": 1.6, "2006-09-30": 0.8, "2006-06-30": 1.2, "2006-03-31": "3.00000", "2005-12-31": -0.1, "2005-09-30": 0.2, "2005-06-30": 0.3, "2005-03-31": "0.20000"}, "Cash Flow From Financial Activities": {"2020-09-30": -51, "2020-06-30": 823.6, "2020-03-31": "92.70000", "2019-12-31": 131.5, "2019-09-30": 296.6, "2019-06-30": 89.7, "2019-03-31": "40.10000", "2018-12-31": -55, "2018-09-30": -51, "2018-06-30": -66.7, "2018-03-31": "-138.30000", "2017-12-31": -60.9, "2017-09-30": -247.1, "2017-06-30": 107.6, "2017-03-31": "-63.30000", "2016-12-31": -212.4, "2016-09-30": -126.5, "2016-06-30": -147.2, "2016-03-31": "1646.40000", "2015-12-31": -188, "2015-09-30": -182.9, "2015-06-30": -164.5, "2015-03-31": "-103.60000", "2014-12-31": -156.7, "2014-09-30": -137.2, "2014-06-30": -144.4, "2014-03-31": "154.90000", "2013-12-31": 0.8, "2013-09-30": -86.5, "2013-06-30": -119, "2013-03-31": "-128.40000", "2012-12-31": 756.2, "2012-09-30": -44.1, "2012-06-30": -75.1, "2012-03-31": "-30.70000", "2011-12-31": -97, "2011-09-30": -15, "2011-06-30": -85.5, "2011-03-31": "1.60000", "2010-12-31": -56.6, "2010-09-30": -124.4, "2010-06-30": -148.8, "2010-03-31": "-5.50000", "2009-12-31": 92.8, "2009-09-30": -90.1, "2009-06-30": -83.3, "2009-03-31": "-27.70000", "2008-12-31": -94.7, "2008-09-30": -99, "2008-06-30": -87.7, "2008-03-31": "-37.70000", "2007-12-31": -144.8, "2007-09-30": -244.1, "2007-06-30": 412.8, "2007-03-31": "-45.10000", "2006-12-31": -53, "2006-09-30": -84, "2006-06-30": -83.5, "2006-03-31": "-34.50000", "2005-12-31": -90.7, "2005-09-30": -81.3, "2005-06-30": -76.7, "2005-03-31": "55.20000"}, "Net Cash Flow": {"2020-09-30": 188.2, "2020-06-30": 977.5, "2020-03-31": "-31.40000", "2019-12-31": 233.8, "2019-09-30": 31.7, "2019-06-30": 2.6, "2019-03-31": "-90.40000", "2018-12-31": -29.8, "2018-09-30": -74, "2018-06-30": 78.1, "2018-03-31": "-87.10000", "2017-12-31": 21, "2017-09-30": -88.5, "2017-06-30": 280.7, "2017-03-31": "-6.10000", "2016-12-31": 17.8, "2016-09-30": 14.7, "2016-06-30": 0, "2016-03-31": "3.50000", "2015-12-31": -15.2, "2015-09-30": 24.3, "2015-06-30": -10.8, "2015-03-31": "-33.30000", "2014-12-31": 13.3, "2014-09-30": 23.3, "2014-06-30": -9.7, "2014-03-31": "-134.50000", "2013-12-31": 104, "2013-09-30": 27, "2013-06-30": -2.7, "2013-03-31": "-39.20000", "2012-12-31": -120.3, "2012-09-30": 84, "2012-06-30": 50.4, "2012-03-31": "5.00000", "2011-12-31": 25.7, "2011-09-30": -6.7, "2011-06-30": 21.8, "2011-03-31": "-32.50000", "2010-12-31": 3.8, "2010-09-30": 45.5, "2010-06-30": -7, "2010-03-31": "-26.00000", "2009-12-31": 25.4, "2009-09-30": 14.1, "2009-06-30": 3.6, "2009-03-31": "1.80000", "2008-12-31": -10.8, "2008-09-30": -3.6, "2008-06-30": -12.4, "2008-03-31": "3.40000", "2007-12-31": -5.4, "2007-09-30": -177.2, "2007-06-30": 194.6, "2007-03-31": "1.80000", "2006-12-31": 12.1, "2006-09-30": 7.5, "2006-06-30": -8.2, "2006-03-31": "18.90000", "2005-12-31": -4, "2005-09-30": -3.2, "2005-06-30": -8.2, "2005-03-31": "0.80000"}, "Stock-Based Compensation": {"2020-09-30": 12.2, "2020-06-30": 12.9, "2020-03-31": "18.80000", "2019-12-31": 9.1, "2019-09-30": 10.8, "2019-06-30": 11.7, "2019-03-31": "18.10000", "2018-12-31": 9.7, "2018-09-30": 12.1, "2018-06-30": 7.9, "2018-03-31": "12.80000", "2017-12-31": 3.7, "2017-09-30": 9.3, "2017-06-30": 6.6, "2017-03-31": "18.70000", "2016-12-31": 6.9, "2016-09-30": 8, "2016-06-30": 5.9, "2016-03-31": "16.30000", "2015-12-31": 6.2, "2015-09-30": 7.7, "2015-06-30": 6.3, "2015-03-31": "18.20000", "2014-12-31": 9.1, "2014-09-30": 9.4, "2014-06-30": 8.5, "2014-03-31": "11.10000", "2013-12-31": 9.1, "2013-09-30": 6.4, "2013-06-30": 6.3, "2013-03-31": "10.40000", "2012-12-31": 8, "2012-09-30": 5, "2012-06-30": 5.7, "2012-03-31": "9.30000", "2011-12-31": 7.1, "2011-09-30": 5.5, "2011-06-30": 7.1, "2011-03-31": "4.70000", "2010-12-31": 6.8, "2010-09-30": 4.1, "2010-06-30": 6.5, "2010-03-31": "4.40000", "2009-12-31": 6.1, "2009-09-30": 3.7, "2009-06-30": 6.1, "2009-03-31": "3.70000", "2008-12-31": 4, "2008-09-30": 4.9, "2008-06-30": 4.9, "2008-03-31": "6.10000", "2007-12-31": 4.4, "2007-09-30": 4.2, "2007-06-30": 5, "2007-03-31": "4.00000", "2006-12-31": 3, "2006-09-30": 3.6, "2006-06-30": 6.6, "2006-03-31": "4.20000", "2005-12-31": 2.3, "2005-09-30": 2.1, "2005-06-30": 2.1, "2005-03-31": "1.70000"}, "Common Stock Dividends Paid": {"2020-09-30": -48.5, "2020-06-30": -48.6, "2020-03-31": "-47.60000", "2019-12-31": -49.1, "2019-09-30": -47.3, "2019-06-30": -51.6, "2019-03-31": "-47.30000", "2018-12-31": -48.7, "2018-09-30": -46.9, "2018-06-30": -53.3, "2018-03-31": "-49.30000", "2017-12-31": -46.9, "2017-09-30": -48.4, "2017-06-30": -51.7, "2017-03-31": "-48.80000", "2016-12-31": -39.5, "2016-09-30": -39.7, "2016-06-30": -43.3, "2016-03-31": "-40.90000", "2015-12-31": -34.8, "2015-09-30": -34.4, "2015-06-30": -38.7, "2015-03-31": "-36.30000", "2014-12-31": -30.1, "2014-09-30": -31.5, "2014-06-30": -34.9, "2014-03-31": "-32.60000", "2013-12-31": -27.5, "2013-09-30": -32.6, "2013-06-30": -29.5, "2013-03-31": "-27.60000", "2012-12-31": -24.4, "2012-09-30": -21.9, "2012-06-30": -23.3, "2012-03-31": "-21.20000", "2011-12-31": -19.4, "2011-09-30": -21.5, "2011-06-30": -23.2, "2011-03-31": "-19.60000", "2010-12-31": -22, "2010-09-30": -6.1, "2010-06-30": -6.9, "2010-03-31": "-5.30000", "2009-12-31": -5.8, "2009-09-30": -5.8, "2009-06-30": -7.2, "2009-03-31": "-5.40000", "2008-12-31": -5.2, "2008-09-30": -5.6, "2008-06-30": -6.5, "2008-03-31": "-6.60000", "2007-12-31": -8.9, "2007-09-30": -5.4, "2007-06-30": -5, "2007-03-31": "-5.00000", "2006-12-31": -5, "2006-09-30": -5, "2006-06-30": -5.1, "2006-03-31": "-5.20000", "2005-12-31": -5.4, "2005-09-30": -5.4, "2005-06-30": -5.4, "2005-03-31": "-4.00000"}}, "financial ratios": {"Current Ratio": {"2019-12-31": "0.88990", "2018-12-31": "1.09130", "2017-12-31": "0.59660", "2016-12-31": "0.53420", "2015-12-31": "0.93010", "2014-12-31": "0.71740", "2013-12-31": "0.97870", "2012-12-31": "0.83330", "2011-12-31": "1.25210", "2010-12-31": "1.35560", "2009-12-31": "0.84680", "2008-12-31": "1.11260", "2007-12-31": "0.77710", "2006-12-31": "0.59300", "2005-12-31": "0.95210"}, "Long-term Debt / Capital": {"2019-12-31": "0.56300", "2018-12-31": "0.45460", "2017-12-31": "0.34930", "2016-12-31": "0.43400", "2015-12-31": "0.32630", "2014-12-31": "0.33890", "2013-12-31": "0.32860", "2012-12-31": "0.42490", "2011-12-31": "0.35940", "2010-12-31": "0.36430", "2009-12-31": "0.38030", "2008-12-31": "0.47290", "2007-12-31": "0.45440", "2006-12-31": "0.17180", "2005-12-31": "0.36120"}, "Debt/Equity Ratio": {"2019-12-31": "1.28960", "2018-12-31": "0.83520", "2017-12-31": "0.83490", "2016-12-31": "0.98200", "2015-12-31": "0.50530", "2014-12-31": "0.68290", "2013-12-31": "0.61600", "2012-12-31": "0.88340", "2011-12-31": "0.58840", "2010-12-31": "0.58510", "2009-12-31": "0.72700", "2008-12-31": "0.92130", "2007-12-31": "0.99150", "2006-12-31": "0.60120", "2005-12-31": "0.67790"}, "Gross Margin": {"2019-12-31": "56.61710", "2018-12-31": "57.78550", "2017-12-31": "63.99080", "2016-12-31": "64.59670", "2015-12-31": "66.68420", "2014-12-31": "65.33000", "2013-12-31": "65.82750", "2012-12-31": "63.36230", "2011-12-31": "62.81960", "2010-12-31": "59.13420", "2009-12-31": "58.11190", "2008-12-31": "59.09790", "2007-12-31": "58.90400", "2006-12-31": "59.49040", "2005-12-31": "58.83330"}, "Operating Margin": {"2019-12-31": "-9.56210", "2018-12-31": "13.12970", "2017-12-31": "24.73680", "2016-12-31": "26.23610", "2015-12-31": "26.05120", "2014-12-31": "26.19440", "2013-12-31": "26.52890", "2012-12-31": "23.15490", "2011-12-31": "24.75170", "2010-12-31": "23.12450", "2009-12-31": "22.24940", "2008-12-31": "24.20600", "2007-12-31": "26.38090", "2006-12-31": "28.20280", "2005-12-31": "29.23650"}, "EBIT Margin": {"2019-12-31": "-9.56210", "2018-12-31": "13.12970", "2017-12-31": "24.73680", "2016-12-31": "26.23610", "2015-12-31": "26.05120", "2014-12-31": "26.19440", "2013-12-31": "26.52890", "2012-12-31": "23.15490", "2011-12-31": "24.75170", "2010-12-31": "23.12450", "2009-12-31": "22.24940", "2008-12-31": "24.20600", "2007-12-31": "26.38090", "2006-12-31": "28.20280", "2005-12-31": "29.23650"}, "EBITDA Margin": {"2019-12-31": "0.05420", "2018-12-31": "22.38800", "2017-12-31": "33.38890", "2016-12-31": "34.78010", "2015-12-31": "33.55980", "2014-12-31": "34.57560", "2013-12-31": "34.78880", "2012-12-31": "31.03720", "2011-12-31": "33.46190", "2010-12-31": "32.14840", "2009-12-31": "31.50350", "2008-12-31": "32.77460", "2007-12-31": "33.30980", "2006-12-31": "33.55750", "2005-12-31": "34.93140"}, "Pre-Tax Profit Margin": {"2019-12-31": "-12.34460", "2018-12-31": "10.44230", "2017-12-31": "22.20570", "2016-12-31": "23.15500", "2015-12-31": "23.90000", "2014-12-31": "23.56760", "2013-12-31": "23.02180", "2012-12-31": "20.80560", "2011-12-31": "21.43990", "2010-12-31": "20.17750", "2009-12-31": "19.28900", "2008-12-31": "20.61650", "2007-12-31": "23.36950", "2006-12-31": "26.89650", "2005-12-31": "27.06800"}, "Net Profit Margin": {"2019-12-31": "-11.36960", "2018-12-31": "8.78640", "2017-12-31": "17.46770", "2016-12-31": "15.54260", "2015-12-31": "16.10980", "2014-12-31": "15.07960", "2013-12-31": "15.26980", "2012-12-31": "13.12590", "2011-12-31": "12.30190", "2010-12-31": "14.34260", "2009-12-31": "13.63050", "2008-12-31": "15.04190", "2007-12-31": "14.79650", "2006-12-31": "17.75210", "2005-12-31": "17.07770"}, "Asset Turnover": {"2019-12-31": "0.44350", "2018-12-31": "0.47700", "2017-12-31": "0.46480", "2016-12-31": "0.47190", "2015-12-31": "0.59170", "2014-12-31": "0.52270", "2013-12-31": "0.50750", "2012-12-31": "0.45860", "2011-12-31": "0.53800", "2010-12-31": "0.54090", "2009-12-31": "0.48330", "2008-12-31": "0.55630", "2007-12-31": "0.52300", "2006-12-31": "0.86360", "2005-12-31": "0.78810"}, "Inventory Turnover Ratio": {"2019-12-31": "", "2018-12-31": "", "2017-12-31": "", "2016-12-31": "", "2015-12-31": "", "2014-12-31": "", "2013-12-31": "", "2012-12-31": "", "2011-12-31": "", "2010-12-31": "", "2009-12-31": "", "2008-12-31": "", "2007-12-31": "", "2006-12-31": "", "2005-12-31": ""}, "Receiveable Turnover": {"2019-12-31": "6.59200", "2018-12-31": "7.27370", "2017-12-31": "7.55890", "2016-12-31": "7.25800", "2015-12-31": "7.61460", "2014-12-31": "7.22540", "2013-12-31": "7.43910", "2012-12-31": "6.53940", "2011-12-31": "6.65680", "2010-12-31": "7.08110", "2009-12-31": "6.63320", "2008-12-31": "7.15710", "2007-12-31": "6.23060", "2006-12-31": "6.31660", "2005-12-31": "6.68240"}, "Days Sales In Receivables": {"2019-12-31": "55.37020", "2018-12-31": "50.18070", "2017-12-31": "48.28740", "2016-12-31": "50.28920", "2015-12-31": "47.93400", "2014-12-31": "50.51630", "2013-12-31": "49.06490", "2012-12-31": "55.81530", "2011-12-31": "54.83100", "2010-12-31": "51.54560", "2009-12-31": "55.02650", "2008-12-31": "50.99860", "2007-12-31": "58.58220", "2006-12-31": "57.78440", "2005-12-31": "54.62100"}, "ROE - Return On Equity": {"2019-12-31": "-14.97580", "2018-12-31": "9.70620", "2017-12-31": "18.46250", "2016-12-31": "18.19350", "2015-12-31": "18.49900", "2014-12-31": "16.73680", "2013-12-31": "14.58780", "2012-12-31": "14.05170", "2011-12-31": "13.86680", "2010-12-31": "14.24140", "2009-12-31": "13.89470", "2008-12-31": "19.25950", "2007-12-31": "19.92570", "2006-12-31": "32.75270", "2005-12-31": "30.05000"}, "Return On Tangible Equity": {"2019-12-31": "13.90490", "2018-12-31": "-14.12820", "2017-12-31": "-26.14780", "2016-12-31": "-18.53200", "2015-12-31": "-38.03360", "2014-12-31": "-26.31390", "2013-12-31": "-30.41500", "2012-12-31": "-17.49710", "2011-12-31": "-26.98610", "2010-12-31": "-27.16010", "2009-12-31": "-20.20350", "2008-12-31": "-21.00020", "2007-12-31": "-21.51900", "2006-12-31": "-80.42780", "2005-12-31": "-74.85580"}, "ROA - Return On Assets": {"2019-12-31": "-4.96650", "2018-12-31": "4.28200", "2017-12-31": "8.26720", "2016-12-31": "7.42950", "2015-12-31": "9.65900", "2014-12-31": "8.02400", "2013-12-31": "7.52220", "2012-12-31": "6.09060", "2011-12-31": "6.78660", "2010-12-31": "7.07780", "2009-12-31": "6.32020", "2008-12-31": "7.81830", "2007-12-31": "7.91170", "2006-12-31": "15.33010", "2005-12-31": "13.45890"}, "ROI - Return On Investment": {"2019-12-31": "-6.54400", "2018-12-31": "5.29350", "2017-12-31": "12.01290", "2016-12-31": "10.29720", "2015-12-31": "12.46270", "2014-12-31": "11.06410", "2013-12-31": "9.79490", "2012-12-31": "8.08140", "2011-12-31": "8.88360", "2010-12-31": "9.05370", "2009-12-31": "8.61120", "2008-12-31": "10.15170", "2007-12-31": "10.87190", "2006-12-31": "27.12450", "2005-12-31": "19.19630"}, "Book Value Per Share": {"2019-12-31": "21.64110", "2018-12-31": "26.16670", "2017-12-31": "26.96920", "2016-12-31": "22.69640", "2015-12-31": "19.80120", "2014-12-31": "18.71520", "2013-12-31": "19.20430", "2012-12-31": "16.27240", "2011-12-31": "14.39880", "2010-12-31": "14.00330", "2009-12-31": "12.79720", "2008-12-31": "10.47900", "2007-12-31": "10.78800", "2006-12-31": "6.72090", "2005-12-31": "6.34910"}, "Operating Cash Flow Per Share": {"2019-12-31": -2.965, "2018-12-31": -1.1789, "2017-12-31": -0.08, "2016-12-31": 0.4345, "2015-12-31": 1.372, "2014-12-31": 0.3897, "2013-12-31": 0.5484, "2012-12-31": 0.7474, "2011-12-31": 0.5166, "2010-12-31": -0.4839, "2009-12-31": -0.1651, "2008-12-31": 0.0796, "2007-12-31": 0.4812, "2006-12-31": 0.3204, "2005-12-31": 2.5552}, "Free Cash Flow Per Share": {"2019-12-31": -3.6349, "2018-12-31": -2.0593, "2017-12-31": -0.3724, "2016-12-31": 0.2111, "2015-12-31": 0.8623, "2014-12-31": 0.3635, "2013-12-31": 0.4137, "2012-12-31": 0.815, "2011-12-31": 0.6993, "2010-12-31": -0.7201, "2009-12-31": 0.1295, "2008-12-31": 0.1094, "2007-12-31": 0.0059, "2006-12-31": 0.268, "2005-12-31": 2.2057}}, "financial ratios, quarterly": {"Current Ratio": {"2020-09-30": "0.96680", "2020-06-30": "1.27080", "2020-03-31": "1.00450", "2019-12-31": "0.88990", "2019-09-30": "0.57180", "2019-06-30": "0.54330", "2019-03-31": "0.56780", "2018-12-31": "1.09130", "2018-09-30": "1.19260", "2018-06-30": "1.40020", "2018-03-31": "0.59610", "2017-12-31": "0.59660", "2017-09-30": "0.67300", "2017-06-30": "0.74490", "2017-03-31": "0.58700", "2016-12-31": "0.53420", "2016-09-30": "0.51000", "2016-06-30": "0.65200", "2016-03-31": "0.36430", "2015-12-31": "0.93010", "2015-09-30": "0.84280", "2015-06-30": "0.75360", "2015-03-31": "0.73980", "2014-12-31": "0.71740", "2014-09-30": "0.71840", "2014-06-30": "0.72940", "2014-03-31": "0.66010", "2013-12-31": "0.97870", "2013-09-30": "1.58390", "2013-06-30": "1.36400", "2013-03-31": "1.07810", "2012-12-31": "0.83330", "2012-09-30": "1.86080", "2012-06-30": "1.75970", "2012-03-31": "1.74090", "2011-12-31": "1.25210", "2011-09-30": "1.24990", "2011-06-30": "1.46130", "2011-03-31": "1.40760", "2010-12-31": "1.35560", "2010-09-30": "1.43170", "2010-06-30": "1.27940", "2010-03-31": "1.04050", "2009-12-31": "0.84680", "2009-09-30": "0.66630", "2009-06-30": "0.60260", "2009-03-31": "0.63240", "2008-12-31": "1.11260", "2008-09-30": "1.08880", "2008-06-30": "0.99770", "2008-03-31": "1.35270", "2007-12-31": "0.77710", "2007-09-30": "0.94290", "2007-06-30": "0.87330", "2007-03-31": "0.65780", "2006-12-31": "0.59300", "2006-09-30": "1.06540", "2006-06-30": "1.03170", "2006-03-31": "1.02180", "2005-12-31": "0.95210", "2005-09-30": "1.02840", "2005-06-30": "0.67540", "2005-03-31": "0.63750"}, "Long-term Debt / Capital": {"2020-09-30": "0.52470", "2020-06-30": "0.58610", "2020-03-31": "0.59060", "2019-12-31": "0.56300", "2019-09-30": "0.52550", "2019-06-30": "0.52260", "2019-03-31": "0.50440", "2018-12-31": "0.45460", "2018-09-30": "0.44790", "2018-06-30": "0.44490", "2018-03-31": "0.34270", "2017-12-31": "0.34930", "2017-09-30": "0.39170", "2017-06-30": "0.39810", "2017-03-31": "0.40830", "2016-12-31": "0.43400", "2016-09-30": "0.43390", "2016-06-30": "0.49170", "2016-03-31": "0.42650", "2015-12-31": "0.32630", "2015-09-30": "0.33570", "2015-06-30": "0.34180", "2015-03-31": "0.34350", "2014-12-31": "0.33890", "2014-09-30": "0.32580", "2014-06-30": "0.31940", "2014-03-31": "0.32350", "2013-12-31": "0.32860", "2013-09-30": "0.39430", "2013-06-30": "0.40270", "2013-03-31": "0.41420", "2012-12-31": "0.42490", "2012-09-30": "0.33560", "2012-06-30": "0.34240", "2012-03-31": "0.34600", "2011-12-31": "0.35940", "2011-09-30": "0.35170", "2011-06-30": "0.34840", "2011-03-31": "0.35520", "2010-12-31": "0.36430", "2010-09-30": "0.36330", "2010-06-30": "0.36840", "2010-03-31": "0.37330", "2009-12-31": "0.38030", "2009-09-30": "0.32140", "2009-06-30": "0.34720", "2009-03-31": "0.39720", "2008-12-31": "0.47290", "2008-09-30": "0.46570", "2008-06-30": "0.45010", "2008-03-31": "0.48590", "2007-12-31": "0.45440", "2007-09-30": "0.47390", "2007-06-30": "0.31070", "2007-03-31": "0.13830", "2006-12-31": "0.17180", "2006-09-30": "0.31230", "2006-06-30": "0.32700", "2006-03-31": "0.35350", "2005-12-31": "0.36120", "2005-09-30": "0.42650", "2005-06-30": "0.39060", "2005-03-31": "0.41340"}, "Debt/Equity Ratio": {"2020-09-30": "1.47550", "2020-06-30": "1.60030", "2020-03-31": "1.44380", "2019-12-31": "1.28960", "2019-09-30": "1.25310", "2019-06-30": "1.10730", "2019-03-31": "1.04430", "2018-12-31": "0.83520", "2018-09-30": "0.81210", "2018-06-30": "0.80260", "2018-03-31": "0.78760", "2017-12-31": "0.83490", "2017-09-30": "0.85490", "2017-06-30": "0.91920", "2017-03-31": "0.90410", "2016-12-31": "0.98200", "2016-09-30": "1.01990", "2016-06-30": "1.14040", "2016-03-31": "1.21180", "2015-12-31": "0.50530", "2015-09-30": "0.58770", "2015-06-30": "0.67110", "2015-03-31": "0.69570", "2014-12-31": "0.68290", "2014-09-30": "0.65570", "2014-06-30": "0.63710", "2014-03-31": "0.68210", "2013-12-31": "0.61600", "2013-09-30": "0.65840", "2013-06-30": "0.71020", "2013-03-31": "0.79350", "2012-12-31": "0.88340", "2012-09-30": "0.51420", "2012-06-30": "0.53000", "2012-03-31": "0.53840", "2011-12-31": "0.58840", "2011-09-30": "0.58040", "2011-06-30": "0.54450", "2011-03-31": "0.57380", "2010-12-31": "0.58510", "2010-09-30": "0.58290", "2010-06-30": "0.63550", "2010-03-31": "0.69010", "2009-12-31": "0.72700", "2009-09-30": "0.68380", "2009-06-30": "0.77580", "2009-03-31": "0.89430", "2008-12-31": "0.92130", "2008-09-30": "0.90990", "2008-06-30": "0.90450", "2008-03-31": "0.96130", "2007-12-31": "0.99150", "2007-09-30": "1.02290", "2007-06-30": "0.69810", "2007-03-31": "0.49150", "2006-12-31": "0.60120", "2006-09-30": "0.55400", "2006-06-30": "0.59300", "2006-03-31": "0.65450", "2005-12-31": "0.67790", "2005-09-30": "0.87090", "2005-06-30": "1.06530", "2005-03-31": "1.26640"}, "Gross Margin": {"2020-09-30": "59.44960", "2020-06-30": "58.35370", "2020-03-31": "56.77000", "2019-12-31": "57.73900", "2019-09-30": "57.23420", "2019-06-30": "57.17050", "2019-03-31": "54.20160", "2018-12-31": "55.42920", "2018-09-30": "54.84300", "2018-06-30": "60.24630", "2018-03-31": "60.40200", "2017-12-31": "61.96780", "2017-09-30": "64.38670", "2017-06-30": "65.71730", "2017-03-31": "63.85480", "2016-12-31": "64.26610", "2016-09-30": "64.18360", "2016-06-30": "64.77260", "2016-03-31": "65.22040", "2015-12-31": "66.23140", "2015-09-30": "66.06230", "2015-06-30": "67.43840", "2015-03-31": "66.99910", "2014-12-31": "65.64200", "2014-09-30": "65.60160", "2014-06-30": "65.41780", "2014-03-31": "64.61930", "2013-12-31": "65.91180", "2013-09-30": "65.59440", "2013-06-30": "66.22930", "2013-03-31": "65.56050", "2012-12-31": "63.18850", "2012-09-30": "63.76920", "2012-06-30": "63.53010", "2012-03-31": "62.95710", "2011-12-31": "69.17170", "2011-09-30": "61.94940", "2011-06-30": "61.26050", "2011-03-31": "59.37370", "2010-12-31": "59.89630", "2010-09-30": "60.27860", "2010-06-30": "59.12740", "2010-03-31": "57.08800", "2009-12-31": "58.12670", "2009-09-30": "58.23530", "2009-06-30": "57.95850", "2009-03-31": "58.12810", "2008-12-31": "58.64410", "2008-09-30": "59.30590", "2008-06-30": "59.27480", "2008-03-31": "59.01410", "2007-12-31": "58.46400", "2007-09-30": "60.54820", "2007-06-30": "58.21780", "2007-03-31": "58.20790", "2006-12-31": "60.10260", "2006-09-30": "59.98480", "2006-06-30": "58.26670", "2006-03-31": "59.59890", "2005-12-31": "58.23420", "2005-09-30": "59.23260", "2005-06-30": "59.32860", "2005-03-31": "58.50320"}, "Operating Margin": {"2020-09-30": "19.13320", "2020-06-30": "16.97190", "2020-03-31": "14.18730", "2019-12-31": "5.19980", "2019-09-30": "13.88600", "2019-06-30": "12.93180", "2019-03-31": "-73.02920", "2018-12-31": "5.51900", "2018-09-30": "7.68400", "2018-06-30": "22.07780", "2018-03-31": "16.65700", "2017-12-31": "22.95770", "2017-09-30": "18.53140", "2017-06-30": "31.03770", "2017-03-31": "26.26770", "2016-12-31": "26.34790", "2016-09-30": "26.37730", "2016-06-30": "27.81960", "2016-03-31": "24.19330", "2015-12-31": "26.54960", "2015-09-30": "26.11630", "2015-06-30": "27.79830", "2015-03-31": "23.65760", "2014-12-31": "26.44890", "2014-09-30": "25.05710", "2014-06-30": "27.26830", "2014-03-31": "25.98800", "2013-12-31": "26.63790", "2013-09-30": "26.22380", "2013-06-30": "26.93820", "2013-03-31": "26.30190", "2012-12-31": "17.27240", "2012-09-30": "25.09620", "2012-06-30": "25.13150", "2012-03-31": "25.36080", "2011-12-31": "27.82670", "2011-09-30": "24.79610", "2011-06-30": "23.52700", "2011-03-31": "23.08510", "2010-12-31": "22.75930", "2010-09-30": "23.25880", "2010-06-30": "22.96510", "2010-03-31": "23.54400", "2009-12-31": "18.97430", "2009-09-30": "23.52940", "2009-06-30": "23.77070", "2009-03-31": "22.61530", "2008-12-31": "24.00620", "2008-09-30": "22.14420", "2008-06-30": "25.44330", "2008-03-31": "25.08450", "2007-12-31": "24.48560", "2007-09-30": "26.23350", "2007-06-30": "26.35860", "2007-03-31": "28.88180", "2006-12-31": "28.17950", "2006-09-30": "30.56260", "2006-06-30": "24.86460", "2006-03-31": "29.19790", "2005-12-31": "29.33850", "2005-09-30": "28.59050", "2005-06-30": "29.36160", "2005-03-31": "29.70300"}, "EBIT Margin": {"2020-09-30": "19.13320", "2020-06-30": "16.97190", "2020-03-31": "14.18730", "2019-12-31": "5.19980", "2019-09-30": "13.88600", "2019-06-30": "12.93180", "2019-03-31": "-73.02920", "2018-12-31": "5.51900", "2018-09-30": "7.68400", "2018-06-30": "22.07780", "2018-03-31": "16.65700", "2017-12-31": "22.95770", "2017-09-30": "18.53140", "2017-06-30": "31.03770", "2017-03-31": "26.26770", "2016-12-31": "26.34800", "2016-09-30": "26.37730", "2016-06-30": "27.81960", "2016-03-31": "24.19330", "2015-12-31": "26.54960", "2015-09-30": "26.11630", "2015-06-30": "27.79830", "2015-03-31": "23.65760", "2014-12-31": "26.44890", "2014-09-30": "25.05710", "2014-06-30": "27.26830", "2014-03-31": "25.98800", "2013-12-31": "26.63790", "2013-09-30": "26.22380", "2013-06-30": "26.93820", "2013-03-31": "26.30190", "2012-12-31": "17.27240", "2012-09-30": "25.09620", "2012-06-30": "25.13150", "2012-03-31": "25.36080", "2011-12-31": "27.82670", "2011-09-30": "24.79610", "2011-06-30": "23.52700", "2011-03-31": "23.08510", "2010-12-31": "22.75930", "2010-09-30": "23.25880", "2010-06-30": "22.96510", "2010-03-31": "23.54400", "2009-12-31": "18.97430", "2009-09-30": "23.52940", "2009-06-30": "23.77070", "2009-03-31": "22.61530", "2008-12-31": "24.00620", "2008-09-30": "22.14420", "2008-06-30": "25.44330", "2008-03-31": "25.08450", "2007-12-31": "24.48560", "2007-09-30": "26.23350", "2007-06-30": "26.35860", "2007-03-31": "28.88180", "2006-12-31": "28.17950", "2006-09-30": "30.56260", "2006-06-30": "24.86460", "2006-03-31": "29.19790", "2005-12-31": "29.33850", "2005-09-30": "28.59050", "2005-06-30": "29.36160", "2005-03-31": "29.70300"}, "EBITDA Margin": {"2020-09-30": "", "2020-06-30": "", "2020-03-31": "", "2019-12-31": "", "2019-09-30": "", "2019-06-30": "", "2019-03-31": "", "2018-12-31": "", "2018-09-30": "", "2018-06-30": "", "2018-03-31": "", "2017-12-31": "", "2017-09-30": "", "2017-06-30": "", "2017-03-31": "", "2016-12-31": "", "2016-09-30": "", "2016-06-30": "", "2016-03-31": "", "2015-12-31": "", "2015-09-30": "", "2015-06-30": "", "2015-03-31": "", "2014-12-31": "", "2014-09-30": "", "2014-06-30": "", "2014-03-31": "", "2013-12-31": "", "2013-09-30": "", "2013-06-30": "", "2013-03-31": "", "2012-12-31": "", "2012-09-30": "", "2012-06-30": "", "2012-03-31": "", "2011-12-31": "", "2011-09-30": "", "2011-06-30": "", "2011-03-31": "", "2010-12-31": "", "2010-09-30": "", "2010-06-30": "", "2010-03-31": "", "2009-12-31": "", "2009-09-30": "", "2009-06-30": "", "2009-03-31": "", "2008-12-31": "", "2008-09-30": "", "2008-06-30": "", "2008-03-31": "", "2007-12-31": "", "2007-09-30": "", "2007-06-30": "", "2007-03-31": "", "2006-12-31": "", "2006-09-30": "", "2006-06-30": "", "2006-03-31": "", "2005-12-31": "", "2005-09-30": "", "2005-06-30": "", "2005-03-31": ""}, "Pre-Tax Profit Margin": {"2020-09-30": "28.11940", "2020-06-30": "12.48470", "2020-03-31": "15.71150", "2019-12-31": "2.64960", "2019-09-30": "11.01980", "2019-06-30": "10.11360", "2019-03-31": "-75.93670", "2018-12-31": "2.99290", "2018-09-30": "4.63920", "2018-06-30": "19.31810", "2018-03-31": "14.23130", "2017-12-31": "20.54860", "2017-09-30": "16.29130", "2017-06-30": "28.31800", "2017-03-31": "23.51600", "2016-12-31": "22.80330", "2016-09-30": "23.65380", "2016-06-30": "24.81200", "2016-03-31": "21.14510", "2015-12-31": "25.16880", "2015-09-30": "25.90650", "2015-06-30": "23.35940", "2015-03-31": "21.11080", "2014-12-31": "24.23950", "2014-09-30": "22.79100", "2014-06-30": "24.51540", "2014-03-31": "22.66900", "2013-12-31": "21.07170", "2013-09-30": "23.26920", "2013-06-30": "24.53570", "2013-03-31": "23.19510", "2012-12-31": "14.83700", "2012-09-30": "22.84620", "2012-06-30": "22.89110", "2012-03-31": "22.88990", "2011-12-31": "24.93790", "2011-09-30": "22.12480", "2011-06-30": "18.74360", "2011-03-31": "20.22850", "2010-12-31": "19.95850", "2010-09-30": "20.45170", "2010-06-30": "20.07810", "2010-03-31": "20.22570", "2009-12-31": "15.69950", "2009-09-30": "20.25880", "2009-06-30": "21.11400", "2009-03-31": "19.95070", "2008-12-31": "19.72260", "2008-09-30": "18.96300", "2008-06-30": "22.17570", "2008-03-31": "21.22840", "2007-12-31": "21.24670", "2007-09-30": "22.09140", "2007-06-30": "24.02640", "2007-03-31": "26.75880", "2006-12-31": "25.82050", "2006-09-30": "28.43390", "2006-06-30": "26.33480", "2006-03-31": "26.97860", "2005-12-31": "26.54300", "2005-09-30": "27.31150", "2005-06-30": "26.96750", "2005-03-31": "27.46070"}, "Net Profit Margin": {"2020-09-30": "20.98660", "2020-06-30": "9.75780", "2020-03-31": "11.75490", "2019-12-31": "1.01570", "2019-09-30": "9.26120", "2019-06-30": "7.59090", "2019-03-31": "-65.70150", "2018-12-31": "3.07670", "2018-09-30": "4.60320", "2018-06-30": "16.51270", "2018-03-31": "10.50020", "2017-12-31": "20.54860", "2017-09-30": "11.53570", "2017-06-30": "19.30660", "2017-03-31": "18.42110", "2016-12-31": "15.35200", "2016-09-30": "16.51540", "2016-06-30": "16.13460", "2016-03-31": "14.01900", "2015-12-31": "16.79420", "2015-09-30": "17.66560", "2015-06-30": "16.36930", "2015-03-31": "13.54710", "2014-12-31": "15.69010", "2014-09-30": "15.11250", "2014-06-30": "15.11650", "2014-03-31": "14.35420", "2013-12-31": "13.25840", "2013-09-30": "14.59790", "2013-06-30": "15.42000", "2013-03-31": "17.84640", "2012-12-31": "8.67370", "2012-09-30": "14.98080", "2012-06-30": "14.88410", "2012-03-31": "14.13320", "2011-12-31": "16.79080", "2011-09-30": "13.60110", "2011-06-30": "7.08270", "2011-03-31": "12.12440", "2010-12-31": "12.90460", "2010-09-30": "16.14610", "2010-06-30": "15.47650", "2010-03-31": "12.79910", "2009-12-31": "14.49550", "2009-09-30": "14.04710", "2009-06-30": "13.88950", "2009-03-31": "12.18090", "2008-12-31": "19.72270", "2008-09-30": "14.93490", "2008-06-30": "14.10640", "2008-03-31": "13.05900", "2007-12-31": "13.38360", "2007-09-30": "13.78680", "2007-06-30": "15.42350", "2007-03-31": "17.03280", "2006-12-31": "16.17950", "2006-09-30": "19.99490", "2006-06-30": "17.95200", "2006-03-31": "16.81820", "2005-12-31": "17.38170", "2005-09-30": "16.65330", "2005-06-30": "17.22620", "2005-03-31": "17.06470"}, "Asset Turnover": {"2020-09-30": "0.11550", "2020-06-30": "0.11130", "2020-03-31": "0.12570", "2019-12-31": "0.11450", "2019-09-30": "0.11780", "2019-06-30": "0.11770", "2019-03-31": "0.11530", "2018-12-31": "0.11680", "2018-09-30": "0.11690", "2018-06-30": "0.12320", "2018-03-31": "0.12030", "2017-12-31": "0.11590", "2017-09-30": "0.11730", "2017-06-30": "0.12140", "2017-03-31": "0.12260", "2016-12-31": "0.12020", "2016-09-30": "0.11810", "2016-06-30": "0.12220", "2016-03-31": "0.10820", "2015-12-31": "0.14800", "2015-09-30": "0.14700", "2015-06-30": "0.14790", "2015-03-31": "0.14180", "2014-12-31": "0.13400", "2014-09-30": "0.13030", "2014-06-30": "0.12880", "2014-03-31": "0.12310", "2013-12-31": "0.12740", "2013-09-30": "0.13030", "2013-06-30": "0.13420", "2013-03-31": "0.12910", "2012-12-31": "0.11810", "2012-09-30": "0.14420", "2012-06-30": "0.14580", "2012-03-31": "0.14380", "2011-12-31": "0.12590", "2011-09-30": "0.13960", "2011-06-30": "0.13960", "2011-03-31": "0.13620", "2010-12-31": "0.14020", "2010-09-30": "0.13940", "2010-06-30": "0.13420", "2010-03-31": "0.12640", "2009-12-31": "0.11700", "2009-09-30": "0.12780", "2009-06-30": "0.12940", "2009-03-31": "0.13610", "2008-12-31": "0.09950", "2008-09-30": "0.14030", "2008-06-30": "0.14150", "2008-03-31": "0.14170", "2007-12-31": "0.13930", "2007-09-30": "0.14150", "2007-06-30": "0.12580", "2007-03-31": "0.22110", "2006-12-31": "0.21780", "2006-09-30": "0.20830", "2006-06-30": "0.20580", "2006-03-31": "0.19900", "2005-12-31": "0.19730", "2005-09-30": "0.21910", "2005-06-30": "0.21740", "2005-03-31": "0.20560"}, "Inventory Turnover Ratio": {"2020-09-30": "", "2020-06-30": "", "2020-03-31": "", "2019-12-31": "", "2019-09-30": "", "2019-06-30": "", "2019-03-31": "", "2018-12-31": "", "2018-09-30": "", "2018-06-30": "", "2018-03-31": "", "2017-12-31": "", "2017-09-30": "", "2017-06-30": "", "2017-03-31": "", "2016-12-31": "", "2016-09-30": "", "2016-06-30": "", "2016-03-31": "", "2015-12-31": "", "2015-09-30": "", "2015-06-30": "", "2015-03-31": "", "2014-12-31": "", "2014-09-30": "", "2014-06-30": "", "2014-03-31": "", "2013-12-31": "", "2013-09-30": "", "2013-06-30": "", "2013-03-31": "", "2012-12-31": "", "2012-09-30": "", "2012-06-30": "", "2012-03-31": "", "2011-12-31": "", "2011-09-30": "", "2011-06-30": "", "2011-03-31": "", "2010-12-31": "", "2010-09-30": "", "2010-06-30": "", "2010-03-31": "", "2009-12-31": "", "2009-09-30": "", "2009-06-30": "", "2009-03-31": "", "2008-12-31": "", "2008-09-30": "", "2008-06-30": "", "2008-03-31": "", "2007-12-31": "", "2007-09-30": "", "2007-06-30": "", "2007-03-31": "", "2006-12-31": "", "2006-09-30": "", "2006-06-30": "", "2006-03-31": "", "2005-12-31": "", "2005-09-30": "", "2005-06-30": "", "2005-03-31": ""}, "Receiveable Turnover": {"2020-09-30": "1.76320", "2020-06-30": "1.65870", "2020-03-31": "1.58200", "2019-12-31": "1.70230", "2019-09-30": "1.69510", "2019-06-30": "1.75090", "2019-03-31": "1.64610", "2018-12-31": "1.78060", "2018-09-30": "1.78290", "2018-06-30": "1.85200", "2018-03-31": "1.77580", "2017-12-31": "1.88510", "2017-09-30": "1.82150", "2017-06-30": "1.85270", "2017-03-31": "1.81030", "2016-12-31": "1.84910", "2016-09-30": "1.84260", "2016-06-30": "1.94090", "2016-03-31": "1.71490", "2015-12-31": "1.90480", "2015-09-30": "1.86580", "2015-06-30": "1.84170", "2015-03-31": "1.79710", "2014-12-31": "1.85230", "2014-09-30": "1.89320", "2014-06-30": "1.77790", "2014-03-31": "1.73340", "2013-12-31": "1.86790", "2013-09-30": "1.86810", "2013-06-30": "1.84270", "2013-03-31": "1.82510", "2012-12-31": "1.68390", "2012-09-30": "1.75140", "2012-06-30": "1.74650", "2012-03-31": "1.69880", "2011-12-31": "1.55800", "2011-09-30": "1.77810", "2011-06-30": "1.78420", "2011-03-31": "1.66700", "2010-12-31": "1.83550", "2010-09-30": "1.77990", "2010-06-30": "1.76850", "2010-03-31": "1.71370", "2009-12-31": "1.60530", "2009-09-30": "1.68850", "2009-06-30": "1.68670", "2009-03-31": "1.69290", "2008-12-31": "1.28060", "2008-09-30": "1.76870", "2008-06-30": "1.64070", "2008-03-31": "1.64900", "2007-12-31": "1.65960", "2007-09-30": "1.62700", "2007-06-30": "1.53440", "2007-03-31": "1.60630", "2006-12-31": "1.59310", "2006-09-30": "1.58790", "2006-06-30": "1.62220", "2006-03-31": "1.64830", "2005-12-31": "1.67270", "2005-09-30": "1.67540", "2005-06-30": "1.68550", "2005-03-31": "1.60390"}, "Days Sales In Receivables": {"2020-09-30": "51.04470", "2020-06-30": "54.25820", "2020-03-31": "56.89010", "2019-12-31": "52.86930", "2019-09-30": "53.09350", "2019-06-30": "51.40230", "2019-03-31": "54.67440", "2018-12-31": "50.54350", "2018-09-30": "50.48070", "2018-06-30": "48.59730", "2018-03-31": "50.68150", "2017-12-31": "47.74240", "2017-09-30": "49.40940", "2017-06-30": "48.57710", "2017-03-31": "49.71520", "2016-12-31": "48.67330", "2016-09-30": "48.84470", "2016-06-30": "46.37000", "2016-03-31": "52.48250", "2015-12-31": "47.24900", "2015-09-30": "48.23640", "2015-06-30": "48.86890", "2015-03-31": "50.08130", "2014-12-31": "48.58790", "2014-09-30": "47.53830", "2014-06-30": "50.62230", "2014-03-31": "51.92130", "2013-12-31": "48.18150", "2013-09-30": "48.17830", "2013-06-30": "48.84140", "2013-03-31": "49.31330", "2012-12-31": "53.44700", "2012-09-30": "51.38650", "2012-06-30": "51.53130", "2012-03-31": "52.97890", "2011-12-31": "57.76570", "2011-09-30": "50.61580", "2011-06-30": "50.44140", "2011-03-31": "53.98860", "2010-12-31": "49.03320", "2010-09-30": "50.56560", "2010-06-30": "50.89000", "2010-03-31": "52.51690", "2009-12-31": "56.06310", "2009-09-30": "53.30120", "2009-06-30": "53.35820", "2009-03-31": "53.16170", "2008-12-31": "70.28040", "2008-09-30": "50.88410", "2008-06-30": "54.85360", "2008-03-31": "54.57960", "2007-12-31": "54.23100", "2007-09-30": "55.31570", "2007-06-30": "58.65350", "2007-03-31": "56.03060", "2006-12-31": "56.49230", "2006-09-30": "56.67770", "2006-06-30": "55.48100", "2006-03-31": "54.60160", "2005-12-31": "53.80570", "2005-09-30": "53.71700", "2005-06-30": "53.39570", "2005-03-31": "56.11240"}, "ROE - Return On Equity": {"2020-09-30": "7.58390", "2020-06-30": "3.51460", "2020-03-31": "4.71230", "2019-12-31": "0.41180", "2019-09-30": "3.22380", "2019-06-30": "2.63920", "2019-03-31": "-21.23410", "2018-12-31": "0.84930", "2018-09-30": "1.22170", "2018-06-30": "4.45470", "2018-03-31": "2.81100", "2017-12-31": "5.38750", "2017-09-30": "3.17470", "2017-06-30": "5.43910", "2017-03-31": "5.26390", "2016-12-31": "4.58600", "2016-09-30": "4.83960", "2016-06-30": "5.14830", "2016-03-31": "4.04300", "2015-12-31": "4.80770", "2015-09-30": "5.27890", "2015-06-30": "5.09830", "2015-03-31": "4.09190", "2014-12-31": "4.42140", "2014-09-30": "3.98140", "2014-06-30": "3.87100", "2014-03-31": "3.60260", "2013-12-31": "3.37040", "2013-09-30": "3.92540", "2013-06-30": "4.35380", "2013-03-31": "4.11840", "2012-12-31": "2.36830", "2012-09-30": "4.20030", "2012-06-30": "4.18510", "2012-03-31": "4.01730", "2011-12-31": "4.24480", "2011-09-30": "3.88430", "2011-06-30": "2.05810", "2011-03-31": "3.35070", "2010-12-31": "3.74620", "2010-09-30": "3.67970", "2010-06-30": "3.56190", "2010-03-31": "3.36100", "2009-12-31": "3.34980", "2009-09-30": "3.67130", "2009-06-30": "3.89240", "2009-03-31": "3.99880", "2008-12-31": "3.36990", "2008-09-30": "5.13360", "2008-06-30": "4.77730", "2008-03-31": "4.55300", "2007-12-31": "5.13150", "2007-09-30": "4.92920", "2007-06-30": "4.05860", "2007-03-31": "7.43860", "2006-12-31": "7.52890", "2006-09-30": "8.59380", "2006-06-30": "7.79660", "2006-03-31": "7.33610", "2005-12-31": "7.65570", "2005-09-30": "8.95800", "2005-06-30": "10.06430", "2005-03-31": "10.35890"}, "Return On Tangible Equity": {"2020-09-30": "-9.01660", "2020-06-30": "-3.56440", "2020-03-31": "-4.05610", "2019-12-31": "-0.38230", "2019-09-30": "-2.93070", "2019-06-30": "-2.36040", "2019-03-31": "20.25060", "2018-12-31": "-1.23620", "2018-09-30": "-1.84270", "2018-06-30": "-6.93770", "2018-03-31": "-4.26640", "2017-12-31": "-7.63010", "2017-09-30": "-4.21470", "2017-06-30": "-7.13160", "2017-03-31": "-6.18530", "2016-12-31": "-4.67140", "2016-09-30": "-4.84310", "2016-06-30": "-4.60530", "2016-03-31": "-3.35060", "2015-12-31": "-9.88450", "2015-09-30": "-9.44010", "2015-06-30": "-8.12690", "2015-03-31": "-6.33040", "2014-12-31": "-6.95140", "2014-09-30": "-7.04110", "2014-06-30": "-7.10050", "2014-03-31": "-6.18900", "2013-12-31": "-7.02710", "2013-09-30": "-7.03140", "2013-06-30": "-7.09450", "2013-03-31": "-5.97540", "2012-12-31": "-2.94900", "2012-09-30": "-11.72550", "2012-06-30": "-10.40960", "2012-03-31": "-9.53190", "2011-12-31": "-8.26080", "2011-09-30": "-8.32130", "2011-06-30": "-4.80570", "2011-03-31": "-6.90660", "2010-12-31": "-7.14450", "2010-09-30": "-7.68770", "2010-06-30": "-6.77620", "2010-03-31": "-5.62200", "2009-12-31": "-4.87080", "2009-09-30": "-5.90600", "2009-06-30": "-5.49020", "2009-03-31": "-4.79850", "2008-12-31": "-3.67440", "2008-09-30": "-6.28410", "2008-06-30": "-5.93660", "2008-03-31": "-5.28900", "2007-12-31": "-5.54180", "2007-09-30": "-5.26480", "2007-06-30": "-7.39610", "2007-03-31": "-27.26200", "2006-12-31": "-18.48810", "2006-09-30": "-34.54470", "2006-06-30": "-27.01860", "2006-03-31": "-21.53370", "2005-12-31": "-19.07080", "2005-09-30": "-13.38330", "2005-06-30": "-12.58540", "2005-03-31": "-10.94710"}, "ROA - Return On Assets": {"2020-09-30": "2.43250", "2020-06-30": "1.08800", "2020-03-31": "1.50210", "2019-12-31": "0.13660", "2019-09-30": "1.11030", "2019-06-30": "0.91390", "2019-03-31": "-7.55760", "2018-12-31": "0.37470", "2018-09-30": "0.55510", "2018-06-30": "2.05290", "2018-03-31": "1.30350", "2017-12-31": "2.41240", "2017-09-30": "1.41240", "2017-06-30": "2.37450", "2017-03-31": "2.28900", "2016-12-31": "1.87270", "2016-09-30": "1.98190", "2016-06-30": "2.00280", "2016-03-31": "1.52090", "2015-12-31": "2.51030", "2015-09-30": "2.63580", "2015-06-30": "2.45340", "2015-03-31": "1.94990", "2014-12-31": "2.11970", "2014-09-30": "2.00550", "2014-06-30": "1.98270", "2014-03-31": "1.81680", "2013-12-31": "1.73790", "2013-09-30": "1.96110", "2013-06-30": "2.11040", "2013-03-31": "1.91920", "2012-12-31": "1.02650", "2012-09-30": "2.19360", "2012-06-30": "2.17260", "2012-03-31": "2.08330", "2011-12-31": "2.07750", "2011-09-30": "1.97300", "2011-06-30": "1.06330", "2011-03-31": "1.70950", "2010-12-31": "1.86180", "2010-09-30": "1.87060", "2010-06-30": "1.74240", "2010-03-31": "1.59460", "2009-12-31": "1.52370", "2009-09-30": "1.72550", "2009-06-30": "1.74620", "2009-03-31": "1.67590", "2008-12-31": "1.36800", "2008-09-30": "2.13880", "2008-06-30": "1.99630", "2008-03-31": "1.85080", "2007-12-31": "2.03750", "2007-09-30": "1.95080", "2007-06-30": "1.93980", "2007-03-31": "3.76660", "2006-12-31": "3.52400", "2006-09-30": "4.16560", "2006-06-30": "3.69490", "2006-03-31": "3.34750", "2005-12-31": "3.42890", "2005-09-30": "3.64860", "2005-06-30": "3.74560", "2005-03-31": "3.50770"}, "ROI - Return On Investment": {"2020-09-30": "3.60460", "2020-06-30": "1.45470", "2020-03-31": "1.92930", "2019-12-31": "0.17990", "2019-09-30": "1.52950", "2019-06-30": "1.25990", "2019-03-31": "-10.52430", "2018-12-31": "0.46320", "2018-09-30": "0.67450", "2018-06-30": "2.47290", "2018-03-31": "1.84770", "2017-12-31": "3.50540", "2017-09-30": "1.93110", "2017-06-30": "3.27380", "2017-03-31": "3.11450", "2016-12-31": "2.59560", "2016-09-30": "2.73980", "2016-06-30": "2.61700", "2016-03-31": "2.31850", "2015-12-31": "3.23890", "2015-09-30": "3.50680", "2015-06-30": "3.35580", "2015-03-31": "2.68630", "2014-12-31": "2.92280", "2014-09-30": "2.68430", "2014-06-30": "2.63470", "2014-03-31": "2.43710", "2013-12-31": "2.26300", "2013-09-30": "2.37770", "2013-06-30": "2.60070", "2013-03-31": "2.41250", "2012-12-31": "1.36210", "2012-09-30": "2.79050", "2012-06-30": "2.75210", "2012-03-31": "2.62730", "2011-12-31": "2.71940", "2011-09-30": "2.51830", "2011-06-30": "1.34100", "2011-03-31": "2.16060", "2010-12-31": "2.38160", "2010-09-30": "2.34270", "2010-06-30": "2.24960", "2010-03-31": "2.10640", "2009-12-31": "2.07610", "2009-09-30": "2.49140", "2009-06-30": "2.54080", "2009-03-31": "2.41050", "2008-12-31": "1.77630", "2008-09-30": "2.74300", "2008-06-30": "2.62690", "2008-03-31": "2.34070", "2007-12-31": "2.79990", "2007-09-30": "2.59320", "2007-06-30": "2.79750", "2007-03-31": "6.40970", "2006-12-31": "6.23520", "2006-09-30": "5.91010", "2006-06-30": "5.24690", "2006-03-31": "4.74290", "2005-12-31": "4.89060", "2005-09-30": "5.13770", "2005-06-30": "6.13300", "2005-03-31": "6.07630"}, "Book Value Per Share": {"2020-09-30": "24.39800", "2020-06-30": "22.50450", "2020-03-31": "20.01480", "2019-12-31": "21.64110", "2019-09-30": "21.13210", "2019-06-30": "21.40530", "2019-03-31": "21.61340", "2018-12-31": "26.16670", "2018-09-30": "26.87810", "2018-06-30": "27.24000", "2018-03-31": "27.73820", "2017-12-31": "26.96920", "2017-09-30": "26.38080", "2017-06-30": "25.59300", "2017-03-31": "24.56070", "2016-12-31": "22.69640", "2016-09-30": "23.30600", "2016-06-30": "21.65470", "2016-03-31": "21.28400", "2015-12-31": "19.80120", "2015-09-30": "19.16740", "2015-06-30": "18.66840", "2015-03-31": "18.40080", "2014-12-31": "18.71520", "2014-09-30": "19.69270", "2014-06-30": "20.04270", "2014-03-31": "19.63530", "2013-12-31": "19.20430", "2013-09-30": "18.05270", "2013-06-30": "17.47730", "2013-03-31": "16.95270", "2012-12-31": "16.27240", "2012-09-30": "15.78540", "2012-06-30": "15.25790", "2012-03-31": "15.15450", "2011-12-31": "14.39880", "2011-09-30": "14.73250", "2011-06-30": "14.72710", "2011-03-31": "14.38860", "2010-12-31": "14.00330", "2010-09-30": "14.00650", "2010-06-30": "13.43120", "2010-03-31": "13.13740", "2009-12-31": "12.79720", "2009-09-30": "12.36950", "2009-06-30": "11.76820", "2009-03-31": "10.89860", "2008-12-31": "10.47900", "2008-09-30": "11.35550", "2008-06-30": "11.52410", "2008-03-31": "11.16870", "2007-12-31": "10.78800", "2007-09-30": "10.44350", "2007-06-30": "12.10370", "2007-03-31": "7.42080", "2006-12-31": "6.72090", "2006-09-30": "7.30390", "2006-06-30": "7.01260", "2006-03-31": "6.67240", "2005-12-31": "6.34910", "2005-09-30": "5.37520", "2005-06-30": "4.79570", "2005-03-31": "4.36160"}, "Operating Cash Flow Per Share": {"2020-09-30": 2.9781, "2020-06-30": 2.0471, "2020-03-31": "0.25120", "2019-12-31": 1.8926, "2019-09-30": -1.3533, "2019-06-30": 1.7779, "2019-03-31": "0.25490", "2018-12-31": 1.3644, "2018-09-30": 1.2501, "2018-06-30": 1.9366, "2018-03-31": "0.98600", "2017-12-31": 1.702, "2017-09-30": 2.3142, "2017-06-30": 1.8491, "2017-03-31": "0.85070", "2016-12-31": 2.3096, "2016-09-30": 2.0215, "2016-06-30": 1.57, "2016-03-31": "0.89490", "2015-12-31": 1.9104, "2015-09-30": 2.0557, "2015-06-30": 1.5499, "2015-03-31": "0.84550", "2014-12-31": 1.6421, "2014-09-30": 1.5405, "2014-06-30": 1.2297, "2014-03-31": "0.57720", "2013-12-31": 1.5562, "2013-09-30": 1.4028, "2013-06-30": 1.1022, "2013-03-31": "0.53860", "2012-12-31": 1.2012, "2012-09-30": 1.2435, "2012-06-30": 1.2121, "2012-03-31": "0.39460", "2011-12-31": 1.2034, "2011-09-30": 0.9208, "2011-06-30": 0.9946, "2011-03-31": "0.18520", "2010-12-31": 1.1388, "2010-09-30": 0.5575, "2010-06-30": 0.7968, "2010-03-31": "0.29430", "2009-12-31": 1.1713, "2009-09-30": 0.9607, "2009-06-30": 0.79, "2009-03-31": "0.34930", "2008-12-31": 0.9087, "2008-09-30": 1.0859, "2008-06-30": 0.8627, "2008-03-31": "0.57910", "2007-12-31": 1.4237, "2007-09-30": 0.8285, "2007-06-30": 0.5948, "2007-03-31": "0.50980", "2006-12-31": 0.8997, "2006-09-30": 0.7888, "2006-06-30": 0.6974, "2006-03-31": "0.48970", "2005-12-31": 0.7612, "2005-09-30": 0.797, "2005-06-30": 0.6813, "2005-03-31": "0.31570"}, "Free Cash Flow Per Share": {"2020-09-30": 2.0332, "2020-06-30": 1.1936, "2020-03-31": "-0.46660", "2019-12-31": 1.1168, "2019-09-30": -2.1439, "2019-06-30": 1.0129, "2019-03-31": "-0.68910", "2018-12-31": 0.4242, "2018-09-30": 0.5626, "2018-06-30": 1.4221, "2018-03-31": "0.52270", "2017-12-31": 1.2034, "2017-09-30": 1.8367, "2017-06-30": 1.4422, "2017-03-31": "0.50860", "2016-12-31": 1.9569, "2016-09-30": 1.6252, "2016-06-30": 1.2191, "2016-03-31": "0.56210", "2015-12-31": 1.4772, "2015-09-30": 1.7362, "2015-06-30": 1.2708, "2015-03-31": "0.66800", "2014-12-31": 1.4599, "2014-09-30": 1.3264, "2014-06-30": 1.0751, "2014-03-31": "0.42850", "2013-12-31": 1.3792, "2013-09-30": 1.1993, "2013-06-30": 0.9612, "2013-03-31": "0.38670", "2012-12-31": 1.0659, "2012-09-30": 1.1211, "2012-06-30": 1.0961, "2012-03-31": "0.22960", "2011-12-31": 1.0773, "2011-09-30": 0.793, "2011-06-30": 0.8523, "2011-03-31": "-0.02490", "2010-12-31": 1.0048, "2010-09-30": 0.428, "2010-06-30": 0.6616, "2010-03-31": "-0.09600", "2009-12-31": 1.0185, "2009-09-30": 0.8268, "2009-06-30": 0.6416, "2009-03-31": "0.23160", "2008-12-31": 0.7492, "2008-09-30": 0.8421, "2008-06-30": 0.6457, "2008-03-31": "0.35200", "2007-12-31": 1.1531, "2007-09-30": 0.4513, "2007-06-30": 0.4801, "2007-03-31": "0.39510", "2006-12-31": 0.7634, "2006-09-30": 0.7264, "2006-06-30": 0.5755, "2006-03-31": "0.40840", "2005-12-31": 0.6631, "2005-09-30": 0.7122, "2005-06-30": 0.5887, "2005-03-31": "0.24170"}}, "revenue": {"Equifax Annual Revenue (Millions of US $)": {"2019": "$3,508", "2018": "$3,412", "2017": "$3,362", "2016": "$3,145", "2015": "$2,664", "2014": "$2,436", "2013": "$2,304", "2012": "$2,073", "2011": "$1,893", "2010": "$1,860", "2009": "$1,716", "2008": "$1,814", "2007": "$1,843", "2006": "$1,546", "2005": "$1,443"}, "Equifax Quarterly Revenue (Millions of US $)": {"2020-09-30": "$1,068", "2020-06-30": "$983", "2020-03-31": "$958", "2019-12-31": "$906", "2019-09-30": "$876", "2019-06-30": "$880", "2019-03-31": "$846", "2018-12-31": "$835", "2018-09-30": "$834", "2018-06-30": "$877", "2018-03-31": "$866", "2017-12-31": "$839", "2017-09-30": "$835", "2017-06-30": "$857", "2017-03-31": "$832", "2016-12-31": "$801", "2016-09-30": "$804", "2016-06-30": "$811", "2016-03-31": "$728", "2015-12-31": "$666", "2015-09-30": "$667", "2015-06-30": "$678", "2015-03-31": "$652", "2014-12-31": "$625", "2014-09-30": "$613", "2014-06-30": "$614", "2014-03-31": "$585", "2013-12-31": "$579", "2013-09-30": "$572", "2013-06-30": "$587", "2013-03-31": "$567", "2012-12-31": "$534", "2012-09-30": "$520", "2012-06-30": "$513", "2012-03-31": "$506", "2011-12-31": "$443", "2011-09-30": "$490", "2011-06-30": "$487", "2011-03-31": "$473", "2010-12-31": "$482", "2010-09-30": "$474", "2010-06-30": "$461", "2010-03-31": "$443", "2009-12-31": "$415", "2009-09-30": "$425", "2009-06-30": "$429", "2009-03-31": "$447", "2008-12-31": "$325", "2008-09-30": "$484", "2008-06-30": "$502", "2008-03-31": "$503", "2007-12-31": "$491", "2007-09-30": "$493", "2007-06-30": "$455", "2007-03-31": "$405", "2006-12-31": "$390", "2006-09-30": "$395", "2006-06-30": "$388", "2006-03-31": "$374", "2005-12-31": "$361", "2005-09-30": "$375", "2005-06-30": "$363", "2005-03-31": "$343"}}, "gross-profit": {"Equifax Annual Gross Profit (Millions of US $)": {"2019": "$1,986", "2018": "$1,972", "2017": "$2,152", "2016": "$2,032", "2015": "$1,776", "2014": "$1,592", "2013": "$1,517", "2012": "$1,314", "2011": "$1,189", "2010": "$1,100", "2009": "$997", "2008": "$1,072", "2007": "$1,086", "2006": "$920", "2005": "$849"}, "Equifax Quarterly Gross Profit (Millions of US $)": {"2020-09-30": "$635", "2020-06-30": "$574", "2020-03-31": "$544", "2019-12-31": "$523", "2019-09-30": "$501", "2019-06-30": "$503", "2019-03-31": "$459", "2018-12-31": "$463", "2018-09-30": "$458", "2018-06-30": "$528", "2018-03-31": "$523", "2017-12-31": "$520", "2017-09-30": "$538", "2017-06-30": "$563", "2017-03-31": "$531", "2016-12-31": "$515", "2016-09-30": "$516", "2016-06-30": "$526", "2016-03-31": "$475", "2015-12-31": "$441", "2015-09-30": "$441", "2015-06-30": "$457", "2015-03-31": "$437", "2014-12-31": "$410", "2014-09-30": "$402", "2014-06-30": "$402", "2014-03-31": "$378", "2013-12-31": "$381", "2013-09-30": "$375", "2013-06-30": "$389", "2013-03-31": "$371", "2012-12-31": "$337", "2012-09-30": "$332", "2012-06-30": "$326", "2012-03-31": "$319", "2011-12-31": "$307", "2011-09-30": "$304", "2011-06-30": "$298", "2011-03-31": "$281", "2010-12-31": "$289", "2010-09-30": "$286", "2010-06-30": "$272", "2010-03-31": "$253", "2009-12-31": "$241", "2009-09-30": "$248", "2009-06-30": "$249", "2009-03-31": "$260", "2008-12-31": "$190", "2008-09-30": "$287", "2008-06-30": "$298", "2008-03-31": "$297", "2007-12-31": "$287", "2007-09-30": "$298", "2007-06-30": "$265", "2007-03-31": "$236", "2006-12-31": "$234", "2006-09-30": "$237", "2006-06-30": "$226", "2006-03-31": "$223", "2005-12-31": "$210", "2005-09-30": "$222", "2005-06-30": "$216", "2005-03-31": "$201"}}, "operating-income": {"Equifax Annual Operating Income (Millions of US $)": {"2019": "$-335", "2018": "$448", "2017": "$832", "2016": "$825", "2015": "$694", "2014": "$638", "2013": "$611", "2012": "$480", "2011": "$469", "2010": "$430", "2009": "$382", "2008": "$439", "2007": "$486", "2006": "$436", "2005": "$422"}, "Equifax Quarterly Operating Income (Millions of US $)": {"2020-09-30": "$204", "2020-06-30": "$167", "2020-03-31": "$136", "2019-12-31": "$47", "2019-09-30": "$122", "2019-06-30": "$114", "2019-03-31": "$-618", "2018-12-31": "$46", "2018-09-30": "$64", "2018-06-30": "$194", "2018-03-31": "$144", "2017-12-31": "$193", "2017-09-30": "$155", "2017-06-30": "$266", "2017-03-31": "$219", "2016-12-31": "$211", "2016-09-30": "$212", "2016-06-30": "$226", "2016-03-31": "$176", "2015-12-31": "$177", "2015-09-30": "$174", "2015-06-30": "$189", "2015-03-31": "$154", "2014-12-31": "$165", "2014-09-30": "$154", "2014-06-30": "$167", "2014-03-31": "$152", "2013-12-31": "$154", "2013-09-30": "$150", "2013-06-30": "$158", "2013-03-31": "$149", "2012-12-31": "$92", "2012-09-30": "$131", "2012-06-30": "$129", "2012-03-31": "$128", "2011-12-31": "$123", "2011-09-30": "$122", "2011-06-30": "$115", "2011-03-31": "$109", "2010-12-31": "$110", "2010-09-30": "$110", "2010-06-30": "$106", "2010-03-31": "$104", "2009-12-31": "$79", "2009-09-30": "$100", "2009-06-30": "$102", "2009-03-31": "$101", "2008-12-31": "$78", "2008-09-30": "$107", "2008-06-30": "$128", "2008-03-31": "$126", "2007-12-31": "$120", "2007-09-30": "$129", "2007-06-30": "$120", "2007-03-31": "$117", "2006-12-31": "$110", "2006-09-30": "$121", "2006-06-30": "$96", "2006-03-31": "$109", "2005-12-31": "$106", "2005-09-30": "$107", "2005-06-30": "$107", "2005-03-31": "$102"}}, "ebitda": {"Equifax Annual EBITDA (Millions of US $)": {"2019": "$2", "2018": "$764", "2017": "$1,123", "2016": "$1,094", "2015": "$894", "2014": "$842", "2013": "$802", "2012": "$643", "2011": "$634", "2010": "$598", "2009": "$541", "2008": "$594", "2007": "$614", "2006": "$519", "2005": "$504"}, "Equifax Quarterly EBITDA (Millions of US $)": {"2020-09-30": "$308", "2020-06-30": "$265", "2020-03-31": "$230", "2019-12-31": "$136", "2019-09-30": "$207", "2019-06-30": "$198", "2019-03-31": "$-539", "2018-12-31": "$127", "2018-09-30": "$142", "2018-06-30": "$272", "2018-03-31": "$223", "2017-12-31": "$267", "2017-09-30": "$228", "2017-06-30": "$337", "2017-03-31": "$291", "2016-12-31": "$284", "2016-09-30": "$283", "2016-06-30": "$294", "2016-03-31": "$233", "2015-12-31": "$227", "2015-09-30": "$224", "2015-06-30": "$239", "2015-03-31": "$205", "2014-12-31": "$216", "2014-09-30": "$205", "2014-06-30": "$218", "2014-03-31": "$203", "2013-12-31": "$200", "2013-09-30": "$202", "2013-06-30": "$202", "2013-03-31": "$197", "2012-12-31": "$133", "2012-09-30": "$171", "2012-06-30": "$170", "2012-03-31": "$170", "2011-12-31": "$164", "2011-09-30": "$162", "2011-06-30": "$155", "2011-03-31": "$152", "2010-12-31": "$152", "2010-09-30": "$152", "2010-06-30": "$148", "2010-03-31": "$147", "2009-12-31": "$121", "2009-09-30": "$140", "2009-06-30": "$141", "2009-03-31": "$139", "2008-12-31": "$116", "2008-09-30": "$149", "2008-06-30": "$166", "2008-03-31": "$164", "2007-12-31": "$158", "2007-09-30": "$168", "2007-06-30": "$149", "2007-03-31": "$138", "2006-12-31": "$131", "2006-09-30": "$141", "2006-06-30": "$117", "2006-03-31": "$130", "2005-12-31": "$128", "2005-09-30": "$128", "2005-06-30": "$127", "2005-03-31": "$122"}}, "net-income": {"Equifax Annual Net Income (Millions of US $)": {"2019": "$-399", "2018": "$300", "2017": "$587", "2016": "$489", "2015": "$429", "2014": "$367", "2013": "$352", "2012": "$272", "2011": "$233", "2010": "$267", "2009": "$234", "2008": "$273", "2007": "$273", "2006": "$275", "2005": "$247"}, "Equifax Quarterly Net Income (Millions of US $)": {"2020-09-30": "$224", "2020-06-30": "$96", "2020-03-31": "$113", "2019-12-31": "$9", "2019-09-30": "$81", "2019-06-30": "$67", "2019-03-31": "$-556", "2018-12-31": "$26", "2018-09-30": "$38", "2018-06-30": "$145", "2018-03-31": "$91", "2017-12-31": "$172", "2017-09-30": "$96", "2017-06-30": "$165", "2017-03-31": "$153", "2016-12-31": "$123", "2016-09-30": "$133", "2016-06-30": "$131", "2016-03-31": "$102", "2015-12-31": "$112", "2015-09-30": "$118", "2015-06-30": "$111", "2015-03-31": "$88", "2014-12-31": "$98", "2014-09-30": "$93", "2014-06-30": "$93", "2014-03-31": "$84", "2013-12-31": "$77", "2013-09-30": "$84", "2013-06-30": "$91", "2013-03-31": "$101", "2012-12-31": "$46", "2012-09-30": "$78", "2012-06-30": "$76", "2012-03-31": "$72", "2011-12-31": "$74", "2011-09-30": "$67", "2011-06-30": "$35", "2011-03-31": "$57", "2010-12-31": "$62", "2010-09-30": "$77", "2010-06-30": "$71", "2010-03-31": "$57", "2009-12-31": "$60", "2009-09-30": "$60", "2009-06-30": "$60", "2009-03-31": "$54", "2008-12-31": "$64", "2008-09-30": "$72", "2008-06-30": "$71", "2008-03-31": "$66", "2007-12-31": "$66", "2007-09-30": "$68", "2007-06-30": "$70", "2007-03-31": "$69", "2006-12-31": "$63", "2006-09-30": "$79", "2006-06-30": "$70", "2006-03-31": "$63", "2005-12-31": "$63", "2005-09-30": "$63", "2005-06-30": "$63", "2005-03-31": "$59"}}, "eps-earnings-per-share-diluted": {"Equifax Annual EPS": {"2019": "$-3.30", "2018": "$2.47", "2017": "$4.83", "2016": "$4.04", "2015": "$3.55", "2014": "$2.97", "2013": "$2.84", "2012": "$2.22", "2011": "$1.88", "2010": "$2.11", "2009": "$1.83", "2008": "$2.09", "2007": "$2.02", "2006": "$2.12", "2005": "$1.86"}, "Equifax Quarterly EPS": {"2020-09-30": "$1.82", "2020-06-30": "$0.78", "2020-03-31": "$0.92", "2019-12-31": "$0.09", "2019-09-30": "$0.66", "2019-06-30": "$0.55", "2019-03-31": "$-4.60", "2018-12-31": "$0.21", "2018-09-30": "$0.32", "2018-06-30": "$1.19", "2018-03-31": "$0.75", "2017-12-31": "$1.42", "2017-09-30": "$0.79", "2017-06-30": "$1.36", "2017-03-31": "$1.26", "2016-12-31": "$1.02", "2016-09-30": "$1.09", "2016-06-30": "$1.08", "2016-03-31": "$0.85", "2015-12-31": "$0.92", "2015-09-30": "$0.98", "2015-06-30": "$0.92", "2015-03-31": "$0.73", "2014-12-31": "$0.80", "2014-09-30": "$0.75", "2014-06-30": "$0.75", "2014-03-31": "$0.67", "2013-12-31": "$0.62", "2013-09-30": "$0.67", "2013-06-30": "$0.73", "2013-03-31": "$0.82", "2012-12-31": "$0.38", "2012-09-30": "$0.64", "2012-06-30": "$0.62", "2012-03-31": "$0.58", "2011-12-31": "$0.60", "2011-09-30": "$0.54", "2011-06-30": "$0.28", "2011-03-31": "$0.46", "2010-12-31": "$0.50", "2010-09-30": "$0.61", "2010-06-30": "$0.56", "2010-03-31": "$0.44", "2009-12-31": "$0.46", "2009-09-30": "$0.47", "2009-06-30": "$0.47", "2009-03-31": "$0.43", "2008-12-31": "$0.49", "2008-09-30": "$0.56", "2008-06-30": "$0.54", "2008-03-31": "$0.50", "2007-12-31": "$0.49", "2007-09-30": "$0.48", "2007-06-30": "$0.51", "2007-03-31": "$0.54", "2006-12-31": "$0.50", "2006-09-30": "$0.61", "2006-06-30": "$0.53", "2006-03-31": "$0.48", "2005-12-31": "$0.48", "2005-09-30": "$0.47", "2005-06-30": "$0.47", "2005-03-31": "$0.44"}}, "shares-outstanding": {"Equifax Annual Shares Outstanding (Millions of Shares)": {"2019": "122", "2018": "121", "2017": "122", "2016": "121", "2015": "121", "2014": "124", "2013": "124", "2012": "123", "2011": "124", "2010": "127", "2009": "128", "2008": "130", "2007": "135", "2006": "129", "2005": "132"}, "Equifax Quarterly Shares Outstanding (Millions of Shares)": {"2020-09-30": "123", "2020-06-30": "123", "2020-03-31": "123", "2019-12-31": "122", "2019-09-30": "122", "2019-06-30": "122", "2019-03-31": "122", "2018-12-31": "121", "2018-09-30": "122", "2018-06-30": "121", "2018-03-31": "121", "2017-12-31": "122", "2017-09-30": "121", "2017-06-30": "122", "2017-03-31": "122", "2016-12-31": "121", "2016-09-30": "121", "2016-06-30": "121", "2016-03-31": "121", "2015-12-31": "121", "2015-09-30": "121", "2015-06-30": "121", "2015-03-31": "122", "2014-12-31": "124", "2014-09-30": "124", "2014-06-30": "124", "2014-03-31": "124", "2013-12-31": "124", "2013-09-30": "124", "2013-06-30": "124", "2013-03-31": "123", "2012-12-31": "123", "2012-09-30": "122", "2012-06-30": "123", "2012-03-31": "122", "2011-12-31": "124", "2011-09-30": "123", "2011-06-30": "125", "2011-03-31": "125", "2010-12-31": "127", "2010-09-30": "126", "2010-06-30": "127", "2010-03-31": "128", "2009-12-31": "128", "2009-09-30": "128", "2009-06-30": "128", "2009-03-31": "127", "2008-12-31": "130", "2008-09-30": "130", "2008-06-30": "132", "2008-03-31": "132", "2007-12-31": "135", "2007-09-30": "141", "2007-06-30": "139", "2007-03-31": "127", "2006-12-31": "129", "2006-09-30": "128", "2006-06-30": "130", "2006-03-31": "132", "2005-12-31": "132", "2005-09-30": "133", "2005-06-30": "133", "2005-03-31": "132"}}, "total-assets": {"Equifax Annual Total Assets (Millions of US $)": {"2019": "$7,909", "2018": "$7,153", "2017": "$7,233", "2016": "$6,664", "2015": "$4,502", "2014": "$4,661", "2013": "$4,540", "2012": "$4,520", "2011": "$3,519", "2010": "$3,438", "2009": "$3,551", "2008": "$3,260", "2007": "$3,524", "2006": "$1,791", "2005": "$1,832"}, "Equifax Quarterly Total Assets (Millions of US $)": {"2020-09-30": "$9,250", "2020-06-30": "$8,833", "2020-03-31": "$7,623", "2019-12-31": "$7,909", "2019-09-30": "$7,431", "2019-06-30": "$7,474", "2019-03-31": "$7,336", "2018-12-31": "$7,153", "2018-09-30": "$7,134", "2018-06-30": "$7,117", "2018-03-31": "$7,196", "2017-12-31": "$7,233", "2017-09-30": "$7,116", "2017-06-30": "$7,058", "2017-03-31": "$6,789", "2016-12-31": "$6,664", "2016-09-30": "$6,807", "2016-06-30": "$6,641", "2016-03-31": "$6,733", "2015-12-31": "$4,502", "2015-09-30": "$4,541", "2015-06-30": "$4,586", "2015-03-31": "$4,595", "2014-12-31": "$4,661", "2014-09-30": "$4,707", "2014-06-30": "$4,766", "2014-03-31": "$4,750", "2013-12-31": "$4,540", "2013-09-30": "$4,390", "2013-06-30": "$4,374", "2013-03-31": "$4,387", "2012-12-31": "$4,520", "2012-09-30": "$3,606", "2012-06-30": "$3,521", "2012-03-31": "$3,518", "2011-12-31": "$3,519", "2011-09-30": "$3,513", "2011-06-30": "$3,489", "2011-03-31": "$3,469", "2010-12-31": "$3,438", "2010-09-30": "$3,400", "2010-06-30": "$3,432", "2010-03-31": "$3,506", "2009-12-31": "$3,551", "2009-09-30": "$3,327", "2009-06-30": "$3,316", "2009-03-31": "$3,282", "2008-12-31": "$3,260", "2008-09-30": "$3,451", "2008-06-30": "$3,547", "2008-03-31": "$3,550", "2007-12-31": "$3,524", "2007-09-30": "$3,481", "2007-06-30": "$3,614", "2007-03-31": "$1,832", "2006-12-31": "$1,791", "2006-09-30": "$1,894", "2006-06-30": "$1,884", "2006-03-31": "$1,879", "2005-12-31": "$1,832", "2005-09-30": "$1,713", "2005-06-30": "$1,671", "2005-03-31": "$1,671"}}, "cash-on-hand": {"Equifax Annual Cash on Hand (Millions of US $)": {"2019": "$401", "2018": "$224", "2017": "$336", "2016": "$129", "2015": "$93", "2014": "$128", "2013": "$236", "2012": "$147", "2011": "$128", "2010": "$119", "2009": "$103", "2008": "$58", "2007": "$82", "2006": "$68", "2005": "$38"}, "Equifax Quarterly Cash on Hand (Millions of US $)": {"2020-09-30": "$1,536", "2020-06-30": "$1,347", "2020-03-31": "$370", "2019-12-31": "$401", "2019-09-30": "$168", "2019-06-30": "$136", "2019-03-31": "$133", "2018-12-31": "$224", "2018-09-30": "$253", "2018-06-30": "$327", "2018-03-31": "$249", "2017-12-31": "$336", "2017-09-30": "$315", "2017-06-30": "$404", "2017-03-31": "$123", "2016-12-31": "$129", "2016-09-30": "$112", "2016-06-30": "$97", "2016-03-31": "$97", "2015-12-31": "$93", "2015-09-30": "$109", "2015-06-30": "$84", "2015-03-31": "$95", "2014-12-31": "$128", "2014-09-30": "$115", "2014-06-30": "$92", "2014-03-31": "$101", "2013-12-31": "$236", "2013-09-30": "$132", "2013-06-30": "$105", "2013-03-31": "$108", "2012-12-31": "$147", "2012-09-30": "$267", "2012-06-30": "$183", "2012-03-31": "$133", "2011-12-31": "$128", "2011-09-30": "$102", "2011-06-30": "$109", "2011-03-31": "$87", "2010-12-31": "$119", "2010-09-30": "$116", "2010-06-30": "$70", "2010-03-31": "$77", "2009-12-31": "$103", "2009-09-30": "$78", "2009-06-30": "$64", "2009-03-31": "$60", "2008-12-31": "$58", "2008-09-30": "$69", "2008-06-30": "$73", "2008-03-31": "$85", "2007-12-31": "$82", "2007-09-30": "$87", "2007-06-30": "$264", "2007-03-31": "$70", "2006-12-31": "$68", "2006-09-30": "$56", "2006-06-30": "$48", "2006-03-31": "$56", "2005-12-31": "$38", "2005-09-30": "$42", "2005-06-30": "$45", "2005-03-31": "$53"}}, "long-term-debt": {"Equifax Annual Long Term Debt (Millions of US $)": {"2019": "$3,380", "2018": "$2,631", "2017": "$1,739", "2016": "$2,087", "2015": "$1,138", "2014": "$1,146", "2013": "$1,146", "2012": "$1,447", "2011": "$966", "2010": "$979", "2009": "$991", "2008": "$1,187", "2007": "$1,165", "2006": "$174", "2005": "$464"}, "Equifax Quarterly Long Term Debt (Millions of US $)": {"2020-09-30": "$3,275", "2020-06-30": "$3,872", "2020-03-31": "$3,505", "2019-12-31": "$3,380", "2019-09-30": "$2,835", "2019-06-30": "$2,833", "2019-03-31": "$2,657", "2018-12-31": "$2,631", "2018-09-30": "$2,629", "2018-06-30": "$2,628", "2018-03-31": "$1,740", "2017-12-31": "$1,739", "2017-09-30": "$2,039", "2017-06-30": "$2,038", "2017-03-31": "$2,037", "2016-12-31": "$2,087", "2016-09-30": "$2,136", "2016-06-30": "$2,499", "2016-03-31": "$1,884", "2015-12-31": "$1,138", "2015-09-30": "$1,146", "2015-06-30": "$1,146", "2015-03-31": "$1,146", "2014-12-31": "$1,146", "2014-09-30": "$1,146", "2014-06-30": "$1,146", "2014-03-31": "$1,146", "2013-12-31": "$1,146", "2013-09-30": "$1,428", "2013-06-30": "$1,429", "2013-03-31": "$1,446", "2012-12-31": "$1,447", "2012-09-30": "$951", "2012-06-30": "$952", "2012-03-31": "$965", "2011-12-31": "$966", "2011-09-30": "$968", "2011-06-30": "$964", "2011-03-31": "$975", "2010-12-31": "$979", "2010-09-30": "$986", "2010-06-30": "$979", "2010-03-31": "$991", "2009-12-31": "$991", "2009-09-30": "$740", "2009-06-30": "$791", "2009-03-31": "$906", "2008-12-31": "$1,187", "2008-09-30": "$1,253", "2008-06-30": "$1,213", "2008-03-31": "$1,364", "2007-12-31": "$1,165", "2007-09-30": "$1,241", "2007-06-30": "$779", "2007-03-31": "$149", "2006-12-31": "$174", "2006-09-30": "$417", "2006-06-30": "$434", "2006-03-31": "$469", "2005-12-31": "$464", "2005-09-30": "$519", "2005-06-30": "$399", "2005-03-31": "$399"}}, "total-liabilities": {"Equifax Annual Total Liabilities (Millions of US $)": {"2019": "$5,286", "2018": "$3,998", "2017": "$3,994", "2016": "$3,943", "2015": "$2,151", "2014": "$2,426", "2013": "$2,199", "2012": "$2,561", "2011": "$1,797", "2010": "$1,729", "2009": "$1,936", "2008": "$1,937", "2007": "$2,125", "2006": "$953", "2005": "$1,011"}, "Equifax Quarterly Total Liabilities (Millions of US $)": {"2020-09-30": "$6,283", "2020-06-30": "$6,099", "2020-03-31": "$5,193", "2019-12-31": "$5,286", "2019-09-30": "$4,872", "2019-06-30": "$4,886", "2019-03-31": "$4,725", "2018-12-31": "$3,998", "2018-09-30": "$3,893", "2018-06-30": "$3,837", "2018-03-31": "$3,859", "2017-12-31": "$3,994", "2017-09-30": "$3,950", "2017-06-30": "$3,977", "2017-03-31": "$3,837", "2016-12-31": "$3,943", "2016-09-30": "$4,019", "2016-06-30": "$4,057", "2016-03-31": "$4,200", "2015-12-31": "$2,151", "2015-09-30": "$2,274", "2015-06-30": "$2,379", "2015-03-31": "$2,405", "2014-12-31": "$2,426", "2014-09-30": "$2,336", "2014-06-30": "$2,325", "2014-03-31": "$2,355", "2013-12-31": "$2,199", "2013-09-30": "$2,197", "2013-06-30": "$2,254", "2013-03-31": "$2,343", "2012-12-31": "$2,561", "2012-09-30": "$1,723", "2012-06-30": "$1,693", "2012-03-31": "$1,694", "2011-12-31": "$1,797", "2011-09-30": "$1,728", "2011-06-30": "$1,687", "2011-03-31": "$1,699", "2010-12-31": "$1,729", "2010-09-30": "$1,672", "2010-06-30": "$1,753", "2010-03-31": "$1,842", "2009-12-31": "$1,936", "2009-09-30": "$1,763", "2009-06-30": "$1,828", "2009-03-31": "$1,907", "2008-12-31": "$1,937", "2008-09-30": "$2,013", "2008-06-30": "$2,065", "2008-03-31": "$2,107", "2007-12-31": "$2,125", "2007-09-30": "$2,103", "2007-06-30": "$1,887", "2007-03-31": "$904", "2006-12-31": "$953", "2006-09-30": "$976", "2006-06-30": "$991", "2006-03-31": "$1,022", "2005-12-31": "$1,011", "2005-09-30": "$1,015", "2005-06-30": "$1,049", "2005-03-31": "$1,105"}}, "total-share-holder-equity": {"Equifax Annual Share Holder Equity (Millions of US $)": {"2019": "$2,623", "2018": "$3,156", "2017": "$3,239", "2016": "$2,721", "2015": "$2,350", "2014": "$2,235", "2013": "$2,341", "2012": "$1,959", "2011": "$1,722", "2010": "$1,708", "2009": "$1,615", "2008": "$1,324", "2007": "$1,399", "2006": "$838", "2005": "$820"}, "Equifax Quarterly Share Holder Equity (Millions of US $)": {"2020-09-30": "$2,967", "2020-06-30": "$2,734", "2020-03-31": "$2,430", "2019-12-31": "$2,623", "2019-09-30": "$2,559", "2019-06-30": "$2,588", "2019-03-31": "$2,611", "2018-12-31": "$3,156", "2018-09-30": "$3,242", "2018-06-30": "$3,280", "2018-03-31": "$3,337", "2017-12-31": "$3,239", "2017-09-30": "$3,166", "2017-06-30": "$3,081", "2017-03-31": "$2,952", "2016-12-31": "$2,721", "2016-09-30": "$2,787", "2016-06-30": "$2,583", "2016-03-31": "$2,533", "2015-12-31": "$2,350", "2015-09-30": "$2,268", "2015-06-30": "$2,207", "2015-03-31": "$2,190", "2014-12-31": "$2,235", "2014-09-30": "$2,371", "2014-06-30": "$2,441", "2014-03-31": "$2,396", "2013-12-31": "$2,341", "2013-09-30": "$2,193", "2013-06-30": "$2,120", "2013-03-31": "$2,045", "2012-12-31": "$1,959", "2012-09-30": "$1,883", "2012-06-30": "$1,828", "2012-03-31": "$1,825", "2011-12-31": "$1,722", "2011-09-30": "$1,784", "2011-06-30": "$1,803", "2011-03-31": "$1,770", "2010-12-31": "$1,708", "2010-09-30": "$1,728", "2010-06-30": "$1,679", "2010-03-31": "$1,663", "2009-12-31": "$1,615", "2009-09-30": "$1,564", "2009-06-30": "$1,488", "2009-03-31": "$1,375", "2008-12-31": "$1,324", "2008-09-30": "$1,438", "2008-06-30": "$1,482", "2008-03-31": "$1,443", "2007-12-31": "$1,399", "2007-09-30": "$1,378", "2007-06-30": "$1,727", "2007-03-31": "$928", "2006-12-31": "$838", "2006-09-30": "$918", "2006-06-30": "$893", "2006-03-31": "$857", "2005-12-31": "$820", "2005-09-30": "$698", "2005-06-30": "$622", "2005-03-31": "$566"}}, "profit-margins": {"current": "11.29%"}, "gross margin": {"2020-09-30": "58.14%", "2020-06-30": "57.53%", "2020-03-31": "57.21%", "2019-12-31": "56.61%", "2019-09-30": "56.04%", "2019-06-30": "55.46%", "2019-03-31": "56.25%", "2018-12-31": "57.80%", "2018-09-30": "59.41%", "2018-06-30": "61.74%", "2018-03-31": "63.13%", "2017-12-31": "64.01%", "2017-09-30": "64.57%", "2017-06-30": "64.51%", "2017-03-31": "64.29%", "2016-12-31": "64.63%", "2016-09-30": "65.07%", "2016-06-30": "65.56%", "2016-03-31": "66.23%", "2015-12-31": "66.69%", "2015-09-30": "66.55%", "2015-06-30": "66.43%", "2015-03-31": "65.93%", "2014-12-31": "65.33%", "2014-09-30": "65.40%", "2014-06-30": "65.39%", "2014-03-31": "65.59%", "2013-12-31": "65.80%", "2013-09-30": "65.13%", "2013-06-30": "64.72%", "2013-03-31": "64.01%", "2012-12-31": "63.39%", "2012-09-30": "64.73%", "2012-06-30": "64.29%", "2012-03-31": "63.71%", "2011-12-31": "62.81%", "2011-09-30": "60.66%", "2011-06-30": "60.23%", "2011-03-31": "59.68%", "2010-12-31": "59.14%", "2010-09-30": "58.67%", "2010-06-30": "58.14%", "2010-03-31": "57.89%", "2009-12-31": "58.16%", "2009-09-30": "58.24%", "2009-06-30": "58.52%", "2009-03-31": "58.87%", "2008-12-31": "59.10%", "2008-09-30": "59.04%", "2008-06-30": "59.33%", "2008-03-31": "59.06%", "2007-12-31": "58.89%", "2007-09-30": "59.27%", "2007-06-30": "59.09%", "2007-03-31": "59.13%", "2006-12-31": "59.47%", "2006-09-30": "59.03%", "2006-06-30": "58.81%", "2006-03-31": "59.13%", "2005-12-31": "58.88%"}, "operating margin": {"2020-09-30": "14.15%", "2020-06-30": "12.68%", "2020-03-31": "11.57%", "2019-12-31": "-9.55%", "2019-09-30": "-9.78%", "2019-06-30": "-11.61%", "2019-03-31": "-9.26%", "2018-12-31": "13.13%", "2018-09-30": "17.39%", "2018-06-30": "20.05%", "2018-03-31": "22.29%", "2017-12-31": "24.75%", "2017-09-30": "25.59%", "2017-06-30": "27.57%", "2017-03-31": "26.72%", "2016-12-31": "26.24%", "2016-09-30": "26.29%", "2016-06-30": "26.22%", "2016-03-31": "26.14%", "2015-12-31": "26.06%", "2015-09-30": "26.01%", "2015-06-30": "25.78%", "2015-03-31": "25.56%", "2014-12-31": "26.18%", "2014-09-30": "26.23%", "2014-06-30": "26.52%", "2014-03-31": "26.44%", "2013-12-31": "26.52%", "2013-09-30": "24.29%", "2013-06-30": "24.00%", "2013-03-31": "23.48%", "2012-12-31": "23.15%", "2012-09-30": "25.78%", "2012-06-30": "25.72%", "2012-03-31": "25.34%", "2011-12-31": "24.78%", "2011-09-30": "23.60%", "2011-06-30": "23.17%", "2011-03-31": "23.02%", "2010-12-31": "23.12%", "2010-09-30": "22.25%", "2010-06-30": "22.31%", "2010-03-31": "22.49%", "2009-12-31": "22.26%", "2009-09-30": "23.43%", "2009-06-30": "23.03%", "2009-03-31": "23.55%", "2008-12-31": "24.20%", "2008-09-30": "24.29%", "2008-06-30": "25.29%", "2008-03-31": "25.49%", "2007-12-31": "26.36%", "2007-09-30": "27.31%", "2007-06-30": "28.45%", "2007-03-31": "28.14%", "2006-12-31": "28.18%", "2006-09-30": "28.46%", "2006-06-30": "27.90%", "2006-03-31": "29.12%", "2005-12-31": "29.26%"}, "ebitda margin": {"2020-09-30": "23.98%", "2020-06-30": "22.51%", "2020-03-31": "21.30%", "2019-12-31": "0.06%", "2019-09-30": "-0.20%", "2019-06-30": "-2.12%", "2019-03-31": "0.06%", "2018-12-31": "22.39%", "2018-09-30": "26.47%", "2018-06-30": "28.98%", "2018-03-31": "31.07%", "2017-12-31": "33.40%", "2017-09-30": "34.29%", "2017-06-30": "36.28%", "2017-03-31": "35.47%", "2016-12-31": "34.80%", "2016-09-30": "34.46%", "2016-06-30": "34.05%", "2016-03-31": "33.70%", "2015-12-31": "33.61%", "2015-09-30": "33.71%", "2015-06-30": "33.68%", "2015-03-31": "33.71%", "2014-12-31": "34.55%", "2014-09-30": "34.56%", "2014-06-30": "35.04%", "2014-03-31": "34.75%", "2013-12-31": "34.77%", "2013-09-30": "32.48%", "2013-06-30": "31.84%", "2013-03-31": "31.44%", "2012-12-31": "31.07%", "2012-09-30": "34.06%", "2012-06-30": "34.12%", "2012-03-31": "33.80%", "2011-12-31": "33.44%", "2011-09-30": "32.14%", "2011-06-30": "31.89%", "2011-03-31": "31.96%", "2010-12-31": "32.20%", "2010-09-30": "31.68%", "2010-06-30": "31.88%", "2010-03-31": "32.07%", "2009-12-31": "31.53%", "2009-09-30": "32.96%", "2009-06-30": "32.34%", "2009-03-31": "32.42%", "2008-12-31": "32.80%", "2008-09-30": "32.17%", "2008-06-30": "32.98%", "2008-03-31": "32.90%", "2007-12-31": "33.24%", "2007-09-30": "33.62%", "2007-06-30": "33.98%", "2007-03-31": "33.40%", "2006-12-31": "33.55%", "2006-09-30": "33.99%", "2006-06-30": "33.58%", "2006-03-31": "34.83%", "2005-12-31": "35.02%"}, "pre tax profit margin": {"2020-09-30": "15.27%", "2020-06-30": "10.61%", "2020-03-31": "9.97%", "2019-12-31": "-12.34%", "2019-09-30": "-12.57%", "2019-06-30": "-14.43%", "2019-03-31": "-12.09%", "2018-12-31": "10.43%", "2018-09-30": "14.73%", "2018-06-30": "17.56%", "2018-03-31": "19.85%", "2017-12-31": "22.22%", "2017-09-30": "22.80%", "2017-06-30": "24.65%", "2017-03-31": "23.71%", "2016-12-31": "23.16%", "2016-09-30": "23.70%", "2016-06-30": "24.23%", "2016-03-31": "23.84%", "2015-12-31": "23.92%", "2015-09-30": "23.65%", "2015-06-30": "22.86%", "2015-03-31": "23.16%", "2014-12-31": "23.59%", "2014-09-30": "22.85%", "2014-06-30": "22.95%", "2014-03-31": "22.91%", "2013-12-31": "23.00%", "2013-09-30": "21.55%", "2013-06-30": "21.42%", "2013-03-31": "20.95%", "2012-12-31": "20.84%", "2012-09-30": "23.41%", "2012-06-30": "23.26%", "2012-03-31": "22.17%", "2011-12-31": "21.50%", "2011-09-30": "20.29%", "2011-06-30": "19.83%", "2011-03-31": "20.21%", "2010-12-31": "20.22%", "2010-09-30": "19.24%", "2010-06-30": "19.15%", "2010-03-31": "19.39%", "2009-12-31": "19.29%", "2009-09-30": "20.30%", "2009-06-30": "19.94%", "2009-03-31": "20.25%", "2008-12-31": "20.62%", "2008-09-30": "20.91%", "2008-06-30": "21.67%", "2008-03-31": "22.09%", "2007-12-31": "23.32%", "2007-09-30": "24.50%", "2007-06-30": "26.14%", "2007-03-31": "26.81%", "2006-12-31": "26.89%", "2006-09-30": "27.08%", "2006-06-30": "26.84%", "2006-03-31": "27.02%", "2005-12-31": "27.12%"}, "net profit margin": {"2020-09-30": "11.29%", "2020-06-30": "8.03%", "2020-03-31": "7.46%", "2019-12-31": "-11.37%", "2019-09-30": "-11.11%", "2019-06-30": "-12.52%", "2019-03-31": "-10.23%", "2018-12-31": "8.79%", "2018-09-30": "13.06%", "2018-06-30": "14.75%", "2018-03-31": "15.43%", "2017-12-31": "17.43%", "2017-09-30": "16.15%", "2017-06-30": "17.43%", "2017-03-31": "16.63%", "2016-12-31": "15.55%", "2016-09-30": "15.89%", "2016-06-30": "16.12%", "2016-03-31": "16.17%", "2015-12-31": "16.11%", "2015-09-30": "15.83%", "2015-06-30": "15.19%", "2015-03-31": "14.86%", "2014-12-31": "15.10%", "2014-09-30": "14.52%", "2014-06-30": "14.39%", "2014-03-31": "14.47%", "2013-12-31": "15.32%", "2013-09-30": "14.25%", "2013-06-30": "14.31%", "2013-03-31": "14.10%", "2012-12-31": "13.12%", "2012-09-30": "15.14%", "2012-06-30": "14.81%", "2012-03-31": "12.88%", "2011-12-31": "12.31%", "2011-09-30": "11.44%", "2011-06-30": "12.06%", "2011-03-31": "14.13%", "2010-12-31": "14.35%", "2010-09-30": "14.78%", "2010-06-30": "14.22%", "2010-03-31": "13.84%", "2009-12-31": "13.64%", "2009-09-30": "14.64%", "2009-06-30": "14.84%", "2009-03-31": "14.85%", "2008-12-31": "15.05%", "2008-09-30": "13.89%", "2008-06-30": "13.62%", "2008-03-31": "13.90%", "2007-12-31": "14.80%", "2007-09-30": "15.49%", "2007-06-30": "17.08%", "2007-03-31": "17.81%", "2006-12-31": "17.78%", "2006-09-30": "18.12%", "2006-06-30": "17.29%", "2006-03-31": "17.11%", "2005-12-31": "17.20%"}, "pe ratio": {"current": "28.63", "2021-02-11": "49.29", "2020-09-30": "43.61", "2020-06-30": "70.40", "2020-03-31": "53.90", "2019-12-31": "0.00", "2019-09-30": "0.00", "2019-06-30": "0.00", "2019-03-31": "0.00", "2018-12-31": "36.88", "2018-09-30": "34.57", "2018-06-30": "29.29", "2018-03-31": "26.40", "2017-12-31": "23.56", "2017-09-30": "23.06", "2017-06-30": "27.92", "2017-03-31": "29.45", "2016-12-31": "27.98", "2016-09-30": "32.40", "2016-06-30": "31.72", "2016-03-31": "29.38", "2015-12-31": "29.50", "2015-09-30": "26.65", "2015-06-30": "28.46", "2015-03-31": "28.71", "2014-12-31": "25.39", "2014-09-30": "24.90", "2014-06-30": "24.44", "2014-03-31": "23.01", "2013-12-31": "22.07", "2013-09-30": "20.72", "2013-06-30": "20.88", "2013-03-31": "21.24", "2012-12-31": "22.03", "2012-09-30": "17.12", "2012-06-30": "17.72", "2012-03-31": "19.60", "2011-12-31": "18.17", "2011-09-30": "15.23", "2011-06-30": "16.47", "2011-03-31": "15.94", "2010-12-31": "14.68", "2010-09-30": "12.99", "2010-06-30": "12.51", "2010-03-31": "16.71", "2009-12-31": "14.48", "2009-09-30": "13.42", "2009-06-30": "11.45", "2009-03-31": "10.34", "2008-12-31": "10.83", "2008-09-30": "14.10", "2008-06-30": "14.29", "2008-03-31": "14.86", "2007-12-31": "15.35", "2007-09-30": "15.99", "2007-06-30": "17.50", "2007-03-31": "14.21", "2006-12-31": "16.26"}, "price sales": {"2021-02-11": "5.54", "2020-09-30": "4.90", "2020-06-30": "5.63", "2020-03-31": "4.00", "2019-12-31": "4.82", "2019-09-30": "4.92", "2019-06-30": "4.77", "2019-03-31": "4.17", "2018-12-31": "3.24", "2018-09-30": "4.52", "2018-06-30": "4.32", "2018-03-31": "4.08", "2017-12-31": "4.12", "2017-09-30": "3.73", "2017-06-30": "4.86", "2017-03-31": "4.88", "2016-12-31": "4.34", "2016-09-30": "5.15", "2016-06-30": "5.12", "2016-03-31": "4.77", "2015-12-31": "4.77", "2015-09-30": "4.24", "2015-06-30": "4.34", "2015-03-31": "4.28", "2014-12-31": "3.84", "2014-09-30": "3.60", "2014-06-30": "3.55", "2014-03-31": "3.35", "2013-12-31": "3.41", "2013-09-30": "2.98", "2013-06-30": "2.99", "2013-03-31": "3.00", "2012-12-31": "2.89", "2012-09-30": "2.60", "2012-06-30": "2.62", "2012-03-31": "2.52", "2011-12-31": "2.25", "2011-09-30": "1.75", "2011-06-30": "1.99", "2011-03-31": "2.27", "2010-12-31": "2.11", "2010-09-30": "1.92", "2010-06-30": "1.78", "2010-03-31": "2.31", "2009-12-31": "1.98", "2009-09-30": "1.98", "2009-06-30": "1.72", "2009-03-31": "1.55", "2008-12-31": "1.64", "2008-09-30": "1.97", "2008-06-30": "1.95", "2008-03-31": "2.07", "2007-12-31": "2.28", "2007-09-30": "2.50", "2007-06-30": "3.01", "2007-03-31": "2.53", "2006-12-31": "2.90"}, "price book": {"current": "7.51", "2021-02-11": "7.25", "2020-09-30": "6.42", "2020-06-30": "7.60", "2020-03-31": "5.92", "2019-12-31": "6.41", "2019-09-30": "6.57", "2019-06-30": "6.22", "2019-03-31": "5.38", "2018-12-31": "3.48", "2018-09-30": "4.73", "2018-06-30": "4.46", "2018-03-31": "4.11", "2017-12-31": "4.22", "2017-09-30": "3.86", "2017-06-30": "5.15", "2017-03-31": "5.32", "2016-12-31": "4.97", "2016-09-30": "5.49", "2016-06-30": "5.62", "2016-03-31": "5.08", "2015-12-31": "5.30", "2015-09-30": "4.77", "2015-06-30": "4.88", "2015-03-31": "4.73", "2014-12-31": "4.03", "2014-09-30": "3.53", "2014-06-30": "3.35", "2014-03-31": "3.20", "2013-12-31": "3.31", "2013-09-30": "3.03", "2013-06-30": "3.07", "2013-03-31": "3.08", "2012-12-31": "3.01", "2012-09-30": "2.66", "2012-06-30": "2.73", "2012-03-31": "2.60", "2011-12-31": "2.38", "2011-09-30": "1.84", "2011-06-30": "2.07", "2011-03-31": "2.36", "2010-12-31": "2.21", "2010-09-30": "1.93", "2010-06-30": "1.81", "2010-03-31": "2.35", "2009-12-31": "2.08", "2009-09-30": "2.03", "2009-06-30": "1.91", "2009-03-31": "1.93", "2008-12-31": "2.17", "2008-09-30": "2.60", "2008-06-30": "2.49", "2008-03-31": "2.64", "2007-12-31": "2.87", "2007-09-30": "3.11", "2007-06-30": "3.12", "2007-03-31": "4.18", "2006-12-31": "5.13", "2006-09-30": "4.26", "2006-06-30": "4.15", "2006-03-31": "4.72"}, "price fcf": {"2021-02-11": "", "2020-09-30": "$3.88", "2020-06-30": "$-0.30", "2020-03-31": "$-0.48", "2019-12-31": "$-0.70", "2019-09-30": "$-1.40", "2019-06-30": "$1.31", "2019-03-31": "$1.72", "2018-12-31": "$2.93", "2018-09-30": "$3.71", "2018-06-30": "$4.98", "2018-03-31": "$5.01", "2017-12-31": "$4.99", "2017-09-30": "$5.74", "2017-06-30": "$5.53", "2017-03-31": "$5.31", "2016-12-31": "$5.36", "2016-09-30": "$4.88", "2016-06-30": "$4.99", "2016-03-31": "$5.05", "2015-12-31": "$5.15", "2015-09-30": "$5.13", "2015-06-30": "$4.73", "2015-03-31": "$4.53", "2014-12-31": "$4.29", "2014-09-30": "$4.21", "2014-06-30": "$4.08", "2014-03-31": "$3.97", "2013-12-31": "$3.93", "2013-09-30": "$3.61", "2013-06-30": "$3.53", "2013-03-31": "$3.67", "2012-12-31": "$3.51", "2012-09-30": "$3.52", "2012-06-30": "$3.20", "2012-03-31": "$2.95", "2011-12-31": "$2.70", "2011-09-30": "$2.63", "2011-06-30": "$2.26", "2011-03-31": "$2.07", "2010-12-31": "$2.00", "2010-09-30": "$2.01", "2010-06-30": "$2.41", "2010-03-31": "$2.39", "2009-12-31": "$2.72", "2009-09-30": "$2.45", "2009-06-30": "$2.46", "2009-03-31": "$2.47", "2008-12-31": "$2.59", "2008-09-30": "$2.99", "2008-06-30": "$2.60", "2008-03-31": "$2.44", "2007-12-31": "$2.48", "2007-09-30": "$2.09", "2007-06-30": "$2.37", "2007-03-31": "$2.46", "2006-12-31": "$2.47"}, "net worth": {"value": "$22.29B"}, "current ratio": {"current": "0.97", "2020-09-30": "0.97", "2020-06-30": "1.27", "2020-03-31": "1.01", "2019-12-31": "0.89", "2019-09-30": "0.57", "2019-06-30": "0.54", "2019-03-31": "0.57", "2018-12-31": "1.09", "2018-09-30": "1.19", "2018-06-30": "1.40", "2018-03-31": "0.60", "2017-12-31": "0.60", "2017-09-30": "0.67", "2017-06-30": "0.75", "2017-03-31": "0.59", "2016-12-31": "0.53", "2016-09-30": "0.51", "2016-06-30": "0.65", "2016-03-31": "0.36", "2015-12-31": "0.93", "2015-09-30": "0.84", "2015-06-30": "0.75", "2015-03-31": "0.74", "2014-12-31": "0.72", "2014-09-30": "0.72", "2014-06-30": "0.73", "2014-03-31": "0.66", "2013-12-31": "0.98", "2013-09-30": "1.58", "2013-06-30": "1.36", "2013-03-31": "1.08", "2012-12-31": "0.83", "2012-09-30": "1.86", "2012-06-30": "1.76", "2012-03-31": "1.74", "2011-12-31": "1.25", "2011-09-30": "1.25", "2011-06-30": "1.46", "2011-03-31": "1.41", "2010-12-31": "1.36", "2010-09-30": "1.43", "2010-06-30": "1.28", "2010-03-31": "1.04", "2009-12-31": "0.85", "2009-09-30": "0.67", "2009-06-30": "0.60", "2009-03-31": "0.63", "2008-12-31": "1.11", "2008-09-30": "1.09", "2008-06-30": "1.00", "2008-03-31": "1.35", "2007-12-31": "0.78", "2007-09-30": "0.94", "2007-06-30": "0.87", "2007-03-31": "0.66", "2006-12-31": "0.59", "2006-09-30": "1.07", "2006-06-30": "1.03", "2006-03-31": "1.02", "2005-12-31": "0.95", "2005-09-30": "1.03", "2005-06-30": "0.68", "2005-03-31": "0.64"}, "quick ratio": {"2020-09-30": "0.00", "2020-06-30": "0.00", "2020-03-31": "0.00", "2019-12-31": "0.00", "2019-09-30": "0.00", "2019-06-30": "0.00", "2019-03-31": "0.00", "2018-12-31": "0.00", "2018-09-30": "0.00", "2018-06-30": "0.00", "2018-03-31": "0.00", "2017-12-31": "0.00", "2017-09-30": "0.00", "2017-06-30": "0.00", "2017-03-31": "0.00", "2016-12-31": "0.00", "2016-09-30": "0.00", "2016-06-30": "0.00", "2016-03-31": "0.00", "2015-12-31": "0.00", "2015-09-30": "0.00", "2015-06-30": "0.00", "2015-03-31": "0.00", "2014-12-31": "0.00", "2014-09-30": "0.00", "2014-06-30": "0.00", "2014-03-31": "0.00", "2013-12-31": "0.00", "2013-09-30": "0.00", "2013-06-30": "0.00", "2013-03-31": "0.00", "2012-12-31": "0.00", "2012-09-30": "0.00", "2012-06-30": "0.00", "2012-03-31": "0.00", "2011-12-31": "0.00", "2011-09-30": "0.00", "2011-06-30": "0.00", "2011-03-31": "0.00", "2010-12-31": "0.00", "2010-09-30": "0.00", "2010-06-30": "0.00", "2010-03-31": "0.00", "2009-12-31": "0.00", "2009-09-30": "0.00", "2009-06-30": "0.00", "2009-03-31": "0.00", "2008-12-31": "0.00", "2008-09-30": "0.00", "2008-06-30": "0.00", "2008-03-31": "0.00", "2007-12-31": "0.00", "2007-09-30": "0.00", "2007-06-30": "0.00", "2007-03-31": "0.00", "2006-12-31": "0.00", "2006-09-30": "0.00", "2006-06-30": "0.00", "2006-03-31": "0.00", "2005-12-31": "0.00", "2005-09-30": "0.00", "2005-06-30": "0.00", "2005-03-31": "0.00"}, "debt equity ratio": {"current": "1.10", "2020-09-30": "2.12", "2020-06-30": "2.23", "2020-03-31": "2.14", "2019-12-31": "2.02", "2019-09-30": "1.90", "2019-06-30": "1.89", "2019-03-31": "1.81", "2018-12-31": "1.27", "2018-09-30": "1.20", "2018-06-30": "1.17", "2018-03-31": "1.16", "2017-12-31": "1.23", "2017-09-30": "1.25", "2017-06-30": "1.29", "2017-03-31": "1.30", "2016-12-31": "1.45", "2016-09-30": "1.44", "2016-06-30": "1.57", "2016-03-31": "1.66", "2015-12-31": "0.92", "2015-09-30": "1.00", "2015-06-30": "1.08", "2015-03-31": "1.10", "2014-12-31": "1.09", "2014-09-30": "0.99", "2014-06-30": "0.95", "2014-03-31": "0.98", "2013-12-31": "0.94", "2013-09-30": "1.00", "2013-06-30": "1.06", "2013-03-31": "1.15", "2012-12-31": "1.31", "2012-09-30": "0.92", "2012-06-30": "0.93", "2012-03-31": "0.93", "2011-12-31": "1.04", "2011-09-30": "0.97", "2011-06-30": "0.94", "2011-03-31": "0.96", "2010-12-31": "1.01", "2010-09-30": "0.97", "2010-06-30": "1.04", "2010-03-31": "1.11", "2009-12-31": "1.20", "2009-09-30": "1.13", "2009-06-30": "1.23", "2009-03-31": "1.39", "2008-12-31": "1.46", "2008-09-30": "1.40", "2008-06-30": "1.39", "2008-03-31": "1.46", "2007-12-31": "1.52", "2007-09-30": "1.53", "2007-06-30": "1.09", "2007-03-31": "0.98", "2006-12-31": "1.14", "2006-09-30": "1.06", "2006-06-30": "1.11", "2006-03-31": "1.19", "2005-12-31": "1.23", "2005-09-30": "1.46", "2005-06-30": "1.69", "2005-03-31": "1.95"}, "return on equity": {"2020-09-30": "16.44%", "2020-06-30": "11.56%", "2020-03-31": "10.59%", "2019-12-31": "-15.37%", "2019-09-30": "-14.00%", "2019-06-30": "-14.66%", "2019-03-31": "-11.29%", "2018-12-31": "9.22%", "2018-09-30": "13.62%", "2018-06-30": "15.48%", "2018-03-31": "16.35%", "2017-12-31": "18.85%", "2017-09-30": "18.02%", "2017-06-30": "19.89%", "2017-03-31": "19.56%", "2016-12-31": "18.41%", "2016-09-30": "18.65%", "2016-06-30": "19.03%", "2016-03-31": "18.94%", "2015-12-31": "19.03%", "2015-09-30": "18.65%", "2015-06-30": "17.33%", "2015-03-31": "16.11%", "2014-12-31": "15.59%", "2014-09-30": "14.54%", "2014-06-30": "14.43%", "2014-03-31": "14.85%", "2013-12-31": "16.23%", "2013-09-30": "15.49%", "2013-06-30": "15.79%", "2013-03-31": "15.61%", "2012-12-31": "14.52%", "2012-09-30": "16.53%", "2012-06-30": "16.15%", "2012-03-31": "13.91%", "2011-12-31": "13.17%", "2011-09-30": "12.51%", "2011-06-30": "13.18%", "2011-03-31": "15.51%", "2010-12-31": "15.76%", "2010-09-30": "15.86%", "2010-06-30": "15.21%", "2010-03-31": "14.98%", "2009-12-31": "15.49%", "2009-09-30": "16.55%", "2009-06-30": "17.78%", "2009-03-31": "18.58%", "2008-12-31": "19.20%", "2008-09-30": "19.09%", "2008-06-30": "19.01%", "2008-03-31": "18.16%", "2007-12-31": "20.10%", "2007-09-30": "22.17%", "2007-06-30": "25.48%", "2007-03-31": "31.42%", "2006-12-31": "31.37%", "2006-09-30": "31.54%", "2006-06-30": "31.70%", "2006-03-31": "33.63%", "2005-12-31": "36.66%"}, "return on assets": {"2020-09-30": "5.26%", "2020-06-30": "3.76%", "2020-03-31": "3.55%", "2019-12-31": "-5.29%", "2019-09-30": "-5.20%", "2019-06-30": "-5.84%", "2019-03-31": "-4.83%", "2018-12-31": "4.20%", "2018-09-30": "6.22%", "2018-06-30": "7.03%", "2018-03-31": "7.33%", "2017-12-31": "8.31%", "2017-09-30": "7.78%", "2017-06-30": "8.40%", "2017-03-31": "8.03%", "2016-12-31": "7.29%", "2016-09-30": "7.75%", "2016-06-30": "8.26%", "2016-03-31": "8.70%", "2015-12-31": "9.42%", "2015-09-30": "9.03%", "2015-06-30": "8.41%", "2015-03-31": "7.94%", "2014-12-31": "7.79%", "2014-09-30": "7.40%", "2014-06-30": "7.33%", "2014-03-31": "7.44%", "2013-12-31": "7.98%", "2013-09-30": "7.29%", "2013-06-30": "7.49%", "2013-03-31": "7.51%", "2012-12-31": "7.17%", "2012-09-30": "8.47%", "2012-06-30": "8.22%", "2012-03-31": "7.07%", "2011-12-31": "6.66%", "2011-09-30": "6.36%", "2011-06-30": "6.70%", "2011-03-31": "7.77%", "2010-12-31": "7.75%", "2010-09-30": "7.63%", "2010-06-30": "7.18%", "2010-03-31": "6.92%", "2009-12-31": "6.95%", "2009-09-30": "7.22%", "2009-06-30": "7.51%", "2009-03-31": "7.71%", "2008-12-31": "7.91%", "2008-09-30": "7.82%", "2008-06-30": "7.69%", "2008-03-31": "7.62%", "2007-12-31": "8.77%", "2007-09-30": "10.08%", "2007-06-30": "12.31%", "2007-03-31": "15.19%", "2006-12-31": "14.77%", "2006-09-30": "14.69%", "2006-06-30": "14.18%", "2006-03-31": "14.21%", "2005-12-31": "14.40%"}, "return on investments": {"2020-09-30": "8.94%", "2020-06-30": "7.89%", "2020-03-31": "7.37%", "2019-12-31": "-6.07%", "2019-09-30": "-6.15%", "2019-06-30": "-7.05%", "2019-03-31": "-5.50%", "2018-12-31": "7.91%", "2018-09-30": "10.88%", "2018-06-30": "12.94%", "2018-03-31": "14.86%", "2017-12-31": "16.40%", "2017-09-30": "16.92%", "2017-06-30": "18.30%", "2017-03-31": "17.53%", "2016-12-31": "17.16%", "2016-09-30": "17.66%", "2016-06-30": "18.36%", "2016-03-31": "19.52%", "2015-12-31": "20.43%", "2015-09-30": "20.24%", "2015-06-30": "19.49%", "2015-03-31": "18.52%", "2014-12-31": "18.20%", "2014-09-30": "17.75%", "2014-06-30": "17.50%", "2014-03-31": "17.30%", "2013-12-31": "17.28%", "2013-09-30": "15.61%", "2013-06-30": "15.96%", "2013-03-31": "16.02%", "2012-12-31": "16.25%", "2012-09-30": "18.43%", "2012-06-30": "18.24%", "2012-03-31": "17.75%", "2011-12-31": "17.13%", "2011-09-30": "16.66%", "2011-06-30": "16.27%", "2011-03-31": "16.10%", "2010-12-31": "16.05%", "2010-09-30": "15.01%", "2010-06-30": "15.22%", "2010-03-31": "15.65%", "2009-12-31": "16.13%", "2009-09-30": "16.25%", "2009-06-30": "15.90%", "2009-03-31": "16.27%", "2008-12-31": "16.41%", "2008-09-30": "17.89%", "2008-06-30": "18.83%", "2008-03-31": "18.87%", "2007-12-31": "22.18%", "2007-09-30": "26.40%", "2007-06-30": "31.57%", "2007-03-31": "37.38%", "2006-12-31": "34.88%", "2006-09-30": "32.78%", "2006-06-30": "32.44%", "2006-03-31": "35.40%", "2005-12-31": "37.63%"}, "return on tangible equity": {"2020-09-30": "-16.31%", "2020-06-30": "-10.72%", "2020-03-31": "-9.51%", "2019-12-31": "14.16%", "2019-09-30": "14.39%", "2019-06-30": "17.09%", "2019-03-31": "15.15%", "2018-12-31": "-13.92%", "2018-09-30": "-20.41%", "2018-06-30": "-22.46%", "2018-03-31": "-22.73%", "2017-12-31": "-24.59%", "2017-09-30": "-21.66%", "2017-06-30": "-22.25%", "2017-03-31": "-19.89%", "2016-12-31": "-17.16%", "2016-09-30": "-19.37%", "2016-06-30": "-22.17%", "2016-03-31": "-25.86%", "2015-12-31": "-32.94%", "2015-09-30": "-30.25%", "2015-06-30": "-28.05%", "2015-03-31": "-27.02%", "2014-12-31": "-26.83%", "2014-09-30": "-26.75%", "2014-06-30": "-26.65%", "2014-03-31": "-26.65%", "2013-12-31": "-27.92%", "2013-09-30": "-23.38%", "2013-06-30": "-25.49%", "2013-03-31": "-27.41%", "2012-12-31": "-29.00%", "2012-09-30": "-39.16%", "2012-06-30": "-35.88%", "2012-03-31": "-30.44%", "2011-12-31": "-27.83%", "2011-09-30": "-26.31%", "2011-06-30": "-27.55%", "2011-03-31": "-30.83%", "2010-12-31": "-29.67%", "2010-09-30": "-27.79%", "2010-06-30": "-25.06%", "2010-03-31": "-22.94%", "2009-12-31": "-21.85%", "2009-09-30": "-21.70%", "2009-06-30": "-21.79%", "2009-03-31": "-22.09%", "2008-12-31": "-22.64%", "2008-09-30": "-22.43%", "2008-06-30": "-21.59%", "2008-03-31": "-22.61%", "2007-12-31": "-28.84%", "2007-09-30": "-38.14%", "2007-06-30": "-63.50%", "2007-03-31": "-104.07%", "2006-12-31": "-98.30%", "2006-09-30": "-99.37%", "2006-06-30": "-76.97%", "2006-03-31": "-63.60%", "2005-12-31": "-54.27%"}, "dividend yield history": {"last payout": "$1.56", "last yield": "0.85%"}}