{"ticker": "EIX", "price": {"title": "Edison Historical Annual Stock Price Data", "value": 58.34, "historical": {"2021": {"Average Stock Price": "59.9089", "Year Open": "60.4900", "Year High": "63.2000", "Year Low": "57.0000", "Year Close": "58.3400", "Annual % Change": "-7.13%"}, "2020": {"Average Stock Price": "60.0110", "Year Open": "74.3800", "Year High": "78.2000", "Year Low": "44.4700", "Year Close": "62.8200", "Annual % Change": "-16.70%"}, "2019": {"Average Stock Price": "66.2087", "Year Open": "56.7500", "Year High": "76.3600", "Year Low": "53.5100", "Year Close": "75.4100", "Annual % Change": "32.83%"}, "2018": {"Average Stock Price": "63.2736", "Year Open": "63.2500", "Year High": "70.5400", "Year Low": "47.1900", "Year Close": "56.7700", "Annual % Change": "-10.23%"}, "2017": {"Average Stock Price": "77.8479", "Year Open": "71.7500", "Year High": "82.6400", "Year Low": "63.2400", "Year Close": "63.2400", "Annual % Change": "-12.15%"}, "2016": {"Average Stock Price": "70.6291", "Year Open": "58.9500", "Year High": "78.5500", "Year Low": "58.2800", "Year Close": "71.9900", "Annual % Change": "21.58%"}, "2015": {"Average Stock Price": "61.4102", "Year Open": "65.5100", "Year High": "69.0500", "Year Low": "55.5800", "Year Close": "59.2100", "Annual % Change": "-9.58%"}, "2014": {"Average Stock Price": "56.3400", "Year Open": "45.4300", "Year High": "68.2700", "Year Low": "45.0700", "Year Close": "65.4800", "Annual % Change": "41.43%"}, "2013": {"Average Stock Price": "47.9871", "Year Open": "46.0100", "Year High": "53.9800", "Year Low": "44.3600", "Year Close": "46.3000", "Annual % Change": "2.46%"}, "2012": {"Average Stock Price": "44.1482", "Year Open": "41.3600", "Year High": "47.9600", "Year Low": "39.9800", "Year Close": "45.1900", "Annual % Change": "9.15%"}, "2011": {"Average Stock Price": "38.0948", "Year Open": "38.6800", "Year High": "41.5200", "Year Low": "33.2900", "Year Close": "41.4000", "Annual % Change": "7.25%"}, "2010": {"Average Stock Price": "34.5419", "Year Open": "34.7700", "Year High": "39.1900", "Year Low": "31.1300", "Year Close": "38.6000", "Annual % Change": "10.98%"}, "2009": {"Average Stock Price": "31.5171", "Year Open": "33.0300", "Year High": "36.3900", "Year Low": "23.7300", "Year Close": "34.7800", "Annual % Change": "8.28%"}, "2008": {"Average Stock Price": "45.4858", "Year Open": "53.0800", "Year High": "54.9900", "Year Low": "29.5800", "Year Close": "32.1200", "Annual % Change": "-39.82%"}, "2007": {"Average Stock Price": "53.1580", "Year Open": "45.4600", "Year High": "59.7600", "Year Low": "42.9400", "Year Close": "53.3700", "Annual % Change": "17.35%"}, "2006": {"Average Stock Price": "42.5285", "Year Open": "44.7700", "Year High": "46.9500", "Year Low": "38.3200", "Year Close": "45.4800", "Annual % Change": "4.29%"}, "2005": {"Average Stock Price": "39.2521", "Year Open": "31.7600", "Year High": "48.9200", "Year Low": "30.7100", "Year Close": "43.6100", "Annual % Change": "36.15%"}, "2004": {"Average Stock Price": "25.9102", "Year Open": "21.9300", "Year High": "32.4300", "Year Low": "21.5300", "Year Close": "32.0300", "Annual % Change": "46.06%"}, "2003": {"Average Stock Price": "16.5167", "Year Open": "12.7100", "Year High": "21.9800", "Year Low": "11.0600", "Year Close": "21.9300", "Annual % Change": "85.06%"}, "2002": {"Average Stock Price": "14.2095", "Year Open": "15.4500", "Year High": "19.5000", "Year Low": "7.8500", "Year Close": "11.8500", "Annual % Change": "-21.52%"}, "2001": {"Average Stock Price": "13.0652", "Year Open": "15.0000", "Year High": "15.9400", "Year Low": "8.2500", "Year Close": "15.1000", "Annual % Change": "-3.39%"}, "2000": {"Average Stock Price": "21.4367", "Year Open": "25.0600", "Year High": "29.5000", "Year Low": "14.9400", "Year Close": "15.6300", "Annual % Change": "-40.32%"}, "1999": {"Average Stock Price": "26.1777", "Year Open": "27.8100", "Year High": "29.6300", "Year Low": "22.0600", "Year Close": "26.1900", "Annual % Change": "-6.06%"}, "1998": {"Average Stock Price": "28.0583", "Year Open": "27.1900", "Year High": "30.9400", "Year Low": "25.1900", "Year Close": "27.8800", "Annual % Change": "2.54%"}, "1997": {"Average Stock Price": "23.9107", "Year Open": "19.5000", "Year High": "27.6300", "Year Low": "19.5000", "Year Close": "27.1900", "Annual % Change": "36.77%"}, "1996": {"Average Stock Price": "17.5671", "Year Open": "17.8800", "Year High": "20.3750", "Year Low": "15.1200", "Year Close": "19.8800", "Annual % Change": "12.76%"}, "1995": {"Average Stock Price": "16.5976", "Year Open": "14.7500", "Year High": "17.8800", "Year Low": "14.7500", "Year Close": "17.6300", "Annual % Change": "20.51%"}, "1994": {"Average Stock Price": "15.0864", "Year Open": "20.3800", "Year High": "20.3800", "Year Low": "12.5000", "Year Close": "14.6300", "Annual % Change": "-26.85%"}, "1993": {"Average Stock Price": "23.2120", "Year Open": "22.0000", "Year High": "25.5000", "Year Low": "19.8800", "Year Close": "20.0000", "Annual % Change": "-9.09%"}, "1992": {"Average Stock Price": "21.9915", "Year Open": "23.4400", "Year High": "23.8100", "Year Low": "20.2500", "Year Close": "22.0000", "Annual % Change": "-5.88%"}, "1991": {"Average Stock Price": "20.5785", "Year Open": "18.6900", "Year High": "23.5600", "Year Low": "18.1900", "Year Close": "23.3750", "Annual % Change": "23.42%"}, "1990": {"Average Stock Price": "18.8724", "Year Open": "20.1250", "Year High": "20.1250", "Year Low": "17.0600", "Year Close": "18.9400", "Annual % Change": "-3.81%"}, "1989": {"Average Stock Price": "17.5253", "Year Open": "16.0000", "Year High": "20.3750", "Year Low": "15.5000", "Year Close": "19.6900", "Annual % Change": "21.62%"}, "1988": {"Average Stock Price": "16.1345", "Year Open": "15.5000", "Year High": "17.1900", "Year Low": "15.0000", "Year Close": "16.1900", "Annual % Change": "6.16%"}, "1987": {"Average Stock Price": "16.0940", "Year Open": "17.3750", "Year High": "18.5000", "Year Low": "14.1900", "Year Close": "15.2500", "Annual % Change": "-9.98%"}, "1986": {"Average Stock Price": "15.9277", "Year Open": "13.1900", "Year High": "19.1900", "Year Low": "12.7500", "Year Close": "16.9400", "Annual % Change": "27.27%"}, "1985": {"Average Stock Price": "12.3579", "Year Open": "11.3750", "Year High": "14.0600", "Year Low": "11.0600", "Year Close": "13.3100", "Annual % Change": "17.01%"}, "1984": {"Average Stock Price": "10.0210", "Year Open": "9.8750", "Year High": "12.0000", "Year Low": "8.7800", "Year Close": "11.3750", "Annual % Change": "14.47%"}, "1983": {"Average Stock Price": "9.4408", "Year Open": "8.6875", "Year High": "10.6550", "Year Low": "8.6550", "Year Close": "9.9375", "Annual % Change": "13.18%"}, "1982": {"Average Stock Price": "8.0510", "Year Open": "7.2200", "Year High": "9.0625", "Year Low": "7.0950", "Year Close": "8.7800", "Annual % Change": "22.16%"}, "1981": {"Average Stock Price": "6.5999", "Year Open": "6.4050", "Year High": "7.5950", "Year Low": "5.7500", "Year Close": "7.1875", "Annual % Change": "12.22%"}}}, "market cap": {"value": "$21.87B"}, "income statement": {"Revenue": {"2019-12-31": "12347.00000", "2018-12-31": "12657.00000", "2017-12-31": "12320.00000", "2016-12-31": "11869.00000", "2015-12-31": "11524.00000", "2014-12-31": "13413.00000", "2013-12-31": "12581.00000", "2012-12-31": "11862.00000", "2011-12-31": "10588.00000", "2010-12-31": "9996.00000", "2009-12-31": "12361.00000", "2008-12-31": "14112.00000", "2007-12-31": "12868.00000", "2006-12-31": "12169.00000", "2005-12-31": "11852.00000"}, "Cost Of Goods Sold": {"2019-12-31": "4839.00000", "2018-12-31": "5406.00000", "2017-12-31": "4873.00000", "2016-12-31": "4527.00000", "2015-12-31": "4266.00000", "2014-12-31": "5593.00000", "2013-12-31": "4891.00000", "2012-12-31": "4139.00000", "2011-12-31": "3356.00000", "2010-12-31": "3293.00000", "2009-12-31": "4268.00000", "2008-12-31": "5992.00000", "2007-12-31": "5110.00000", "2006-12-31": "4856.00000", "2005-12-31": "4432.00000"}, "Gross Profit": {"2019-12-31": "7508.00000", "2018-12-31": "7251.00000", "2017-12-31": "7447.00000", "2016-12-31": "7342.00000", "2015-12-31": "7258.00000", "2014-12-31": "7820.00000", "2013-12-31": "7690.00000", "2012-12-31": "7723.00000", "2011-12-31": "7232.00000", "2010-12-31": "6703.00000", "2009-12-31": "8093.00000", "2008-12-31": "8120.00000", "2007-12-31": "7758.00000", "2006-12-31": "7313.00000", "2005-12-31": "7420.00000"}, "Research And Development Expenses": {"2019-12-31": "", "2018-12-31": "", "2017-12-31": "", "2016-12-31": "", "2015-12-31": "", "2014-12-31": "", "2013-12-31": "", "2012-12-31": "", "2011-12-31": "", "2010-12-31": "", "2009-12-31": "", "2008-12-31": "", "2007-12-31": "", "2006-12-31": "", "2005-12-31": ""}, "SG&A Expenses": {"2019-12-31": "3417.00000", "2018-12-31": "3192.00000", "2017-12-31": "3221.00000", "2016-12-31": "3252.00000", "2015-12-31": "3326.00000", "2014-12-31": "3471.00000", "2013-12-31": "3782.00000", "2012-12-31": "3904.00000", "2011-12-31": "3718.00000", "2010-12-31": "3608.00000", "2009-12-31": "4387.00000", "2008-12-31": "4288.00000", "2007-12-31": "4065.00000", "2006-12-31": "3721.00000", "2005-12-31": "3609.00000"}, "Other Operating Income Or Expenses": {"2019-12-31": "-586.00000", "2018-12-31": "-2740.00000", "2017-12-31": "-729.00000", "2016-12-31": "-21.00000", "2015-12-31": "-5.00000", "2014-12-31": "-157.00000", "2013-12-31": "-571.00000", "2012-12-31": "28.00000", "2011-12-31": "-26.00000", "2010-12-31": "-2.00000", "2009-12-31": "-890.00000", "2008-12-31": "44.00000", "2007-12-31": "-3.00000", "2006-12-31": "2.00000", "2005-12-31": "-437.00000"}, "Operating Expenses": {"2019-12-31": "10572.00000", "2018-12-31": "13209.00000", "2017-12-31": "10864.00000", "2016-12-31": "9807.00000", "2015-12-31": "9516.00000", "2014-12-31": "10941.00000", "2013-12-31": "10866.00000", "2012-12-31": "9577.00000", "2011-12-31": "8527.00000", "2010-12-31": "8177.00000", "2009-12-31": "10963.00000", "2008-12-31": "11549.00000", "2007-12-31": "10359.00000", "2006-12-31": "9680.00000", "2005-12-31": "9539.00000"}, "Operating Income": {"2019-12-31": "1775.00000", "2018-12-31": "-552.00000", "2017-12-31": "1456.00000", "2016-12-31": "2062.00000", "2015-12-31": "2008.00000", "2014-12-31": "2472.00000", "2013-12-31": "1715.00000", "2012-12-31": "2285.00000", "2011-12-31": "2061.00000", "2010-12-31": "1819.00000", "2009-12-31": "1398.00000", "2008-12-31": "2563.00000", "2007-12-31": "2509.00000", "2006-12-31": "2489.00000", "2005-12-31": "2313.00000"}, "Total Non-Operating Income/Expense": {"2019-12-31": "-648.00000", "2018-12-31": "-537.00000", "2017-12-31": "-507.00000", "2016-12-31": "-472.00000", "2015-12-31": "-440.00000", "2014-12-31": "-493.00000", "2013-12-31": "-494.00000", "2012-12-31": "-424.00000", "2011-12-31": "-393.00000", "2010-12-31": "-340.00000", "2009-12-31": "-544.00000", "2008-12-31": "-619.00000", "2007-12-31": "-710.00000", "2006-12-31": "-634.00000", "2005-12-31": "-557.00000"}, "Pre-Tax Income": {"2019-12-31": "1127.00000", "2018-12-31": "-1089.00000", "2017-12-31": "949.00000", "2016-12-31": "1590.00000", "2015-12-31": "1568.00000", "2014-12-31": "1979.00000", "2013-12-31": "1221.00000", "2012-12-31": "1861.00000", "2011-12-31": "1668.00000", "2010-12-31": "1479.00000", "2009-12-31": "854.00000", "2008-12-31": "1944.00000", "2007-12-31": "1799.00000", "2006-12-31": "1855.00000", "2005-12-31": "1756.00000"}, "Income Taxes": {"2019-12-31": "-278.00000", "2018-12-31": "-739.00000", "2017-12-31": "281.00000", "2016-12-31": "177.00000", "2015-12-31": "486.00000", "2014-12-31": "443.00000", "2013-12-31": "242.00000", "2012-12-31": "267.00000", "2011-12-31": "568.00000", "2010-12-31": "335.00000", "2009-12-31": "-98.00000", "2008-12-31": "596.00000", "2007-12-31": "492.00000", "2006-12-31": "582.00000", "2005-12-31": "457.00000"}, "Income After Taxes": {"2019-12-31": "1405.00000", "2018-12-31": "-350.00000", "2017-12-31": "668.00000", "2016-12-31": "1413.00000", "2015-12-31": "1082.00000", "2014-12-31": "1536.00000", "2013-12-31": "979.00000", "2012-12-31": "1594.00000", "2011-12-31": "1100.00000", "2010-12-31": "1144.00000", "2009-12-31": "952.00000", "2008-12-31": "1348.00000", "2007-12-31": "1307.00000", "2006-12-31": "1273.00000", "2005-12-31": "1299.00000"}, "Other Income": {"2019-12-31": "", "2018-12-31": "", "2017-12-31": "", "2016-12-31": "", "2015-12-31": "", "2014-12-31": "", "2013-12-31": "", "2012-12-31": "", "2011-12-31": "", "2010-12-31": "", "2009-12-31": "", "2008-12-31": "", "2007-12-31": "", "2006-12-31": "", "2005-12-31": ""}, "Income From Continuous Operations": {"2019-12-31": "1405.00000", "2018-12-31": "-350.00000", "2017-12-31": "668.00000", "2016-12-31": "1413.00000", "2015-12-31": "1082.00000", "2014-12-31": "1536.00000", "2013-12-31": "979.00000", "2012-12-31": "1594.00000", "2011-12-31": "1100.00000", "2010-12-31": "1144.00000", "2009-12-31": "952.00000", "2008-12-31": "1348.00000", "2007-12-31": "1307.00000", "2006-12-31": "1083.00000", "2005-12-31": "1108.00000"}, "Income From Discontinued Operations": {"2019-12-31": "", "2018-12-31": "34.00000", "2017-12-31": "", "2016-12-31": "12.00000", "2015-12-31": "35.00000", "2014-12-31": "185.00000", "2013-12-31": "36.00000", "2012-12-31": "-1686.00000", "2011-12-31": "-1078.00000", "2010-12-31": "164.00000", "2009-12-31": "-7.00000", "2008-12-31": "", "2007-12-31": "-2.00000", "2006-12-31": "97.00000", "2005-12-31": "30.00000"}, "Net Income": {"2019-12-31": "1284.00000", "2018-12-31": "-423.00000", "2017-12-31": "565.00000", "2016-12-31": "1311.00000", "2015-12-31": "1020.00000", "2014-12-31": "1612.00000", "2013-12-31": "915.00000", "2012-12-31": "-183.00000", "2011-12-31": "-37.00000", "2010-12-31": "1256.00000", "2009-12-31": "849.00000", "2008-12-31": "1215.00000", "2007-12-31": "1098.00000", "2006-12-31": "1181.00000", "2005-12-31": "1137.00000"}, "EBITDA": {"2019-12-31": "3730.00000", "2018-12-31": "1388.00000", "2017-12-31": "3571.00000", "2016-12-31": "4160.00000", "2015-12-31": "4013.00000", "2014-12-31": "4287.00000", "2013-12-31": "3411.00000", "2012-12-31": "3919.00000", "2011-12-31": "3488.00000", "2010-12-31": "3199.00000", "2009-12-31": "2936.00000", "2008-12-31": "3982.00000", "2007-12-31": "3801.00000", "2006-12-31": "3693.00000", "2005-12-31": "3481.00000"}, "EBIT": {"2019-12-31": "1775.00000", "2018-12-31": "-552.00000", "2017-12-31": "1456.00000", "2016-12-31": "2062.00000", "2015-12-31": "2008.00000", "2014-12-31": "2472.00000", "2013-12-31": "1715.00000", "2012-12-31": "2285.00000", "2011-12-31": "2061.00000", "2010-12-31": "1819.00000", "2009-12-31": "1398.00000", "2008-12-31": "2563.00000", "2007-12-31": "2509.00000", "2006-12-31": "2489.00000", "2005-12-31": "2313.00000"}, "Basic Shares Outstanding": {"2019-12-31": "340.00000", "2018-12-31": "326.00000", "2017-12-31": "326.00000", "2016-12-31": "326.00000", "2015-12-31": "326.00000", "2014-12-31": "326.00000", "2013-12-31": "326.00000", "2012-12-31": "326.00000", "2011-12-31": "326.00000", "2010-12-31": "326.00000", "2009-12-31": "326.00000", "2008-12-31": "326.00000", "2007-12-31": "326.00000", "2006-12-31": "326.00000", "2005-12-31": "326.00000"}, "Shares Outstanding": {"2019-12-31": "341.00000", "2018-12-31": "326.00000", "2017-12-31": "328.00000", "2016-12-31": "330.00000", "2015-12-31": "329.00000", "2014-12-31": "329.00000", "2013-12-31": "329.00000", "2012-12-31": "330.00000", "2011-12-31": "329.00000", "2010-12-31": "329.00000", "2009-12-31": "327.00000", "2008-12-31": "329.00000", "2007-12-31": "331.00000", "2006-12-31": "330.00000", "2005-12-31": "332.00000"}, "Basic EPS": {"2019-12-31": "3.78000", "2018-12-31": "-1.30000", "2017-12-31": "1.73000", "2016-12-31": "4.02000", "2015-12-31": "3.13000", "2014-12-31": "4.95000", "2013-12-31": "2.81000", "2012-12-31": "-0.56000", "2011-12-31": "-0.11000", "2010-12-31": "3.84000", "2009-12-31": "2.59000", "2008-12-31": "3.69000", "2007-12-31": "3.33000", "2006-12-31": "3.58000", "2005-12-31": "3.47000"}, "EPS - Earnings Per Share": {"2019-12-31": "3.77000", "2018-12-31": "-1.30000", "2017-12-31": "1.72000", "2016-12-31": "3.97000", "2015-12-31": "3.10000", "2014-12-31": "4.89000", "2013-12-31": "2.78000", "2012-12-31": "-0.56000", "2011-12-31": "-0.11000", "2010-12-31": "3.82000", "2009-12-31": "2.58000", "2008-12-31": "3.68000", "2007-12-31": "3.31000", "2006-12-31": "3.57000", "2005-12-31": "3.45000"}}, "income statement, quarterly": {"Revenue": {"2020-09-30": "4644.00000", "2020-06-30": "2987.00000", "2020-03-31": "2790.00000", "2019-12-31": "2970.00000", "2019-09-30": "3741.00000", "2019-06-30": "2812.00000", "2019-03-31": "2824.00000", "2018-12-31": "3009.00000", "2018-09-30": "4269.00000", "2018-06-30": "2815.00000", "2018-03-31": "2564.00000", "2017-12-31": "3220.00000", "2017-09-30": "3672.00000", "2017-06-30": "2965.00000", "2017-03-31": "2463.00000", "2016-12-31": "2885.00000", "2016-09-30": "3767.00000", "2016-06-30": "2777.00000", "2016-03-31": "2440.00000", "2015-12-31": "2341.00000", "2015-09-30": "3763.00000", "2015-06-30": "2908.00000", "2015-03-31": "2512.00000", "2014-12-31": "3115.00000", "2014-09-30": "4356.00000", "2014-06-30": "3016.00000", "2014-03-31": "2926.00000", "2013-12-31": "2943.00000", "2013-09-30": "3960.00000", "2013-06-30": "3046.00000", "2013-03-31": "2632.00000", "2012-12-31": "3060.00000", "2012-09-30": "3734.00000", "2012-06-30": "2653.00000", "2012-03-31": "2415.00000", "2011-12-31": "1001.00000", "2011-09-30": "3822.00000", "2011-06-30": "2983.00000", "2011-03-31": "2782.00000", "2010-12-31": "657.00000", "2010-09-30": "3788.00000", "2010-06-30": "2741.00000", "2010-03-31": "2810.00000", "2009-12-31": "3051.00000", "2009-09-30": "3664.00000", "2009-06-30": "2834.00000", "2009-03-31": "2812.00000", "2008-12-31": "3228.00000", "2008-09-30": "4294.00000", "2008-06-30": "3477.00000", "2008-03-31": "3113.00000", "2007-12-31": "2967.00000", "2007-09-30": "3942.00000", "2007-06-30": "3047.00000", "2007-03-31": "2912.00000", "2006-12-31": "2615.00000", "2006-09-30": "3802.00000", "2006-06-30": "3001.00000", "2006-03-31": "2751.00000", "2005-12-31": "2974.00000", "2005-09-30": "3783.00000", "2005-06-30": "2649.00000", "2005-03-31": "2446.00000"}, "Cost Of Goods Sold": {"2020-09-30": "1817.00000", "2020-06-30": "1068.00000", "2020-03-31": "928.00000", "2019-12-31": "991.00000", "2019-09-30": "1708.00000", "2019-06-30": "1135.00000", "2019-03-31": "1005.00000", "2018-12-31": "1062.00000", "2018-09-30": "2306.00000", "2018-06-30": "1112.00000", "2018-03-31": "926.00000", "2017-12-31": "1131.00000", "2017-09-30": "1783.00000", "2017-06-30": "1175.00000", "2017-03-31": "784.00000", "2016-12-31": "950.00000", "2016-09-30": "1719.00000", "2016-06-30": "1064.00000", "2016-03-31": "794.00000", "2015-12-31": "617.00000", "2015-09-30": "1785.00000", "2015-06-30": "1078.00000", "2015-03-31": "786.00000", "2014-12-31": "1029.00000", "2014-09-30": "2182.00000", "2014-06-30": "1239.00000", "2014-03-31": "1143.00000", "2013-12-31": "1073.00000", "2013-09-30": "1808.00000", "2013-06-30": "1157.00000", "2013-03-31": "853.00000", "2012-12-31": "869.00000", "2012-09-30": "1695.00000", "2012-06-30": "883.00000", "2012-03-31": "692.00000", "2011-12-31": "149.00000", "2011-09-30": "1536.00000", "2011-06-30": "905.00000", "2011-03-31": "766.00000", "2010-12-31": "78.00000", "2010-09-30": "1446.00000", "2010-06-30": "866.00000", "2010-03-31": "903.00000", "2009-12-31": "992.00000", "2009-09-30": "1438.00000", "2009-06-30": "911.00000", "2009-03-31": "927.00000", "2008-12-31": "1214.00000", "2008-09-30": "1968.00000", "2008-06-30": "1580.00000", "2008-03-31": "1230.00000", "2007-12-31": "1254.00000", "2007-09-30": "1786.00000", "2007-06-30": "1267.00000", "2007-03-31": "803.00000", "2006-12-31": "711.00000", "2006-09-30": "1522.00000", "2006-06-30": "1149.00000", "2006-03-31": "1474.00000", "2005-12-31": "1492.00000", "2005-09-30": "991.00000", "2005-06-30": "1142.00000", "2005-03-31": "807.00000"}, "Gross Profit": {"2020-09-30": "2827.00000", "2020-06-30": "1919.00000", "2020-03-31": "1862.00000", "2019-12-31": "1979.00000", "2019-09-30": "2033.00000", "2019-06-30": "1677.00000", "2019-03-31": "1819.00000", "2018-12-31": "1947.00000", "2018-09-30": "1963.00000", "2018-06-30": "1703.00000", "2018-03-31": "1638.00000", "2017-12-31": "2089.00000", "2017-09-30": "1889.00000", "2017-06-30": "1790.00000", "2017-03-31": "1679.00000", "2016-12-31": "1935.00000", "2016-09-30": "2048.00000", "2016-06-30": "1713.00000", "2016-03-31": "1646.00000", "2015-12-31": "1724.00000", "2015-09-30": "1978.00000", "2015-06-30": "1830.00000", "2015-03-31": "1726.00000", "2014-12-31": "2086.00000", "2014-09-30": "2174.00000", "2014-06-30": "1777.00000", "2014-03-31": "1783.00000", "2013-12-31": "1870.00000", "2013-09-30": "2152.00000", "2013-06-30": "1889.00000", "2013-03-31": "1779.00000", "2012-12-31": "2191.00000", "2012-09-30": "2039.00000", "2012-06-30": "1770.00000", "2012-03-31": "1723.00000", "2011-12-31": "852.00000", "2011-09-30": "2286.00000", "2011-06-30": "2078.00000", "2011-03-31": "2016.00000", "2010-12-31": "579.00000", "2010-09-30": "2342.00000", "2010-06-30": "1875.00000", "2010-03-31": "1907.00000", "2009-12-31": "2059.00000", "2009-09-30": "2226.00000", "2009-06-30": "1923.00000", "2009-03-31": "1885.00000", "2008-12-31": "2014.00000", "2008-09-30": "2326.00000", "2008-06-30": "1897.00000", "2008-03-31": "1883.00000", "2007-12-31": "1713.00000", "2007-09-30": "2156.00000", "2007-06-30": "1780.00000", "2007-03-31": "2109.00000", "2006-12-31": "1904.00000", "2006-09-30": "2280.00000", "2006-06-30": "1852.00000", "2006-03-31": "1277.00000", "2005-12-31": "1482.00000", "2005-09-30": "2792.00000", "2005-06-30": "1507.00000", "2005-03-31": "1639.00000"}, "Research And Development Expenses": {"2020-09-30": "", "2020-06-30": "", "2020-03-31": "", "2019-12-31": "", "2019-09-30": "", "2019-06-30": "", "2019-03-31": "", "2018-12-31": "", "2018-09-30": "", "2018-06-30": "", "2018-03-31": "", "2017-12-31": "", "2017-09-30": "", "2017-06-30": "", "2017-03-31": "", "2016-12-31": "", "2016-09-30": "", "2016-06-30": "", "2016-03-31": "", "2015-12-31": "", "2015-09-30": "", "2015-06-30": "", "2015-03-31": "", "2014-12-31": "", "2014-09-30": "", "2014-06-30": "", "2014-03-31": "", "2013-12-31": "", "2013-09-30": "", "2013-06-30": "", "2013-03-31": "", "2012-12-31": "", "2012-09-30": "", "2012-06-30": "", "2012-03-31": "", "2011-12-31": "", "2011-09-30": "", "2011-06-30": "", "2011-03-31": "", "2010-12-31": "", "2010-09-30": "", "2010-06-30": "", "2010-03-31": "", "2009-12-31": "", "2009-09-30": "", "2009-06-30": "", "2009-03-31": "", "2008-12-31": "", "2008-09-30": "", "2008-06-30": "", "2008-03-31": "", "2007-12-31": "", "2007-09-30": "", "2007-06-30": "", "2007-03-31": "", "2006-12-31": "", "2006-09-30": "", "2006-06-30": "", "2006-03-31": "", "2005-12-31": "", "2005-09-30": "", "2005-06-30": "", "2005-03-31": ""}, "SG&A Expenses": {"2020-09-30": "1362.00000", "2020-06-30": "865.00000", "2020-03-31": "992.00000", "2019-12-31": "864.00000", "2019-09-30": "873.00000", "2019-06-30": "688.00000", "2019-03-31": "992.00000", "2018-12-31": "823.00000", "2018-09-30": "771.00000", "2018-06-30": "816.00000", "2018-03-31": "782.00000", "2017-12-31": "906.00000", "2017-09-30": "819.00000", "2017-06-30": "792.00000", "2017-03-31": "704.00000", "2016-12-31": "893.00000", "2016-09-30": "832.00000", "2016-06-30": "806.00000", "2016-03-31": "721.00000", "2015-12-31": "912.00000", "2015-09-30": "864.00000", "2015-06-30": "825.00000", "2015-03-31": "725.00000", "2014-12-31": "993.00000", "2014-09-30": "879.00000", "2014-06-30": "788.00000", "2014-03-31": "811.00000", "2013-12-31": "662.00000", "2013-09-30": "971.00000", "2013-06-30": "967.00000", "2013-03-31": "873.00000", "2012-12-31": "718.00000", "2012-09-30": "993.00000", "2012-06-30": "951.00000", "2012-03-31": "946.00000", "2011-12-31": "243.00000", "2011-09-30": "1071.00000", "2011-06-30": "1255.00000", "2011-03-31": "1149.00000", "2010-12-31": "325.00000", "2010-09-30": "1102.00000", "2010-06-30": "1144.00000", "2010-03-31": "1037.00000", "2009-12-31": "1251.00000", "2009-09-30": "1093.00000", "2009-06-30": "1074.00000", "2009-03-31": "969.00000", "2008-12-31": "1179.00000", "2008-09-30": "1035.00000", "2008-06-30": "1113.00000", "2008-03-31": "961.00000", "2007-12-31": "1173.00000", "2007-09-30": "1013.00000", "2007-06-30": "999.00000", "2007-03-31": "880.00000", "2006-12-31": "993.00000", "2006-09-30": "909.00000", "2006-06-30": "933.00000", "2006-03-31": "886.00000", "2005-12-31": "1110.00000", "2005-09-30": "913.00000", "2005-06-30": "872.00000", "2005-03-31": "867.00000"}, "Other Operating Income Or Expenses": {"2020-09-30": "-1354.00000", "2020-06-30": "-65.00000", "2020-03-31": "-84.00000", "2019-12-31": "-358.00000", "2019-09-30": "-65.00000", "2019-06-30": "-168.00000", "2019-03-31": "5.00000", "2018-12-31": "-2685.00000", "2018-09-30": "13.00000", "2018-06-30": "-4.00000", "2018-03-31": "-64.00000", "2017-12-31": "-715.00000", "2017-09-30": "7.00000", "2017-06-30": "-16.00000", "2017-03-31": "-5.00000", "2016-12-31": "", "2016-09-30": "", "2016-06-30": "-21.00000", "2016-03-31": "", "2015-12-31": "", "2015-09-30": "", "2015-06-30": "", "2015-03-31": "", "2014-12-31": "71.00000", "2014-09-30": "3.00000", "2014-06-30": "", "2014-03-31": "-231.00000", "2013-12-31": "4.00000", "2013-09-30": "", "2013-06-30": "-575.00000", "2013-03-31": "", "2012-12-31": "-39.00000", "2012-09-30": "66.00000", "2012-06-30": "1.00000", "2012-03-31": "", "2011-12-31": "-18.00000", "2011-09-30": "", "2011-06-30": "-8.00000", "2011-03-31": "0.00000", "2010-12-31": "1.00000", "2010-09-30": "", "2010-06-30": "", "2010-03-31": "-3.00000", "2009-12-31": "-3.00000", "2009-09-30": "", "2009-06-30": "-866.00000", "2009-03-31": "-21.00000", "2008-12-31": "-30.00000", "2008-09-30": "1.00000", "2008-06-30": "56.00000", "2008-03-31": "17.00000", "2007-12-31": "188.00000", "2007-09-30": "65.00000", "2007-06-30": "33.00000", "2007-03-31": "-289.00000", "2006-12-31": "-257.00000", "2006-09-30": "-115.00000", "2006-06-30": "11.00000", "2006-03-31": "363.00000", "2005-12-31": "353.00000", "2005-09-30": "-766.00000", "2005-06-30": "41.00000", "2005-03-31": "-65.00000"}, "Operating Expenses": {"2020-09-30": "5023.00000", "2020-06-30": "2487.00000", "2020-03-31": "2488.00000", "2019-12-31": "2683.00000", "2019-09-30": "3105.00000", "2019-06-30": "2312.00000", "2019-03-31": "2472.00000", "2018-12-31": "5050.00000", "2018-09-30": "3530.00000", "2018-06-30": "2395.00000", "2018-03-31": "2234.00000", "2017-12-31": "3258.00000", "2017-09-30": "3119.00000", "2017-06-30": "2495.00000", "2017-03-31": "1992.00000", "2016-12-31": "2347.00000", "2016-09-30": "3072.00000", "2016-06-30": "2396.00000", "2016-03-31": "1992.00000", "2015-12-31": "2003.00000", "2015-09-30": "3155.00000", "2015-06-30": "2384.00000", "2015-03-31": "1974.00000", "2014-12-31": "2423.00000", "2014-09-30": "3482.00000", "2014-06-30": "2441.00000", "2014-03-31": "2595.00000", "2013-12-31": "2438.00000", "2013-09-30": "3171.00000", "2013-06-30": "3117.00000", "2013-03-31": "2140.00000", "2012-12-31": "2297.00000", "2012-09-30": "3021.00000", "2012-06-30": "2233.00000", "2012-03-31": "2026.00000", "2011-12-31": "555.00000", "2011-09-30": "3037.00000", "2011-06-30": "2603.00000", "2011-03-31": "2332.00000", "2010-12-31": "549.00000", "2010-09-30": "2926.00000", "2010-06-30": "2390.00000", "2010-03-31": "2312.00000", "2009-12-31": "2610.00000", "2009-09-30": "2896.00000", "2009-06-30": "3198.00000", "2009-03-31": "2259.00000", "2008-12-31": "2764.00000", "2008-09-30": "3329.00000", "2008-06-30": "2971.00000", "2008-03-31": "2485.00000", "2007-12-31": "2484.00000", "2007-09-30": "3044.00000", "2007-06-30": "2546.00000", "2007-03-31": "2285.00000", "2006-12-31": "2142.00000", "2006-09-30": "2839.00000", "2006-06-30": "2410.00000", "2006-03-31": "2289.00000", "2005-12-31": "2361.00000", "2005-09-30": "2940.00000", "2005-06-30": "2240.00000", "2005-03-31": "1998.00000"}, "Operating Income": {"2020-09-30": "-379.00000", "2020-06-30": "500.00000", "2020-03-31": "302.00000", "2019-12-31": "287.00000", "2019-09-30": "636.00000", "2019-06-30": "500.00000", "2019-03-31": "352.00000", "2018-12-31": "-2041.00000", "2018-09-30": "739.00000", "2018-06-30": "420.00000", "2018-03-31": "330.00000", "2017-12-31": "-38.00000", "2017-09-30": "553.00000", "2017-06-30": "470.00000", "2017-03-31": "471.00000", "2016-12-31": "538.00000", "2016-09-30": "695.00000", "2016-06-30": "381.00000", "2016-03-31": "448.00000", "2015-12-31": "338.00000", "2015-09-30": "608.00000", "2015-06-30": "524.00000", "2015-03-31": "538.00000", "2014-12-31": "692.00000", "2014-09-30": "874.00000", "2014-06-30": "575.00000", "2014-03-31": "331.00000", "2013-12-31": "505.00000", "2013-09-30": "789.00000", "2013-06-30": "-71.00000", "2013-03-31": "492.00000", "2012-12-31": "763.00000", "2012-09-30": "713.00000", "2012-06-30": "420.00000", "2012-03-31": "389.00000", "2011-12-31": "446.00000", "2011-09-30": "785.00000", "2011-06-30": "380.00000", "2011-03-31": "450.00000", "2010-12-31": "108.00000", "2010-09-30": "862.00000", "2010-06-30": "351.00000", "2010-03-31": "498.00000", "2009-12-31": "441.00000", "2009-09-30": "768.00000", "2009-06-30": "-364.00000", "2009-03-31": "553.00000", "2008-12-31": "464.00000", "2008-09-30": "965.00000", "2008-06-30": "506.00000", "2008-03-31": "628.00000", "2007-12-31": "483.00000", "2007-09-30": "898.00000", "2007-06-30": "501.00000", "2007-03-31": "627.00000", "2006-12-31": "473.00000", "2006-09-30": "963.00000", "2006-06-30": "591.00000", "2006-03-31": "462.00000", "2005-12-31": "613.00000", "2005-09-30": "843.00000", "2005-06-30": "409.00000", "2005-03-31": "448.00000"}, "Total Non-Operating Income/Expense": {"2020-09-30": "-138.00000", "2020-06-30": "-148.00000", "2020-03-31": "-173.00000", "2019-12-31": "-180.00000", "2019-09-30": "-156.00000", "2019-06-30": "-156.00000", "2019-03-31": "-156.00000", "2018-12-31": "-175.00000", "2018-09-30": "-112.00000", "2018-06-30": "-131.00000", "2018-03-31": "-119.00000", "2017-12-31": "-132.00000", "2017-09-30": "-121.00000", "2017-06-30": "-135.00000", "2017-03-31": "-119.00000", "2016-12-31": "-111.00000", "2016-09-30": "-124.00000", "2016-06-30": "-122.00000", "2016-03-31": "-115.00000", "2015-12-31": "-93.00000", "2015-09-30": "-121.00000", "2015-06-30": "-112.00000", "2015-03-31": "-114.00000", "2014-12-31": "-128.00000", "2014-09-30": "-130.00000", "2014-06-30": "-109.00000", "2014-03-31": "-126.00000", "2013-12-31": "-149.00000", "2013-09-30": "-124.00000", "2013-06-30": "-113.00000", "2013-03-31": "-108.00000", "2012-12-31": "-106.00000", "2012-09-30": "-103.00000", "2012-06-30": "-113.00000", "2012-03-31": "-102.00000", "2011-12-31": "29.00000", "2011-09-30": "-127.00000", "2011-06-30": "-126.00000", "2011-03-31": "-169.00000", "2010-12-31": "-16.00000", "2010-09-30": "-88.00000", "2010-06-30": "-131.00000", "2010-03-31": "-105.00000", "2009-12-31": "-141.00000", "2009-09-30": "-92.00000", "2009-06-30": "-146.00000", "2009-03-31": "-165.00000", "2008-12-31": "-157.00000", "2008-09-30": "-195.00000", "2008-06-30": "-125.00000", "2008-03-31": "-142.00000", "2007-12-31": "-135.00000", "2007-09-30": "-88.00000", "2007-06-30": "-351.00000", "2007-03-31": "-136.00000", "2006-12-31": "-112.00000", "2006-09-30": "-116.00000", "2006-06-30": "-276.00000", "2006-03-31": "-130.00000", "2005-12-31": "-88.00000", "2005-09-30": "-196.00000", "2005-06-30": "-148.00000", "2005-03-31": "-125.00000"}, "Pre-Tax Income": {"2020-09-30": "-517.00000", "2020-06-30": "352.00000", "2020-03-31": "129.00000", "2019-12-31": "107.00000", "2019-09-30": "480.00000", "2019-06-30": "344.00000", "2019-03-31": "196.00000", "2018-12-31": "-2216.00000", "2018-09-30": "627.00000", "2018-06-30": "289.00000", "2018-03-31": "211.00000", "2017-12-31": "-170.00000", "2017-09-30": "432.00000", "2017-06-30": "335.00000", "2017-03-31": "352.00000", "2016-12-31": "427.00000", "2016-09-30": "571.00000", "2016-06-30": "259.00000", "2016-03-31": "333.00000", "2015-12-31": "245.00000", "2015-09-30": "487.00000", "2015-06-30": "412.00000", "2015-03-31": "424.00000", "2014-12-31": "564.00000", "2014-09-30": "744.00000", "2014-06-30": "466.00000", "2014-03-31": "205.00000", "2013-12-31": "356.00000", "2013-09-30": "665.00000", "2013-06-30": "-184.00000", "2013-03-31": "384.00000", "2012-12-31": "657.00000", "2012-09-30": "610.00000", "2012-06-30": "307.00000", "2012-03-31": "287.00000", "2011-12-31": "475.00000", "2011-09-30": "658.00000", "2011-06-30": "254.00000", "2011-03-31": "281.00000", "2010-12-31": "92.00000", "2010-09-30": "774.00000", "2010-06-30": "220.00000", "2010-03-31": "393.00000", "2009-12-31": "300.00000", "2009-09-30": "676.00000", "2009-06-30": "-510.00000", "2009-03-31": "388.00000", "2008-12-31": "307.00000", "2008-09-30": "770.00000", "2008-06-30": "381.00000", "2008-03-31": "486.00000", "2007-12-31": "348.00000", "2007-09-30": "810.00000", "2007-06-30": "150.00000", "2007-03-31": "491.00000", "2006-12-31": "361.00000", "2006-09-30": "847.00000", "2006-06-30": "315.00000", "2006-03-31": "332.00000", "2005-12-31": "525.00000", "2005-09-30": "647.00000", "2005-06-30": "261.00000", "2005-03-31": "323.00000"}, "Income Taxes": {"2020-09-30": "-275.00000", "2020-06-30": "4.00000", "2020-03-31": "-84.00000", "2019-12-31": "-66.00000", "2019-09-30": "-22.00000", "2019-06-30": "-78.00000", "2019-03-31": "-112.00000", "2018-12-31": "-782.00000", "2018-09-30": "83.00000", "2018-06-30": "-9.00000", "2018-03-31": "-31.00000", "2017-12-31": "364.00000", "2017-09-30": "-69.00000", "2017-06-30": "26.00000", "2017-03-31": "-40.00000", "2016-12-31": "80.00000", "2016-09-30": "120.00000", "2016-06-30": "-51.00000", "2016-03-31": "28.00000", "2015-12-31": "292.00000", "2015-09-30": "82.00000", "2015-06-30": "6.00000", "2015-03-31": "106.00000", "2014-12-31": "158.00000", "2014-09-30": "220.00000", "2014-06-30": "84.00000", "2014-03-31": "-19.00000", "2013-12-31": "69.00000", "2013-09-30": "177.00000", "2013-06-30": "-102.00000", "2013-03-31": "98.00000", "2012-12-31": "-152.00000", "2012-09-30": "228.00000", "2012-06-30": "100.00000", "2012-03-31": "91.00000", "2011-12-31": "209.00000", "2011-09-30": "232.00000", "2011-06-30": "62.00000", "2011-03-31": "65.00000", "2010-12-31": "74.00000", "2010-09-30": "247.00000", "2010-06-30": "-136.00000", "2010-03-31": "150.00000", "2009-12-31": "72.00000", "2009-09-30": "232.00000", "2009-06-30": "-524.00000", "2009-03-31": "122.00000", "2008-12-31": "75.00000", "2008-09-30": "277.00000", "2008-06-30": "83.00000", "2008-03-31": "161.00000", "2007-12-31": "100.00000", "2007-09-30": "263.00000", "2007-06-30": "0.00000", "2007-03-31": "129.00000", "2006-12-31": "66.00000", "2006-09-30": "310.00000", "2006-06-30": "95.00000", "2006-03-31": "111.00000", "2005-12-31": "190.00000", "2005-09-30": "129.00000", "2005-06-30": "34.00000", "2005-03-31": "104.00000"}, "Income After Taxes": {"2020-09-30": "-242.00000", "2020-06-30": "348.00000", "2020-03-31": "213.00000", "2019-12-31": "173.00000", "2019-09-30": "502.00000", "2019-06-30": "422.00000", "2019-03-31": "308.00000", "2018-12-31": "-1434.00000", "2018-09-30": "544.00000", "2018-06-30": "298.00000", "2018-03-31": "242.00000", "2017-12-31": "-534.00000", "2017-09-30": "501.00000", "2017-06-30": "309.00000", "2017-03-31": "392.00000", "2016-12-31": "347.00000", "2016-09-30": "451.00000", "2016-06-30": "310.00000", "2016-03-31": "305.00000", "2015-12-31": "-47.00000", "2015-09-30": "405.00000", "2015-06-30": "406.00000", "2015-03-31": "318.00000", "2014-12-31": "406.00000", "2014-09-30": "524.00000", "2014-06-30": "382.00000", "2014-03-31": "224.00000", "2013-12-31": "287.00000", "2013-09-30": "488.00000", "2013-06-30": "-82.00000", "2013-03-31": "286.00000", "2012-12-31": "809.00000", "2012-09-30": "382.00000", "2012-06-30": "207.00000", "2012-03-31": "196.00000", "2011-12-31": "266.00000", "2011-09-30": "426.00000", "2011-06-30": "192.00000", "2011-03-31": "216.00000", "2010-12-31": "18.00000", "2010-09-30": "527.00000", "2010-06-30": "356.00000", "2010-03-31": "243.00000", "2009-12-31": "228.00000", "2009-09-30": "444.00000", "2009-06-30": "14.00000", "2009-03-31": "266.00000", "2008-12-31": "232.00000", "2008-09-30": "493.00000", "2008-06-30": "298.00000", "2008-03-31": "325.00000", "2007-12-31": "248.00000", "2007-09-30": "547.00000", "2007-06-30": "150.00000", "2007-03-31": "362.00000", "2006-12-31": "295.00000", "2006-09-30": "537.00000", "2006-06-30": "220.00000", "2006-03-31": "221.00000", "2005-12-31": "335.00000", "2005-09-30": "518.00000", "2005-06-30": "227.00000", "2005-03-31": "219.00000"}, "Other Income": {"2020-09-30": "", "2020-06-30": "", "2020-03-31": "", "2019-12-31": "", "2019-09-30": "", "2019-06-30": "", "2019-03-31": "", "2018-12-31": "", "2018-09-30": "", "2018-06-30": "", "2018-03-31": "", "2017-12-31": "", "2017-09-30": "", "2017-06-30": "", "2017-03-31": "", "2016-12-31": "", "2016-09-30": "", "2016-06-30": "", "2016-03-31": "", "2015-12-31": "", "2015-09-30": "", "2015-06-30": "", "2015-03-31": "", "2014-12-31": "", "2014-09-30": "", "2014-06-30": "", "2014-03-31": "", "2013-12-31": "", "2013-09-30": "", "2013-06-30": "", "2013-03-31": "", "2012-12-31": "", "2012-09-30": "", "2012-06-30": "", "2012-03-31": "", "2011-12-31": "", "2011-09-30": "", "2011-06-30": "", "2011-03-31": "", "2010-12-31": "", "2010-09-30": "", "2010-06-30": "", "2010-03-31": "", "2009-12-31": "", "2009-09-30": "", "2009-06-30": "", "2009-03-31": "", "2008-12-31": "", "2008-09-30": "", "2008-06-30": "", "2008-03-31": "", "2007-12-31": "", "2007-09-30": "", "2007-06-30": "", "2007-03-31": "", "2006-12-31": "", "2006-09-30": "", "2006-06-30": "", "2006-03-31": "", "2005-12-31": "", "2005-09-30": "", "2005-06-30": "", "2005-03-31": ""}, "Income From Continuous Operations": {"2020-09-30": "-242.00000", "2020-06-30": "348.00000", "2020-03-31": "213.00000", "2019-12-31": "173.00000", "2019-09-30": "502.00000", "2019-06-30": "422.00000", "2019-03-31": "308.00000", "2018-12-31": "-1434.00000", "2018-09-30": "544.00000", "2018-06-30": "298.00000", "2018-03-31": "242.00000", "2017-12-31": "-534.00000", "2017-09-30": "501.00000", "2017-06-30": "309.00000", "2017-03-31": "392.00000", "2016-12-31": "347.00000", "2016-09-30": "451.00000", "2016-06-30": "310.00000", "2016-03-31": "305.00000", "2015-12-31": "-47.00000", "2015-09-30": "405.00000", "2015-06-30": "406.00000", "2015-03-31": "318.00000", "2014-12-31": "406.00000", "2014-09-30": "524.00000", "2014-06-30": "382.00000", "2014-03-31": "224.00000", "2013-12-31": "287.00000", "2013-09-30": "488.00000", "2013-06-30": "-82.00000", "2013-03-31": "286.00000", "2012-12-31": "809.00000", "2012-09-30": "382.00000", "2012-06-30": "207.00000", "2012-03-31": "196.00000", "2011-12-31": "266.00000", "2011-09-30": "426.00000", "2011-06-30": "192.00000", "2011-03-31": "216.00000", "2010-12-31": "18.00000", "2010-09-30": "527.00000", "2010-06-30": "356.00000", "2010-03-31": "243.00000", "2009-12-31": "228.00000", "2009-09-30": "444.00000", "2009-06-30": "14.00000", "2009-03-31": "266.00000", "2008-12-31": "232.00000", "2008-09-30": "493.00000", "2008-06-30": "298.00000", "2008-03-31": "325.00000", "2007-12-31": "421.00000", "2007-09-30": "465.00000", "2007-06-30": "91.00000", "2007-03-31": "330.00000", "2006-12-31": "266.00000", "2006-09-30": "460.00000", "2006-06-30": "173.00000", "2006-03-31": "184.00000", "2005-12-31": "299.00000", "2005-09-30": "435.00000", "2005-06-30": "180.00000", "2005-03-31": "194.00000"}, "Income From Discontinued Operations": {"2020-09-30": "", "2020-06-30": "", "2020-03-31": "", "2019-12-31": "", "2019-09-30": "", "2019-06-30": "", "2019-03-31": "", "2018-12-31": "", "2018-09-30": "", "2018-06-30": "", "2018-03-31": "", "2017-12-31": "", "2017-09-30": "", "2017-06-30": "", "2017-03-31": "", "2016-12-31": "13.00000", "2016-09-30": "", "2016-06-30": "-2.00000", "2016-03-31": "1.00000", "2015-12-31": "-8.00000", "2015-09-30": "43.00000", "2015-06-30": "", "2015-03-31": "", "2014-12-31": "39.00000", "2014-09-30": "-16.00000", "2014-06-30": "184.00000", "2014-03-31": "-22.00000", "2013-12-31": "37.00000", "2013-09-30": "-25.00000", "2013-06-30": "12.00000", "2013-03-31": "12.00000", "2012-12-31": "-1326.00000", "2012-09-30": "-167.00000", "2012-06-30": "-109.00000", "2012-03-31": "-84.00000", "2011-12-31": "-1090.00000", "2011-09-30": "15.00000", "2011-06-30": "-1.00000", "2011-03-31": "-2.00000", "2010-12-31": "161.00000", "2010-09-30": "-4.00000", "2010-06-30": "1.00000", "2010-03-31": "6.00000", "2009-12-31": "-2.00000", "2009-09-30": "-1.00000", "2009-06-30": "-7.00000", "2009-03-31": "3.00000", "2008-12-31": "", "2008-09-30": "6.00000", "2008-06-30": "-1.00000", "2008-03-31": "-5.00000", "2007-12-31": "-3.00000", "2007-09-30": "-4.00000", "2007-06-30": "2.00000", "2007-03-31": "3.00000", "2006-12-31": "22.00000", "2006-09-30": "-2.00000", "2006-06-30": "4.00000", "2006-03-31": "73.00000", "2005-12-31": "-25.00000", "2005-09-30": "27.00000", "2005-06-30": "21.00000", "2005-03-31": "7.00000"}, "Net Income": {"2020-09-30": "-288.00000", "2020-06-30": "318.00000", "2020-03-31": "183.00000", "2019-12-31": "143.00000", "2019-09-30": "471.00000", "2019-06-30": "392.00000", "2019-03-31": "278.00000", "2018-12-31": "-1430.00000", "2018-09-30": "513.00000", "2018-06-30": "276.00000", "2018-03-31": "218.00000", "2017-12-31": "-545.00000", "2017-09-30": "470.00000", "2017-06-30": "278.00000", "2017-03-31": "362.00000", "2016-12-31": "329.00000", "2016-09-30": "421.00000", "2016-06-30": "280.00000", "2016-03-31": "281.00000", "2015-12-31": "-79.00000", "2015-09-30": "421.00000", "2015-06-30": "379.00000", "2015-03-31": "299.00000", "2014-12-31": "420.00000", "2014-09-30": "480.00000", "2014-06-30": "536.00000", "2014-03-31": "176.00000", "2013-12-31": "300.00000", "2013-09-30": "438.00000", "2013-06-30": "-94.00000", "2013-03-31": "271.00000", "2012-12-31": "-540.00000", "2012-09-30": "190.00000", "2012-06-30": "74.00000", "2012-03-31": "93.00000", "2011-12-31": "-839.00000", "2011-09-30": "426.00000", "2011-06-30": "176.00000", "2011-03-31": "200.00000", "2010-12-31": "166.00000", "2010-09-30": "510.00000", "2010-06-30": "344.00000", "2010-03-31": "236.00000", "2009-12-31": "212.00000", "2009-09-30": "403.00000", "2009-06-30": "-16.00000", "2009-03-31": "250.00000", "2008-12-31": "216.00000", "2008-09-30": "439.00000", "2008-06-30": "261.00000", "2008-03-31": "299.00000", "2007-12-31": "211.00000", "2007-09-30": "461.00000", "2007-06-30": "93.00000", "2007-03-31": "333.00000", "2006-12-31": "288.00000", "2006-09-30": "458.00000", "2006-06-30": "177.00000", "2006-03-31": "258.00000", "2005-12-31": "273.00000", "2005-09-30": "462.00000", "2005-06-30": "201.00000", "2005-03-31": "201.00000"}, "EBITDA": {"2020-09-30": "213.00000", "2020-06-30": "1087.00000", "2020-03-31": "887.00000", "2019-12-31": "859.00000", "2019-09-30": "1182.00000", "2019-06-30": "839.00000", "2019-03-31": "850.00000", "2018-12-31": "-1740.00000", "2018-09-30": "1304.00000", "2018-06-30": "1015.00000", "2018-03-31": "809.00000", "2017-12-31": "486.00000", "2017-09-30": "1096.00000", "2017-06-30": "998.00000", "2017-03-31": "991.00000", "2016-12-31": "1061.00000", "2016-09-30": "1245.00000", "2016-06-30": "907.00000", "2016-03-31": "947.00000", "2015-12-31": "828.00000", "2015-09-30": "1136.00000", "2015-06-30": "1026.00000", "2015-03-31": "1023.00000", "2014-12-31": "1195.00000", "2014-09-30": "1322.00000", "2014-06-30": "1007.00000", "2014-03-31": "763.00000", "2013-12-31": "977.00000", "2013-09-30": "1181.00000", "2013-06-30": "347.00000", "2013-03-31": "906.00000", "2012-12-31": "1159.00000", "2012-09-30": "1129.00000", "2012-06-30": "835.00000", "2012-03-31": "796.00000", "2011-12-31": "489.00000", "2011-09-30": "1242.00000", "2011-06-30": "853.00000", "2011-03-31": "904.00000", "2010-12-31": "271.00000", "2010-09-30": "1274.00000", "2010-06-30": "763.00000", "2010-03-31": "891.00000", "2009-12-31": "831.00000", "2009-09-30": "1170.00000", "2009-06-30": "14.00000", "2009-03-31": "921.00000", "2008-12-31": "831.00000", "2008-09-30": "1321.00000", "2008-06-30": "864.00000", "2008-03-31": "966.00000", "2007-12-31": "744.00000", "2007-09-30": "1238.00000", "2007-06-30": "848.00000", "2007-03-31": "971.00000", "2006-12-31": "682.00000", "2006-09-30": "1284.00000", "2006-06-30": "952.00000", "2006-03-31": "775.00000", "2005-12-31": "904.00000", "2005-09-30": "1146.00000", "2005-06-30": "702.00000", "2005-03-31": "729.00000"}, "EBIT": {"2020-09-30": "-379.00000", "2020-06-30": "500.00000", "2020-03-31": "302.00000", "2019-12-31": "287.00000", "2019-09-30": "636.00000", "2019-06-30": "500.00000", "2019-03-31": "352.00000", "2018-12-31": "-2041.00000", "2018-09-30": "739.00000", "2018-06-30": "420.00000", "2018-03-31": "330.00000", "2017-12-31": "-38.00000", "2017-09-30": "553.00000", "2017-06-30": "470.00000", "2017-03-31": "471.00000", "2016-12-31": "538.00000", "2016-09-30": "695.00000", "2016-06-30": "381.00000", "2016-03-31": "448.00000", "2015-12-31": "338.00000", "2015-09-30": "608.00000", "2015-06-30": "524.00000", "2015-03-31": "538.00000", "2014-12-31": "692.00000", "2014-09-30": "874.00000", "2014-06-30": "575.00000", "2014-03-31": "331.00000", "2013-12-31": "505.00000", "2013-09-30": "789.00000", "2013-06-30": "-71.00000", "2013-03-31": "492.00000", "2012-12-31": "763.00000", "2012-09-30": "713.00000", "2012-06-30": "420.00000", "2012-03-31": "389.00000", "2011-12-31": "446.00000", "2011-09-30": "785.00000", "2011-06-30": "380.00000", "2011-03-31": "450.00000", "2010-12-31": "108.00000", "2010-09-30": "862.00000", "2010-06-30": "351.00000", "2010-03-31": "498.00000", "2009-12-31": "441.00000", "2009-09-30": "768.00000", "2009-06-30": "-364.00000", "2009-03-31": "553.00000", "2008-12-31": "464.00000", "2008-09-30": "965.00000", "2008-06-30": "506.00000", "2008-03-31": "628.00000", "2007-12-31": "483.00000", "2007-09-30": "898.00000", "2007-06-30": "501.00000", "2007-03-31": "627.00000", "2006-12-31": "473.00000", "2006-09-30": "963.00000", "2006-06-30": "591.00000", "2006-03-31": "462.00000", "2005-12-31": "613.00000", "2005-09-30": "843.00000", "2005-06-30": "409.00000", "2005-03-31": "448.00000"}, "Basic Shares Outstanding": {"2020-09-30": "378.00000", "2020-06-30": "375.00000", "2020-03-31": "363.00000", "2019-12-31": "340.00000", "2019-09-30": "347.00000", "2019-06-30": "326.00000", "2019-03-31": "326.00000", "2018-12-31": "326.00000", "2018-09-30": "326.00000", "2018-06-30": "326.00000", "2018-03-31": "326.00000", "2017-12-31": "326.00000", "2017-09-30": "326.00000", "2017-06-30": "326.00000", "2017-03-31": "326.00000", "2016-12-31": "326.00000", "2016-09-30": "326.00000", "2016-06-30": "326.00000", "2016-03-31": "326.00000", "2015-12-31": "326.00000", "2015-09-30": "326.00000", "2015-06-30": "326.00000", "2015-03-31": "326.00000", "2014-12-31": "326.00000", "2014-09-30": "326.00000", "2014-06-30": "326.00000", "2014-03-31": "326.00000", "2013-12-31": "326.00000", "2013-09-30": "326.00000", "2013-06-30": "326.00000", "2013-03-31": "326.00000", "2012-12-31": "326.00000", "2012-09-30": "326.00000", "2012-06-30": "326.00000", "2012-03-31": "326.00000", "2011-12-31": "326.00000", "2011-09-30": "326.00000", "2011-06-30": "326.00000", "2011-03-31": "326.00000", "2010-12-31": "326.00000", "2010-09-30": "326.00000", "2010-06-30": "326.00000", "2010-03-31": "326.00000", "2009-12-31": "326.00000", "2009-09-30": "326.00000", "2009-06-30": "326.00000", "2009-03-31": "326.00000", "2008-12-31": "326.00000", "2008-09-30": "326.00000", "2008-06-30": "326.00000", "2008-03-31": "326.00000", "2007-12-31": "326.00000", "2007-09-30": "326.00000", "2007-06-30": "326.00000", "2007-03-31": "326.00000", "2006-12-31": "326.00000", "2006-09-30": "326.00000", "2006-06-30": "326.00000", "2006-03-31": "326.00000", "2005-12-31": "326.00000", "2005-09-30": "326.00000", "2005-06-30": "326.00000", "2005-03-31": "326.00000"}, "Shares Outstanding": {"2020-09-30": "378.00000", "2020-06-30": "376.00000", "2020-03-31": "364.00000", "2019-12-31": "341.00000", "2019-09-30": "349.00000", "2019-06-30": "327.00000", "2019-03-31": "327.00000", "2018-12-31": "326.00000", "2018-09-30": "327.00000", "2018-06-30": "327.00000", "2018-03-31": "327.00000", "2017-12-31": "328.00000", "2017-09-30": "328.00000", "2017-06-30": "329.00000", "2017-03-31": "329.00000", "2016-12-31": "330.00000", "2016-09-30": "330.00000", "2016-06-30": "330.00000", "2016-03-31": "329.00000", "2015-12-31": "329.00000", "2015-09-30": "328.00000", "2015-06-30": "328.00000", "2015-03-31": "329.00000", "2014-12-31": "329.00000", "2014-09-30": "329.00000", "2014-06-30": "329.00000", "2014-03-31": "329.00000", "2013-12-31": "329.00000", "2013-09-30": "328.00000", "2013-06-30": "326.00000", "2013-03-31": "329.00000", "2012-12-31": "330.00000", "2012-09-30": "329.00000", "2012-06-30": "334.00000", "2012-03-31": "329.00000", "2011-12-31": "329.00000", "2011-09-30": "329.00000", "2011-06-30": "329.00000", "2011-03-31": "328.00000", "2010-12-31": "329.00000", "2010-09-30": "328.00000", "2010-06-30": "327.00000", "2010-03-31": "328.00000", "2009-12-31": "327.00000", "2009-09-30": "329.00000", "2009-06-30": "327.00000", "2009-03-31": "327.00000", "2008-12-31": "329.00000", "2008-09-30": "328.00000", "2008-06-30": "329.00000", "2008-03-31": "329.00000", "2007-12-31": "331.00000", "2007-09-30": "330.00000", "2007-06-30": "330.00000", "2007-03-31": "330.00000", "2006-12-31": "330.00000", "2006-09-30": "330.00000", "2006-06-30": "330.00000", "2006-03-31": "331.00000", "2005-12-31": "332.00000", "2005-09-30": "332.00000", "2005-06-30": "331.00000", "2005-03-31": "331.00000"}, "Basic EPS": {"2020-09-30": "-0.76000", "2020-06-30": "0.85000", "2020-03-31": "0.50000", "2019-12-31": "0.37000", "2019-09-30": "1.36000", "2019-06-30": "1.20000", "2019-03-31": "0.85000", "2018-12-31": "-4.39000", "2018-09-30": "1.57000", "2018-06-30": "0.85000", "2018-03-31": "0.67000", "2017-12-31": "-1.66000", "2017-09-30": "1.43000", "2017-06-30": "0.85000", "2017-03-31": "1.11000", "2016-12-31": "1.01000", "2016-09-30": "1.29000", "2016-06-30": "0.86000", "2016-03-31": "0.86000", "2015-12-31": "-0.24000", "2015-09-30": "1.29000", "2015-06-30": "1.16000", "2015-03-31": "0.92000", "2014-12-31": "1.30000", "2014-09-30": "1.47000", "2014-06-30": "1.64000", "2014-03-31": "0.54000", "2013-12-31": "0.93000", "2013-09-30": "1.34000", "2013-06-30": "-0.29000", "2013-03-31": "0.83000", "2012-12-31": "-1.65000", "2012-09-30": "0.58000", "2012-06-30": "0.23000", "2012-03-31": "0.28000", "2011-12-31": "-2.57000", "2011-09-30": "1.31000", "2011-06-30": "0.54000", "2011-03-31": "0.61000", "2010-12-31": "0.51000", "2010-09-30": "1.56000", "2010-06-30": "1.05000", "2010-03-31": "0.72000", "2009-12-31": "0.65000", "2009-09-30": "1.23000", "2009-06-30": "-0.05000", "2009-03-31": "0.76000", "2008-12-31": "0.66000", "2008-09-30": "1.33000", "2008-06-30": "0.79000", "2008-03-31": "0.91000", "2007-12-31": "0.63000", "2007-09-30": "1.40000", "2007-06-30": "0.29000", "2007-03-31": "1.01000", "2006-12-31": "0.88000", "2006-09-30": "1.38000", "2006-06-30": "0.54000", "2006-03-31": "0.78000", "2005-12-31": "0.84000", "2005-09-30": "1.41000", "2005-06-30": "0.61000", "2005-03-31": "0.61000"}, "EPS - Earnings Per Share": {"2020-09-30": "-0.76000", "2020-06-30": "0.85000", "2020-03-31": "0.50000", "2019-12-31": "0.37000", "2019-09-30": "1.35000", "2019-06-30": "1.20000", "2019-03-31": "0.85000", "2018-12-31": "-4.38000", "2018-09-30": "1.57000", "2018-06-30": "0.84000", "2018-03-31": "0.67000", "2017-12-31": "-1.67000", "2017-09-30": "1.44000", "2017-06-30": "0.85000", "2017-03-31": "1.10000", "2016-12-31": "1.00000", "2016-09-30": "1.27000", "2016-06-30": "0.85000", "2016-03-31": "0.85000", "2015-12-31": "-0.24000", "2015-09-30": "1.28000", "2015-06-30": "1.15000", "2015-03-31": "0.91000", "2014-12-31": "1.26000", "2014-09-30": "1.46000", "2014-06-30": "1.63000", "2014-03-31": "0.54000", "2013-12-31": "0.91000", "2013-09-30": "1.34000", "2013-06-30": "-0.29000", "2013-03-31": "0.82000", "2012-12-31": "-1.64000", "2012-09-30": "0.58000", "2012-06-30": "0.22000", "2012-03-31": "0.28000", "2011-12-31": "-2.56000", "2011-09-30": "1.30000", "2011-06-30": "0.54000", "2011-03-31": "0.61000", "2010-12-31": "0.49000", "2010-09-30": "1.56000", "2010-06-30": "1.05000", "2010-03-31": "0.72000", "2009-12-31": "0.65000", "2009-09-30": "1.22000", "2009-06-30": "-0.05000", "2009-03-31": "0.76000", "2008-12-31": "0.65000", "2008-09-30": "1.33000", "2008-06-30": "0.79000", "2008-03-31": "0.91000", "2007-12-31": "0.64000", "2007-09-30": "1.39000", "2007-06-30": "0.28000", "2007-03-31": "1.00000", "2006-12-31": "0.87000", "2006-09-30": "1.38000", "2006-06-30": "0.54000", "2006-03-31": "0.78000", "2005-12-31": "0.84000", "2005-09-30": "1.39000", "2005-06-30": "0.61000", "2005-03-31": "0.61000"}}, "balance sheet": {"Cash On Hand": {"2019-12-31": "68.00000", "2018-12-31": "144.00000", "2017-12-31": "1091.00000", "2016-12-31": "96.00000", "2015-12-31": "161.00000", "2014-12-31": "132.00000", "2013-12-31": "146.00000", "2012-12-31": "170.00000", "2011-12-31": "169.00000", "2010-12-31": "1391.00000", "2009-12-31": "1742.00000", "2008-12-31": "3926.00000", "2007-12-31": "1525.00000", "2006-12-31": "2412.00000", "2005-12-31": "2164.00000"}, "Receivables": {"2019-12-31": "906.00000", "2018-12-31": "921.00000", "2017-12-31": "941.00000", "2016-12-31": "715.00000", "2015-12-31": "771.00000", "2014-12-31": "790.00000", "2013-12-31": "838.00000", "2012-12-31": "762.00000", "2011-12-31": "768.00000", "2010-12-31": "931.00000", "2009-12-31": "1017.00000", "2008-12-31": "1006.00000", "2007-12-31": "1033.00000", "2006-12-31": "1014.00000", "2005-12-31": "1220.00000"}, "Inventory": {"2019-12-31": "364.00000", "2018-12-31": "282.00000", "2017-12-31": "242.00000", "2016-12-31": "239.00000", "2015-12-31": "267.00000", "2014-12-31": "281.00000", "2013-12-31": "256.00000", "2012-12-31": "340.00000", "2011-12-31": "350.00000", "2010-12-31": "568.00000", "2009-12-31": "533.00000", "2008-12-31": "553.00000", "2007-12-31": "432.00000", "2006-12-31": "392.00000", "2005-12-31": "341.00000"}, "Pre-Paid Expenses": {"2019-12-31": "214.00000", "2018-12-31": "148.00000", "2017-12-31": "233.00000", "2016-12-31": "103.00000", "2015-12-31": "", "2014-12-31": "", "2013-12-31": "", "2012-12-31": "", "2011-12-31": "88.00000", "2010-12-31": "390.00000", "2009-12-31": "33.00000", "2008-12-31": "", "2007-12-31": "", "2006-12-31": "", "2005-12-31": ""}, "Other Current Assets": {"2019-12-31": "2008.00000", "2018-12-31": "1864.00000", "2017-12-31": "1222.00000", "2016-12-31": "970.00000", "2015-12-31": "1455.00000", "2014-12-31": "2364.00000", "2013-12-31": "1651.00000", "2012-12-31": "1400.00000", "2011-12-31": "1168.00000", "2010-12-31": "1142.00000", "2009-12-31": "1105.00000", "2008-12-31": "1764.00000", "2007-12-31": "1087.00000", "2006-12-31": "1461.00000", "2005-12-31": "2016.00000"}, "Total Current Assets": {"2019-12-31": "3560.00000", "2018-12-31": "3359.00000", "2017-12-31": "3729.00000", "2016-12-31": "2123.00000", "2015-12-31": "2654.00000", "2014-12-31": "3567.00000", "2013-12-31": "3312.00000", "2012-12-31": "2672.00000", "2011-12-31": "4484.00000", "2010-12-31": "4422.00000", "2009-12-31": "4430.00000", "2008-12-31": "7353.00000", "2007-12-31": "4244.00000", "2006-12-31": "5482.00000", "2005-12-31": "5959.00000"}, "Property, Plant, And Equipment": {"2019-12-31": "44285.00000", "2018-12-31": "41348.00000", "2017-12-31": "39050.00000", "2016-12-31": "37000.00000", "2015-12-31": "35085.00000", "2014-12-31": "32981.00000", "2013-12-31": "30455.00000", "2012-12-31": "30273.00000", "2011-12-31": "27644.00000", "2010-12-31": "30184.00000", "2009-12-31": "27113.00000", "2008-12-31": "18969.00000", "2007-12-31": "17403.00000", "2006-12-31": "15913.00000", "2005-12-31": "14469.00000"}, "Long-Term Investments": {"2019-12-31": "64.00000", "2018-12-31": "63.00000", "2017-12-31": "73.00000", "2016-12-31": "83.00000", "2015-12-31": "203.00000", "2014-12-31": "207.00000", "2013-12-31": "207.00000", "2012-12-31": "186.00000", "2011-12-31": "213.00000", "2010-12-31": "782.00000", "2009-12-31": "467.00000", "2008-12-31": "8159.00000", "2007-12-31": "7747.00000", "2006-12-31": "7250.00000", "2005-12-31": "7107.00000"}, "Goodwill And Intangible Assets": {"2019-12-31": "", "2018-12-31": "", "2017-12-31": "", "2016-12-31": "", "2015-12-31": "", "2014-12-31": "", "2013-12-31": "", "2012-12-31": "", "2011-12-31": "", "2010-12-31": "", "2009-12-31": "", "2008-12-31": "", "2007-12-31": "", "2006-12-31": "", "2005-12-31": ""}, "Other Long-Term Assets": {"2019-12-31": "5130.00000", "2018-12-31": "2445.00000", "2017-12-31": "374.00000", "2016-12-31": "416.00000", "2015-12-31": "444.00000", "2014-12-31": "568.00000", "2013-12-31": "937.00000", "2012-12-31": "793.00000", "2011-12-31": "559.00000", "2010-12-31": "2315.00000", "2009-12-31": "2155.00000", "2008-12-31": "2196.00000", "2007-12-31": "2030.00000", "2006-12-31": "1614.00000", "2005-12-31": "1325.00000"}, "Total Long-Term Assets": {"2019-12-31": "60129.00000", "2018-12-31": "53356.00000", "2017-12-31": "48851.00000", "2016-12-31": "49196.00000", "2015-12-31": "47575.00000", "2014-12-31": "46167.00000", "2013-12-31": "43334.00000", "2012-12-31": "41722.00000", "2011-12-31": "43555.00000", "2010-12-31": "41108.00000", "2009-12-31": "37014.00000", "2008-12-31": "37262.00000", "2007-12-31": "33279.00000", "2006-12-31": "30779.00000", "2005-12-31": "28832.00000"}, "Total Assets": {"2019-12-31": "64382.00000", "2018-12-31": "56715.00000", "2017-12-31": "52580.00000", "2016-12-31": "51319.00000", "2015-12-31": "50229.00000", "2014-12-31": "49734.00000", "2013-12-31": "46646.00000", "2012-12-31": "44394.00000", "2011-12-31": "48039.00000", "2010-12-31": "45530.00000", "2009-12-31": "41444.00000", "2008-12-31": "44615.00000", "2007-12-31": "37523.00000", "2006-12-31": "36261.00000", "2005-12-31": "34791.00000"}, "Total Current Liabilities": {"2019-12-31": "5523.00000", "2018-12-31": "5395.00000", "2017-12-31": "7068.00000", "2016-12-31": "5912.00000", "2015-12-31": "4927.00000", "2014-12-31": "5479.00000", "2013-12-31": "4881.00000", "2012-12-31": "3744.00000", "2011-12-31": "4348.00000", "2010-12-31": "3952.00000", "2009-12-31": "3787.00000", "2008-12-31": "6697.00000", "2007-12-31": "4256.00000", "2006-12-31": "4303.00000", "2005-12-31": "4959.00000"}, "Long Term Debt": {"2019-12-31": "17864.00000", "2018-12-31": "14632.00000", "2017-12-31": "11642.00000", "2016-12-31": "10175.00000", "2015-12-31": "10883.00000", "2014-12-31": "10234.00000", "2013-12-31": "9825.00000", "2012-12-31": "9231.00000", "2011-12-31": "8834.00000", "2010-12-31": "12371.00000", "2009-12-31": "10437.00000", "2008-12-31": "10950.00000", "2007-12-31": "9016.00000", "2006-12-31": "9101.00000", "2005-12-31": "8833.00000"}, "Other Non-Current Liabilities": {"2019-12-31": "19134.00000", "2018-12-31": "18591.00000", "2017-12-31": "14475.00000", "2016-12-31": "11359.00000", "2015-12-31": "11786.00000", "2014-12-31": "12017.00000", "2013-12-31": "11525.00000", "2012-12-31": "11383.00000", "2011-12-31": "9713.00000", "2010-12-31": "9706.00000", "2009-12-31": "9717.00000", "2008-12-31": "7573.00000", "2007-12-31": "8198.00000", "2006-12-31": "7444.00000", "2005-12-31": "7219.00000"}, "Total Long Term Liabilities": {"2019-12-31": "43363.00000", "2018-12-31": "38668.00000", "2017-12-31": "31646.00000", "2016-12-31": "31220.00000", "2015-12-31": "31914.00000", "2014-12-31": "31273.00000", "2013-12-31": "30074.00000", "2012-12-31": "29459.00000", "2011-12-31": "32605.00000", "2010-12-31": "30084.00000", "2009-12-31": "26651.00000", "2008-12-31": "27209.00000", "2007-12-31": "23908.00000", "2006-12-31": "23334.00000", "2005-12-31": "22498.00000"}, "Total Liabilities": {"2019-12-31": "48886.00000", "2018-12-31": "44063.00000", "2017-12-31": "38714.00000", "2016-12-31": "37132.00000", "2015-12-31": "36841.00000", "2014-12-31": "36752.00000", "2013-12-31": "34955.00000", "2012-12-31": "33203.00000", "2011-12-31": "36953.00000", "2010-12-31": "34036.00000", "2009-12-31": "30438.00000", "2008-12-31": "33906.00000", "2007-12-31": "28164.00000", "2006-12-31": "27637.00000", "2005-12-31": "27457.00000"}, "Common Stock Net": {"2019-12-31": "4990.00000", "2018-12-31": "2545.00000", "2017-12-31": "2526.00000", "2016-12-31": "2505.00000", "2015-12-31": "2484.00000", "2014-12-31": "2445.00000", "2013-12-31": "2403.00000", "2012-12-31": "2373.00000", "2011-12-31": "2360.00000", "2010-12-31": "2331.00000", "2009-12-31": "2304.00000", "2008-12-31": "2272.00000", "2007-12-31": "2225.00000", "2006-12-31": "2080.00000", "2005-12-31": "2043.00000"}, "Retained Earnings (Accumulated Deficit)": {"2019-12-31": "8382.00000", "2018-12-31": "7964.00000", "2017-12-31": "9188.00000", "2016-12-31": "9544.00000", "2015-12-31": "8940.00000", "2014-12-31": "8573.00000", "2013-12-31": "7548.00000", "2012-12-31": "7146.00000", "2011-12-31": "7834.00000", "2010-12-31": "8328.00000", "2009-12-31": "7500.00000", "2008-12-31": "7078.00000", "2007-12-31": "6311.00000", "2006-12-31": "5551.00000", "2005-12-31": "4798.00000"}, "Comprehensive Income": {"2019-12-31": "-69.00000", "2018-12-31": "-50.00000", "2017-12-31": "-43.00000", "2016-12-31": "-53.00000", "2015-12-31": "-56.00000", "2014-12-31": "-58.00000", "2013-12-31": "-13.00000", "2012-12-31": "-87.00000", "2011-12-31": "-139.00000", "2010-12-31": "-76.00000", "2009-12-31": "37.00000", "2008-12-31": "167.00000", "2007-12-31": "-92.00000", "2006-12-31": "78.00000", "2005-12-31": "-226.00000"}, "Other Share Holders Equity": {"2019-12-31": "", "2018-12-31": "", "2017-12-31": "", "2016-12-31": "", "2015-12-31": "", "2014-12-31": "", "2013-12-31": "", "2012-12-31": "", "2011-12-31": "", "2010-12-31": "", "2009-12-31": "", "2008-12-31": "", "2007-12-31": "", "2006-12-31": "", "2005-12-31": ""}, "Share Holder Equity": {"2019-12-31": "15496.00000", "2018-12-31": "12652.00000", "2017-12-31": "13866.00000", "2016-12-31": "14187.00000", "2015-12-31": "13388.00000", "2014-12-31": "12982.00000", "2013-12-31": "11691.00000", "2012-12-31": "11191.00000", "2011-12-31": "11086.00000", "2010-12-31": "11494.00000", "2009-12-31": "11006.00000", "2008-12-31": "10709.00000", "2007-12-31": "9359.00000", "2006-12-31": "8624.00000", "2005-12-31": "7334.00000"}, "Total Liabilities And Share Holders Equity": {"2019-12-31": "64382.00000", "2018-12-31": "56715.00000", "2017-12-31": "52580.00000", "2016-12-31": "51319.00000", "2015-12-31": "50229.00000", "2014-12-31": "49734.00000", "2013-12-31": "46646.00000", "2012-12-31": "44394.00000", "2011-12-31": "48039.00000", "2010-12-31": "45530.00000", "2009-12-31": "41444.00000", "2008-12-31": "44615.00000", "2007-12-31": "37523.00000", "2006-12-31": "36261.00000", "2005-12-31": "34791.00000"}}, "balance sheet, quarterly": {"Cash On Hand": {"2020-09-30": "92.00000", "2020-06-30": "524.00000", "2020-03-31": "1337.00000", "2019-12-31": "68.00000", "2019-09-30": "547.00000", "2019-06-30": "257.00000", "2019-03-31": "328.00000", "2018-12-31": "144.00000", "2018-09-30": "71.00000", "2018-06-30": "99.00000", "2018-03-31": "105.00000", "2017-12-31": "1091.00000", "2017-09-30": "117.00000", "2017-06-30": "98.00000", "2017-03-31": "150.00000", "2016-12-31": "96.00000", "2016-09-30": "84.00000", "2016-06-30": "111.00000", "2016-03-31": "137.00000", "2015-12-31": "161.00000", "2015-09-30": "134.00000", "2015-06-30": "139.00000", "2015-03-31": "115.00000", "2014-12-31": "132.00000", "2014-09-30": "142.00000", "2014-06-30": "190.00000", "2014-03-31": "149.00000", "2013-12-31": "146.00000", "2013-09-30": "610.00000", "2013-06-30": "148.00000", "2013-03-31": "115.00000", "2012-12-31": "170.00000", "2012-09-30": "1196.00000", "2012-06-30": "1285.00000", "2012-03-31": "1670.00000", "2011-12-31": "169.00000", "2011-09-30": "1399.00000", "2011-06-30": "956.00000", "2011-03-31": "1308.00000", "2010-12-31": "1391.00000", "2010-09-30": "2028.00000", "2010-06-30": "900.00000", "2010-03-31": "1494.00000", "2009-12-31": "1742.00000", "2009-09-30": "2564.00000", "2009-06-30": "2894.00000", "2009-03-31": "3553.00000", "2008-12-31": "3926.00000", "2008-09-30": "3490.00000", "2008-06-30": "1086.00000", "2008-03-31": "1583.00000", "2007-12-31": "1525.00000", "2007-09-30": "1870.00000", "2007-06-30": "1588.00000", "2007-03-31": "2233.00000", "2006-12-31": "2412.00000", "2006-09-30": "2634.00000", "2006-06-30": "1909.00000", "2006-03-31": "1951.00000", "2005-12-31": "2164.00000", "2005-09-30": "2644.00000", "2005-06-30": "2289.00000", "2005-03-31": "2429.00000"}, "Receivables": {"2020-09-30": "2314.00000", "2020-06-30": "1044.00000", "2020-03-31": "926.00000", "2019-12-31": "906.00000", "2019-09-30": "1226.00000", "2019-06-30": "922.00000", "2019-03-31": "908.00000", "2018-12-31": "921.00000", "2018-09-30": "1211.00000", "2018-06-30": "954.00000", "2018-03-31": "760.00000", "2017-12-31": "941.00000", "2017-09-30": "1105.00000", "2017-06-30": "833.00000", "2017-03-31": "688.00000", "2016-12-31": "715.00000", "2016-09-30": "999.00000", "2016-06-30": "801.00000", "2016-03-31": "649.00000", "2015-12-31": "771.00000", "2015-09-30": "1211.00000", "2015-06-30": "768.00000", "2015-03-31": "752.00000", "2014-12-31": "790.00000", "2014-09-30": "1218.00000", "2014-06-30": "1034.00000", "2014-03-31": "725.00000", "2013-12-31": "838.00000", "2013-09-30": "1174.00000", "2013-06-30": "815.00000", "2013-03-31": "797.00000", "2012-12-31": "762.00000", "2012-09-30": "1167.00000", "2012-06-30": "864.00000", "2012-03-31": "753.00000", "2011-12-31": "768.00000", "2011-09-30": "1218.00000", "2011-06-30": "1018.00000", "2011-03-31": "782.00000", "2010-12-31": "931.00000", "2010-09-30": "1075.00000", "2010-06-30": "880.00000", "2010-03-31": "843.00000", "2009-12-31": "1017.00000", "2009-09-30": "1158.00000", "2009-06-30": "946.00000", "2009-03-31": "921.00000", "2008-12-31": "1006.00000", "2008-09-30": "1339.00000", "2008-06-30": "1176.00000", "2008-03-31": "1038.00000", "2007-12-31": "1033.00000", "2007-09-30": "1282.00000", "2007-06-30": "1050.00000", "2007-03-31": "944.00000", "2006-12-31": "1014.00000", "2006-09-30": "1387.00000", "2006-06-30": "1104.00000", "2006-03-31": "889.00000", "2005-12-31": "1220.00000", "2005-09-30": "1265.00000", "2005-06-30": "931.00000", "2005-03-31": "851.00000"}, "Inventory": {"2020-09-30": "387.00000", "2020-06-30": "382.00000", "2020-03-31": "363.00000", "2019-12-31": "364.00000", "2019-09-30": "348.00000", "2019-06-30": "331.00000", "2019-03-31": "312.00000", "2018-12-31": "282.00000", "2018-09-30": "261.00000", "2018-06-30": "252.00000", "2018-03-31": "247.00000", "2017-12-31": "242.00000", "2017-09-30": "229.00000", "2017-06-30": "235.00000", "2017-03-31": "237.00000", "2016-12-31": "239.00000", "2016-09-30": "310.00000", "2016-06-30": "308.00000", "2016-03-31": "268.00000", "2015-12-31": "267.00000", "2015-09-30": "270.00000", "2015-06-30": "276.00000", "2015-03-31": "290.00000", "2014-12-31": "281.00000", "2014-09-30": "275.00000", "2014-06-30": "277.00000", "2014-03-31": "268.00000", "2013-12-31": "256.00000", "2013-09-30": "272.00000", "2013-06-30": "267.00000", "2013-03-31": "351.00000", "2012-12-31": "340.00000", "2012-09-30": "508.00000", "2012-06-30": "567.00000", "2012-03-31": "579.00000", "2011-12-31": "350.00000", "2011-09-30": "592.00000", "2011-06-30": "589.00000", "2011-03-31": "586.00000", "2010-12-31": "568.00000", "2010-09-30": "547.00000", "2010-06-30": "556.00000", "2010-03-31": "522.00000", "2009-12-31": "533.00000", "2009-09-30": "771.00000", "2009-06-30": "545.00000", "2009-03-31": "549.00000", "2008-12-31": "553.00000", "2008-09-30": "514.00000", "2008-06-30": "489.00000", "2008-03-31": "431.00000", "2007-12-31": "432.00000", "2007-09-30": "426.00000", "2007-06-30": "415.00000", "2007-03-31": "395.00000", "2006-12-31": "392.00000", "2006-09-30": "401.00000", "2006-06-30": "426.00000", "2006-03-31": "392.00000", "2005-12-31": "341.00000", "2005-09-30": "331.00000", "2005-06-30": "335.00000", "2005-03-31": "319.00000"}, "Pre-Paid Expenses": {"2020-09-30": "338.00000", "2020-06-30": "49.00000", "2020-03-31": "158.00000", "2019-12-31": "214.00000", "2019-09-30": "293.00000", "2019-06-30": "407.00000", "2019-03-31": "465.00000", "2018-12-31": "148.00000", "2018-09-30": "188.00000", "2018-06-30": "247.00000", "2018-03-31": "164.00000", "2017-12-31": "233.00000", "2017-09-30": "179.00000", "2017-06-30": "", "2017-03-31": "", "2016-12-31": "103.00000", "2016-09-30": "", "2016-06-30": "", "2016-03-31": "", "2015-12-31": "", "2015-09-30": "", "2015-06-30": "", "2015-03-31": "", "2014-12-31": "", "2014-09-30": "", "2014-06-30": "", "2014-03-31": "", "2013-12-31": "", "2013-09-30": "27.00000", "2013-06-30": "27.00000", "2013-03-31": "26.00000", "2012-12-31": "", "2012-09-30": "36.00000", "2012-06-30": "91.00000", "2012-03-31": "121.00000", "2011-12-31": "88.00000", "2011-09-30": "72.00000", "2011-06-30": "356.00000", "2011-03-31": "533.00000", "2010-12-31": "390.00000", "2010-09-30": "", "2010-06-30": "", "2010-03-31": "", "2009-12-31": "33.00000", "2009-09-30": "", "2009-06-30": "", "2009-03-31": "", "2008-12-31": "", "2008-09-30": "", "2008-06-30": "", "2008-03-31": "", "2007-12-31": "", "2007-09-30": "", "2007-06-30": "", "2007-03-31": "", "2006-12-31": "", "2006-09-30": "", "2006-06-30": "", "2006-03-31": "", "2005-12-31": "", "2005-09-30": "", "2005-06-30": "", "2005-03-31": ""}, "Other Current Assets": {"2020-09-30": "2724.00000", "2020-06-30": "2797.00000", "2020-03-31": "2127.00000", "2019-12-31": "2008.00000", "2019-09-30": "2248.00000", "2019-06-30": "2019.00000", "2019-03-31": "1986.00000", "2018-12-31": "1864.00000", "2018-09-30": "1652.00000", "2018-06-30": "1705.00000", "2018-03-31": "1716.00000", "2017-12-31": "1222.00000", "2017-09-30": "1128.00000", "2017-06-30": "1380.00000", "2017-03-31": "971.00000", "2016-12-31": "970.00000", "2016-09-30": "1212.00000", "2016-06-30": "1439.00000", "2016-03-31": "1373.00000", "2015-12-31": "1455.00000", "2015-09-30": "2025.00000", "2015-06-30": "2435.00000", "2015-03-31": "2264.00000", "2014-12-31": "2364.00000", "2014-09-30": "2738.00000", "2014-06-30": "2661.00000", "2014-03-31": "2009.00000", "2013-12-31": "1651.00000", "2013-09-30": "1520.00000", "2013-06-30": "1674.00000", "2013-03-31": "1381.00000", "2012-12-31": "1400.00000", "2012-09-30": "1295.00000", "2012-06-30": "1631.00000", "2012-03-31": "1592.00000", "2011-12-31": "1168.00000", "2011-09-30": "1470.00000", "2011-06-30": "1418.00000", "2011-03-31": "1127.00000", "2010-12-31": "1142.00000", "2010-09-30": "1391.00000", "2010-06-30": "1521.00000", "2010-03-31": "1408.00000", "2009-12-31": "1105.00000", "2009-09-30": "1247.00000", "2009-06-30": "1538.00000", "2009-03-31": "1752.00000", "2008-12-31": "1764.00000", "2008-09-30": "1550.00000", "2008-06-30": "1668.00000", "2008-03-31": "1148.00000", "2007-12-31": "1087.00000", "2007-09-30": "1345.00000", "2007-06-30": "1589.00000", "2007-03-31": "1406.00000", "2006-12-31": "1461.00000", "2006-09-30": "1635.00000", "2006-06-30": "2186.00000", "2006-03-31": "2203.00000", "2005-12-31": "2016.00000", "2005-09-30": "2475.00000", "2005-06-30": "1548.00000", "2005-03-31": "1632.00000"}, "Total Current Assets": {"2020-09-30": "5855.00000", "2020-06-30": "4796.00000", "2020-03-31": "4911.00000", "2019-12-31": "3560.00000", "2019-09-30": "4662.00000", "2019-06-30": "3936.00000", "2019-03-31": "3999.00000", "2018-12-31": "3359.00000", "2018-09-30": "3383.00000", "2018-06-30": "3257.00000", "2018-03-31": "2992.00000", "2017-12-31": "3729.00000", "2017-09-30": "2758.00000", "2017-06-30": "2546.00000", "2017-03-31": "2046.00000", "2016-12-31": "2123.00000", "2016-09-30": "2605.00000", "2016-06-30": "2659.00000", "2016-03-31": "2427.00000", "2015-12-31": "2654.00000", "2015-09-30": "3792.00000", "2015-06-30": "3906.00000", "2015-03-31": "3780.00000", "2014-12-31": "3567.00000", "2014-09-30": "4498.00000", "2014-06-30": "4551.00000", "2014-03-31": "3520.00000", "2013-12-31": "3312.00000", "2013-09-30": "3603.00000", "2013-06-30": "3022.00000", "2013-03-31": "2670.00000", "2012-12-31": "2672.00000", "2012-09-30": "4494.00000", "2012-06-30": "4438.00000", "2012-03-31": "4715.00000", "2011-12-31": "4484.00000", "2011-09-30": "4751.00000", "2011-06-30": "4337.00000", "2011-03-31": "4336.00000", "2010-12-31": "4422.00000", "2010-09-30": "5041.00000", "2010-06-30": "3857.00000", "2010-03-31": "4267.00000", "2009-12-31": "4430.00000", "2009-09-30": "5768.00000", "2009-06-30": "5923.00000", "2009-03-31": "6775.00000", "2008-12-31": "7353.00000", "2008-09-30": "7083.00000", "2008-06-30": "4681.00000", "2008-03-31": "4418.00000", "2007-12-31": "4244.00000", "2007-09-30": "5163.00000", "2007-06-30": "4991.00000", "2007-03-31": "5277.00000", "2006-12-31": "5482.00000", "2006-09-30": "6363.00000", "2006-06-30": "5625.00000", "2006-03-31": "5435.00000", "2005-12-31": "5959.00000", "2005-09-30": "7395.00000", "2005-06-30": "5548.00000", "2005-03-31": "5518.00000"}, "Property, Plant, And Equipment": {"2020-09-30": "46470.00000", "2020-06-30": "45553.00000", "2020-03-31": "44820.00000", "2019-12-31": "44285.00000", "2019-09-30": "43235.00000", "2019-06-30": "42414.00000", "2019-03-31": "41764.00000", "2018-12-31": "41348.00000", "2018-09-30": "40412.00000", "2018-06-30": "39831.00000", "2018-03-31": "39235.00000", "2017-12-31": "39050.00000", "2017-09-30": "37961.00000", "2017-06-30": "37512.00000", "2017-03-31": "37168.00000", "2016-12-31": "37000.00000", "2016-09-30": "36231.00000", "2016-06-30": "35777.00000", "2016-03-31": "35464.00000", "2015-12-31": "35085.00000", "2015-09-30": "34202.00000", "2015-06-30": "33726.00000", "2015-03-31": "33372.00000", "2014-12-31": "32981.00000", "2014-09-30": "32021.00000", "2014-06-30": "31364.00000", "2014-03-31": "30817.00000", "2013-12-31": "30455.00000", "2013-09-30": "29809.00000", "2013-06-30": "29376.00000", "2013-03-31": "30745.00000", "2012-12-31": "30273.00000", "2012-09-30": "33858.00000", "2012-06-30": "33243.00000", "2012-03-31": "32680.00000", "2011-12-31": "27644.00000", "2011-09-30": "32069.00000", "2011-06-30": "31460.00000", "2011-03-31": "25276.00000", "2010-12-31": "30184.00000", "2010-09-30": "23741.00000", "2010-06-30": "23044.00000", "2010-03-31": "22394.00000", "2009-12-31": "27113.00000", "2009-09-30": "20876.00000", "2009-06-30": "19771.00000", "2009-03-31": "19321.00000", "2008-12-31": "18969.00000", "2008-09-30": "18286.00000", "2008-06-30": "18052.00000", "2008-03-31": "17698.00000", "2007-12-31": "17403.00000", "2007-09-30": "16931.00000", "2007-06-30": "16544.00000", "2007-03-31": "16202.00000", "2006-12-31": "15913.00000", "2006-09-30": "15461.00000", "2006-06-30": "15122.00000", "2006-03-31": "14747.00000", "2005-12-31": "14469.00000", "2005-09-30": "14112.00000", "2005-06-30": "13797.00000", "2005-03-31": "13610.00000"}, "Long-Term Investments": {"2020-09-30": "85.00000", "2020-06-30": "84.00000", "2020-03-31": "74.00000", "2019-12-31": "64.00000", "2019-09-30": "89.00000", "2019-06-30": "83.00000", "2019-03-31": "76.00000", "2018-12-31": "63.00000", "2018-09-30": "59.00000", "2018-06-30": "84.00000", "2018-03-31": "81.00000", "2017-12-31": "73.00000", "2017-09-30": "72.00000", "2017-06-30": "87.00000", "2017-03-31": "89.00000", "2016-12-31": "83.00000", "2016-09-30": "76.00000", "2016-06-30": "203.00000", "2016-03-31": "208.00000", "2015-12-31": "203.00000", "2015-09-30": "208.00000", "2015-06-30": "210.00000", "2015-03-31": "217.00000", "2014-12-31": "207.00000", "2014-09-30": "204.00000", "2014-06-30": "202.00000", "2014-03-31": "220.00000", "2013-12-31": "207.00000", "2013-09-30": "201.00000", "2013-06-30": "196.00000", "2013-03-31": "201.00000", "2012-12-31": "186.00000", "2012-09-30": "733.00000", "2012-06-30": "750.00000", "2012-03-31": "743.00000", "2011-12-31": "213.00000", "2011-09-30": "800.00000", "2011-06-30": "783.00000", "2011-03-31": "776.00000", "2010-12-31": "782.00000", "2010-09-30": "832.00000", "2010-06-30": "766.00000", "2010-03-31": "787.00000", "2009-12-31": "467.00000", "2009-09-30": "5213.00000", "2009-06-30": "5824.00000", "2009-03-31": "8036.00000", "2008-12-31": "8159.00000", "2008-09-30": "8087.00000", "2008-06-30": "7917.00000", "2008-03-31": "7805.00000", "2007-12-31": "7747.00000", "2007-09-30": "7622.00000", "2007-06-30": "7420.00000", "2007-03-31": "7361.00000", "2006-12-31": "7250.00000", "2006-09-30": "7135.00000", "2006-06-30": "7114.00000", "2006-03-31": "7143.00000", "2005-12-31": "7107.00000", "2005-09-30": "7048.00000", "2005-06-30": "7163.00000", "2005-03-31": "7321.00000"}, "Goodwill And Intangible Assets": {"2020-09-30": "", "2020-06-30": "", "2020-03-31": "", "2019-12-31": "", "2019-09-30": "", "2019-06-30": "", "2019-03-31": "", "2018-12-31": "", "2018-09-30": "", "2018-06-30": "", "2018-03-31": "", "2017-12-31": "", "2017-09-30": "", "2017-06-30": "", "2017-03-31": "", "2016-12-31": "", "2016-09-30": "", "2016-06-30": "", "2016-03-31": "", "2015-12-31": "", "2015-09-30": "", "2015-06-30": "", "2015-03-31": "", "2014-12-31": "", "2014-09-30": "", "2014-06-30": "", "2014-03-31": "", "2013-12-31": "", "2013-09-30": "", "2013-06-30": "", "2013-03-31": "", "2012-12-31": "", "2012-09-30": "", "2012-06-30": "", "2012-03-31": "", "2011-12-31": "", "2011-09-30": "", "2011-06-30": "", "2011-03-31": "", "2010-12-31": "", "2010-09-30": "", "2010-06-30": "", "2010-03-31": "", "2009-12-31": "", "2009-09-30": "", "2009-06-30": "", "2009-03-31": "", "2008-12-31": "", "2008-09-30": "", "2008-06-30": "", "2008-03-31": "", "2007-12-31": "", "2007-09-30": "", "2007-06-30": "", "2007-03-31": "", "2006-12-31": "", "2006-09-30": "", "2006-06-30": "", "2006-03-31": "", "2005-12-31": "", "2005-09-30": "", "2005-06-30": "", "2005-03-31": ""}, "Other Long-Term Assets": {"2020-09-30": "3938.00000", "2020-06-30": "4852.00000", "2020-03-31": "4977.00000", "2019-12-31": "5130.00000", "2019-09-30": "5311.00000", "2019-06-30": "2456.00000", "2019-03-31": "2462.00000", "2018-12-31": "2445.00000", "2018-09-30": "333.00000", "2018-06-30": "332.00000", "2018-03-31": "369.00000", "2017-12-31": "374.00000", "2017-09-30": "358.00000", "2017-06-30": "377.00000", "2017-03-31": "411.00000", "2016-12-31": "416.00000", "2016-09-30": "425.00000", "2016-06-30": "422.00000", "2016-03-31": "442.00000", "2015-12-31": "444.00000", "2015-09-30": "559.00000", "2015-06-30": "552.00000", "2015-03-31": "576.00000", "2014-12-31": "568.00000", "2014-09-30": "682.00000", "2014-06-30": "662.00000", "2014-03-31": "893.00000", "2013-12-31": "937.00000", "2013-09-30": "738.00000", "2013-06-30": "758.00000", "2013-03-31": "775.00000", "2012-12-31": "793.00000", "2012-09-30": "1786.00000", "2012-06-30": "1723.00000", "2012-03-31": "1680.00000", "2011-12-31": "559.00000", "2011-09-30": "2173.00000", "2011-06-30": "2148.00000", "2011-03-31": "7704.00000", "2010-12-31": "2315.00000", "2010-09-30": "7378.00000", "2010-06-30": "7247.00000", "2010-03-31": "6986.00000", "2009-12-31": "2155.00000", "2009-09-30": "2806.00000", "2009-06-30": "2838.00000", "2009-03-31": "2625.00000", "2008-12-31": "2196.00000", "2008-09-30": "2475.00000", "2008-06-30": "2480.00000", "2008-03-31": "2109.00000", "2007-12-31": "2030.00000", "2007-09-30": "1881.00000", "2007-06-30": "1903.00000", "2007-03-31": "1705.00000", "2006-12-31": "1614.00000", "2006-09-30": "1497.00000", "2006-06-30": "1443.00000", "2006-03-31": "1319.00000", "2005-12-31": "1325.00000", "2005-09-30": "70.00000", "2005-06-30": "128.00000", "2005-03-31": "97.00000"}, "Total Long-Term Assets": {"2020-09-30": "61589.00000", "2020-06-30": "61583.00000", "2020-03-31": "60432.00000", "2019-12-31": "60129.00000", "2019-09-30": "58845.00000", "2019-06-30": "54843.00000", "2019-03-31": "53861.00000", "2018-12-31": "53356.00000", "2018-09-30": "50180.00000", "2018-06-30": "49563.00000", "2018-03-31": "48951.00000", "2017-12-31": "48851.00000", "2017-09-30": "50834.00000", "2017-06-30": "50207.00000", "2017-03-31": "49694.00000", "2016-12-31": "49196.00000", "2016-09-30": "48952.00000", "2016-06-30": "48538.00000", "2016-03-31": "48032.00000", "2015-12-31": "47575.00000", "2015-09-30": "47478.00000", "2015-06-30": "47333.00000", "2015-03-31": "46798.00000", "2014-12-31": "46167.00000", "2014-09-30": "44977.00000", "2014-06-30": "44313.00000", "2014-03-31": "43868.00000", "2013-12-31": "43334.00000", "2013-09-30": "43095.00000", "2013-06-30": "42005.00000", "2013-03-31": "42485.00000", "2012-12-31": "41722.00000", "2012-09-30": "46051.00000", "2012-06-30": "44950.00000", "2012-03-31": "44669.00000", "2011-12-31": "43555.00000", "2011-09-30": "42921.00000", "2011-06-30": "42738.00000", "2011-03-31": "41825.00000", "2010-12-31": "41108.00000", "2010-09-30": "40525.00000", "2010-06-30": "39198.00000", "2010-03-31": "38090.00000", "2009-12-31": "37014.00000", "2009-09-30": "37004.00000", "2009-06-30": "35958.00000", "2009-03-31": "37654.00000", "2008-12-31": "37262.00000", "2008-09-30": "34583.00000", "2008-06-30": "34324.00000", "2008-03-31": "33533.00000", "2007-12-31": "33279.00000", "2007-09-30": "32657.00000", "2007-06-30": "31992.00000", "2007-03-31": "31362.00000", "2006-12-31": "30779.00000", "2006-09-30": "29928.00000", "2006-06-30": "29526.00000", "2006-03-31": "29216.00000", "2005-12-31": "28832.00000", "2005-09-30": "28113.00000", "2005-06-30": "27989.00000", "2005-03-31": "27945.00000"}, "Total Assets": {"2020-09-30": "68556.00000", "2020-06-30": "67051.00000", "2020-03-31": "66026.00000", "2019-12-31": "64382.00000", "2019-09-30": "64212.00000", "2019-06-30": "59521.00000", "2019-03-31": "58793.00000", "2018-12-31": "56715.00000", "2018-09-30": "53563.00000", "2018-06-30": "52820.00000", "2018-03-31": "51943.00000", "2017-12-31": "52580.00000", "2017-09-30": "53592.00000", "2017-06-30": "52753.00000", "2017-03-31": "51740.00000", "2016-12-31": "51319.00000", "2016-09-30": "51557.00000", "2016-06-30": "51197.00000", "2016-03-31": "50459.00000", "2015-12-31": "50229.00000", "2015-09-30": "51270.00000", "2015-06-30": "51239.00000", "2015-03-31": "50578.00000", "2014-12-31": "49734.00000", "2014-09-30": "49475.00000", "2014-06-30": "48864.00000", "2014-03-31": "47388.00000", "2013-12-31": "46646.00000", "2013-09-30": "46698.00000", "2013-06-30": "45027.00000", "2013-03-31": "45155.00000", "2012-12-31": "44394.00000", "2012-09-30": "50545.00000", "2012-06-30": "49388.00000", "2012-03-31": "49384.00000", "2011-12-31": "48039.00000", "2011-09-30": "47672.00000", "2011-06-30": "47075.00000", "2011-03-31": "46161.00000", "2010-12-31": "45530.00000", "2010-09-30": "45566.00000", "2010-06-30": "43055.00000", "2010-03-31": "42357.00000", "2009-12-31": "41444.00000", "2009-09-30": "42772.00000", "2009-06-30": "41881.00000", "2009-03-31": "44429.00000", "2008-12-31": "44615.00000", "2008-09-30": "41666.00000", "2008-06-30": "39005.00000", "2008-03-31": "37951.00000", "2007-12-31": "37523.00000", "2007-09-30": "37820.00000", "2007-06-30": "36983.00000", "2007-03-31": "36639.00000", "2006-12-31": "36261.00000", "2006-09-30": "36291.00000", "2006-06-30": "35151.00000", "2006-03-31": "34651.00000", "2005-12-31": "34791.00000", "2005-09-30": "35508.00000", "2005-06-30": "33537.00000", "2005-03-31": "33463.00000"}, "Total Current Liabilities": {"2020-09-30": "8616.00000", "2020-06-30": "5899.00000", "2020-03-31": "6248.00000", "2019-12-31": "5523.00000", "2019-09-30": "6003.00000", "2019-06-30": "5665.00000", "2019-03-31": "5375.00000", "2018-12-31": "5395.00000", "2018-09-30": "4719.00000", "2018-06-30": "4922.00000", "2018-03-31": "4647.00000", "2017-12-31": "7068.00000", "2017-09-30": "5409.00000", "2017-06-30": "4602.00000", "2017-03-31": "4416.00000", "2016-12-31": "5912.00000", "2016-09-30": "5342.00000", "2016-06-30": "5149.00000", "2016-03-31": "4233.00000", "2015-12-31": "4927.00000", "2015-09-30": "5239.00000", "2015-06-30": "4836.00000", "2015-03-31": "4571.00000", "2014-12-31": "5479.00000", "2014-09-30": "5849.00000", "2014-06-30": "5773.00000", "2014-03-31": "4557.00000", "2013-12-31": "4881.00000", "2013-09-30": "5389.00000", "2013-06-30": "4888.00000", "2013-03-31": "4279.00000", "2012-12-31": "3744.00000", "2012-09-30": "4274.00000", "2012-06-30": "4223.00000", "2012-03-31": "3675.00000", "2011-12-31": "4348.00000", "2011-09-30": "4161.00000", "2011-06-30": "3882.00000", "2011-03-31": "3693.00000", "2010-12-31": "3952.00000", "2010-09-30": "3887.00000", "2010-06-30": "3613.00000", "2010-03-31": "3257.00000", "2009-12-31": "3787.00000", "2009-09-30": "4959.00000", "2009-06-30": "4080.00000", "2009-03-31": "5840.00000", "2008-12-31": "6697.00000", "2008-09-30": "6127.00000", "2008-06-30": "5274.00000", "2008-03-31": "4392.00000", "2007-12-31": "4256.00000", "2007-09-30": "4618.00000", "2007-06-30": "4279.00000", "2007-03-31": "4196.00000", "2006-12-31": "4303.00000", "2006-09-30": "5016.00000", "2006-06-30": "4365.00000", "2006-03-31": "4065.00000", "2005-12-31": "4959.00000", "2005-09-30": "6101.00000", "2005-06-30": "4620.00000", "2005-03-31": "4500.00000"}, "Long Term Debt": {"2020-09-30": "18958.00000", "2020-06-30": "19238.00000", "2020-03-31": "19125.00000", "2019-12-31": "17864.00000", "2019-09-30": "17066.00000", "2019-06-30": "15883.00000", "2019-03-31": "15683.00000", "2018-12-31": "14632.00000", "2018-09-30": "14629.00000", "2018-06-30": "13845.00000", "2018-03-31": "13367.00000", "2017-12-31": "11642.00000", "2017-09-30": "11638.00000", "2017-06-30": "11662.00000", "2017-03-31": "11662.00000", "2016-12-31": "10175.00000", "2016-09-30": "10407.00000", "2016-06-30": "10845.00000", "2016-03-31": "11243.00000", "2015-12-31": "10883.00000", "2015-09-30": "10957.00000", "2015-06-30": "11265.00000", "2015-03-31": "11133.00000", "2014-12-31": "10234.00000", "2014-09-30": "10133.00000", "2014-06-30": "9926.00000", "2014-03-31": "9825.00000", "2013-12-31": "9825.00000", "2013-09-30": "9232.00000", "2013-06-30": "8830.00000", "2013-03-31": "8829.00000", "2012-12-31": "9231.00000", "2012-09-30": "13708.00000", "2012-06-30": "13658.00000", "2012-03-31": "14131.00000", "2011-12-31": "8834.00000", "2011-09-30": "13010.00000", "2011-06-30": "12956.00000", "2011-03-31": "12522.00000", "2010-12-31": "12371.00000", "2010-09-30": "12117.00000", "2010-06-30": "11113.00000", "2010-03-31": "11025.00000", "2009-12-31": "10437.00000", "2009-09-30": "10448.00000", "2009-06-30": "11276.00000", "2009-03-31": "11198.00000", "2008-12-31": "10950.00000", "2008-09-30": "10523.00000", "2008-06-30": "9292.00000", "2008-03-31": "9325.00000", "2007-12-31": "9016.00000", "2007-09-30": "9056.00000", "2007-06-30": "9091.00000", "2007-03-31": "9091.00000", "2006-12-31": "9101.00000", "2006-09-30": "8983.00000", "2006-06-30": "9232.00000", "2006-03-31": "9045.00000", "2005-12-31": "8833.00000", "2005-09-30": "8953.00000", "2005-06-30": "8872.00000", "2005-03-31": "9366.00000"}, "Other Non-Current Liabilities": {"2020-09-30": "18629.00000", "2020-06-30": "18910.00000", "2020-03-31": "18663.00000", "2019-12-31": "19134.00000", "2019-09-30": "19291.00000", "2019-06-30": "18706.00000", "2019-03-31": "18686.00000", "2018-12-31": "18591.00000", "2018-09-30": "13986.00000", "2018-06-30": "14401.00000", "2018-03-31": "14446.00000", "2017-12-31": "14475.00000", "2017-09-30": "11403.00000", "2017-06-30": "11591.00000", "2017-03-31": "11532.00000", "2016-12-31": "11359.00000", "2016-09-30": "11850.00000", "2016-06-30": "11789.00000", "2016-03-31": "11878.00000", "2015-12-31": "11786.00000", "2015-09-30": "11570.00000", "2015-06-30": "12013.00000", "2015-03-31": "12182.00000", "2014-12-31": "12017.00000", "2014-09-30": "12519.00000", "2014-06-30": "12726.00000", "2014-03-31": "12207.00000", "2013-12-31": "11525.00000", "2013-09-30": "11746.00000", "2013-06-30": "11561.00000", "2013-03-31": "11736.00000", "2012-12-31": "11383.00000", "2012-09-30": "11806.00000", "2012-06-30": "11157.00000", "2012-03-31": "11315.00000", "2011-12-31": "9713.00000", "2011-09-30": "10070.00000", "2011-06-30": "10223.00000", "2011-03-31": "9927.00000", "2010-12-31": "9706.00000", "2010-09-30": "10874.00000", "2010-06-30": "10378.00000", "2010-03-31": "10380.00000", "2009-12-31": "9717.00000", "2009-09-30": "8748.00000", "2009-06-30": "8334.00000", "2009-03-31": "7631.00000", "2008-12-31": "7573.00000", "2008-09-30": "7637.00000", "2008-06-30": "8329.00000", "2008-03-31": "8117.00000", "2007-12-31": "8198.00000", "2007-09-30": "7961.00000", "2007-06-30": "7791.00000", "2007-03-31": "7663.00000", "2006-12-31": "7444.00000", "2006-09-30": "7209.00000", "2006-06-30": "6981.00000", "2006-03-31": "7251.00000", "2005-12-31": "7219.00000", "2005-09-30": "7269.00000", "2005-06-30": "7038.00000", "2005-03-31": "6933.00000"}, "Total Long Term Liabilities": {"2020-09-30": "44291.00000", "2020-06-30": "44706.00000", "2020-03-31": "44234.00000", "2019-12-31": "43363.00000", "2019-09-30": "42856.00000", "2019-06-30": "40943.00000", "2019-03-31": "40699.00000", "2018-12-31": "38668.00000", "2018-09-30": "34555.00000", "2018-06-30": "33926.00000", "2018-03-31": "33407.00000", "2017-12-31": "31646.00000", "2017-09-30": "33573.00000", "2017-06-30": "33351.00000", "2017-03-31": "33082.00000", "2016-12-31": "31220.00000", "2016-09-30": "32210.00000", "2016-06-30": "32300.00000", "2016-03-31": "32595.00000", "2015-12-31": "31914.00000", "2015-09-30": "32411.00000", "2015-06-30": "33056.00000", "2015-03-31": "32909.00000", "2014-12-31": "31273.00000", "2014-09-30": "30868.00000", "2014-06-30": "30688.00000", "2014-03-31": "30829.00000", "2013-12-31": "30074.00000", "2013-09-30": "29867.00000", "2013-06-30": "29031.00000", "2013-03-31": "29567.00000", "2012-12-31": "29459.00000", "2012-09-30": "34251.00000", "2012-06-30": "33220.00000", "2012-03-31": "34102.00000", "2011-12-31": "32605.00000", "2011-09-30": "31465.00000", "2011-06-30": "31436.00000", "2011-03-31": "30759.00000", "2010-12-31": "30084.00000", "2010-09-30": "30133.00000", "2010-06-30": "28347.00000", "2010-03-31": "28117.00000", "2009-12-31": "26651.00000", "2009-09-30": "26808.00000", "2009-06-30": "27029.00000", "2009-03-31": "27637.00000", "2008-12-31": "27209.00000", "2008-09-30": "25351.00000", "2008-06-30": "24357.00000", "2008-03-31": "24170.00000", "2007-12-31": "23908.00000", "2007-09-30": "23898.00000", "2007-06-30": "23754.00000", "2007-03-31": "23528.00000", "2006-12-31": "23334.00000", "2006-09-30": "22822.00000", "2006-06-30": "22787.00000", "2006-03-31": "22771.00000", "2005-12-31": "22498.00000", "2005-09-30": "22312.00000", "2005-06-30": "22167.00000", "2005-03-31": "22734.00000"}, "Total Liabilities": {"2020-09-30": "52907.00000", "2020-06-30": "50605.00000", "2020-03-31": "50482.00000", "2019-12-31": "48886.00000", "2019-09-30": "48859.00000", "2019-06-30": "46608.00000", "2019-03-31": "46074.00000", "2018-12-31": "44063.00000", "2018-09-30": "39274.00000", "2018-06-30": "38848.00000", "2018-03-31": "38054.00000", "2017-12-31": "38714.00000", "2017-09-30": "38982.00000", "2017-06-30": "37953.00000", "2017-03-31": "37498.00000", "2016-12-31": "37132.00000", "2016-09-30": "37552.00000", "2016-06-30": "37449.00000", "2016-03-31": "36828.00000", "2015-12-31": "36841.00000", "2015-09-30": "37650.00000", "2015-06-30": "37892.00000", "2015-03-31": "37480.00000", "2014-12-31": "36752.00000", "2014-09-30": "36717.00000", "2014-06-30": "36461.00000", "2014-03-31": "35386.00000", "2013-12-31": "34955.00000", "2013-09-30": "35256.00000", "2013-06-30": "33919.00000", "2013-03-31": "33846.00000", "2012-12-31": "33203.00000", "2012-09-30": "38525.00000", "2012-06-30": "37443.00000", "2012-03-31": "37777.00000", "2011-12-31": "36953.00000", "2011-09-30": "35626.00000", "2011-06-30": "35318.00000", "2011-03-31": "34452.00000", "2010-12-31": "34036.00000", "2010-09-30": "34020.00000", "2010-06-30": "31960.00000", "2010-03-31": "31374.00000", "2009-12-31": "30438.00000", "2009-09-30": "31767.00000", "2009-06-30": "31109.00000", "2009-03-31": "33477.00000", "2008-12-31": "33906.00000", "2008-09-30": "31478.00000", "2008-06-30": "29631.00000", "2008-03-31": "28562.00000", "2007-12-31": "28164.00000", "2007-09-30": "28516.00000", "2007-06-30": "28033.00000", "2007-03-31": "27724.00000", "2006-12-31": "27637.00000", "2006-09-30": "27838.00000", "2006-06-30": "27152.00000", "2006-03-31": "26836.00000", "2005-12-31": "27457.00000", "2005-09-30": "28413.00000", "2005-06-30": "26787.00000", "2005-03-31": "27234.00000"}, "Common Stock Net": {"2020-09-30": "5930.00000", "2020-06-30": "5908.00000", "2020-03-31": "5085.00000", "2019-12-31": "4990.00000", "2019-09-30": "4746.00000", "2019-06-30": "2555.00000", "2019-03-31": "2550.00000", "2018-12-31": "2545.00000", "2018-09-30": "2541.00000", "2018-06-30": "2537.00000", "2018-03-31": "2531.00000", "2017-12-31": "2526.00000", "2017-09-30": "2520.00000", "2017-06-30": "2515.00000", "2017-03-31": "2510.00000", "2016-12-31": "2505.00000", "2016-09-30": "2503.00000", "2016-06-30": "2499.00000", "2016-03-31": "2491.00000", "2015-12-31": "2484.00000", "2015-09-30": "2475.00000", "2015-06-30": "2472.00000", "2015-03-31": "2460.00000", "2014-12-31": "2445.00000", "2014-09-30": "2445.00000", "2014-06-30": "2434.00000", "2014-03-31": "2417.00000", "2013-12-31": "2403.00000", "2013-09-30": "2397.00000", "2013-06-30": "2388.00000", "2013-03-31": "2380.00000", "2012-12-31": "2373.00000", "2012-09-30": "2385.00000", "2012-06-30": "2371.00000", "2012-03-31": "2325.00000", "2011-12-31": "2360.00000", "2011-09-30": "2346.00000", "2011-06-30": "2347.00000", "2011-03-31": "2340.00000", "2010-12-31": "2331.00000", "2010-09-30": "2325.00000", "2010-06-30": "2315.00000", "2010-03-31": "2311.00000", "2009-12-31": "2304.00000", "2009-09-30": "2294.00000", "2009-06-30": "2285.00000", "2009-03-31": "2278.00000", "2008-12-31": "2272.00000", "2008-09-30": "2263.00000", "2008-06-30": "2253.00000", "2008-03-31": "2238.00000", "2007-12-31": "2225.00000", "2007-09-30": "2116.00000", "2007-06-30": "2106.00000", "2007-03-31": "2082.00000", "2006-12-31": "2080.00000", "2006-09-30": "2058.00000", "2006-06-30": "2042.00000", "2006-03-31": "2023.00000", "2005-12-31": "2043.00000", "2005-09-30": "2004.00000", "2005-06-30": "1993.00000", "2005-03-31": "1985.00000"}, "Retained Earnings (Accumulated Deficit)": {"2020-09-30": "7881.00000", "2020-06-30": "8410.00000", "2020-03-31": "8333.00000", "2019-12-31": "8382.00000", "2019-09-30": "8469.00000", "2019-06-30": "8222.00000", "2019-03-31": "8034.00000", "2018-12-31": "7964.00000", "2018-09-30": "9597.00000", "2018-06-30": "9286.00000", "2018-03-31": "9211.00000", "2017-12-31": "9188.00000", "2017-09-30": "9944.00000", "2017-06-30": "9679.00000", "2017-03-31": "9590.00000", "2016-12-31": "9544.00000", "2016-09-30": "9362.00000", "2016-06-30": "9111.00000", "2016-03-31": "9002.00000", "2015-12-31": "8940.00000", "2015-09-30": "9180.00000", "2015-06-30": "8909.00000", "2015-03-31": "8675.00000", "2014-12-31": "8573.00000", "2014-09-30": "8314.00000", "2014-06-30": "7960.00000", "2014-03-31": "7573.00000", "2013-12-31": "7548.00000", "2013-09-30": "7371.00000", "2013-06-30": "7049.00000", "2013-03-31": "7262.00000", "2012-12-31": "7146.00000", "2012-09-30": "7806.00000", "2012-06-30": "7730.00000", "2012-03-31": "7783.00000", "2011-12-31": "7834.00000", "2011-09-30": "8793.00000", "2011-06-30": "8476.00000", "2011-03-31": "8413.00000", "2010-12-31": "8328.00000", "2010-09-30": "8283.00000", "2010-06-30": "7879.00000", "2010-03-31": "7642.00000", "2009-12-31": "7500.00000", "2009-09-30": "7401.00000", "2009-06-30": "7101.00000", "2009-03-31": "7219.00000", "2008-12-31": "7078.00000", "2008-09-30": "6964.00000", "2008-06-30": "6629.00000", "2008-03-31": "6486.00000", "2007-12-31": "6311.00000", "2007-09-30": "6306.00000", "2007-06-30": "5947.00000", "2007-03-31": "5994.00000", "2006-12-31": "5551.00000", "2006-09-30": "5380.00000", "2006-06-30": "5022.00000", "2006-03-31": "4945.00000", "2005-12-31": "4798.00000", "2005-09-30": "4665.00000", "2005-06-30": "4296.00000", "2005-03-31": "4194.00000"}, "Comprehensive Income": {"2020-09-30": "-63.00000", "2020-06-30": "-65.00000", "2020-03-31": "-67.00000", "2019-12-31": "-69.00000", "2019-09-30": "-55.00000", "2019-06-30": "-57.00000", "2019-03-31": "-58.00000", "2018-12-31": "-50.00000", "2018-09-30": "-42.00000", "2018-06-30": "-44.00000", "2018-03-31": "-46.00000", "2017-12-31": "-43.00000", "2017-09-30": "-48.00000", "2017-06-30": "-48.00000", "2017-03-31": "-49.00000", "2016-12-31": "-53.00000", "2016-09-30": "-51.00000", "2016-06-30": "-53.00000", "2016-03-31": "-54.00000", "2015-12-31": "-56.00000", "2015-09-30": "-55.00000", "2015-06-30": "-56.00000", "2015-03-31": "-59.00000", "2014-12-31": "-58.00000", "2014-09-30": "-23.00000", "2014-06-30": "-13.00000", "2014-03-31": "-11.00000", "2013-12-31": "-13.00000", "2013-09-30": "-79.00000", "2013-06-30": "-82.00000", "2013-03-31": "-87.00000", "2012-12-31": "-87.00000", "2012-09-30": "-168.00000", "2012-06-30": "-156.00000", "2012-03-31": "-118.00000", "2011-12-31": "-139.00000", "2011-09-30": "-124.00000", "2011-06-30": "-97.00000", "2011-03-31": "-77.00000", "2010-12-31": "-76.00000", "2010-09-30": "26.00000", "2010-06-30": "-12.00000", "2010-03-31": "116.00000", "2009-12-31": "37.00000", "2009-09-30": "128.00000", "2009-06-30": "204.00000", "2009-03-31": "271.00000", "2008-12-31": "167.00000", "2008-09-30": "54.00000", "2008-06-30": "-415.00000", "2008-03-31": "-242.00000", "2007-12-31": "-92.00000", "2007-09-30": "-33.00000", "2007-06-30": "-18.00000", "2007-03-31": "-76.00000", "2006-12-31": "78.00000", "2006-09-30": "100.00000", "2006-06-30": "20.00000", "2006-03-31": "-69.00000", "2005-12-31": "-226.00000", "2005-09-30": "-303.00000", "2005-06-30": "-68.00000", "2005-03-31": "-79.00000"}, "Other Share Holders Equity": {"2020-09-30": "", "2020-06-30": "", "2020-03-31": "", "2019-12-31": "", "2019-09-30": "", "2019-06-30": "", "2019-03-31": "", "2018-12-31": "", "2018-09-30": "", "2018-06-30": "", "2018-03-31": "", "2017-12-31": "", "2017-09-30": "", "2017-06-30": "", "2017-03-31": "", "2016-12-31": "", "2016-09-30": "", "2016-06-30": "", "2016-03-31": "", "2015-12-31": "", "2015-09-30": "", "2015-06-30": "", "2015-03-31": "", "2014-12-31": "", "2014-09-30": "", "2014-06-30": "", "2014-03-31": "", "2013-12-31": "", "2013-09-30": "", "2013-06-30": "", "2013-03-31": "", "2012-12-31": "", "2012-09-30": "", "2012-06-30": "", "2012-03-31": "", "2011-12-31": "", "2011-09-30": "", "2011-06-30": "", "2011-03-31": "", "2010-12-31": "", "2010-09-30": "", "2010-06-30": "", "2010-03-31": "", "2009-12-31": "", "2009-09-30": "", "2009-06-30": "", "2009-03-31": "", "2008-12-31": "", "2008-09-30": "", "2008-06-30": "", "2008-03-31": "", "2007-12-31": "", "2007-09-30": "", "2007-06-30": "", "2007-03-31": "", "2006-12-31": "", "2006-09-30": "", "2006-06-30": "", "2006-03-31": "", "2005-12-31": "", "2005-09-30": "", "2005-06-30": "", "2005-03-31": ""}, "Share Holder Equity": {"2020-09-30": "15649.00000", "2020-06-30": "16446.00000", "2020-03-31": "15544.00000", "2019-12-31": "15496.00000", "2019-09-30": "15353.00000", "2019-06-30": "12913.00000", "2019-03-31": "12719.00000", "2018-12-31": "12652.00000", "2018-09-30": "14289.00000", "2018-06-30": "13972.00000", "2018-03-31": "13889.00000", "2017-12-31": "13866.00000", "2017-09-30": "14610.00000", "2017-06-30": "14800.00000", "2017-03-31": "14242.00000", "2016-12-31": "14187.00000", "2016-09-30": "14005.00000", "2016-06-30": "13748.00000", "2016-03-31": "13631.00000", "2015-12-31": "13388.00000", "2015-09-30": "13620.00000", "2015-06-30": "13347.00000", "2015-03-31": "13098.00000", "2014-12-31": "12982.00000", "2014-09-30": "12758.00000", "2014-06-30": "12403.00000", "2014-03-31": "12002.00000", "2013-12-31": "11691.00000", "2013-09-30": "11442.00000", "2013-06-30": "11108.00000", "2013-03-31": "11309.00000", "2012-12-31": "11191.00000", "2012-09-30": "12020.00000", "2012-06-30": "11945.00000", "2012-03-31": "11607.00000", "2011-12-31": "11086.00000", "2011-09-30": "12046.00000", "2011-06-30": "11757.00000", "2011-03-31": "11709.00000", "2010-12-31": "11494.00000", "2010-09-30": "11546.00000", "2010-06-30": "11095.00000", "2010-03-31": "10983.00000", "2009-12-31": "11006.00000", "2009-09-30": "11005.00000", "2009-06-30": "10772.00000", "2009-03-31": "10952.00000", "2008-12-31": "10709.00000", "2008-09-30": "10188.00000", "2008-06-30": "9374.00000", "2008-03-31": "9389.00000", "2007-12-31": "9359.00000", "2007-09-30": "9304.00000", "2007-06-30": "8950.00000", "2007-03-31": "8915.00000", "2006-12-31": "8624.00000", "2006-09-30": "8453.00000", "2006-06-30": "7999.00000", "2006-03-31": "7815.00000", "2005-12-31": "7334.00000", "2005-09-30": "7095.00000", "2005-06-30": "6750.00000", "2005-03-31": "6229.00000"}, "Total Liabilities And Share Holders Equity": {"2020-09-30": "68556.00000", "2020-06-30": "67051.00000", "2020-03-31": "66026.00000", "2019-12-31": "64382.00000", "2019-09-30": "64212.00000", "2019-06-30": "59521.00000", "2019-03-31": "58793.00000", "2018-12-31": "56715.00000", "2018-09-30": "53563.00000", "2018-06-30": "52820.00000", "2018-03-31": "51943.00000", "2017-12-31": "52580.00000", "2017-09-30": "53592.00000", "2017-06-30": "52753.00000", "2017-03-31": "51740.00000", "2016-12-31": "51319.00000", "2016-09-30": "51557.00000", "2016-06-30": "51197.00000", "2016-03-31": "50459.00000", "2015-12-31": "50229.00000", "2015-09-30": "51270.00000", "2015-06-30": "51239.00000", "2015-03-31": "50578.00000", "2014-12-31": "49734.00000", "2014-09-30": "49475.00000", "2014-06-30": "48864.00000", "2014-03-31": "47388.00000", "2013-12-31": "46646.00000", "2013-09-30": "46698.00000", "2013-06-30": "45027.00000", "2013-03-31": "45155.00000", "2012-12-31": "44394.00000", "2012-09-30": "50545.00000", "2012-06-30": "49388.00000", "2012-03-31": "49384.00000", "2011-12-31": "48039.00000", "2011-09-30": "47672.00000", "2011-06-30": "47075.00000", "2011-03-31": "46161.00000", "2010-12-31": "45530.00000", "2010-09-30": "45566.00000", "2010-06-30": "43055.00000", "2010-03-31": "42357.00000", "2009-12-31": "41444.00000", "2009-09-30": "42772.00000", "2009-06-30": "41881.00000", "2009-03-31": "44429.00000", "2008-12-31": "44615.00000", "2008-09-30": "41666.00000", "2008-06-30": "39005.00000", "2008-03-31": "37951.00000", "2007-12-31": "37523.00000", "2007-09-30": "37820.00000", "2007-06-30": "36983.00000", "2007-03-31": "36639.00000", "2006-12-31": "36261.00000", "2006-09-30": "36291.00000", "2006-06-30": "35151.00000", "2006-03-31": "34651.00000", "2005-12-31": "34791.00000", "2005-09-30": "35508.00000", "2005-06-30": "33537.00000", "2005-03-31": "33463.00000"}}, "cash flow statement": {"Net Income/Loss": {"2019-12-31": "1405.00000", "2018-12-31": "-316.00000", "2017-12-31": "668.00000", "2016-12-31": "1425.00000", "2015-12-31": "1117.00000", "2014-12-31": "1721.00000", "2013-12-31": "1015.00000", "2012-12-31": "-92.00000", "2011-12-31": "22.00000", "2010-12-31": "1308.00000", "2009-12-31": "945.00000", "2008-12-31": "1348.00000", "2007-12-31": "1305.00000", "2006-12-31": "1181.00000", "2005-12-31": "1137.00000"}, "Total Depreciation And Amortization - Cash Flow": {"2019-12-31": "1955.00000", "2018-12-31": "1940.00000", "2017-12-31": "2115.00000", "2016-12-31": "2098.00000", "2015-12-31": "2005.00000", "2014-12-31": "1815.00000", "2013-12-31": "1696.00000", "2012-12-31": "1634.00000", "2011-12-31": "1427.00000", "2010-12-31": "1380.00000", "2009-12-31": "1538.00000", "2008-12-31": "1419.00000", "2007-12-31": "1292.00000", "2006-12-31": "1204.00000", "2005-12-31": "1168.00000"}, "Other Non-Cash Items": {"2019-12-31": "-2629.00000", "2018-12-31": "-552.00000", "2017-12-31": "1183.00000", "2016-12-31": "-76.00000", "2015-12-31": "128.00000", "2014-12-31": "224.00000", "2013-12-31": "902.00000", "2012-12-31": "1160.00000", "2011-12-31": "2557.00000", "2010-12-31": "1615.00000", "2009-12-31": "-445.00000", "2008-12-31": "97.00000", "2007-12-31": "-59.00000", "2006-12-31": "755.00000", "2005-12-31": "153.00000"}, "Total Non-Cash Items": {"2019-12-31": "-674.00000", "2018-12-31": "1388.00000", "2017-12-31": "3298.00000", "2016-12-31": "2022.00000", "2015-12-31": "2133.00000", "2014-12-31": "2039.00000", "2013-12-31": "2598.00000", "2012-12-31": "2794.00000", "2011-12-31": "3984.00000", "2010-12-31": "2995.00000", "2009-12-31": "1093.00000", "2008-12-31": "1516.00000", "2007-12-31": "1233.00000", "2006-12-31": "1959.00000", "2005-12-31": "1321.00000"}, "Change In Accounts Receivable": {"2019-12-31": "-76.00000", "2018-12-31": "-39.00000", "2017-12-31": "6.00000", "2016-12-31": "50.00000", "2015-12-31": "21.00000", "2014-12-31": "64.00000", "2013-12-31": "-56.00000", "2012-12-31": "-13.00000", "2011-12-31": "-46.00000", "2010-12-31": "-195.00000", "2009-12-31": "80.00000", "2008-12-31": "128.00000", "2007-12-31": "8.00000", "2006-12-31": "208.00000", "2005-12-31": "-321.00000"}, "Change In Inventories": {"2019-12-31": "-83.00000", "2018-12-31": "-49.00000", "2017-12-31": "-12.00000", "2016-12-31": "8.00000", "2015-12-31": "14.00000", "2014-12-31": "-25.00000", "2013-12-31": "80.00000", "2012-12-31": "10.00000", "2011-12-31": "-18.00000", "2010-12-31": "-11.00000", "2009-12-31": "20.00000", "2008-12-31": "-114.00000", "2007-12-31": "-41.00000", "2006-12-31": "-68.00000", "2005-12-31": "-47.00000"}, "Change In Accounts Payable": {"2019-12-31": "288.00000", "2018-12-31": "-31.00000", "2017-12-31": "50.00000", "2016-12-31": "35.00000", "2015-12-31": "8.00000", "2014-12-31": "14.00000", "2013-12-31": "45.00000", "2012-12-31": "14.00000", "2011-12-31": "45.00000", "2010-12-31": "2.00000", "2009-12-31": "152.00000", "2008-12-31": "-160.00000", "2007-12-31": "28.00000", "2006-12-31": "-137.00000", "2005-12-31": "203.00000"}, "Change In Assets/Liabilities": {"2019-12-31": "-1255.00000", "2018-12-31": "2192.00000", "2017-12-31": "-163.00000", "2016-12-31": "-280.00000", "2015-12-31": "1216.00000", "2014-12-31": "-465.00000", "2013-12-31": "-623.00000", "2012-12-31": "432.00000", "2011-12-31": "-256.00000", "2010-12-31": "-244.00000", "2009-12-31": "979.00000", "2008-12-31": "-797.00000", "2007-12-31": "664.00000", "2006-12-31": "742.00000", "2005-12-31": "-82.00000"}, "Total Change In Assets/Liabilities": {"2019-12-31": "-1038.00000", "2018-12-31": "2105.00000", "2017-12-31": "-369.00000", "2016-12-31": "-193.00000", "2015-12-31": "1259.00000", "2014-12-31": "-512.00000", "2013-12-31": "-646.00000", "2012-12-31": "632.00000", "2011-12-31": "-275.00000", "2010-12-31": "-826.00000", "2009-12-31": "1007.00000", "2008-12-31": "-603.00000", "2007-12-31": "706.00000", "2006-12-31": "622.00000", "2005-12-31": "-211.00000"}, "Cash Flow From Operating Activities": {"2019-12-31": "-307.00000", "2018-12-31": "3177.00000", "2017-12-31": "3597.00000", "2016-12-31": "3254.00000", "2015-12-31": "4509.00000", "2014-12-31": "3248.00000", "2013-12-31": "2967.00000", "2012-12-31": "3334.00000", "2011-12-31": "3906.00000", "2010-12-31": "3477.00000", "2009-12-31": "3045.00000", "2008-12-31": "2261.00000", "2007-12-31": "3244.00000", "2006-12-31": "3762.00000", "2005-12-31": "2247.00000"}, "Net Change In Property, Plant, And Equipment": {"2019-12-31": "-4877.00000", "2018-12-31": "-4509.00000", "2017-12-31": "-3844.00000", "2016-12-31": "-3749.00000", "2015-12-31": "-4225.00000", "2014-12-31": "-3906.00000", "2013-12-31": "-3418.00000", "2012-12-31": "-4035.00000", "2011-12-31": "-4122.00000", "2010-12-31": "-3780.00000", "2009-12-31": "-1862.00000", "2008-12-31": "-2711.00000", "2007-12-31": "-2824.00000", "2006-12-31": "-2447.00000", "2005-12-31": "-1858.00000"}, "Net Change In Intangible Assets": {"2019-12-31": "", "2018-12-31": "", "2017-12-31": "", "2016-12-31": "", "2015-12-31": "", "2014-12-31": "", "2013-12-31": "", "2012-12-31": "", "2011-12-31": "", "2010-12-31": "", "2009-12-31": "", "2008-12-31": "", "2007-12-31": "", "2006-12-31": "", "2005-12-31": ""}, "Net Acquisitions/Divestitures": {"2019-12-31": "", "2018-12-31": "78.00000", "2017-12-31": "", "2016-12-31": "", "2015-12-31": "", "2014-12-31": "", "2013-12-31": "", "2012-12-31": "", "2011-12-31": "", "2010-12-31": "", "2009-12-31": "-22.00000", "2008-12-31": "-19.00000", "2007-12-31": "-33.00000", "2006-12-31": "-18.00000", "2005-12-31": "-30.00000"}, "Net Change In Short-term Investments": {"2019-12-31": "", "2018-12-31": "", "2017-12-31": "", "2016-12-31": "", "2015-12-31": "", "2014-12-31": "", "2013-12-31": "", "2012-12-31": "", "2011-12-31": "", "2010-12-31": "", "2009-12-31": "", "2008-12-31": "74.00000", "2007-12-31": "477.00000", "2006-12-31": "-346.00000", "2005-12-31": "-71.00000"}, "Net Change In Long-Term Investments": {"2019-12-31": "106.00000", "2018-12-31": "109.00000", "2017-12-31": "197.00000", "2016-12-31": "179.00000", "2015-12-31": "374.00000", "2014-12-31": "-44.00000", "2013-12-31": "-98.00000", "2012-12-31": "-215.00000", "2011-12-31": "-167.00000", "2010-12-31": "-201.00000", "2009-12-31": "-475.00000", "2008-12-31": "-289.00000", "2007-12-31": "-91.00000", "2006-12-31": "-115.00000", "2005-12-31": "40.00000"}, "Net Change In Investments - Total": {"2019-12-31": "106.00000", "2018-12-31": "109.00000", "2017-12-31": "197.00000", "2016-12-31": "179.00000", "2015-12-31": "374.00000", "2014-12-31": "-44.00000", "2013-12-31": "-98.00000", "2012-12-31": "-215.00000", "2011-12-31": "-167.00000", "2010-12-31": "-201.00000", "2009-12-31": "-475.00000", "2008-12-31": "-215.00000", "2007-12-31": "386.00000", "2006-12-31": "-461.00000", "2005-12-31": "-31.00000"}, "Investing Activities - Other": {"2019-12-31": "93.00000", "2018-12-31": "83.00000", "2017-12-31": "61.00000", "2016-12-31": "167.00000", "2015-12-31": "-41.00000", "2014-12-31": "43.00000", "2013-12-31": "-56.00000", "2012-12-31": "-1033.00000", "2011-12-31": "-644.00000", "2010-12-31": "-833.00000", "2009-12-31": "", "2008-12-31": "", "2007-12-31": "-199.00000", "2006-12-31": "-37.00000", "2005-12-31": "120.00000"}, "Cash Flow From Investing Activities": {"2019-12-31": "-4678.00000", "2018-12-31": "-4239.00000", "2017-12-31": "-3586.00000", "2016-12-31": "-3403.00000", "2015-12-31": "-3892.00000", "2014-12-31": "-3907.00000", "2013-12-31": "-3572.00000", "2012-12-31": "-5283.00000", "2011-12-31": "-4933.00000", "2010-12-31": "-4814.00000", "2009-12-31": "-2359.00000", "2008-12-31": "-2945.00000", "2007-12-31": "-2670.00000", "2006-12-31": "-2963.00000", "2005-12-31": "-1799.00000"}, "Net Long-Term Debt": {"2019-12-31": "3614.00000", "2018-12-31": "2583.00000", "2017-12-31": "948.00000", "2016-12-31": "177.00000", "2015-12-31": "658.00000", "2014-12-31": "-113.00000", "2013-12-31": "1151.00000", "2012-12-31": "385.00000", "2011-12-31": "787.00000", "2010-12-31": "1168.00000", "2009-12-31": "-324.00000", "2008-12-31": "2125.00000", "2007-12-31": "-322.00000", "2006-12-31": "240.00000", "2005-12-31": "-746.00000"}, "Net Current Debt": {"2019-12-31": "-172.00000", "2018-12-31": "-1611.00000", "2017-12-31": "1084.00000", "2016-12-31": "611.00000", "2015-12-31": "-572.00000", "2014-12-31": "1079.00000", "2013-12-31": "32.00000", "2012-12-31": "-264.00000", "2011-12-31": "410.00000", "2010-12-31": "-66.00000", "2009-12-31": "-2058.00000", "2008-12-31": "1643.00000", "2007-12-31": "254.00000", "2006-12-31": "-364.00000", "2005-12-31": "-309.00000"}, "Debt Issuance/Retirement Net - Total": {"2019-12-31": "3442.00000", "2018-12-31": "972.00000", "2017-12-31": "2032.00000", "2016-12-31": "788.00000", "2015-12-31": "86.00000", "2014-12-31": "966.00000", "2013-12-31": "1183.00000", "2012-12-31": "121.00000", "2011-12-31": "1197.00000", "2010-12-31": "1102.00000", "2009-12-31": "-2382.00000", "2008-12-31": "3768.00000", "2007-12-31": "-68.00000", "2006-12-31": "-124.00000", "2005-12-31": "-1055.00000"}, "Net Common Equity Issued/Repurchased": {"2019-12-31": "2449.00000", "2018-12-31": "26.00000", "2017-12-31": "215.00000", "2016-12-31": "-102.00000", "2015-12-31": "-69.00000", "2014-12-31": "", "2013-12-31": "", "2012-12-31": "", "2011-12-31": "", "2010-12-31": "", "2009-12-31": "-3.00000", "2008-12-31": "-26.00000", "2007-12-31": "-84.00000", "2006-12-31": "-107.00000", "2005-12-31": "-107.00000"}, "Net Total Equity Issued/Repurchased": {"2019-12-31": "2449.00000", "2018-12-31": "26.00000", "2017-12-31": "202.00000", "2016-12-31": "67.00000", "2015-12-31": "-75.00000", "2014-12-31": "269.00000", "2013-12-31": "-13.00000", "2012-12-31": "729.00000", "2011-12-31": "123.00000", "2010-12-31": "", "2009-12-31": "-3.00000", "2008-12-31": "-33.00000", "2007-12-31": "-84.00000", "2006-12-31": "89.00000", "2005-12-31": "336.00000"}, "Total Common And Preferred Stock Dividends Paid": {"2019-12-31": "-931.00000", "2018-12-31": "-909.00000", "2017-12-31": "-832.00000", "2016-12-31": "-749.00000", "2015-12-31": "-660.00000", "2014-12-31": "-574.00000", "2013-12-31": "-541.00000", "2012-12-31": "-506.00000", "2011-12-31": "-476.00000", "2010-12-31": "-463.00000", "2009-12-31": "-521.00000", "2008-12-31": "-567.00000", "2007-12-31": "-535.00000", "2006-12-31": "-514.00000", "2005-12-31": "-500.00000"}, "Financial Activities - Other": {"2019-12-31": "-57.00000", "2018-12-31": "-7.00000", "2017-12-31": "-395.00000", "2016-12-31": "-11.00000", "2015-12-31": "61.00000", "2014-12-31": "-16.00000", "2013-12-31": "-48.00000", "2012-12-31": "306.00000", "2011-12-31": "263.00000", "2010-12-31": "414.00000", "2009-12-31": "-23.00000", "2008-12-31": "-9.00000", "2007-12-31": "-241.00000", "2006-12-31": "-154.00000", "2005-12-31": "-25.00000"}, "Cash Flow From Financial Activities": {"2019-12-31": "4903.00000", "2018-12-31": "82.00000", "2017-12-31": "1007.00000", "2016-12-31": "95.00000", "2015-12-31": "-588.00000", "2014-12-31": "645.00000", "2013-12-31": "581.00000", "2012-12-31": "650.00000", "2011-12-31": "1107.00000", "2010-12-31": "1053.00000", "2009-12-31": "-2929.00000", "2008-12-31": "3159.00000", "2007-12-31": "-928.00000", "2006-12-31": "-703.00000", "2005-12-31": "-1244.00000"}, "Net Cash Flow": {"2019-12-31": "-82.00000", "2018-12-31": "-980.00000", "2017-12-31": "1018.00000", "2016-12-31": "-54.00000", "2015-12-31": "29.00000", "2014-12-31": "-14.00000", "2013-12-31": "-24.00000", "2012-12-31": "-1299.00000", "2011-12-31": "80.00000", "2010-12-31": "-284.00000", "2009-12-31": "-2243.00000", "2008-12-31": "2475.00000", "2007-12-31": "-354.00000", "2006-12-31": "96.00000", "2005-12-31": "-794.00000"}, "Stock-Based Compensation": {"2019-12-31": "", "2018-12-31": "", "2017-12-31": "", "2016-12-31": "", "2015-12-31": "", "2014-12-31": "", "2013-12-31": "", "2012-12-31": "", "2011-12-31": "", "2010-12-31": "24.00000", "2009-12-31": "22.00000", "2008-12-31": "34.00000", "2007-12-31": "37.00000", "2006-12-31": "47.00000", "2005-12-31": "48.00000"}, "Common Stock Dividends Paid": {"2019-12-31": "-931.00000", "2018-12-31": "-909.00000", "2017-12-31": "-832.00000", "2016-12-31": "-749.00000", "2015-12-31": "-660.00000", "2014-12-31": "-574.00000", "2013-12-31": "-541.00000", "2012-12-31": "-506.00000", "2011-12-31": "-476.00000", "2010-12-31": "-463.00000", "2009-12-31": "-521.00000", "2008-12-31": "-567.00000", "2007-12-31": "-535.00000", "2006-12-31": "-514.00000", "2005-12-31": "-500.00000"}}, "cash flow statement, quarterly": {"Net Income/Loss": {"2020-09-30": -242, "2020-06-30": 348, "2020-03-31": "213.00000", "2019-12-31": 173, "2019-09-30": 502, "2019-06-30": 422, "2019-03-31": "308.00000", "2018-12-31": -1400, "2018-09-30": 544, "2018-06-30": 298, "2018-03-31": "242.00000", "2017-12-31": -534, "2017-09-30": 501, "2017-06-30": 309, "2017-03-31": "392.00000", "2016-12-31": 360, "2016-09-30": 451, "2016-06-30": 308, "2016-03-31": "306.00000", "2015-12-31": -55, "2015-09-30": 448, "2015-06-30": 406, "2015-03-31": "318.00000", "2014-12-31": 445, "2014-09-30": 508, "2014-06-30": 566, "2014-03-31": "202.00000", "2013-12-31": 326, "2013-09-30": 462, "2013-06-30": -71, "2013-03-31": "298.00000", "2012-12-31": -515, "2012-09-30": 215, "2012-06-30": 96, "2012-03-31": "112.00000", "2011-12-31": -823, "2011-09-30": 440, "2011-06-30": 191, "2011-03-31": "214.00000", "2010-12-31": 179, "2010-09-30": 523, "2010-06-30": 357, "2010-03-31": "249.00000", "2009-12-31": 226, "2009-09-30": 444, "2009-06-30": 6, "2009-03-31": "269.00000", "2008-12-31": 234, "2008-09-30": 500, "2008-06-30": 294, "2008-03-31": "320.00000", "2007-12-31": 418, "2007-09-30": 461, "2007-06-30": 93, "2007-03-31": "333.00000", "2006-12-31": 288, "2006-09-30": 458, "2006-06-30": 177, "2006-03-31": "258.00000", "2005-12-31": 273, "2005-09-30": 461, "2005-06-30": 202, "2005-03-31": "201.00000"}, "Total Depreciation And Amortization - Cash Flow": {"2020-09-30": 592, "2020-06-30": 587, "2020-03-31": "585.00000", "2019-12-31": 572, "2019-09-30": 546, "2019-06-30": 339, "2019-03-31": "498.00000", "2018-12-31": 301, "2018-09-30": 565, "2018-06-30": 595, "2018-03-31": "479.00000", "2017-12-31": 524, "2017-09-30": 543, "2017-06-30": 528, "2017-03-31": "520.00000", "2016-12-31": 523, "2016-09-30": 550, "2016-06-30": 526, "2016-03-31": "499.00000", "2015-12-31": 490, "2015-09-30": 528, "2015-06-30": 502, "2015-03-31": "485.00000", "2014-12-31": 503, "2014-09-30": 448, "2014-06-30": 432, "2014-03-31": "432.00000", "2013-12-31": 472, "2013-09-30": 392, "2013-06-30": 418, "2013-03-31": "414.00000", "2012-12-31": 396, "2012-09-30": 416, "2012-06-30": 415, "2012-03-31": "407.00000", "2011-12-31": 43, "2011-09-30": 457, "2011-06-30": 473, "2011-03-31": "454.00000", "2010-12-31": 163, "2010-09-30": 412, "2010-06-30": 412, "2010-03-31": "393.00000", "2009-12-31": 390, "2009-09-30": 402, "2009-06-30": 378, "2009-03-31": "368.00000", "2008-12-31": 367, "2008-09-30": 356, "2008-06-30": 358, "2008-03-31": "338.00000", "2007-12-31": 261, "2007-09-30": 340, "2007-06-30": 347, "2007-03-31": "344.00000", "2006-12-31": 209, "2006-09-30": 321, "2006-06-30": 361, "2006-03-31": "313.00000", "2005-12-31": 291, "2005-09-30": 303, "2005-06-30": 293, "2005-03-31": "281.00000"}, "Other Non-Cash Items": {"2020-09-30": -351, "2020-06-30": -39, "2020-03-31": "-56.00000", "2019-12-31": -157, "2019-09-30": -2420, "2019-06-30": 78, "2019-03-31": "-130.00000", "2018-12-31": -717, "2018-09-30": 108, "2018-06-30": -8, "2018-03-31": "65.00000", "2017-12-31": 1132, "2017-09-30": 68, "2017-06-30": 1, "2017-03-31": "-18.00000", "2016-12-31": -145, "2016-09-30": 48, "2016-06-30": -112, "2016-03-31": "133.00000", "2015-12-31": 213, "2015-09-30": -155, "2015-06-30": 14, "2015-03-31": "56.00000", "2014-12-31": 95, "2014-09-30": 192, "2014-06-30": -255, "2014-03-31": "192.00000", "2013-12-31": -13, "2013-09-30": 118, "2013-06-30": 610, "2013-03-31": "187.00000", "2012-12-31": 1058, "2012-09-30": 122, "2012-06-30": -121, "2012-03-31": "101.00000", "2011-12-31": 2059, "2011-09-30": 193, "2011-06-30": 27, "2011-03-31": "278.00000", "2010-12-31": 1179, "2010-09-30": 103, "2010-06-30": 64, "2010-03-31": "269.00000", "2009-12-31": -119, "2009-09-30": 9, "2009-06-30": -401, "2009-03-31": "66.00000", "2008-12-31": 267, "2008-09-30": -65, "2008-06-30": -94, "2008-03-31": "-11.00000", "2007-12-31": -185, "2007-09-30": 131, "2007-06-30": 202, "2007-03-31": "-207.00000", "2006-12-31": 883, "2006-09-30": -358, "2006-06-30": 163, "2006-03-31": "67.00000", "2005-12-31": 457, "2005-09-30": -36, "2005-06-30": -247, "2005-03-31": "-21.00000"}, "Total Non-Cash Items": {"2020-09-30": 241, "2020-06-30": 548, "2020-03-31": "529.00000", "2019-12-31": 415, "2019-09-30": -1874, "2019-06-30": 417, "2019-03-31": "368.00000", "2018-12-31": -416, "2018-09-30": 673, "2018-06-30": 587, "2018-03-31": "544.00000", "2017-12-31": 1656, "2017-09-30": 611, "2017-06-30": 529, "2017-03-31": "502.00000", "2016-12-31": 378, "2016-09-30": 598, "2016-06-30": 414, "2016-03-31": "632.00000", "2015-12-31": 703, "2015-09-30": 373, "2015-06-30": 516, "2015-03-31": "541.00000", "2014-12-31": 598, "2014-09-30": 640, "2014-06-30": 177, "2014-03-31": "624.00000", "2013-12-31": 459, "2013-09-30": 510, "2013-06-30": 1028, "2013-03-31": "601.00000", "2012-12-31": 1454, "2012-09-30": 538, "2012-06-30": 294, "2012-03-31": "508.00000", "2011-12-31": 2102, "2011-09-30": 650, "2011-06-30": 500, "2011-03-31": "732.00000", "2010-12-31": 1342, "2010-09-30": 515, "2010-06-30": 476, "2010-03-31": "662.00000", "2009-12-31": 271, "2009-09-30": 411, "2009-06-30": -23, "2009-03-31": "434.00000", "2008-12-31": 634, "2008-09-30": 291, "2008-06-30": 264, "2008-03-31": "327.00000", "2007-12-31": 76, "2007-09-30": 471, "2007-06-30": 549, "2007-03-31": "137.00000", "2006-12-31": 1092, "2006-09-30": -37, "2006-06-30": 524, "2006-03-31": "380.00000", "2005-12-31": 748, "2005-09-30": 267, "2005-06-30": 46, "2005-03-31": "260.00000"}, "Change In Accounts Receivable": {"2020-09-30": -448, "2020-06-30": -78, "2020-03-31": "-30.00000", "2019-12-31": 307, "2019-09-30": -311, "2019-06-30": -81, "2019-03-31": "9.00000", "2018-12-31": 286, "2018-09-30": -267, "2018-06-30": -135, "2018-03-31": "77.00000", "2017-12-31": 393, "2017-09-30": -273, "2017-06-30": -141, "2017-03-31": "27.00000", "2016-12-31": 285, "2016-09-30": -202, "2016-06-30": -150, "2016-03-31": "117.00000", "2015-12-31": 433, "2015-09-30": -444, "2015-06-30": 1, "2015-03-31": "31.00000", "2014-12-31": 433, "2014-09-30": -184, "2014-06-30": -297, "2014-03-31": "112.00000", "2013-12-31": 350, "2013-09-30": -359, "2013-06-30": -9, "2013-03-31": "-38.00000", "2012-12-31": 315, "2012-09-30": -338, "2012-06-30": -78, "2012-03-31": "88.00000", "2011-12-31": 159, "2011-09-30": -269, "2011-06-30": -64, "2011-03-31": "128.00000", "2010-12-31": -11, "2010-09-30": -197, "2010-06-30": -137, "2010-03-31": "150.00000", "2009-12-31": 234, "2009-09-30": -219, "2009-06-30": -21, "2009-03-31": "86.00000", "2008-12-31": 506, "2008-09-30": -141, "2008-06-30": -259, "2008-03-31": "22.00000", "2007-12-31": 475, "2007-09-30": -278, "2007-06-30": -266, "2007-03-31": "77.00000", "2006-12-31": 494, "2006-09-30": -208, "2006-06-30": -425, "2006-03-31": "347.00000", "2005-12-31": 239, "2005-09-30": -292, "2005-06-30": -282, "2005-03-31": "14.00000"}, "Change In Inventories": {"2020-09-30": -5, "2020-06-30": -20, "2020-03-31": "1.00000", "2019-12-31": -15, "2019-09-30": -19, "2019-06-30": -19, "2019-03-31": "-30.00000", "2018-12-31": -24, "2018-09-30": -11, "2018-06-30": -7, "2018-03-31": "-7.00000", "2017-12-31": -22, "2017-09-30": 2, "2017-06-30": 6, "2017-03-31": "2.00000", "2016-12-31": 51, "2016-09-30": -2, "2016-06-30": -40, "2016-03-31": "-1.00000", "2015-12-31": 4, "2015-09-30": 5, "2015-06-30": 15, "2015-03-31": "-10.00000", "2014-12-31": -6, "2014-09-30": 2, "2014-06-30": -9, "2014-03-31": "-12.00000", "2013-12-31": 12, "2013-09-30": -5, "2013-06-30": 84, "2013-03-31": "-11.00000", "2012-12-31": -3, "2012-09-30": -2, "2012-06-30": 5, "2012-03-31": "10.00000", "2011-12-31": 7, "2011-09-30": -4, "2011-06-30": -3, "2011-03-31": "-18.00000", "2010-12-31": 16, "2010-09-30": 9, "2010-06-30": -34, "2010-03-31": "-2.00000", "2009-12-31": 16, "2009-09-30": -5, "2009-06-30": 5, "2009-03-31": "4.00000", "2008-12-31": -39, "2008-09-30": -26, "2008-06-30": -14, "2008-03-31": "-35.00000", "2007-12-31": 14, "2007-09-30": -6, "2007-06-30": 41, "2007-03-31": "-90.00000", "2006-12-31": -5, "2006-09-30": -16, "2006-06-30": -4, "2006-03-31": "-43.00000", "2005-12-31": -40, "2005-09-30": -6, "2005-06-30": 78, "2005-03-31": "-79.00000"}, "Change In Accounts Payable": {"2020-09-30": -7, "2020-06-30": 143, "2020-03-31": "-129.00000", "2019-12-31": 4, "2019-09-30": 63, "2019-06-30": 190, "2019-03-31": "31.00000", "2018-12-31": -51, "2018-09-30": 24, "2018-06-30": 212, "2018-03-31": "-216.00000", "2017-12-31": 61, "2017-09-30": -45, "2017-06-30": 260, "2017-03-31": "-226.00000", "2016-12-31": -116, "2016-09-30": 84, "2016-06-30": 251, "2016-03-31": "-184.00000", "2015-12-31": -156, "2015-09-30": 34, "2015-06-30": 67, "2015-03-31": "63.00000", "2014-12-31": -197, "2014-09-30": 95, "2014-06-30": 179, "2014-03-31": "-63.00000", "2013-12-31": -110, "2013-09-30": 67, "2013-06-30": 153, "2013-03-31": "-65.00000", "2012-12-31": -148, "2012-09-30": 135, "2012-06-30": 74, "2012-03-31": "-47.00000", "2011-12-31": -133, "2011-09-30": 112, "2011-06-30": 115, "2011-03-31": "-49.00000", "2010-12-31": -26, "2010-09-30": 142, "2010-06-30": 24, "2010-03-31": "-138.00000", "2009-12-31": -115, "2009-09-30": 209, "2009-06-30": 199, "2009-03-31": "-141.00000", "2008-12-31": -195, "2008-09-30": 5, "2008-06-30": 245, "2008-03-31": "-215.00000", "2007-12-31": 74, "2007-09-30": 73, "2007-06-30": 119, "2007-03-31": "-238.00000", "2006-12-31": 98, "2006-09-30": 98, "2006-06-30": -75, "2006-03-31": "-258.00000", "2005-12-31": 64, "2005-09-30": 236, "2005-06-30": 0, "2005-03-31": "-97.00000"}, "Change In Assets/Liabilities": {"2020-09-30": 741, "2020-06-30": -631, "2020-03-31": "-300.00000", "2019-12-31": -299, "2019-09-30": 126, "2019-06-30": -524, "2019-03-31": "-558.00000", "2018-12-31": 2616, "2018-09-30": 44, "2018-06-30": -525, "2018-03-31": "57.00000", "2017-12-31": -533, "2017-09-30": 552, "2017-06-30": -335, "2017-03-31": "153.00000", "2016-12-31": -144, "2016-09-30": 86, "2016-06-30": -141, "2016-03-31": "-81.00000", "2015-12-31": 729, "2015-09-30": 617, "2015-06-30": -113, "2015-03-31": "-17.00000", "2014-12-31": 154, "2014-09-30": 331, "2014-06-30": -587, "2014-03-31": "-363.00000", "2013-12-31": 22, "2013-09-30": 109, "2013-06-30": -452, "2013-03-31": "-302.00000", "2012-12-31": 264, "2012-09-30": 153, "2012-06-30": 190, "2012-03-31": "-175.00000", "2011-12-31": -11, "2011-09-30": 294, "2011-06-30": -392, "2011-03-31": "-147.00000", "2010-12-31": -385, "2010-09-30": 550, "2010-06-30": -197, "2010-03-31": "-212.00000", "2009-12-31": 207, "2009-09-30": 330, "2009-06-30": 493, "2009-03-31": "-51.00000", "2008-12-31": -726, "2008-09-30": 213, "2008-06-30": -318, "2008-03-31": "34.00000", "2007-12-31": -226, "2007-09-30": 538, "2007-06-30": 104, "2007-03-31": "248.00000", "2006-12-31": -462, "2006-09-30": 1023, "2006-06-30": 293, "2006-03-31": "-112.00000", "2005-12-31": -323, "2005-09-30": 32, "2005-06-30": 214, "2005-03-31": "-5.00000"}, "Total Change In Assets/Liabilities": {"2020-09-30": 447, "2020-06-30": -586, "2020-03-31": "-427.00000", "2019-12-31": -78, "2019-09-30": -43, "2019-06-30": -451, "2019-03-31": "-466.00000", "2018-12-31": 2722, "2018-09-30": -163, "2018-06-30": -527, "2018-03-31": "73.00000", "2017-12-31": -223, "2017-09-30": 148, "2017-06-30": -284, "2017-03-31": "-10.00000", "2016-12-31": 14, "2016-09-30": 21, "2016-06-30": -145, "2016-03-31": "-83.00000", "2015-12-31": 1028, "2015-09-30": 244, "2015-06-30": -118, "2015-03-31": "105.00000", "2014-12-31": 178, "2014-09-30": 271, "2014-06-30": -700, "2014-03-31": "-261.00000", "2013-12-31": 182, "2013-09-30": -188, "2013-06-30": -224, "2013-03-31": "-416.00000", "2012-12-31": 237, "2012-09-30": 245, "2012-06-30": 93, "2012-03-31": "57.00000", "2011-12-31": -372, "2011-09-30": 512, "2011-06-30": -187, "2011-03-31": "-228.00000", "2010-12-31": -794, "2010-09-30": 750, "2010-06-30": -470, "2010-03-31": "-312.00000", "2009-12-31": 436, "2009-09-30": 374, "2009-06-30": 214, "2009-03-31": "-17.00000", "2008-12-31": -242, "2008-09-30": 111, "2008-06-30": -411, "2008-03-31": "-61.00000", "2007-12-31": 18, "2007-09-30": 488, "2007-06-30": -63, "2007-03-31": "263.00000", "2006-12-31": -560, "2006-09-30": 1463, "2006-06-30": -251, "2006-03-31": "-30.00000", "2005-12-31": -501, "2005-09-30": 165, "2005-06-30": 271, "2005-03-31": "-146.00000"}, "Cash Flow From Operating Activities": {"2020-09-30": 446, "2020-06-30": 310, "2020-03-31": "315.00000", "2019-12-31": 510, "2019-09-30": -1415, "2019-06-30": 388, "2019-03-31": "210.00000", "2018-12-31": 906, "2018-09-30": 1054, "2018-06-30": 358, "2018-03-31": "859.00000", "2017-12-31": 899, "2017-09-30": 1260, "2017-06-30": 554, "2017-03-31": "884.00000", "2016-12-31": 752, "2016-09-30": 1070, "2016-06-30": 577, "2016-03-31": "855.00000", "2015-12-31": 1676, "2015-09-30": 1065, "2015-06-30": 804, "2015-03-31": "964.00000", "2014-12-31": 1221, "2014-09-30": 1419, "2014-06-30": 43, "2014-03-31": "565.00000", "2013-12-31": 897, "2013-09-30": 809, "2013-06-30": 755, "2013-03-31": "506.00000", "2012-12-31": 1176, "2012-09-30": 998, "2012-06-30": 483, "2012-03-31": "677.00000", "2011-12-31": 1082, "2011-09-30": 1602, "2011-06-30": 504, "2011-03-31": "718.00000", "2010-12-31": 727, "2010-09-30": 1788, "2010-06-30": 363, "2010-03-31": "599.00000", "2009-12-31": 933, "2009-09-30": 1229, "2009-06-30": 197, "2009-03-31": "686.00000", "2008-12-31": 626, "2008-09-30": 902, "2008-06-30": 147, "2008-03-31": "586.00000", "2007-12-31": 512, "2007-09-30": 1420, "2007-06-30": 579, "2007-03-31": "733.00000", "2006-12-31": 820, "2006-09-30": 1884, "2006-06-30": 450, "2006-03-31": "608.00000", "2005-12-31": 520, "2005-09-30": 893, "2005-06-30": 519, "2005-03-31": "315.00000"}, "Net Change In Property, Plant, And Equipment": {"2020-09-30": -1383, "2020-06-30": -1246, "2020-03-31": "-1268.00000", "2019-12-31": -1380, "2019-09-30": -1262, "2019-06-30": -1161, "2019-03-31": "-1074.00000", "2018-12-31": -1268, "2018-09-30": -1082, "2018-06-30": -1022, "2018-03-31": "-1137.00000", "2017-12-31": -1170, "2017-09-30": -915, "2017-06-30": -815, "2017-03-31": "-944.00000", "2016-12-31": -976, "2016-09-30": -945, "2016-06-30": -877, "2016-03-31": "-951.00000", "2015-12-31": -1091, "2015-09-30": -937, "2015-06-30": -929, "2015-03-31": "-1268.00000", "2014-12-31": -1050, "2014-09-30": -1000, "2014-06-30": -916, "2014-03-31": "-940.00000", "2013-12-31": -657, "2013-09-30": -927, "2013-06-30": -855, "2013-03-31": "-979.00000", "2012-12-31": -930, "2012-09-30": -980, "2012-06-30": -936, "2012-03-31": "-1189.00000", "2011-12-31": -641, "2011-09-30": -1225, "2011-06-30": -1123, "2011-03-31": "-1133.00000", "2010-12-31": -651, "2010-09-30": -1059, "2010-06-30": -1119, "2010-03-31": "-951.00000", "2009-12-31": 425, "2009-09-30": -747, "2009-06-30": -755, "2009-03-31": "-785.00000", "2008-12-31": -865, "2008-09-30": -498, "2008-06-30": -645, "2008-03-31": "-703.00000", "2007-12-31": -845, "2007-09-30": -644, "2007-06-30": -644, "2007-03-31": "-691.00000", "2006-12-31": -733, "2006-09-30": -551, "2006-06-30": -653, "2006-03-31": "-510.00000", "2005-12-31": -521, "2005-09-30": -528, "2005-06-30": -432, "2005-03-31": "-377.00000"}, "Net Change In Intangible Assets": {"2020-09-30": 0, "2020-06-30": 0, "2020-03-31": "", "2019-12-31": 0, "2019-09-30": 0, "2019-06-30": 0, "2019-03-31": "", "2018-12-31": 0, "2018-09-30": 0, "2018-06-30": 0, "2018-03-31": "", "2017-12-31": 0, "2017-09-30": 0, "2017-06-30": 0, "2017-03-31": "", "2016-12-31": 0, "2016-09-30": 0, "2016-06-30": 0, "2016-03-31": "", "2015-12-31": 0, "2015-09-30": 0, "2015-06-30": 0, "2015-03-31": "", "2014-12-31": 0, "2014-09-30": 0, "2014-06-30": 0, "2014-03-31": "", "2013-12-31": 0, "2013-09-30": 0, "2013-06-30": 0, "2013-03-31": "", "2012-12-31": 0, "2012-09-30": 0, "2012-06-30": 0, "2012-03-31": "", "2011-12-31": 0, "2011-09-30": 0, "2011-06-30": 0, "2011-03-31": "", "2010-12-31": 0, "2010-09-30": 0, "2010-06-30": 0, "2010-03-31": "", "2009-12-31": 0, "2009-09-30": 0, "2009-06-30": 0, "2009-03-31": "", "2008-12-31": 0, "2008-09-30": 0, "2008-06-30": 0, "2008-03-31": "", "2007-12-31": 0, "2007-09-30": 0, "2007-06-30": 0, "2007-03-31": "", "2006-12-31": 0, "2006-09-30": 0, "2006-06-30": 0, "2006-03-31": "", "2005-12-31": 0, "2005-09-30": 0, "2005-06-30": 0, "2005-03-31": ""}, "Net Acquisitions/Divestitures": {"2020-09-30": 0, "2020-06-30": 0, "2020-03-31": "", "2019-12-31": 0, "2019-09-30": 0, "2019-06-30": 0, "2019-03-31": "", "2018-12-31": 0, "2018-09-30": 0, "2018-06-30": 78, "2018-03-31": "", "2017-12-31": 0, "2017-09-30": 0, "2017-06-30": 0, "2017-03-31": "", "2016-12-31": 0, "2016-09-30": 0, "2016-06-30": 0, "2016-03-31": "", "2015-12-31": 0, "2015-09-30": 0, "2015-06-30": 0, "2015-03-31": "", "2014-12-31": 0, "2014-09-30": 0, "2014-06-30": 0, "2014-03-31": "", "2013-12-31": 0, "2013-09-30": 0, "2013-06-30": 0, "2013-03-31": "", "2012-12-31": 0, "2012-09-30": 0, "2012-06-30": 0, "2012-03-31": "", "2011-12-31": 3, "2011-09-30": -3, "2011-06-30": 0, "2011-03-31": "", "2010-12-31": 4, "2010-09-30": 0, "2010-06-30": -4, "2010-03-31": "", "2009-12-31": -15, "2009-09-30": 0, "2009-06-30": -1, "2009-03-31": "-6.00000", "2008-12-31": -8, "2008-09-30": -4, "2008-06-30": -7, "2008-03-31": "", "2007-12-31": -5, "2007-09-30": -5, "2007-06-30": -19, "2007-03-31": "-4.00000", "2006-12-31": 0, "2006-09-30": 0, "2006-06-30": 0, "2006-03-31": "-18.00000", "2005-12-31": -154, "2005-09-30": 0, "2005-06-30": 0, "2005-03-31": "124.00000"}, "Net Change In Short-term Investments": {"2020-09-30": 0, "2020-06-30": 0, "2020-03-31": "", "2019-12-31": 0, "2019-09-30": 0, "2019-06-30": 0, "2019-03-31": "", "2018-12-31": 0, "2018-09-30": 0, "2018-06-30": 0, "2018-03-31": "", "2017-12-31": 0, "2017-09-30": 0, "2017-06-30": 0, "2017-03-31": "", "2016-12-31": 0, "2016-09-30": 0, "2016-06-30": 0, "2016-03-31": "", "2015-12-31": 0, "2015-09-30": 0, "2015-06-30": 0, "2015-03-31": "", "2014-12-31": 0, "2014-09-30": 0, "2014-06-30": 0, "2014-03-31": "", "2013-12-31": 0, "2013-09-30": 0, "2013-06-30": 0, "2013-03-31": "", "2012-12-31": 0, "2012-09-30": 0, "2012-06-30": 0, "2012-03-31": "", "2011-12-31": 0, "2011-09-30": 0, "2011-06-30": 0, "2011-03-31": "", "2010-12-31": 0, "2010-09-30": 0, "2010-06-30": 0, "2010-03-31": "", "2009-12-31": -2, "2009-09-30": 0, "2009-06-30": 2, "2009-03-31": "0.00000", "2008-12-31": 16, "2008-09-30": -10, "2008-06-30": 22, "2008-03-31": "46.00000", "2007-12-31": 271, "2007-09-30": -34, "2007-06-30": 157, "2007-03-31": "83.00000", "2006-12-31": -190, "2006-09-30": -80, "2006-06-30": -31, "2006-03-31": "-45.00000", "2005-12-31": -211, "2005-09-30": -68, "2005-06-30": 41, "2005-03-31": "167.00000"}, "Net Change In Long-Term Investments": {"2020-09-30": 147, "2020-06-30": 76, "2020-03-31": "-14.00000", "2019-12-31": -12, "2019-09-30": 46, "2019-06-30": -1, "2019-03-31": "73.00000", "2018-12-31": 23, "2018-09-30": 13, "2018-06-30": 49, "2018-03-31": "24.00000", "2017-12-31": 80, "2017-09-30": 44, "2017-06-30": 74, "2017-03-31": "-1.00000", "2016-12-31": 20, "2016-09-30": 15, "2016-06-30": 38, "2016-03-31": "106.00000", "2015-12-31": 132, "2015-09-30": 290, "2015-06-30": -12, "2015-03-31": "-36.00000", "2014-12-31": 61, "2014-09-30": -17, "2014-06-30": 13, "2014-03-31": "-101.00000", "2013-12-31": 2, "2013-09-30": 72, "2013-06-30": -141, "2013-03-31": "-31.00000", "2012-12-31": -51, "2012-09-30": -39, "2012-06-30": -43, "2012-03-31": "-82.00000", "2011-12-31": -27, "2011-09-30": -61, "2011-06-30": -38, "2011-03-31": "-41.00000", "2010-12-31": -106, "2010-09-30": -55, "2010-06-30": 31, "2010-03-31": "-71.00000", "2009-12-31": -44, "2009-09-30": -278, "2009-06-30": -132, "2009-03-31": "-21.00000", "2008-12-31": -274, "2008-09-30": 14, "2008-06-30": -8, "2008-03-31": "-21.00000", "2007-12-31": -7, "2007-09-30": -48, "2007-06-30": -18, "2007-03-31": "-18.00000", "2006-12-31": -60, "2006-09-30": 32, "2006-06-30": -50, "2006-03-31": "-37.00000", "2005-12-31": 24, "2005-09-30": 76, "2005-06-30": -36, "2005-03-31": "-24.00000"}, "Net Change In Investments - Total": {"2020-09-30": 147, "2020-06-30": 76, "2020-03-31": "-14.00000", "2019-12-31": -12, "2019-09-30": 46, "2019-06-30": -1, "2019-03-31": "73.00000", "2018-12-31": 23, "2018-09-30": 13, "2018-06-30": 49, "2018-03-31": "24.00000", "2017-12-31": 80, "2017-09-30": 44, "2017-06-30": 74, "2017-03-31": "-1.00000", "2016-12-31": 20, "2016-09-30": 15, "2016-06-30": 38, "2016-03-31": "106.00000", "2015-12-31": 132, "2015-09-30": 290, "2015-06-30": -12, "2015-03-31": "-36.00000", "2014-12-31": 61, "2014-09-30": -17, "2014-06-30": 13, "2014-03-31": "-101.00000", "2013-12-31": 2, "2013-09-30": 72, "2013-06-30": -141, "2013-03-31": "-31.00000", "2012-12-31": -51, "2012-09-30": -39, "2012-06-30": -43, "2012-03-31": "-82.00000", "2011-12-31": -27, "2011-09-30": -61, "2011-06-30": -38, "2011-03-31": "-41.00000", "2010-12-31": -106, "2010-09-30": -55, "2010-06-30": 31, "2010-03-31": "-71.00000", "2009-12-31": -46, "2009-09-30": -278, "2009-06-30": -130, "2009-03-31": "-21.00000", "2008-12-31": -258, "2008-09-30": 4, "2008-06-30": 14, "2008-03-31": "25.00000", "2007-12-31": 264, "2007-09-30": -82, "2007-06-30": 139, "2007-03-31": "65.00000", "2006-12-31": -250, "2006-09-30": -48, "2006-06-30": -81, "2006-03-31": "-82.00000", "2005-12-31": -187, "2005-09-30": 8, "2005-06-30": 5, "2005-03-31": "143.00000"}, "Investing Activities - Other": {"2020-09-30": -66, "2020-06-30": 56, "2020-03-31": "4.00000", "2019-12-31": 59, "2019-09-30": 7, "2019-06-30": 12, "2019-03-31": "15.00000", "2018-12-31": 19, "2018-09-30": 44, "2018-06-30": 4, "2018-03-31": "16.00000", "2017-12-31": 7, "2017-09-30": 30, "2017-06-30": 20, "2017-03-31": "4.00000", "2016-12-31": 30, "2016-09-30": 134, "2016-06-30": -8, "2016-03-31": "11.00000", "2015-12-31": -76, "2015-09-30": 24, "2015-06-30": 1, "2015-03-31": "10.00000", "2014-12-31": 18, "2014-09-30": 13, "2014-06-30": 13, "2014-03-31": "-1.00000", "2013-12-31": -12, "2013-09-30": -21, "2013-06-30": -19, "2013-03-31": "-4.00000", "2012-12-31": -786, "2012-09-30": -17, "2012-06-30": -53, "2012-03-31": "-177.00000", "2011-12-31": -634, "2011-09-30": -13, "2011-06-30": 3, "2011-03-31": "", "2010-12-31": -742, "2010-09-30": 0, "2010-06-30": 0, "2010-03-31": "-91.00000", "2009-12-31": -1420, "2009-09-30": 0, "2009-06-30": 1299, "2009-03-31": "121.00000", "2008-12-31": 322, "2008-09-30": -90, "2008-06-30": -226, "2008-03-31": "-6.00000", "2007-12-31": -2, "2007-09-30": -1, "2007-06-30": -175, "2007-03-31": "-21.00000", "2006-12-31": -22, "2006-09-30": -54, "2006-06-30": 20, "2006-03-31": "19.00000", "2005-12-31": -51, "2005-09-30": 131, "2005-06-30": -23, "2005-03-31": "63.00000"}, "Cash Flow From Investing Activities": {"2020-09-30": -1302, "2020-06-30": -1114, "2020-03-31": "-1278.00000", "2019-12-31": -1333, "2019-09-30": -1209, "2019-06-30": -1150, "2019-03-31": "-986.00000", "2018-12-31": -1226, "2018-09-30": -1025, "2018-06-30": -891, "2018-03-31": "-1097.00000", "2017-12-31": -1083, "2017-09-30": -841, "2017-06-30": -721, "2017-03-31": "-941.00000", "2016-12-31": -926, "2016-09-30": -796, "2016-06-30": -847, "2016-03-31": "-834.00000", "2015-12-31": -1035, "2015-09-30": -623, "2015-06-30": -940, "2015-03-31": "-1294.00000", "2014-12-31": -971, "2014-09-30": -1004, "2014-06-30": -890, "2014-03-31": "-1042.00000", "2013-12-31": -667, "2013-09-30": -876, "2013-06-30": -1015, "2013-03-31": "-1014.00000", "2012-12-31": -1767, "2012-09-30": -1036, "2012-06-30": -1032, "2012-03-31": "-1448.00000", "2011-12-31": -1299, "2011-09-30": -1302, "2011-06-30": -1158, "2011-03-31": "-1174.00000", "2010-12-31": -1495, "2010-09-30": -1114, "2010-06-30": -1092, "2010-03-31": "-1113.00000", "2009-12-31": -1056, "2009-09-30": -1025, "2009-06-30": 413, "2009-03-31": "-691.00000", "2008-12-31": -809, "2008-09-30": -588, "2008-06-30": -864, "2008-03-31": "-684.00000", "2007-12-31": -588, "2007-09-30": -732, "2007-06-30": -699, "2007-03-31": "-651.00000", "2006-12-31": -1005, "2006-09-30": -653, "2006-06-30": -714, "2006-03-31": "-591.00000", "2005-12-31": -913, "2005-09-30": -389, "2005-06-30": -450, "2005-03-31": "-47.00000"}, "Net Long-Term Debt": {"2020-09-30": 370, "2020-06-30": -567, "2020-03-31": "2954.00000", "2019-12-31": -207, "2019-09-30": 1180, "2019-06-30": 844, "2019-03-31": "1797.00000", "2018-12-31": -654, "2018-09-30": 820, "2018-06-30": 634, "2018-03-31": "1783.00000", "2017-12-31": -1288, "2017-09-30": 713, "2017-06-30": -1, "2017-03-31": "1524.00000", "2016-12-31": -137, "2016-09-30": -83, "2016-06-30": 0, "2016-03-31": "397.00000", "2015-12-31": -757, "2015-09-30": 0, "2015-06-30": 128, "2015-03-31": "1287.00000", "2014-12-31": -103, "2014-09-30": -402, "2014-06-30": 395, "2014-03-31": "-3.00000", "2013-12-31": 763, "2013-09-30": -2, "2013-06-30": -3, "2013-03-31": "393.00000", "2012-12-31": -2, "2012-09-30": -1, "2012-06-30": -1, "2012-03-31": "389.00000", "2011-12-31": 284, "2011-09-30": -3, "2011-06-30": 433, "2011-03-31": "73.00000", "2010-12-31": -113, "2010-09-30": 1002, "2010-06-30": 81, "2010-03-31": "198.00000", "2009-12-31": -478, "2009-09-30": -372, "2009-06-30": 174, "2009-03-31": "352.00000", "2008-12-31": 451, "2008-09-30": 1236, "2008-06-30": -20, "2008-03-31": "458.00000", "2007-12-31": -191, "2007-09-30": -71, "2007-06-30": 6, "2007-03-31": "-66.00000", "2006-12-31": 317, "2006-09-30": -74, "2006-06-30": 75, "2006-03-31": "-78.00000", "2005-12-31": -6, "2005-09-30": 128, "2005-06-30": -300, "2005-03-31": "-568.00000"}, "Net Current Debt": {"2020-09-30": 623, "2020-06-30": 0, "2020-03-31": "-550.00000", "2019-12-31": 550, "2019-09-30": -213, "2019-06-30": 29, "2019-03-31": "-538.00000", "2018-12-31": 1271, "2018-09-30": -638, "2018-06-30": 58, "2018-03-31": "-2302.00000", "2017-12-31": 2667, "2017-09-30": -399, "2017-06-30": -131, "2017-03-31": "-1053.00000", "2016-12-31": 551, "2016-09-30": -5, "2016-06-30": 437, "2016-03-31": "-372.00000", "2015-12-31": 301, "2015-09-30": -277, "2015-06-30": 178, "2015-03-31": "-774.00000", "2014-12-31": -59, "2014-09-30": 95, "2014-06-30": 642, "2014-03-31": "401.00000", "2013-12-31": -1320, "2013-09-30": 674, "2013-06-30": 433, "2013-03-31": "245.00000", "2012-12-31": -233, "2012-09-30": 90, "2012-06-30": -35, "2012-03-31": "-86.00000", "2011-12-31": -163, "2011-09-30": 281, "2011-06-30": -2, "2011-03-31": "294.00000", "2010-12-31": -79, "2010-09-30": -397, "2010-06-30": 218, "2010-03-31": "192.00000", "2009-12-31": 0, "2009-09-30": 8, "2009-06-30": -1481, "2009-03-31": "-585.00000", "2008-12-31": 335, "2008-09-30": 1008, "2008-06-30": 400, "2008-03-31": "-100.00000", "2007-12-31": 432, "2007-09-30": -237, "2007-06-30": 1, "2007-03-31": "58.00000", "2006-12-31": -156, "2006-09-30": -546, "2006-06-30": 288, "2006-03-31": "50.00000", "2005-12-31": -83, "2005-09-30": -200, "2005-06-30": -128, "2005-03-31": "102.00000"}, "Debt Issuance/Retirement Net - Total": {"2020-09-30": 993, "2020-06-30": -567, "2020-03-31": "2404.00000", "2019-12-31": 343, "2019-09-30": 967, "2019-06-30": 873, "2019-03-31": "1259.00000", "2018-12-31": 617, "2018-09-30": 182, "2018-06-30": 692, "2018-03-31": "-519.00000", "2017-12-31": 1379, "2017-09-30": 314, "2017-06-30": -132, "2017-03-31": "471.00000", "2016-12-31": 414, "2016-09-30": -88, "2016-06-30": 437, "2016-03-31": "25.00000", "2015-12-31": -456, "2015-09-30": -277, "2015-06-30": 306, "2015-03-31": "513.00000", "2014-12-31": -162, "2014-09-30": -307, "2014-06-30": 1037, "2014-03-31": "398.00000", "2013-12-31": -557, "2013-09-30": 672, "2013-06-30": 430, "2013-03-31": "638.00000", "2012-12-31": -235, "2012-09-30": 89, "2012-06-30": -36, "2012-03-31": "303.00000", "2011-12-31": 121, "2011-09-30": 278, "2011-06-30": 431, "2011-03-31": "367.00000", "2010-12-31": -192, "2010-09-30": 605, "2010-06-30": 299, "2010-03-31": "390.00000", "2009-12-31": -478, "2009-09-30": -364, "2009-06-30": -1307, "2009-03-31": "-233.00000", "2008-12-31": 786, "2008-09-30": 2244, "2008-06-30": 380, "2008-03-31": "358.00000", "2007-12-31": 241, "2007-09-30": -308, "2007-06-30": 7, "2007-03-31": "-8.00000", "2006-12-31": 161, "2006-09-30": -620, "2006-06-30": 363, "2006-03-31": "-28.00000", "2005-12-31": -89, "2005-09-30": -72, "2005-06-30": -428, "2005-03-31": "-466.00000"}, "Net Common Equity Issued/Repurchased": {"2020-09-30": 12, "2020-06-30": 811, "2020-03-31": "87.00000", "2019-12-31": 233, "2019-09-30": 2191, "2019-06-30": 3, "2019-03-31": "22.00000", "2018-12-31": 6, "2018-09-30": 11, "2018-06-30": 7, "2018-03-31": "2.00000", "2017-12-31": 14, "2017-09-30": 16, "2017-06-30": 324, "2017-03-31": "-139.00000", "2016-12-31": -29, "2016-09-30": -12, "2016-06-30": -61, "2016-03-31": "", "2015-12-31": -69, "2015-09-30": 0, "2015-06-30": 0, "2015-03-31": "", "2014-12-31": 0, "2014-09-30": 0, "2014-06-30": 0, "2014-03-31": "", "2013-12-31": 0, "2013-09-30": 0, "2013-06-30": 0, "2013-03-31": "", "2012-12-31": 0, "2012-09-30": 0, "2012-06-30": 0, "2012-03-31": "", "2011-12-31": 0, "2011-09-30": 0, "2011-06-30": 0, "2011-03-31": "", "2010-12-31": 0, "2010-09-30": 0, "2010-06-30": 1, "2010-03-31": "-1.00000", "2009-12-31": -3, "2009-09-30": 0, "2009-06-30": 0, "2009-03-31": "", "2008-12-31": -26, "2008-09-30": 0, "2008-06-30": 17, "2008-03-31": "-17.00000", "2007-12-31": 34, "2007-09-30": -7, "2007-06-30": -44, "2007-03-31": "-67.00000", "2006-12-31": -28, "2006-09-30": -11, "2006-06-30": -12, "2006-03-31": "-56.00000", "2005-12-31": -40, "2005-09-30": -28, "2005-06-30": -28, "2005-03-31": "-11.00000"}, "Net Total Equity Issued/Repurchased": {"2020-09-30": -296, "2020-06-30": 811, "2020-03-31": "87.00000", "2019-12-31": 233, "2019-09-30": 2191, "2019-06-30": 3, "2019-03-31": "22.00000", "2018-12-31": 6, "2018-09-30": 11, "2018-06-30": 7, "2018-03-31": "2.00000", "2017-12-31": 13, "2017-09-30": -459, "2017-06-30": 787, "2017-03-31": "-139.00000", "2016-12-31": -29, "2016-09-30": -12, "2016-06-30": -61, "2016-03-31": "169.00000", "2015-12-31": -69, "2015-09-30": -6, "2015-06-30": 0, "2015-03-31": "", "2014-12-31": 0, "2014-09-30": 0, "2014-06-30": -1, "2014-03-31": "270.00000", "2013-12-31": 0, "2013-09-30": 0, "2013-06-30": 0, "2013-03-31": "-13.00000", "2012-12-31": 0, "2012-09-30": -1, "2012-06-30": 385, "2012-03-31": "345.00000", "2011-12-31": 0, "2011-09-30": 0, "2011-06-30": 0, "2011-03-31": "123.00000", "2010-12-31": 0, "2010-09-30": 0, "2010-06-30": 1, "2010-03-31": "-1.00000", "2009-12-31": -3, "2009-09-30": 0, "2009-06-30": 0, "2009-03-31": "", "2008-12-31": -26, "2008-09-30": 0, "2008-06-30": 17, "2008-03-31": "-24.00000", "2007-12-31": 34, "2007-09-30": -7, "2007-06-30": -44, "2007-03-31": "-67.00000", "2006-12-31": -28, "2006-09-30": -11, "2006-06-30": -12, "2006-03-31": "140.00000", "2005-12-31": -41, "2005-09-30": 169, "2005-06-30": 223, "2005-03-31": "-15.00000"}, "Total Common And Preferred Stock Dividends Paid": {"2020-09-30": -274, "2020-06-30": -252, "2020-03-31": "-262.00000", "2019-12-31": -241, "2019-09-30": -231, "2019-06-30": -223, "2019-03-31": "-236.00000", "2018-12-31": -222, "2018-09-30": -233, "2018-06-30": -221, "2018-03-31": "-233.00000", "2017-12-31": -202, "2017-09-30": -214, "2017-06-30": -202, "2017-03-31": "-214.00000", "2016-12-31": -182, "2016-09-30": -193, "2016-06-30": -183, "2016-03-31": "-191.00000", "2015-12-31": -161, "2015-09-30": -171, "2015-06-30": -158, "2015-03-31": "-170.00000", "2014-12-31": -139, "2014-09-30": -150, "2014-06-30": -139, "2014-03-31": "-146.00000", "2013-12-31": -129, "2013-09-30": -140, "2013-06-30": -132, "2013-03-31": "-140.00000", "2012-12-31": -125, "2012-09-30": -140, "2012-06-30": -121, "2012-03-31": "-120.00000", "2011-12-31": -120, "2011-09-30": -119, "2011-06-30": -120, "2011-03-31": "-117.00000", "2010-12-31": -116, "2010-09-30": -117, "2010-06-30": -114, "2010-03-31": "-116.00000", "2009-12-31": -130, "2009-09-30": -134, "2009-06-30": -131, "2009-03-31": "-126.00000", "2008-12-31": -153, "2008-09-30": -157, "2008-06-30": -128, "2008-03-31": "-129.00000", "2007-12-31": -176, "2007-09-30": -138, "2007-06-30": -103, "2007-03-31": "-118.00000", "2006-12-31": -136, "2006-09-30": -139, "2006-06-30": -110, "2006-03-31": "-129.00000", "2005-12-31": -134, "2005-09-30": -145, "2005-06-30": -111, "2005-03-31": "-110.00000"}, "Financial Activities - Other": {"2020-09-30": 1, "2020-06-30": 0, "2020-03-31": "2.00000", "2019-12-31": 10, "2019-09-30": -20, "2019-06-30": -11, "2019-03-31": "-36.00000", "2018-12-31": -8, "2018-09-30": -17, "2018-06-30": 13, "2018-03-31": "5.00000", "2017-12-31": -7, "2017-09-30": -40, "2017-06-30": -342, "2017-03-31": "-6.00000", "2016-12-31": -6, "2016-09-30": -8, "2016-06-30": 51, "2016-03-31": "-48.00000", "2015-12-31": 72, "2015-09-30": 7, "2015-06-30": 12, "2015-03-31": "-30.00000", "2014-12-31": 41, "2014-09-30": -6, "2014-06-30": -9, "2014-03-31": "-42.00000", "2013-12-31": -8, "2013-09-30": -3, "2013-06-30": -5, "2013-03-31": "-32.00000", "2012-12-31": -14, "2012-09-30": 50, "2012-06-30": 13, "2012-03-31": "257.00000", "2011-12-31": 301, "2011-09-30": -20, "2011-06-30": -10, "2011-03-31": "-8.00000", "2010-12-31": 456, "2010-09-30": -21, "2010-06-30": -7, "2010-03-31": "-14.00000", "2009-12-31": -4, "2009-09-30": 4, "2009-06-30": -14, "2009-03-31": "-9.00000", "2008-12-31": 28, "2008-09-30": -7, "2008-06-30": -27, "2008-03-31": "-3.00000", "2007-12-31": -40, "2007-09-30": 4, "2007-06-30": -222, "2007-03-31": "17.00000", "2006-12-31": -27, "2006-09-30": -115, "2006-06-30": -16, "2006-03-31": "4.00000", "2005-12-31": -25, "2005-09-30": 0, "2005-06-30": 0, "2005-03-31": ""}, "Cash Flow From Financial Activities": {"2020-09-30": 424, "2020-06-30": -8, "2020-03-31": "2231.00000", "2019-12-31": 345, "2019-09-30": 2907, "2019-06-30": 642, "2019-03-31": "1009.00000", "2018-12-31": 393, "2018-09-30": -57, "2018-06-30": 491, "2018-03-31": "-745.00000", "2017-12-31": 1183, "2017-09-30": -399, "2017-06-30": 111, "2017-03-31": "112.00000", "2016-12-31": 197, "2016-09-30": -301, "2016-06-30": 244, "2016-03-31": "-45.00000", "2015-12-31": -614, "2015-09-30": -447, "2015-06-30": 160, "2015-03-31": "313.00000", "2014-12-31": -260, "2014-09-30": -463, "2014-06-30": 888, "2014-03-31": "480.00000", "2013-12-31": -694, "2013-09-30": 529, "2013-06-30": 293, "2013-03-31": "453.00000", "2012-12-31": -374, "2012-09-30": -2, "2012-06-30": 241, "2012-03-31": "785.00000", "2011-12-31": 302, "2011-09-30": 139, "2011-06-30": 301, "2011-03-31": "365.00000", "2010-12-31": 148, "2010-09-30": 467, "2010-06-30": 179, "2010-03-31": "259.00000", "2009-12-31": -615, "2009-09-30": -494, "2009-06-30": -1452, "2009-03-31": "-368.00000", "2008-12-31": 635, "2008-09-30": 2080, "2008-06-30": 242, "2008-03-31": "202.00000", "2007-12-31": 59, "2007-09-30": -449, "2007-06-30": -362, "2007-03-31": "-176.00000", "2006-12-31": -30, "2006-09-30": -885, "2006-06-30": 225, "2006-03-31": "-13.00000", "2005-12-31": -289, "2005-09-30": -48, "2005-06-30": -316, "2005-03-31": "-591.00000"}, "Net Cash Flow": {"2020-09-30": -432, "2020-06-30": -812, "2020-03-31": "1268.00000", "2019-12-31": -478, "2019-09-30": 283, "2019-06-30": -120, "2019-03-31": "233.00000", "2018-12-31": 73, "2018-09-30": -28, "2018-06-30": 1, "2018-03-31": "-1026.00000", "2017-12-31": 999, "2017-09-30": 20, "2017-06-30": -56, "2017-03-31": "55.00000", "2016-12-31": 23, "2016-09-30": -27, "2016-06-30": -26, "2016-03-31": "-24.00000", "2015-12-31": 27, "2015-09-30": -5, "2015-06-30": 24, "2015-03-31": "-17.00000", "2014-12-31": -10, "2014-09-30": -48, "2014-06-30": 41, "2014-03-31": "3.00000", "2013-12-31": -464, "2013-09-30": 462, "2013-06-30": 33, "2013-03-31": "-55.00000", "2012-12-31": -965, "2012-09-30": -40, "2012-06-30": -308, "2012-03-31": "14.00000", "2011-12-31": 85, "2011-09-30": 439, "2011-06-30": -353, "2011-03-31": "-91.00000", "2010-12-31": -620, "2010-09-30": 1141, "2010-06-30": -550, "2010-03-31": "-255.00000", "2009-12-31": -738, "2009-09-30": -290, "2009-06-30": -842, "2009-03-31": "-373.00000", "2008-12-31": 452, "2008-09-30": 2394, "2008-06-30": -475, "2008-03-31": "104.00000", "2007-12-31": -17, "2007-09-30": 239, "2007-06-30": -482, "2007-03-31": "-94.00000", "2006-12-31": -215, "2006-09-30": 346, "2006-06-30": -39, "2006-03-31": "4.00000", "2005-12-31": -682, "2005-09-30": 458, "2005-06-30": -247, "2005-03-31": "-323.00000"}, "Stock-Based Compensation": {"2020-09-30": -286, "2020-06-30": 0, "2020-03-31": "-58.00000", "2019-12-31": 221, "2019-09-30": -39, "2019-06-30": -68, "2019-03-31": "-114.00000", "2018-12-31": 0, "2018-09-30": 0, "2018-06-30": 0, "2018-03-31": "", "2017-12-31": 0, "2017-09-30": 0, "2017-06-30": 0, "2017-03-31": "", "2016-12-31": 0, "2016-09-30": 0, "2016-06-30": 0, "2016-03-31": "", "2015-12-31": 0, "2015-09-30": 0, "2015-06-30": 0, "2015-03-31": "", "2014-12-31": 0, "2014-09-30": 0, "2014-06-30": 0, "2014-03-31": "", "2013-12-31": 0, "2013-09-30": 0, "2013-06-30": 0, "2013-03-31": "", "2012-12-31": -24, "2012-09-30": 8, "2012-06-30": 8, "2012-03-31": "8.00000", "2011-12-31": -22, "2011-09-30": 7, "2011-06-30": 8, "2011-03-31": "7.00000", "2010-12-31": 4, "2010-09-30": 6, "2010-06-30": 7, "2010-03-31": "7.00000", "2009-12-31": 5, "2009-09-30": 6, "2009-06-30": 6, "2009-03-31": "5.00000", "2008-12-31": 9, "2008-09-30": 9, "2008-06-30": 10, "2008-03-31": "6.00000", "2007-12-31": 9, "2007-09-30": 9, "2007-06-30": 13, "2007-03-31": "6.00000", "2006-12-31": 47, "2006-09-30": 0, "2006-06-30": 0, "2006-03-31": "", "2005-12-31": 48, "2005-09-30": 0, "2005-06-30": 0, "2005-03-31": ""}, "Common Stock Dividends Paid": {"2020-09-30": -274, "2020-06-30": -252, "2020-03-31": "-262.00000", "2019-12-31": -241, "2019-09-30": -231, "2019-06-30": -223, "2019-03-31": "-236.00000", "2018-12-31": -222, "2018-09-30": -233, "2018-06-30": -221, "2018-03-31": "-233.00000", "2017-12-31": -202, "2017-09-30": -214, "2017-06-30": -202, "2017-03-31": "-214.00000", "2016-12-31": -182, "2016-09-30": -193, "2016-06-30": -183, "2016-03-31": "-191.00000", "2015-12-31": -161, "2015-09-30": -171, "2015-06-30": -158, "2015-03-31": "-170.00000", "2014-12-31": -139, "2014-09-30": -150, "2014-06-30": -139, "2014-03-31": "-146.00000", "2013-12-31": -129, "2013-09-30": -140, "2013-06-30": -132, "2013-03-31": "-140.00000", "2012-12-31": -125, "2012-09-30": -140, "2012-06-30": -121, "2012-03-31": "-120.00000", "2011-12-31": -120, "2011-09-30": -119, "2011-06-30": -120, "2011-03-31": "-117.00000", "2010-12-31": -116, "2010-09-30": -117, "2010-06-30": -114, "2010-03-31": "-116.00000", "2009-12-31": -130, "2009-09-30": -134, "2009-06-30": -131, "2009-03-31": "-126.00000", "2008-12-31": -153, "2008-09-30": -157, "2008-06-30": -128, "2008-03-31": "-129.00000", "2007-12-31": -176, "2007-09-30": -138, "2007-06-30": -103, "2007-03-31": "-118.00000", "2006-12-31": -136, "2006-09-30": -139, "2006-06-30": -110, "2006-03-31": "-129.00000", "2005-12-31": -134, "2005-09-30": -145, "2005-06-30": -111, "2005-03-31": "-110.00000"}}, "financial ratios": {"Current Ratio": {"2019-12-31": "0.64460", "2018-12-31": "0.62260", "2017-12-31": "0.52760", "2016-12-31": "0.35910", "2015-12-31": "0.53870", "2014-12-31": "0.65100", "2013-12-31": "0.67850", "2012-12-31": "0.71370", "2011-12-31": "1.03130", "2010-12-31": "1.11890", "2009-12-31": "1.16980", "2008-12-31": "1.09800", "2007-12-31": "0.99720", "2006-12-31": "1.27400", "2005-12-31": "1.20170"}, "Long-term Debt / Capital": {"2019-12-31": "0.53550", "2018-12-31": "0.53630", "2017-12-31": "0.45640", "2016-12-31": "0.41770", "2015-12-31": "0.44840", "2014-12-31": "0.44080", "2013-12-31": "0.45660", "2012-12-31": "0.45200", "2011-12-31": "0.44350", "2010-12-31": "0.51840", "2009-12-31": "0.48670", "2008-12-31": "0.50560", "2007-12-31": "0.49070", "2006-12-31": "0.51350", "2005-12-31": "0.54640"}, "Debt/Equity Ratio": {"2019-12-31": "1.21920", "2018-12-31": "1.21960", "2017-12-31": "1.04690", "2016-12-31": "0.87850", "2015-12-31": "0.88680", "2014-12-31": "0.92660", "2013-12-31": "0.90970", "2012-12-31": "0.84050", "2011-12-31": "0.83560", "2010-12-31": "1.09050", "2009-12-31": "0.99030", "2008-12-31": "1.25980", "2007-12-31": "1.04140", "2006-12-31": "1.12810", "2005-12-31": "1.34100"}, "Gross Margin": {"2019-12-31": "60.80830", "2018-12-31": "57.28850", "2017-12-31": "60.44640", "2016-12-31": "61.85860", "2015-12-31": "62.98160", "2014-12-31": "58.30170", "2013-12-31": "61.12390", "2012-12-31": "65.10710", "2011-12-31": "68.30370", "2010-12-31": "67.05680", "2009-12-31": "65.47210", "2008-12-31": "57.53970", "2007-12-31": "60.28910", "2006-12-31": "60.09530", "2005-12-31": "62.60550"}, "Operating Margin": {"2019-12-31": "14.37600", "2018-12-31": "-4.36120", "2017-12-31": "11.81820", "2016-12-31": "17.37300", "2015-12-31": "17.42450", "2014-12-31": "18.42990", "2013-12-31": "13.63170", "2012-12-31": "19.26320", "2011-12-31": "19.46540", "2010-12-31": "18.19730", "2009-12-31": "11.30980", "2008-12-31": "18.16190", "2007-12-31": "19.49800", "2006-12-31": "20.45360", "2005-12-31": "19.51570"}, "EBIT Margin": {"2019-12-31": "14.37600", "2018-12-31": "-4.36120", "2017-12-31": "11.81820", "2016-12-31": "17.37300", "2015-12-31": "17.42450", "2014-12-31": "18.42990", "2013-12-31": "13.63170", "2012-12-31": "19.26320", "2011-12-31": "19.46540", "2010-12-31": "18.19730", "2009-12-31": "11.30980", "2008-12-31": "18.16190", "2007-12-31": "19.49800", "2006-12-31": "20.45360", "2005-12-31": "19.51570"}, "EBITDA Margin": {"2019-12-31": "30.20980", "2018-12-31": "10.96630", "2017-12-31": "28.98540", "2016-12-31": "35.04930", "2015-12-31": "34.82300", "2014-12-31": "31.96150", "2013-12-31": "27.11230", "2012-12-31": "33.03830", "2011-12-31": "32.94300", "2010-12-31": "32.00280", "2009-12-31": "23.75210", "2008-12-31": "28.21710", "2007-12-31": "29.53840", "2006-12-31": "30.34760", "2005-12-31": "29.37060"}, "Pre-Tax Profit Margin": {"2019-12-31": "9.12770", "2018-12-31": "-8.60390", "2017-12-31": "7.70290", "2016-12-31": "13.39620", "2015-12-31": "13.60640", "2014-12-31": "14.75430", "2013-12-31": "9.70510", "2012-12-31": "15.68880", "2011-12-31": "15.75370", "2010-12-31": "14.79590", "2009-12-31": "6.90880", "2008-12-31": "13.77550", "2007-12-31": "13.98040", "2006-12-31": "15.24370", "2005-12-31": "14.81610"}, "Net Profit Margin": {"2019-12-31": "10.39930", "2018-12-31": "-3.34200", "2017-12-31": "4.58600", "2016-12-31": "11.04560", "2015-12-31": "8.85110", "2014-12-31": "12.01820", "2013-12-31": "7.27290", "2012-12-31": "-1.54270", "2011-12-31": "-0.34950", "2010-12-31": "12.56500", "2009-12-31": "6.86840", "2008-12-31": "8.60970", "2007-12-31": "8.53280", "2006-12-31": "9.70500", "2005-12-31": "9.59330"}, "Asset Turnover": {"2019-12-31": "0.19180", "2018-12-31": "0.22320", "2017-12-31": "0.23430", "2016-12-31": "0.23130", "2015-12-31": "0.22940", "2014-12-31": "0.26970", "2013-12-31": "0.26970", "2012-12-31": "0.26720", "2011-12-31": "0.22040", "2010-12-31": "0.21950", "2009-12-31": "0.29830", "2008-12-31": "0.31630", "2007-12-31": "0.34290", "2006-12-31": "0.33560", "2005-12-31": "0.34070"}, "Inventory Turnover Ratio": {"2019-12-31": "13.29400", "2018-12-31": "19.17020", "2017-12-31": "20.13640", "2016-12-31": "18.94140", "2015-12-31": "15.97750", "2014-12-31": "19.90390", "2013-12-31": "19.10550", "2012-12-31": "12.17350", "2011-12-31": "9.58860", "2010-12-31": "5.79750", "2009-12-31": "8.00750", "2008-12-31": "10.83540", "2007-12-31": "11.82870", "2006-12-31": "12.38780", "2005-12-31": "12.99710"}, "Receiveable Turnover": {"2019-12-31": "13.62800", "2018-12-31": "13.74270", "2017-12-31": "13.09250", "2016-12-31": "16.60000", "2015-12-31": "14.94680", "2014-12-31": "16.97850", "2013-12-31": "15.01310", "2012-12-31": "15.56690", "2011-12-31": "13.78650", "2010-12-31": "10.73680", "2009-12-31": "12.15440", "2008-12-31": "14.02780", "2007-12-31": "12.45690", "2006-12-31": "12.00100", "2005-12-31": "9.71480"}, "Days Sales In Receivables": {"2019-12-31": "26.78300", "2018-12-31": "26.55960", "2017-12-31": "27.87870", "2016-12-31": "21.98800", "2015-12-31": "24.41990", "2014-12-31": "21.49780", "2013-12-31": "24.31210", "2012-12-31": "23.44710", "2011-12-31": "26.47530", "2010-12-31": "33.99510", "2009-12-31": "30.03030", "2008-12-31": "26.01970", "2007-12-31": "29.30100", "2006-12-31": "30.41420", "2005-12-31": "37.57170"}, "ROE - Return On Equity": {"2019-12-31": "9.06690", "2018-12-31": "-2.76640", "2017-12-31": "4.81750", "2016-12-31": "9.95980", "2015-12-31": "8.08190", "2014-12-31": "11.83180", "2013-12-31": "9.85110", "2012-12-31": "16.89990", "2011-12-31": "10.93770", "2010-12-31": "10.80570", "2009-12-31": "9.42670", "2008-12-31": "13.75230", "2007-12-31": "15.47850", "2006-12-31": "14.04850", "2005-12-31": "16.74980"}, "Return On Tangible Equity": {"2019-12-31": "9.06690", "2018-12-31": "-2.76640", "2017-12-31": "4.81750", "2016-12-31": "9.95980", "2015-12-31": "8.08190", "2014-12-31": "11.83180", "2013-12-31": "8.37400", "2012-12-31": "14.24360", "2011-12-31": "9.92240", "2010-12-31": "9.95300", "2009-12-31": "8.64980", "2008-12-31": "12.58750", "2007-12-31": "13.96520", "2006-12-31": "12.55800", "2005-12-31": "15.10770"}, "ROA - Return On Assets": {"2019-12-31": "2.18230", "2018-12-31": "-0.61710", "2017-12-31": "1.27040", "2016-12-31": "2.75340", "2015-12-31": "2.15410", "2014-12-31": "3.08840", "2013-12-31": "2.09880", "2012-12-31": "3.59060", "2011-12-31": "2.28980", "2010-12-31": "2.51260", "2009-12-31": "2.29710", "2008-12-31": "3.02140", "2007-12-31": "3.48320", "2006-12-31": "2.98670", "2005-12-31": "3.18470"}, "ROI - Return On Investment": {"2019-12-31": "4.21160", "2018-12-31": "-1.28280", "2017-12-31": "2.61880", "2016-12-31": "5.80000", "2015-12-31": "4.45800", "2014-12-31": "6.61610", "2013-12-31": "4.55010", "2012-12-31": "7.80530", "2011-12-31": "5.52210", "2010-12-31": "4.79360", "2009-12-31": "4.43970", "2008-12-31": "6.22370", "2007-12-31": "7.11290", "2006-12-31": "6.11000", "2005-12-31": "6.85350"}, "Book Value Per Share": {"2019-12-31": "42.80840", "2018-12-31": "38.83230", "2017-12-31": "42.55840", "2016-12-31": "43.54370", "2015-12-31": "41.09130", "2014-12-31": "39.84520", "2013-12-31": "35.88280", "2012-12-31": "34.34810", "2011-12-31": "34.02590", "2010-12-31": "35.27810", "2009-12-31": "33.78030", "2008-12-31": "32.86880", "2007-12-31": "28.72520", "2006-12-31": "26.46930", "2005-12-31": "22.51000"}, "Operating Cash Flow Per Share": {"2019-12-31": -10.6457, "2018-12-31": -1.2211, "2017-12-31": 1.1059, "2016-12-31": -3.8446, "2015-12-31": 3.8329, "2014-12-31": 0.8541, "2013-12-31": -1.0848, "2012-12-31": -1.7693, "2011-12-31": 1.3039, "2010-12-31": 1.2565, "2009-12-31": 2.4396, "2008-12-31": -2.9283, "2007-12-31": -1.5994, "2006-12-31": 4.6319, "2005-12-31": 6.7681}, "Free Cash Flow Per Share": {"2019-12-31": -11.1165, "2018-12-31": -3.3329, "2017-12-31": 0.747, "2016-12-31": -2.3632, "2015-12-31": 2.8632, "2014-12-31": -0.6292, "2013-12-31": 0.7534, "2012-12-31": -1.4677, "2011-12-31": 0.2645, "2010-12-31": -4.5387, "2009-12-31": 4.9855, "2008-12-31": -2.6367, "2007-12-31": -2.7159, "2006-12-31": 2.8131, "2005-12-31": 1.1717}}, "financial ratios, quarterly": {"Current Ratio": {"2020-09-30": "0.67950", "2020-06-30": "0.81300", "2020-03-31": "0.78600", "2019-12-31": "0.64460", "2019-09-30": "0.77660", "2019-06-30": "0.69480", "2019-03-31": "0.74400", "2018-12-31": "0.62260", "2018-09-30": "0.71690", "2018-06-30": "0.66170", "2018-03-31": "0.64390", "2017-12-31": "0.52760", "2017-09-30": "0.50990", "2017-06-30": "0.55320", "2017-03-31": "0.46330", "2016-12-31": "0.35910", "2016-09-30": "0.48760", "2016-06-30": "0.51640", "2016-03-31": "0.57340", "2015-12-31": "0.53870", "2015-09-30": "0.72380", "2015-06-30": "0.80770", "2015-03-31": "0.82700", "2014-12-31": "0.65100", "2014-09-30": "0.76900", "2014-06-30": "0.78830", "2014-03-31": "0.77240", "2013-12-31": "0.67850", "2013-09-30": "0.66860", "2013-06-30": "0.61820", "2013-03-31": "0.62400", "2012-12-31": "0.71370", "2012-09-30": "1.05150", "2012-06-30": "1.05090", "2012-03-31": "1.28300", "2011-12-31": "1.03130", "2011-09-30": "1.14180", "2011-06-30": "1.11720", "2011-03-31": "1.17410", "2010-12-31": "1.11890", "2010-09-30": "1.29690", "2010-06-30": "1.06750", "2010-03-31": "1.31010", "2009-12-31": "1.16980", "2009-09-30": "1.16310", "2009-06-30": "1.45170", "2009-03-31": "1.16010", "2008-12-31": "1.09800", "2008-09-30": "1.15600", "2008-06-30": "0.88760", "2008-03-31": "1.00590", "2007-12-31": "0.99720", "2007-09-30": "1.11800", "2007-06-30": "1.16640", "2007-03-31": "1.25760", "2006-12-31": "1.27400", "2006-09-30": "1.26850", "2006-06-30": "1.28870", "2006-03-31": "1.33700", "2005-12-31": "1.20170", "2005-09-30": "1.21210", "2005-06-30": "1.20090", "2005-03-31": "1.22620"}, "Long-term Debt / Capital": {"2020-09-30": "0.54780", "2020-06-30": "0.53910", "2020-03-31": "0.55160", "2019-12-31": "0.53550", "2019-09-30": "0.52640", "2019-06-30": "0.55160", "2019-03-31": "0.55220", "2018-12-31": "0.53630", "2018-09-30": "0.50590", "2018-06-30": "0.49770", "2018-03-31": "0.49040", "2017-12-31": "0.45640", "2017-09-30": "0.44340", "2017-06-30": "0.44070", "2017-03-31": "0.45020", "2016-12-31": "0.41770", "2016-09-30": "0.42630", "2016-06-30": "0.44100", "2016-03-31": "0.45200", "2015-12-31": "0.44840", "2015-09-30": "0.44580", "2015-06-30": "0.45770", "2015-03-31": "0.45950", "2014-12-31": "0.44080", "2014-09-30": "0.44270", "2014-06-30": "0.44450", "2014-03-31": "0.45010", "2013-12-31": "0.45660", "2013-09-30": "0.44660", "2013-06-30": "0.44290", "2013-03-31": "0.43840", "2012-12-31": "0.45200", "2012-09-30": "0.53280", "2012-06-30": "0.53350", "2012-03-31": "0.54900", "2011-12-31": "0.44350", "2011-09-30": "0.51920", "2011-06-30": "0.52430", "2011-03-31": "0.51680", "2010-12-31": "0.51840", "2010-09-30": "0.51210", "2010-06-30": "0.50040", "2010-03-31": "0.50100", "2009-12-31": "0.48670", "2009-09-30": "0.48700", "2009-06-30": "0.51140", "2009-03-31": "0.50560", "2008-12-31": "0.50560", "2008-09-30": "0.50810", "2008-06-30": "0.49780", "2008-03-31": "0.49830", "2007-12-31": "0.49070", "2007-09-30": "0.49320", "2007-06-30": "0.50390", "2007-03-31": "0.50490", "2006-12-31": "0.51350", "2006-09-30": "0.51520", "2006-06-30": "0.53580", "2006-03-31": "0.53650", "2005-12-31": "0.54640", "2005-09-30": "0.55790", "2005-06-30": "0.56790", "2005-03-31": "0.60060"}, "Debt/Equity Ratio": {"2020-09-30": "1.38910", "2020-06-30": "1.26120", "2020-03-31": "1.37040", "2019-12-31": "1.21920", "2019-09-30": "1.20790", "2019-06-30": "1.36100", "2019-03-31": "1.31250", "2018-12-31": "1.21960", "2018-09-30": "1.03650", "2018-06-30": "1.04670", "2018-03-31": "1.00190", "2017-12-31": "1.04690", "2017-09-30": "0.89860", "2017-06-30": "0.86550", "2017-03-31": "0.90840", "2016-12-31": "0.87850", "2016-09-30": "0.86010", "2016-06-30": "0.89770", "2016-03-31": "0.87310", "2015-12-31": "0.88680", "2015-09-30": "0.91090", "2015-06-30": "0.96530", "2015-03-31": "0.95990", "2014-12-31": "0.92660", "2014-09-30": "0.95520", "2014-06-30": "0.97390", "2014-03-31": "0.91960", "2013-12-31": "0.90970", "2013-09-30": "0.97540", "2013-06-30": "0.94370", "2013-03-31": "0.88860", "2012-12-31": "0.84050", "2012-09-30": "1.22310", "2012-06-30": "1.21810", "2012-03-31": "1.25230", "2011-12-31": "0.83560", "2011-09-30": "1.13070", "2011-06-30": "1.13950", "2011-03-31": "1.10250", "2010-12-31": "1.09050", "2010-09-30": "1.06170", "2010-06-30": "1.05000", "2010-03-31": "1.03320", "2009-12-31": "0.99030", "2009-09-30": "1.05720", "2009-06-30": "1.10580", "2009-03-31": "1.20660", "2008-12-31": "1.25980", "2008-09-30": "1.25660", "2008-06-30": "1.13000", "2008-03-31": "1.07370", "2007-12-31": "1.04140", "2007-09-30": "1.02600", "2007-06-30": "1.09700", "2007-03-31": "1.09330", "2006-12-31": "1.12810", "2006-09-30": "1.13340", "2006-06-30": "1.28920", "2006-03-31": "1.25480", "2005-12-31": "1.34100", "2005-09-30": "1.40200", "2005-06-30": "1.48410", "2005-03-31": "1.69790"}, "Gross Margin": {"2020-09-30": "60.87430", "2020-06-30": "64.24510", "2020-03-31": "66.73840", "2019-12-31": "66.63300", "2019-09-30": "54.34380", "2019-06-30": "59.63730", "2019-03-31": "64.41220", "2018-12-31": "64.70590", "2018-09-30": "45.98270", "2018-06-30": "60.49730", "2018-03-31": "63.88460", "2017-12-31": "64.87580", "2017-09-30": "51.44340", "2017-06-30": "60.37100", "2017-03-31": "68.16890", "2016-12-31": "67.07110", "2016-09-30": "54.36690", "2016-06-30": "61.68530", "2016-03-31": "67.45900", "2015-12-31": "73.64380", "2015-09-30": "52.56440", "2015-06-30": "62.92990", "2015-03-31": "68.71020", "2014-12-31": "66.96630", "2014-09-30": "49.90820", "2014-06-30": "58.91910", "2014-03-31": "60.93640", "2013-12-31": "63.54060", "2013-09-30": "54.34340", "2013-06-30": "62.01580", "2013-03-31": "67.59120", "2012-12-31": "71.60130", "2012-09-30": "54.60630", "2012-06-30": "66.71690", "2012-03-31": "71.34580", "2011-12-31": "85.11490", "2011-09-30": "59.81160", "2011-06-30": "69.66140", "2011-03-31": "72.46590", "2010-12-31": "88.12790", "2010-09-30": "61.82680", "2010-06-30": "68.40570", "2010-03-31": "67.86480", "2009-12-31": "67.48610", "2009-09-30": "60.75330", "2009-06-30": "67.85460", "2009-03-31": "67.03410", "2008-12-31": "62.39160", "2008-09-30": "54.16860", "2008-06-30": "54.55850", "2008-03-31": "60.48830", "2007-12-31": "57.73510", "2007-09-30": "54.69310", "2007-06-30": "58.41810", "2007-03-31": "72.42450", "2006-12-31": "72.81070", "2006-09-30": "59.96840", "2006-06-30": "61.71280", "2006-03-31": "46.41950", "2005-12-31": "49.83190", "2005-09-30": "73.80390", "2005-06-30": "56.88940", "2005-03-31": "67.00740"}, "Operating Margin": {"2020-09-30": "-8.16110", "2020-06-30": "16.73920", "2020-03-31": "10.82440", "2019-12-31": "9.66330", "2019-09-30": "17.00080", "2019-06-30": "17.78090", "2019-03-31": "12.46460", "2018-12-31": "-67.82980", "2018-09-30": "17.31090", "2018-06-30": "14.92010", "2018-03-31": "12.87050", "2017-12-31": "-1.18010", "2017-09-30": "15.05990", "2017-06-30": "15.85160", "2017-03-31": "19.12300", "2016-12-31": "18.64820", "2016-09-30": "18.44970", "2016-06-30": "13.71980", "2016-03-31": "18.36070", "2015-12-31": "14.43830", "2015-09-30": "16.15730", "2015-06-30": "18.01930", "2015-03-31": "21.41720", "2014-12-31": "22.21510", "2014-09-30": "20.06430", "2014-06-30": "19.06500", "2014-03-31": "11.31240", "2013-12-31": "17.15940", "2013-09-30": "19.92420", "2013-06-30": "-2.33090", "2013-03-31": "18.69300", "2012-12-31": "24.93460", "2012-09-30": "19.09480", "2012-06-30": "15.83110", "2012-03-31": "16.10770", "2011-12-31": "44.55540", "2011-09-30": "20.53900", "2011-06-30": "12.73890", "2011-03-31": "16.17540", "2010-12-31": "16.43840", "2010-09-30": "22.75610", "2010-06-30": "12.80560", "2010-03-31": "17.72240", "2009-12-31": "14.45430", "2009-09-30": "20.96070", "2009-06-30": "-12.84400", "2009-03-31": "19.66570", "2008-12-31": "14.37420", "2008-09-30": "22.47320", "2008-06-30": "14.55280", "2008-03-31": "20.17350", "2007-12-31": "16.27910", "2007-09-30": "22.78030", "2007-06-30": "16.44240", "2007-03-31": "21.53160", "2006-12-31": "18.08800", "2006-09-30": "25.32880", "2006-06-30": "19.69340", "2006-03-31": "16.79390", "2005-12-31": "20.61200", "2005-09-30": "22.28390", "2005-06-30": "15.43980", "2005-03-31": "18.31560"}, "EBIT Margin": {"2020-09-30": "-8.16110", "2020-06-30": "16.73920", "2020-03-31": "10.82440", "2019-12-31": "9.66330", "2019-09-30": "17.00080", "2019-06-30": "17.78090", "2019-03-31": "12.46460", "2018-12-31": "-67.82980", "2018-09-30": "17.31090", "2018-06-30": "14.92010", "2018-03-31": "12.87050", "2017-12-31": "-1.18010", "2017-09-30": "15.05990", "2017-06-30": "15.85160", "2017-03-31": "19.12300", "2016-12-31": "18.64820", "2016-09-30": "18.44970", "2016-06-30": "13.71980", "2016-03-31": "18.36070", "2015-12-31": "14.43830", "2015-09-30": "16.15730", "2015-06-30": "18.01930", "2015-03-31": "21.41720", "2014-12-31": "22.21510", "2014-09-30": "20.06430", "2014-06-30": "19.06500", "2014-03-31": "11.31240", "2013-12-31": "17.15940", "2013-09-30": "19.92420", "2013-06-30": "-2.33090", "2013-03-31": "18.69300", "2012-12-31": "24.93460", "2012-09-30": "19.09480", "2012-06-30": "15.83110", "2012-03-31": "16.10770", "2011-12-31": "44.55540", "2011-09-30": "20.53900", "2011-06-30": "12.73890", "2011-03-31": "16.17540", "2010-12-31": "16.43840", "2010-09-30": "22.75610", "2010-06-30": "12.80560", "2010-03-31": "17.72240", "2009-12-31": "14.45430", "2009-09-30": "20.96070", "2009-06-30": "-12.84400", "2009-03-31": "19.66570", "2008-12-31": "14.37420", "2008-09-30": "22.47320", "2008-06-30": "14.55280", "2008-03-31": "20.17350", "2007-12-31": "16.27910", "2007-09-30": "22.78030", "2007-06-30": "16.44240", "2007-03-31": "21.53160", "2006-12-31": "18.08800", "2006-09-30": "25.32880", "2006-06-30": "19.69340", "2006-03-31": "16.79390", "2005-12-31": "20.61200", "2005-09-30": "22.28390", "2005-06-30": "15.43980", "2005-03-31": "18.31560"}, "EBITDA Margin": {"2020-09-30": "", "2020-06-30": "", "2020-03-31": "", "2019-12-31": "", "2019-09-30": "", "2019-06-30": "", "2019-03-31": "", "2018-12-31": "", "2018-09-30": "", "2018-06-30": "", "2018-03-31": "", "2017-12-31": "", "2017-09-30": "", "2017-06-30": "", "2017-03-31": "", "2016-12-31": "", "2016-09-30": "", "2016-06-30": "", "2016-03-31": "", "2015-12-31": "", "2015-09-30": "", "2015-06-30": "", "2015-03-31": "", "2014-12-31": "", "2014-09-30": "", "2014-06-30": "", "2014-03-31": "", "2013-12-31": "", "2013-09-30": "", "2013-06-30": "", "2013-03-31": "", "2012-12-31": "", "2012-09-30": "", "2012-06-30": "", "2012-03-31": "", "2011-12-31": "", "2011-09-30": "", "2011-06-30": "", "2011-03-31": "", "2010-12-31": "", "2010-09-30": "", "2010-06-30": "", "2010-03-31": "", "2009-12-31": "", "2009-09-30": "", "2009-06-30": "", "2009-03-31": "", "2008-12-31": "", "2008-09-30": "", "2008-06-30": "", "2008-03-31": "", "2007-12-31": "", "2007-09-30": "", "2007-06-30": "", "2007-03-31": "", "2006-12-31": "", "2006-09-30": "", "2006-06-30": "", "2006-03-31": "", "2005-12-31": "", "2005-09-30": "", "2005-06-30": "", "2005-03-31": ""}, "Pre-Tax Profit Margin": {"2020-09-30": "-11.13260", "2020-06-30": "11.78440", "2020-03-31": "4.62370", "2019-12-31": "3.60270", "2019-09-30": "12.83080", "2019-06-30": "12.23330", "2019-03-31": "6.94050", "2018-12-31": "-73.64570", "2018-09-30": "14.68730", "2018-06-30": "10.26640", "2018-03-31": "8.22930", "2017-12-31": "-5.27950", "2017-09-30": "11.76470", "2017-06-30": "11.29850", "2017-03-31": "14.29150", "2016-12-31": "14.80070", "2016-09-30": "15.15800", "2016-06-30": "9.32660", "2016-03-31": "13.64750", "2015-12-31": "10.46560", "2015-09-30": "12.94180", "2015-06-30": "14.16780", "2015-03-31": "16.87900", "2014-12-31": "18.10590", "2014-09-30": "17.07990", "2014-06-30": "15.45090", "2014-03-31": "7.00620", "2013-12-31": "12.09650", "2013-09-30": "16.79290", "2013-06-30": "-6.04070", "2013-03-31": "14.58970", "2012-12-31": "21.47060", "2012-09-30": "16.33640", "2012-06-30": "11.57180", "2012-03-31": "11.88410", "2011-12-31": "47.45260", "2011-09-30": "17.21610", "2011-06-30": "8.51490", "2011-03-31": "10.10070", "2010-12-31": "14.00300", "2010-09-30": "20.43300", "2010-06-30": "8.02630", "2010-03-31": "13.98580", "2009-12-31": "9.83280", "2009-09-30": "18.44980", "2009-06-30": "-17.99580", "2009-03-31": "13.79800", "2008-12-31": "9.51050", "2008-09-30": "17.93200", "2008-06-30": "10.95770", "2008-03-31": "15.61200", "2007-12-31": "11.72900", "2007-09-30": "20.54800", "2007-06-30": "4.92290", "2007-03-31": "16.86130", "2006-12-31": "13.80500", "2006-09-30": "22.27780", "2006-06-30": "10.49650", "2006-03-31": "12.06830", "2005-12-31": "17.65300", "2005-09-30": "17.10280", "2005-06-30": "9.85280", "2005-03-31": "13.20520"}, "Net Profit Margin": {"2020-09-30": "-6.20160", "2020-06-30": "10.64610", "2020-03-31": "6.55910", "2019-12-31": "4.81480", "2019-09-30": "12.59020", "2019-06-30": "13.94030", "2019-03-31": "9.84420", "2018-12-31": "-47.52410", "2018-09-30": "12.01690", "2018-06-30": "9.80460", "2018-03-31": "8.50230", "2017-12-31": "-16.92550", "2017-09-30": "12.79960", "2017-06-30": "9.37610", "2017-03-31": "14.69750", "2016-12-31": "11.40380", "2016-09-30": "11.17600", "2016-06-30": "10.08280", "2016-03-31": "11.51640", "2015-12-31": "-3.37460", "2015-09-30": "11.18790", "2015-06-30": "13.03300", "2015-03-31": "11.90290", "2014-12-31": "13.48320", "2014-09-30": "11.01930", "2014-06-30": "17.77190", "2014-03-31": "6.01500", "2013-12-31": "10.19370", "2013-09-30": "11.06060", "2013-06-30": "-3.08600", "2013-03-31": "10.29640", "2012-12-31": "-17.64710", "2012-09-30": "5.08840", "2012-06-30": "2.78930", "2012-03-31": "3.85090", "2011-12-31": "-83.81620", "2011-09-30": "11.14600", "2011-06-30": "5.90010", "2011-03-31": "7.18910", "2010-12-31": "25.26640", "2010-09-30": "13.46360", "2010-06-30": "12.55020", "2010-03-31": "8.39860", "2009-12-31": "6.94850", "2009-09-30": "10.99890", "2009-06-30": "-0.56460", "2009-03-31": "8.89050", "2008-12-31": "6.69150", "2008-09-30": "10.22360", "2008-06-30": "7.50650", "2008-03-31": "9.60490", "2007-12-31": "7.11160", "2007-09-30": "11.69460", "2007-06-30": "3.05220", "2007-03-31": "11.43540", "2006-12-31": "11.01340", "2006-09-30": "12.04630", "2006-06-30": "5.89800", "2006-03-31": "9.37840", "2005-12-31": "9.17960", "2005-09-30": "12.21250", "2005-06-30": "7.58780", "2005-03-31": "8.21750"}, "Asset Turnover": {"2020-09-30": "0.06770", "2020-06-30": "0.04450", "2020-03-31": "0.04230", "2019-12-31": "0.04610", "2019-09-30": "0.05830", "2019-06-30": "0.04720", "2019-03-31": "0.04800", "2018-12-31": "0.05310", "2018-09-30": "0.07970", "2018-06-30": "0.05330", "2018-03-31": "0.04940", "2017-12-31": "0.06120", "2017-09-30": "0.06850", "2017-06-30": "0.05620", "2017-03-31": "0.04760", "2016-12-31": "0.05620", "2016-09-30": "0.07310", "2016-06-30": "0.05420", "2016-03-31": "0.04840", "2015-12-31": "0.04660", "2015-09-30": "0.07340", "2015-06-30": "0.05680", "2015-03-31": "0.04970", "2014-12-31": "0.06260", "2014-09-30": "0.08800", "2014-06-30": "0.06170", "2014-03-31": "0.06170", "2013-12-31": "0.06310", "2013-09-30": "0.08480", "2013-06-30": "0.06760", "2013-03-31": "0.05830", "2012-12-31": "0.06890", "2012-09-30": "0.07390", "2012-06-30": "0.05370", "2012-03-31": "0.04890", "2011-12-31": "0.02080", "2011-09-30": "0.08020", "2011-06-30": "0.06340", "2011-03-31": "0.06030", "2010-12-31": "0.01440", "2010-09-30": "0.08310", "2010-06-30": "0.06370", "2010-03-31": "0.06630", "2009-12-31": "0.07360", "2009-09-30": "0.08570", "2009-06-30": "0.06770", "2009-03-31": "0.06330", "2008-12-31": "0.07240", "2008-09-30": "0.10310", "2008-06-30": "0.08910", "2008-03-31": "0.08200", "2007-12-31": "0.07910", "2007-09-30": "0.10420", "2007-06-30": "0.08240", "2007-03-31": "0.07950", "2006-12-31": "0.07210", "2006-09-30": "0.10480", "2006-06-30": "0.08540", "2006-03-31": "0.07940", "2005-12-31": "0.08550", "2005-09-30": "0.10650", "2005-06-30": "0.07900", "2005-03-31": "0.07310"}, "Inventory Turnover Ratio": {"2020-09-30": "4.69510", "2020-06-30": "2.79580", "2020-03-31": "2.55650", "2019-12-31": "2.72250", "2019-09-30": "4.90800", "2019-06-30": "3.42900", "2019-03-31": "3.22120", "2018-12-31": "3.76600", "2018-09-30": "8.83520", "2018-06-30": "4.41270", "2018-03-31": "3.74900", "2017-12-31": "4.67360", "2017-09-30": "7.78600", "2017-06-30": "5.00000", "2017-03-31": "3.30800", "2016-12-31": "3.97490", "2016-09-30": "5.54520", "2016-06-30": "3.45450", "2016-03-31": "2.96270", "2015-12-31": "2.31090", "2015-09-30": "6.61110", "2015-06-30": "3.90580", "2015-03-31": "2.71030", "2014-12-31": "3.66190", "2014-09-30": "7.93450", "2014-06-30": "4.47290", "2014-03-31": "4.26490", "2013-12-31": "4.19140", "2013-09-30": "6.64710", "2013-06-30": "4.33330", "2013-03-31": "2.43020", "2012-12-31": "2.55590", "2012-09-30": "3.33660", "2012-06-30": "1.55730", "2012-03-31": "1.19520", "2011-12-31": "0.42570", "2011-09-30": "2.59460", "2011-06-30": "1.53650", "2011-03-31": "1.30720", "2010-12-31": "0.13730", "2010-09-30": "2.64350", "2010-06-30": "1.55760", "2010-03-31": "1.72990", "2009-12-31": "1.86120", "2009-09-30": "1.86510", "2009-06-30": "1.67160", "2009-03-31": "1.68850", "2008-12-31": "2.19530", "2008-09-30": "3.82880", "2008-06-30": "3.23110", "2008-03-31": "2.85380", "2007-12-31": "2.90280", "2007-09-30": "4.19250", "2007-06-30": "3.05300", "2007-03-31": "2.03290", "2006-12-31": "1.81380", "2006-09-30": "3.79550", "2006-06-30": "2.69720", "2006-03-31": "3.76020", "2005-12-31": "4.37540", "2005-09-30": "2.99400", "2005-06-30": "3.40900", "2005-03-31": "2.52980"}, "Receiveable Turnover": {"2020-09-30": "2.00690", "2020-06-30": "2.86110", "2020-03-31": "3.01300", "2019-12-31": "3.27810", "2019-09-30": "3.05140", "2019-06-30": "3.04990", "2019-03-31": "3.11010", "2018-12-31": "3.26710", "2018-09-30": "3.52520", "2018-06-30": "2.95070", "2018-03-31": "3.37370", "2017-12-31": "3.42190", "2017-09-30": "3.32310", "2017-06-30": "3.55940", "2017-03-31": "3.57990", "2016-12-31": "4.03500", "2016-09-30": "3.77080", "2016-06-30": "3.46690", "2016-03-31": "3.75960", "2015-12-31": "3.03630", "2015-09-30": "3.10730", "2015-06-30": "3.78650", "2015-03-31": "3.34040", "2014-12-31": "3.94300", "2014-09-30": "3.57640", "2014-06-30": "2.91680", "2014-03-31": "4.03590", "2013-12-31": "3.51190", "2013-09-30": "3.37310", "2013-06-30": "3.73740", "2013-03-31": "3.30240", "2012-12-31": "4.01570", "2012-09-30": "3.19970", "2012-06-30": "3.07060", "2012-03-31": "3.20720", "2011-12-31": "1.30340", "2011-09-30": "3.13790", "2011-06-30": "2.93030", "2011-03-31": "3.55750", "2010-12-31": "0.70570", "2010-09-30": "3.52370", "2010-06-30": "3.11480", "2010-03-31": "3.33330", "2009-12-31": "3.00000", "2009-09-30": "3.16410", "2009-06-30": "2.99580", "2009-03-31": "3.05320", "2008-12-31": "3.20870", "2008-09-30": "3.20690", "2008-06-30": "2.95660", "2008-03-31": "2.99900", "2007-12-31": "2.87220", "2007-09-30": "3.07490", "2007-06-30": "2.90190", "2007-03-31": "3.08470", "2006-12-31": "2.57890", "2006-09-30": "2.74120", "2006-06-30": "2.71830", "2006-03-31": "3.09450", "2005-12-31": "2.43770", "2005-09-30": "2.99050", "2005-06-30": "2.84530", "2005-03-31": "2.87430"}, "Days Sales In Receivables": {"2020-09-30": "44.84500", "2020-06-30": "31.45630", "2020-03-31": "29.87100", "2019-12-31": "27.45450", "2019-09-30": "29.49480", "2019-06-30": "29.50930", "2019-03-31": "28.93770", "2018-12-31": "27.54740", "2018-09-30": "25.53060", "2018-06-30": "30.50090", "2018-03-31": "26.67710", "2017-12-31": "26.30120", "2017-09-30": "27.08330", "2017-06-30": "25.28500", "2017-03-31": "25.14010", "2016-12-31": "22.30500", "2016-09-30": "23.86780", "2016-06-30": "25.95970", "2016-03-31": "23.93850", "2015-12-31": "29.64120", "2015-09-30": "28.96360", "2015-06-30": "23.76890", "2015-03-31": "26.94270", "2014-12-31": "22.82500", "2014-09-30": "25.16530", "2014-06-30": "30.85540", "2014-03-31": "22.30010", "2013-12-31": "25.62690", "2013-09-30": "26.68180", "2013-06-30": "24.08080", "2013-03-31": "27.25300", "2012-12-31": "22.41180", "2012-09-30": "28.12800", "2012-06-30": "29.31020", "2012-03-31": "28.06210", "2011-12-31": "69.05100", "2011-09-30": "28.68130", "2011-06-30": "30.71410", "2011-03-31": "25.29840", "2010-12-31": "127.53420", "2010-09-30": "25.54120", "2010-06-30": "28.89460", "2010-03-31": "27.00000", "2009-12-31": "30.00000", "2009-09-30": "28.44430", "2009-06-30": "30.04230", "2009-03-31": "29.47720", "2008-12-31": "28.04830", "2008-09-30": "28.06470", "2008-06-30": "30.44000", "2008-03-31": "30.00960", "2007-12-31": "31.33470", "2007-09-30": "29.26940", "2007-06-30": "31.01410", "2007-03-31": "29.17580", "2006-12-31": "34.89870", "2006-09-30": "32.83270", "2006-06-30": "33.10900", "2006-03-31": "29.08400", "2005-12-31": "36.92000", "2005-09-30": "30.09520", "2005-06-30": "31.63080", "2005-03-31": "31.31240"}, "ROE - Return On Equity": {"2020-09-30": "-1.54640", "2020-06-30": "2.11600", "2020-03-31": "1.37030", "2019-12-31": "1.11640", "2019-09-30": "3.26970", "2019-06-30": "3.26800", "2019-03-31": "2.42160", "2018-12-31": "-11.33420", "2018-09-30": "3.80710", "2018-06-30": "2.13280", "2018-03-31": "1.74240", "2017-12-31": "-3.85110", "2017-09-30": "3.42920", "2017-06-30": "2.08780", "2017-03-31": "2.75240", "2016-12-31": "2.44590", "2016-09-30": "3.22030", "2016-06-30": "2.25490", "2016-03-31": "2.23750", "2015-12-31": "-0.35110", "2015-09-30": "2.97360", "2015-06-30": "3.04190", "2015-03-31": "2.42790", "2014-12-31": "3.12740", "2014-09-30": "4.88080", "2014-06-30": "3.67980", "2014-03-31": "2.24470", "2013-12-31": "2.88790", "2013-09-30": "5.03660", "2013-06-30": "-0.87650", "2013-03-31": "2.99320", "2012-12-31": "8.57720", "2012-09-30": "3.72280", "2012-06-30": "2.03240", "2012-03-31": "1.91540", "2011-12-31": "2.64490", "2011-09-30": "3.86680", "2011-06-30": "1.78970", "2011-03-31": "2.02270", "2010-12-31": "0.17000", "2010-09-30": "4.95350", "2010-06-30": "3.49430", "2010-03-31": "2.41170", "2009-12-31": "2.25760", "2009-09-30": "4.39690", "2009-06-30": "0.14190", "2009-03-31": "2.64810", "2008-12-31": "2.36690", "2008-09-30": "5.31190", "2008-06-30": "3.51950", "2008-03-31": "3.83160", "2007-12-31": "4.98580", "2007-09-30": "5.54300", "2007-06-30": "1.13250", "2007-03-31": "4.12500", "2006-12-31": "3.45050", "2006-09-30": "6.10240", "2006-06-30": "2.44210", "2006-03-31": "2.66710", "2005-12-31": "4.52000", "2005-09-30": "6.83320", "2005-06-30": "2.89340", "2005-03-31": "3.18030"}, "Return On Tangible Equity": {"2020-09-30": "-1.54640", "2020-06-30": "2.11600", "2020-03-31": "1.37030", "2019-12-31": "1.11640", "2019-09-30": "3.26970", "2019-06-30": "3.26800", "2019-03-31": "2.42160", "2018-12-31": "-11.33420", "2018-09-30": "3.80710", "2018-06-30": "2.13280", "2018-03-31": "1.74240", "2017-12-31": "-3.85110", "2017-09-30": "3.42920", "2017-06-30": "2.08780", "2017-03-31": "2.75240", "2016-12-31": "2.44590", "2016-09-30": "3.22030", "2016-06-30": "2.25490", "2016-03-31": "2.23750", "2015-12-31": "-0.35110", "2015-09-30": "2.97360", "2015-06-30": "3.04190", "2015-03-31": "2.42790", "2014-12-31": "3.12740", "2014-09-30": "4.10720", "2014-06-30": "3.07990", "2014-03-31": "1.86640", "2013-12-31": "2.45490", "2013-09-30": "4.26500", "2013-06-30": "-0.73820", "2013-03-31": "2.52900", "2012-12-31": "7.22900", "2012-09-30": "3.17800", "2012-06-30": "1.73290", "2012-03-31": "1.68860", "2011-12-31": "2.39940", "2011-09-30": "3.53640", "2011-06-30": "1.63310", "2011-03-31": "1.84470", "2010-12-31": "0.15660", "2010-09-30": "4.56440", "2010-06-30": "3.20870", "2010-03-31": "2.21250", "2009-12-31": "2.07160", "2009-09-30": "4.03450", "2009-06-30": "0.13000", "2009-03-31": "2.42880", "2008-12-31": "2.16640", "2008-09-30": "4.83900", "2008-06-30": "3.17900", "2008-03-31": "3.46150", "2007-12-31": "4.49830", "2007-09-30": "4.99790", "2007-06-30": "1.01680", "2007-03-31": "3.70160", "2006-12-31": "3.08440", "2006-09-30": "5.44190", "2006-06-30": "2.16280", "2006-03-31": "2.35440", "2005-12-31": "4.07690", "2005-09-30": "6.13110", "2005-06-30": "2.66670", "2005-03-31": "3.11450"}, "ROA - Return On Assets": {"2020-09-30": "-0.35300", "2020-06-30": "0.51900", "2020-03-31": "0.32260", "2019-12-31": "0.26870", "2019-09-30": "0.78180", "2019-06-30": "0.70900", "2019-03-31": "0.52390", "2018-12-31": "-2.52840", "2018-09-30": "1.01560", "2018-06-30": "0.56420", "2018-03-31": "0.46590", "2017-12-31": "-1.01560", "2017-09-30": "0.93480", "2017-06-30": "0.58570", "2017-03-31": "0.75760", "2016-12-31": "0.67620", "2016-09-30": "0.87480", "2016-06-30": "0.60550", "2016-03-31": "0.60450", "2015-12-31": "-0.09360", "2015-09-30": "0.78990", "2015-06-30": "0.79240", "2015-03-31": "0.62870", "2014-12-31": "0.81630", "2014-09-30": "1.05910", "2014-06-30": "0.78180", "2014-03-31": "0.47270", "2013-12-31": "0.61530", "2013-09-30": "1.04500", "2013-06-30": "-0.18210", "2013-03-31": "0.63340", "2012-12-31": "1.82230", "2012-09-30": "0.75580", "2012-06-30": "0.41910", "2012-03-31": "0.39690", "2011-12-31": "0.55370", "2011-09-30": "0.89360", "2011-06-30": "0.40790", "2011-03-31": "0.46790", "2010-12-31": "0.03950", "2010-09-30": "1.15660", "2010-06-30": "0.82680", "2010-03-31": "0.57370", "2009-12-31": "0.55010", "2009-09-30": "1.03810", "2009-06-30": "0.03340", "2009-03-31": "0.59870", "2008-12-31": "0.52000", "2008-09-30": "1.18320", "2008-06-30": "0.76400", "2008-03-31": "0.85640", "2007-12-31": "1.12200", "2007-09-30": "1.22950", "2007-06-30": "0.24610", "2007-03-31": "0.90070", "2006-12-31": "0.73360", "2006-09-30": "1.26750", "2006-06-30": "0.49220", "2006-03-31": "0.53100", "2005-12-31": "0.85940", "2005-09-30": "1.22510", "2005-06-30": "0.53670", "2005-03-31": "0.57970"}, "ROI - Return On Investment": {"2020-09-30": "-0.69930", "2020-06-30": "0.97520", "2020-03-31": "0.61440", "2019-12-31": "0.51860", "2019-09-30": "1.54850", "2019-06-30": "1.46550", "2019-03-31": "1.08440", "2018-12-31": "-5.25580", "2018-09-30": "1.88120", "2018-06-30": "1.07130", "2018-03-31": "0.88790", "2017-12-31": "-2.09350", "2017-09-30": "1.90870", "2017-06-30": "1.16770", "2017-03-31": "1.51330", "2016-12-31": "1.42430", "2016-09-30": "1.84750", "2016-06-30": "1.26050", "2016-03-31": "1.22620", "2015-12-31": "-0.19360", "2015-09-30": "1.64790", "2015-06-30": "1.64960", "2015-03-31": "1.31240", "2014-12-31": "1.74880", "2014-09-30": "2.28910", "2014-06-30": "1.71080", "2014-03-31": "1.02630", "2013-12-31": "1.33390", "2013-09-30": "2.36050", "2013-06-30": "-0.41130", "2013-03-31": "1.42020", "2012-12-31": "3.96140", "2012-09-30": "1.48480", "2012-06-30": "0.80850", "2012-03-31": "0.76150", "2011-12-31": "1.33530", "2011-09-30": "1.70020", "2011-06-30": "0.77690", "2011-03-31": "0.89140", "2010-12-31": "0.07540", "2010-09-30": "2.22710", "2010-06-30": "1.60300", "2010-03-31": "1.10410", "2009-12-31": "1.06330", "2009-09-30": "2.06960", "2009-06-30": "0.06350", "2009-03-31": "1.20090", "2008-12-31": "1.07110", "2008-09-30": "2.38040", "2008-06-30": "1.59650", "2008-03-31": "1.73670", "2007-12-31": "2.29120", "2007-09-30": "2.53270", "2007-06-30": "0.50440", "2007-03-31": "1.83270", "2006-12-31": "1.50070", "2006-09-30": "2.63820", "2006-06-30": "1.00400", "2006-03-31": "1.09130", "2005-12-31": "1.84940", "2005-09-30": "2.71060", "2005-06-30": "1.15220", "2005-03-31": "1.24400"}, "Book Value Per Share": {"2020-09-30": "41.34340", "2020-06-30": "43.48410", "2020-03-31": "42.76490", "2019-12-31": "42.80840", "2019-09-30": "42.82290", "2019-06-30": "39.63340", "2019-03-31": "39.03800", "2018-12-31": "38.83230", "2018-09-30": "43.85670", "2018-06-30": "42.88380", "2018-03-31": "42.62900", "2017-12-31": "42.55840", "2017-09-30": "44.84200", "2017-06-30": "45.42510", "2017-03-31": "43.71250", "2016-12-31": "43.54370", "2016-09-30": "42.98500", "2016-06-30": "42.19620", "2016-03-31": "41.83710", "2015-12-31": "41.09130", "2015-09-30": "41.80340", "2015-06-30": "40.96550", "2015-03-31": "40.20120", "2014-12-31": "39.84520", "2014-09-30": "39.15770", "2014-06-30": "38.06810", "2014-03-31": "36.83730", "2013-12-31": "35.88280", "2013-09-30": "35.11850", "2013-06-30": "34.09340", "2013-03-31": "34.71030", "2012-12-31": "34.34810", "2012-09-30": "36.89260", "2012-06-30": "36.66240", "2012-03-31": "35.62500", "2011-12-31": "34.02590", "2011-09-30": "36.97240", "2011-06-30": "36.08530", "2011-03-31": "35.93800", "2010-12-31": "35.27810", "2010-09-30": "35.43770", "2010-06-30": "34.05350", "2010-03-31": "33.70970", "2009-12-31": "33.78030", "2009-09-30": "33.77730", "2009-06-30": "33.06210", "2009-03-31": "33.61460", "2008-12-31": "32.86880", "2008-09-30": "31.26970", "2008-06-30": "28.77130", "2008-03-31": "28.81730", "2007-12-31": "28.72520", "2007-09-30": "28.55640", "2007-06-30": "27.46990", "2007-03-31": "27.36250", "2006-12-31": "26.46930", "2006-09-30": "25.94450", "2006-06-30": "24.55100", "2006-03-31": "23.98630", "2005-12-31": "22.51000", "2005-09-30": "21.77640", "2005-06-30": "20.71750", "2005-03-31": "19.11850"}, "Operating Cash Flow Per Share": {"2020-09-30": 1.1711, "2020-06-30": 0.7968, "2020-03-31": "0.86540", "2019-12-31": 1.4407, "2019-09-30": -4.1697, "2019-06-30": 1.1865, "2019-03-31": "0.64220", "2018-12-31": 2.8004, "2018-09-30": 3.2233, "2018-06-30": 1.0948, "2018-03-31": "2.62690", "2017-12-31": 2.7409, "2017-09-30": 3.8548, "2017-06-30": 1.6839, "2017-03-31": "2.68690", "2016-12-31": 2.2788, "2016-09-30": 3.2424, "2016-06-30": 1.7406, "2016-03-31": "2.59880", "2015-12-31": 5.068, "2015-09-30": 3.247, "2015-06-30": 2.4601, "2015-03-31": "2.93010", "2014-12-31": 3.7112, "2014-09-30": 4.3131, "2014-06-30": 0.1307, "2014-03-31": "1.71730", "2013-12-31": 2.7072, "2013-09-30": 2.4429, "2013-06-30": 2.3301, "2013-03-31": "1.53800", "2012-12-31": 3.5437, "2012-09-30": 3.0862, "2012-06-30": 1.4153, "2012-03-31": "2.05780", "2011-12-31": 3.2887, "2011-09-30": 4.8693, "2011-06-30": 1.5253, "2011-03-31": "2.18900", "2010-12-31": 2.1843, "2010-09-30": 5.4422, "2010-06-30": 1.1157, "2010-03-31": "1.82620", "2009-12-31": 2.8924, "2009-09-30": 3.7192, "2009-06-30": 0.6024, "2009-03-31": "2.09790", "2008-12-31": 1.8875, "2008-09-30": 2.7568, "2008-06-30": 0.4468, "2008-03-31": "1.78120", "2007-12-31": 1.5218, "2007-09-30": 4.303, "2007-06-30": 1.7546, "2007-03-31": "2.22120", "2006-12-31": 2.4848, "2006-09-30": 5.7091, "2006-06-30": 1.3692, "2006-03-31": "1.83690", "2005-12-31": 1.5663, "2005-09-30": 2.6822, "2005-06-30": 1.5679, "2005-03-31": "0.95170"}, "Free Cash Flow Per Share": {"2020-09-30": -2.4523, "2020-06-30": -2.4058, "2020-03-31": "-2.61810", "2019-12-31": -2.8414, "2019-09-30": -7.3549, "2019-06-30": -2.3639, "2019-03-31": "-2.64220", "2018-12-31": -1.1195, "2018-09-30": -0.0857, "2018-06-30": -2.0305, "2018-03-31": "-0.85020", "2017-12-31": -0.8262, "2017-09-30": 1.0489, "2017-06-30": -0.7933, "2017-03-31": "-0.18240", "2016-12-31": -0.6788, "2016-09-30": 0.3788, "2016-06-30": -0.9082, "2016-03-31": "-0.29180", "2015-12-31": 1.7809, "2015-09-30": 0.3902, "2015-06-30": -0.3839, "2015-03-31": "-0.92400", "2014-12-31": 0.5198, "2014-09-30": 1.2735, "2014-06-30": -2.6535, "2014-03-31": "-1.13980", "2013-12-31": 0.7359, "2013-09-30": -0.349, "2013-06-30": -0.32, "2013-03-31": "-1.43770", "2012-12-31": 0.7542, "2012-09-30": 0.0108, "2012-06-30": -1.333, "2012-03-31": "-1.55620", "2011-12-31": 1.3405, "2011-09-30": 1.1459, "2011-06-30": -1.8777, "2011-03-31": "-1.26520", "2010-12-31": 0.2345, "2010-09-30": 2.2329, "2010-06-30": -2.3152, "2010-03-31": "-1.07320", "2009-12-31": 4.1496, "2009-09-30": 1.4773, "2009-06-30": -1.7064, "2009-03-31": "-0.30280", "2008-12-31": -0.7245, "2008-09-30": 1.226, "2008-06-30": -1.5137, "2008-03-31": "-0.35560", "2007-12-31": -1.0129, "2007-09-30": 2.3515, "2007-06-30": -0.197, "2007-03-31": "0.12730", "2006-12-31": 0.2636, "2006-09-30": 4.0394, "2006-06-30": -0.6143, "2006-03-31": "0.29610", "2005-12-31": -0.003, "2005-09-30": 1.0992, "2005-06-30": 0.2628, "2005-03-31": "-0.18730"}}, "revenue": {"Edison Annual Revenue (Millions of US $)": {"2019": "$12,347", "2018": "$12,657", "2017": "$12,320", "2016": "$11,869", "2015": "$11,524", "2014": "$13,413", "2013": "$12,581", "2012": "$11,862", "2011": "$10,588", "2010": "$9,996", "2009": "$12,361", "2008": "$14,112", "2007": "$12,868", "2006": "$12,169", "2005": "$11,852"}, "Edison Quarterly Revenue (Millions of US $)": {"2020-09-30": "$4,644", "2020-06-30": "$2,987", "2020-03-31": "$2,790", "2019-12-31": "$2,970", "2019-09-30": "$3,741", "2019-06-30": "$2,812", "2019-03-31": "$2,824", "2018-12-31": "$3,009", "2018-09-30": "$4,269", "2018-06-30": "$2,815", "2018-03-31": "$2,564", "2017-12-31": "$3,220", "2017-09-30": "$3,672", "2017-06-30": "$2,965", "2017-03-31": "$2,463", "2016-12-31": "$2,885", "2016-09-30": "$3,767", "2016-06-30": "$2,777", "2016-03-31": "$2,440", "2015-12-31": "$2,341", "2015-09-30": "$3,763", "2015-06-30": "$2,908", "2015-03-31": "$2,512", "2014-12-31": "$3,115", "2014-09-30": "$4,356", "2014-06-30": "$3,016", "2014-03-31": "$2,926", "2013-12-31": "$2,943", "2013-09-30": "$3,960", "2013-06-30": "$3,046", "2013-03-31": "$2,632", "2012-12-31": "$3,060", "2012-09-30": "$3,734", "2012-06-30": "$2,653", "2012-03-31": "$2,415", "2011-12-31": "$1,001", "2011-09-30": "$3,822", "2011-06-30": "$2,983", "2011-03-31": "$2,782", "2010-12-31": "$657", "2010-09-30": "$3,788", "2010-06-30": "$2,741", "2010-03-31": "$2,810", "2009-12-31": "$3,051", "2009-09-30": "$3,664", "2009-06-30": "$2,834", "2009-03-31": "$2,812", "2008-12-31": "$3,228", "2008-09-30": "$4,294", "2008-06-30": "$3,477", "2008-03-31": "$3,113", "2007-12-31": "$2,967", "2007-09-30": "$3,942", "2007-06-30": "$3,047", "2007-03-31": "$2,912", "2006-12-31": "$2,615", "2006-09-30": "$3,802", "2006-06-30": "$3,001", "2006-03-31": "$2,751", "2005-12-31": "$2,974", "2005-09-30": "$3,783", "2005-06-30": "$2,649", "2005-03-31": "$2,446"}}, "gross-profit": {"Edison Annual Gross Profit (Millions of US $)": {"2019": "$7,508", "2018": "$7,251", "2017": "$7,447", "2016": "$7,342", "2015": "$7,258", "2014": "$7,820", "2013": "$7,690", "2012": "$7,723", "2011": "$7,232", "2010": "$6,703", "2009": "$8,093", "2008": "$8,120", "2007": "$7,758", "2006": "$7,313", "2005": "$7,420"}, "Edison Quarterly Gross Profit (Millions of US $)": {"2020-09-30": "$2,827", "2020-06-30": "$1,919", "2020-03-31": "$1,862", "2019-12-31": "$1,979", "2019-09-30": "$2,033", "2019-06-30": "$1,677", "2019-03-31": "$1,819", "2018-12-31": "$1,947", "2018-09-30": "$1,963", "2018-06-30": "$1,703", "2018-03-31": "$1,638", "2017-12-31": "$2,089", "2017-09-30": "$1,889", "2017-06-30": "$1,790", "2017-03-31": "$1,679", "2016-12-31": "$1,935", "2016-09-30": "$2,048", "2016-06-30": "$1,713", "2016-03-31": "$1,646", "2015-12-31": "$1,724", "2015-09-30": "$1,978", "2015-06-30": "$1,830", "2015-03-31": "$1,726", "2014-12-31": "$2,086", "2014-09-30": "$2,174", "2014-06-30": "$1,777", "2014-03-31": "$1,783", "2013-12-31": "$1,870", "2013-09-30": "$2,152", "2013-06-30": "$1,889", "2013-03-31": "$1,779", "2012-12-31": "$2,191", "2012-09-30": "$2,039", "2012-06-30": "$1,770", "2012-03-31": "$1,723", "2011-12-31": "$852", "2011-09-30": "$2,286", "2011-06-30": "$2,078", "2011-03-31": "$2,016", "2010-12-31": "$579", "2010-09-30": "$2,342", "2010-06-30": "$1,875", "2010-03-31": "$1,907", "2009-12-31": "$2,059", "2009-09-30": "$2,226", "2009-06-30": "$1,923", "2009-03-31": "$1,885", "2008-12-31": "$2,014", "2008-09-30": "$2,326", "2008-06-30": "$1,897", "2008-03-31": "$1,883", "2007-12-31": "$1,713", "2007-09-30": "$2,156", "2007-06-30": "$1,780", "2007-03-31": "$2,109", "2006-12-31": "$1,904", "2006-09-30": "$2,280", "2006-06-30": "$1,852", "2006-03-31": "$1,277", "2005-12-31": "$1,482", "2005-09-30": "$2,792", "2005-06-30": "$1,507", "2005-03-31": "$1,639"}}, "operating-income": {"Edison Annual Operating Income (Millions of US $)": {"2019": "$1,775", "2018": "$-552", "2017": "$1,456", "2016": "$2,062", "2015": "$2,008", "2014": "$2,472", "2013": "$1,715", "2012": "$2,285", "2011": "$2,061", "2010": "$1,819", "2009": "$1,398", "2008": "$2,563", "2007": "$2,509", "2006": "$2,489", "2005": "$2,313"}, "Edison Quarterly Operating Income (Millions of US $)": {"2020-09-30": "$-379", "2020-06-30": "$500", "2020-03-31": "$302", "2019-12-31": "$287", "2019-09-30": "$636", "2019-06-30": "$500", "2019-03-31": "$352", "2018-12-31": "$-2,041", "2018-09-30": "$739", "2018-06-30": "$420", "2018-03-31": "$330", "2017-12-31": "$-38", "2017-09-30": "$553", "2017-06-30": "$470", "2017-03-31": "$471", "2016-12-31": "$538", "2016-09-30": "$695", "2016-06-30": "$381", "2016-03-31": "$448", "2015-12-31": "$338", "2015-09-30": "$608", "2015-06-30": "$524", "2015-03-31": "$538", "2014-12-31": "$692", "2014-09-30": "$874", "2014-06-30": "$575", "2014-03-31": "$331", "2013-12-31": "$505", "2013-09-30": "$789", "2013-06-30": "$-71", "2013-03-31": "$492", "2012-12-31": "$763", "2012-09-30": "$713", "2012-06-30": "$420", "2012-03-31": "$389", "2011-12-31": "$446", "2011-09-30": "$785", "2011-06-30": "$380", "2011-03-31": "$450", "2010-12-31": "$108", "2010-09-30": "$862", "2010-06-30": "$351", "2010-03-31": "$498", "2009-12-31": "$441", "2009-09-30": "$768", "2009-06-30": "$-364", "2009-03-31": "$553", "2008-12-31": "$464", "2008-09-30": "$965", "2008-06-30": "$506", "2008-03-31": "$628", "2007-12-31": "$483", "2007-09-30": "$898", "2007-06-30": "$501", "2007-03-31": "$627", "2006-12-31": "$473", "2006-09-30": "$963", "2006-06-30": "$591", "2006-03-31": "$462", "2005-12-31": "$613", "2005-09-30": "$843", "2005-06-30": "$409", "2005-03-31": "$448"}}, "ebitda": {"Edison Annual EBITDA (Millions of US $)": {"2019": "$3,730", "2018": "$1,388", "2017": "$3,571", "2016": "$4,160", "2015": "$4,013", "2014": "$4,287", "2013": "$3,411", "2012": "$3,919", "2011": "$3,488", "2010": "$3,199", "2009": "$2,936", "2008": "$3,982", "2007": "$3,801", "2006": "$3,693", "2005": "$3,481"}, "Edison Quarterly EBITDA (Millions of US $)": {"2020-09-30": "$213", "2020-06-30": "$1,087", "2020-03-31": "$887", "2019-12-31": "$859", "2019-09-30": "$1,182", "2019-06-30": "$839", "2019-03-31": "$850", "2018-12-31": "$-1,740", "2018-09-30": "$1,304", "2018-06-30": "$1,015", "2018-03-31": "$809", "2017-12-31": "$486", "2017-09-30": "$1,096", "2017-06-30": "$998", "2017-03-31": "$991", "2016-12-31": "$1,061", "2016-09-30": "$1,245", "2016-06-30": "$907", "2016-03-31": "$947", "2015-12-31": "$828", "2015-09-30": "$1,136", "2015-06-30": "$1,026", "2015-03-31": "$1,023", "2014-12-31": "$1,195", "2014-09-30": "$1,322", "2014-06-30": "$1,007", "2014-03-31": "$763", "2013-12-31": "$977", "2013-09-30": "$1,181", "2013-06-30": "$347", "2013-03-31": "$906", "2012-12-31": "$1,159", "2012-09-30": "$1,129", "2012-06-30": "$835", "2012-03-31": "$796", "2011-12-31": "$489", "2011-09-30": "$1,242", "2011-06-30": "$853", "2011-03-31": "$904", "2010-12-31": "$271", "2010-09-30": "$1,274", "2010-06-30": "$763", "2010-03-31": "$891", "2009-12-31": "$831", "2009-09-30": "$1,170", "2009-06-30": "$14", "2009-03-31": "$921", "2008-12-31": "$831", "2008-09-30": "$1,321", "2008-06-30": "$864", "2008-03-31": "$966", "2007-12-31": "$744", "2007-09-30": "$1,238", "2007-06-30": "$848", "2007-03-31": "$971", "2006-12-31": "$682", "2006-09-30": "$1,284", "2006-06-30": "$952", "2006-03-31": "$775", "2005-12-31": "$904", "2005-09-30": "$1,146", "2005-06-30": "$702", "2005-03-31": "$729"}}, "net-income": {"Edison Annual Net Income (Millions of US $)": {"2019": "$1,284", "2018": "$-423", "2017": "$565", "2016": "$1,311", "2015": "$1,020", "2014": "$1,612", "2013": "$915", "2012": "$-183", "2011": "$-37", "2010": "$1,256", "2009": "$849", "2008": "$1,215", "2007": "$1,098", "2006": "$1,181", "2005": "$1,137"}, "Edison Quarterly Net Income (Millions of US $)": {"2020-09-30": "$-288", "2020-06-30": "$318", "2020-03-31": "$183", "2019-12-31": "$143", "2019-09-30": "$471", "2019-06-30": "$392", "2019-03-31": "$278", "2018-12-31": "$-1,430", "2018-09-30": "$513", "2018-06-30": "$276", "2018-03-31": "$218", "2017-12-31": "$-545", "2017-09-30": "$470", "2017-06-30": "$278", "2017-03-31": "$362", "2016-12-31": "$329", "2016-09-30": "$421", "2016-06-30": "$280", "2016-03-31": "$281", "2015-12-31": "$-79", "2015-09-30": "$421", "2015-06-30": "$379", "2015-03-31": "$299", "2014-12-31": "$420", "2014-09-30": "$480", "2014-06-30": "$536", "2014-03-31": "$176", "2013-12-31": "$300", "2013-09-30": "$438", "2013-06-30": "$-94", "2013-03-31": "$271", "2012-12-31": "$-540", "2012-09-30": "$190", "2012-06-30": "$74", "2012-03-31": "$93", "2011-12-31": "$-839", "2011-09-30": "$426", "2011-06-30": "$176", "2011-03-31": "$200", "2010-12-31": "$166", "2010-09-30": "$510", "2010-06-30": "$344", "2010-03-31": "$236", "2009-12-31": "$212", "2009-09-30": "$403", "2009-06-30": "$-16", "2009-03-31": "$250", "2008-12-31": "$216", "2008-09-30": "$439", "2008-06-30": "$261", "2008-03-31": "$299", "2007-12-31": "$211", "2007-09-30": "$461", "2007-06-30": "$93", "2007-03-31": "$333", "2006-12-31": "$288", "2006-09-30": "$458", "2006-06-30": "$177", "2006-03-31": "$258", "2005-12-31": "$273", "2005-09-30": "$462", "2005-06-30": "$201", "2005-03-31": "$201"}}, "eps-earnings-per-share-diluted": {"Edison Annual EPS": {"2019": "$3.77", "2018": "$-1.30", "2017": "$1.72", "2016": "$3.97", "2015": "$3.10", "2014": "$4.89", "2013": "$2.78", "2012": "$-0.56", "2011": "$-0.11", "2010": "$3.82", "2009": "$2.58", "2008": "$3.68", "2007": "$3.31", "2006": "$3.57", "2005": "$3.45"}, "Edison Quarterly EPS": {"2020-09-30": "$-0.76", "2020-06-30": "$0.85", "2020-03-31": "$0.50", "2019-12-31": "$0.37", "2019-09-30": "$1.35", "2019-06-30": "$1.20", "2019-03-31": "$0.85", "2018-12-31": "$-4.38", "2018-09-30": "$1.57", "2018-06-30": "$0.84", "2018-03-31": "$0.67", "2017-12-31": "$-1.67", "2017-09-30": "$1.44", "2017-06-30": "$0.85", "2017-03-31": "$1.10", "2016-12-31": "$1.00", "2016-09-30": "$1.27", "2016-06-30": "$0.85", "2016-03-31": "$0.85", "2015-12-31": "$-0.24", "2015-09-30": "$1.28", "2015-06-30": "$1.15", "2015-03-31": "$0.91", "2014-12-31": "$1.26", "2014-09-30": "$1.46", "2014-06-30": "$1.63", "2014-03-31": "$0.54", "2013-12-31": "$0.91", "2013-09-30": "$1.34", "2013-06-30": "$-0.29", "2013-03-31": "$0.82", "2012-12-31": "$-1.64", "2012-09-30": "$0.58", "2012-06-30": "$0.22", "2012-03-31": "$0.28", "2011-12-31": "$-2.56", "2011-09-30": "$1.30", "2011-06-30": "$0.54", "2011-03-31": "$0.61", "2010-12-31": "$0.49", "2010-09-30": "$1.56", "2010-06-30": "$1.05", "2010-03-31": "$0.72", "2009-12-31": "$0.65", "2009-09-30": "$1.22", "2009-06-30": "$-0.05", "2009-03-31": "$0.76", "2008-12-31": "$0.65", "2008-09-30": "$1.33", "2008-06-30": "$0.79", "2008-03-31": "$0.91", "2007-12-31": "$0.64", "2007-09-30": "$1.39", "2007-06-30": "$0.28", "2007-03-31": "$1.00", "2006-12-31": "$0.87", "2006-09-30": "$1.38", "2006-06-30": "$0.54", "2006-03-31": "$0.78", "2005-12-31": "$0.84", "2005-09-30": "$1.39", "2005-06-30": "$0.61", "2005-03-31": "$0.61"}}, "shares-outstanding": {"Edison Annual Shares Outstanding (Millions of Shares)": {"2019": "341", "2018": "326", "2017": "328", "2016": "330", "2015": "329", "2014": "329", "2013": "329", "2012": "330", "2011": "329", "2010": "329", "2009": "327", "2008": "329", "2007": "331", "2006": "330", "2005": "332"}, "Edison Quarterly Shares Outstanding (Millions of Shares)": {"2020-09-30": "378", "2020-06-30": "376", "2020-03-31": "364", "2019-12-31": "341", "2019-09-30": "349", "2019-06-30": "327", "2019-03-31": "327", "2018-12-31": "326", "2018-09-30": "327", "2018-06-30": "327", "2018-03-31": "327", "2017-12-31": "328", "2017-09-30": "328", "2017-06-30": "329", "2017-03-31": "329", "2016-12-31": "330", "2016-09-30": "330", "2016-06-30": "330", "2016-03-31": "329", "2015-12-31": "329", "2015-09-30": "328", "2015-06-30": "328", "2015-03-31": "329", "2014-12-31": "329", "2014-09-30": "329", "2014-06-30": "329", "2014-03-31": "329", "2013-12-31": "329", "2013-09-30": "328", "2013-06-30": "326", "2013-03-31": "329", "2012-12-31": "330", "2012-09-30": "329", "2012-06-30": "334", "2012-03-31": "329", "2011-12-31": "329", "2011-09-30": "329", "2011-06-30": "329", "2011-03-31": "328", "2010-12-31": "329", "2010-09-30": "328", "2010-06-30": "327", "2010-03-31": "328", "2009-12-31": "327", "2009-09-30": "329", "2009-06-30": "327", "2009-03-31": "327", "2008-12-31": "329", "2008-09-30": "328", "2008-06-30": "329", "2008-03-31": "329", "2007-12-31": "331", "2007-09-30": "330", "2007-06-30": "330", "2007-03-31": "330", "2006-12-31": "330", "2006-09-30": "330", "2006-06-30": "330", "2006-03-31": "331", "2005-12-31": "332", "2005-09-30": "332", "2005-06-30": "331", "2005-03-31": "331"}}, "total-assets": {"Edison Annual Total Assets (Millions of US $)": {"2019": "$64,382", "2018": "$56,715", "2017": "$52,580", "2016": "$51,319", "2015": "$50,229", "2014": "$49,734", "2013": "$46,646", "2012": "$44,394", "2011": "$48,039", "2010": "$45,530", "2009": "$41,444", "2008": "$44,615", "2007": "$37,523", "2006": "$36,261", "2005": "$34,791"}, "Edison Quarterly Total Assets (Millions of US $)": {"2020-09-30": "$68,556", "2020-06-30": "$67,051", "2020-03-31": "$66,026", "2019-12-31": "$64,382", "2019-09-30": "$64,212", "2019-06-30": "$59,521", "2019-03-31": "$58,793", "2018-12-31": "$56,715", "2018-09-30": "$53,563", "2018-06-30": "$52,820", "2018-03-31": "$51,943", "2017-12-31": "$52,580", "2017-09-30": "$53,592", "2017-06-30": "$52,753", "2017-03-31": "$51,740", "2016-12-31": "$51,319", "2016-09-30": "$51,557", "2016-06-30": "$51,197", "2016-03-31": "$50,459", "2015-12-31": "$50,229", "2015-09-30": "$51,270", "2015-06-30": "$51,239", "2015-03-31": "$50,578", "2014-12-31": "$49,734", "2014-09-30": "$49,475", "2014-06-30": "$48,864", "2014-03-31": "$47,388", "2013-12-31": "$46,646", "2013-09-30": "$46,698", "2013-06-30": "$45,027", "2013-03-31": "$45,155", "2012-12-31": "$44,394", "2012-09-30": "$50,545", "2012-06-30": "$49,388", "2012-03-31": "$49,384", "2011-12-31": "$48,039", "2011-09-30": "$47,672", "2011-06-30": "$47,075", "2011-03-31": "$46,161", "2010-12-31": "$45,530", "2010-09-30": "$45,566", "2010-06-30": "$43,055", "2010-03-31": "$42,357", "2009-12-31": "$41,444", "2009-09-30": "$42,772", "2009-06-30": "$41,881", "2009-03-31": "$44,429", "2008-12-31": "$44,615", "2008-09-30": "$41,666", "2008-06-30": "$39,005", "2008-03-31": "$37,951", "2007-12-31": "$37,523", "2007-09-30": "$37,820", "2007-06-30": "$36,983", "2007-03-31": "$36,639", "2006-12-31": "$36,261", "2006-09-30": "$36,291", "2006-06-30": "$35,151", "2006-03-31": "$34,651", "2005-12-31": "$34,791", "2005-09-30": "$35,508", "2005-06-30": "$33,537", "2005-03-31": "$33,463"}}, "cash-on-hand": {"Edison Annual Cash on Hand (Millions of US $)": {"2019": "$68", "2018": "$144", "2017": "$1,091", "2016": "$96", "2015": "$161", "2014": "$132", "2013": "$146", "2012": "$170", "2011": "$169", "2010": "$1,391", "2009": "$1,742", "2008": "$3,926", "2007": "$1,525", "2006": "$2,412", "2005": "$2,164"}, "Edison Quarterly Cash on Hand (Millions of US $)": {"2020-09-30": "$92", "2020-06-30": "$524", "2020-03-31": "$1,337", "2019-12-31": "$68", "2019-09-30": "$547", "2019-06-30": "$257", "2019-03-31": "$328", "2018-12-31": "$144", "2018-09-30": "$71", "2018-06-30": "$99", "2018-03-31": "$105", "2017-12-31": "$1,091", "2017-09-30": "$117", "2017-06-30": "$98", "2017-03-31": "$150", "2016-12-31": "$96", "2016-09-30": "$84", "2016-06-30": "$111", "2016-03-31": "$137", "2015-12-31": "$161", "2015-09-30": "$134", "2015-06-30": "$139", "2015-03-31": "$115", "2014-12-31": "$132", "2014-09-30": "$142", "2014-06-30": "$190", "2014-03-31": "$149", "2013-12-31": "$146", "2013-09-30": "$610", "2013-06-30": "$148", "2013-03-31": "$115", "2012-12-31": "$170", "2012-09-30": "$1,196", "2012-06-30": "$1,285", "2012-03-31": "$1,670", "2011-12-31": "$169", "2011-09-30": "$1,399", "2011-06-30": "$956", "2011-03-31": "$1,308", "2010-12-31": "$1,391", "2010-09-30": "$2,028", "2010-06-30": "$900", "2010-03-31": "$1,494", "2009-12-31": "$1,742", "2009-09-30": "$2,564", "2009-06-30": "$2,894", "2009-03-31": "$3,553", "2008-12-31": "$3,926", "2008-09-30": "$3,490", "2008-06-30": "$1,086", "2008-03-31": "$1,583", "2007-12-31": "$1,525", "2007-09-30": "$1,870", "2007-06-30": "$1,588", "2007-03-31": "$2,233", "2006-12-31": "$2,412", "2006-09-30": "$2,634", "2006-06-30": "$1,909", "2006-03-31": "$1,951", "2005-12-31": "$2,164", "2005-09-30": "$2,644", "2005-06-30": "$2,289", "2005-03-31": "$2,429"}}, "long-term-debt": {"Edison Annual Long Term Debt (Millions of US $)": {"2019": "$17,864", "2018": "$14,632", "2017": "$11,642", "2016": "$10,175", "2015": "$10,883", "2014": "$10,234", "2013": "$9,825", "2012": "$9,231", "2011": "$8,834", "2010": "$12,371", "2009": "$10,437", "2008": "$10,950", "2007": "$9,016", "2006": "$9,101", "2005": "$8,833"}, "Edison Quarterly Long Term Debt (Millions of US $)": {"2020-09-30": "$18,958", "2020-06-30": "$19,238", "2020-03-31": "$19,125", "2019-12-31": "$17,864", "2019-09-30": "$17,066", "2019-06-30": "$15,883", "2019-03-31": "$15,683", "2018-12-31": "$14,632", "2018-09-30": "$14,629", "2018-06-30": "$13,845", "2018-03-31": "$13,367", "2017-12-31": "$11,642", "2017-09-30": "$11,638", "2017-06-30": "$11,662", "2017-03-31": "$11,662", "2016-12-31": "$10,175", "2016-09-30": "$10,407", "2016-06-30": "$10,845", "2016-03-31": "$11,243", "2015-12-31": "$10,883", "2015-09-30": "$10,957", "2015-06-30": "$11,265", "2015-03-31": "$11,133", "2014-12-31": "$10,234", "2014-09-30": "$10,133", "2014-06-30": "$9,926", "2014-03-31": "$9,825", "2013-12-31": "$9,825", "2013-09-30": "$9,232", "2013-06-30": "$8,830", "2013-03-31": "$8,829", "2012-12-31": "$9,231", "2012-09-30": "$13,708", "2012-06-30": "$13,658", "2012-03-31": "$14,131", "2011-12-31": "$8,834", "2011-09-30": "$13,010", "2011-06-30": "$12,956", "2011-03-31": "$12,522", "2010-12-31": "$12,371", "2010-09-30": "$12,117", "2010-06-30": "$11,113", "2010-03-31": "$11,025", "2009-12-31": "$10,437", "2009-09-30": "$10,448", "2009-06-30": "$11,276", "2009-03-31": "$11,198", "2008-12-31": "$10,950", "2008-09-30": "$10,523", "2008-06-30": "$9,292", "2008-03-31": "$9,325", "2007-12-31": "$9,016", "2007-09-30": "$9,056", "2007-06-30": "$9,091", "2007-03-31": "$9,091", "2006-12-31": "$9,101", "2006-09-30": "$8,983", "2006-06-30": "$9,232", "2006-03-31": "$9,045", "2005-12-31": "$8,833", "2005-09-30": "$8,953", "2005-06-30": "$8,872", "2005-03-31": "$9,366"}}, "total-liabilities": {"Edison Annual Total Liabilities (Millions of US $)": {"2019": "$48,886", "2018": "$44,063", "2017": "$38,714", "2016": "$37,132", "2015": "$36,841", "2014": "$36,752", "2013": "$34,955", "2012": "$33,203", "2011": "$36,953", "2010": "$34,036", "2009": "$30,438", "2008": "$33,906", "2007": "$28,164", "2006": "$27,637", "2005": "$27,457"}, "Edison Quarterly Total Liabilities (Millions of US $)": {"2020-09-30": "$52,907", "2020-06-30": "$50,605", "2020-03-31": "$50,482", "2019-12-31": "$48,886", "2019-09-30": "$48,859", "2019-06-30": "$46,608", "2019-03-31": "$46,074", "2018-12-31": "$44,063", "2018-09-30": "$39,274", "2018-06-30": "$38,848", "2018-03-31": "$38,054", "2017-12-31": "$38,714", "2017-09-30": "$38,982", "2017-06-30": "$37,953", "2017-03-31": "$37,498", "2016-12-31": "$37,132", "2016-09-30": "$37,552", "2016-06-30": "$37,449", "2016-03-31": "$36,828", "2015-12-31": "$36,841", "2015-09-30": "$37,650", "2015-06-30": "$37,892", "2015-03-31": "$37,480", "2014-12-31": "$36,752", "2014-09-30": "$36,717", "2014-06-30": "$36,461", "2014-03-31": "$35,386", "2013-12-31": "$34,955", "2013-09-30": "$35,256", "2013-06-30": "$33,919", "2013-03-31": "$33,846", "2012-12-31": "$33,203", "2012-09-30": "$38,525", "2012-06-30": "$37,443", "2012-03-31": "$37,777", "2011-12-31": "$36,953", "2011-09-30": "$35,626", "2011-06-30": "$35,318", "2011-03-31": "$34,452", "2010-12-31": "$34,036", "2010-09-30": "$34,020", "2010-06-30": "$31,960", "2010-03-31": "$31,374", "2009-12-31": "$30,438", "2009-09-30": "$31,767", "2009-06-30": "$31,109", "2009-03-31": "$33,477", "2008-12-31": "$33,906", "2008-09-30": "$31,478", "2008-06-30": "$29,631", "2008-03-31": "$28,562", "2007-12-31": "$28,164", "2007-09-30": "$28,516", "2007-06-30": "$28,033", "2007-03-31": "$27,724", "2006-12-31": "$27,637", "2006-09-30": "$27,838", "2006-06-30": "$27,152", "2006-03-31": "$26,836", "2005-12-31": "$27,457", "2005-09-30": "$28,413", "2005-06-30": "$26,787", "2005-03-31": "$27,234"}}, "total-share-holder-equity": {"Edison Annual Share Holder Equity (Millions of US $)": {"2019": "$15,496", "2018": "$12,652", "2017": "$13,866", "2016": "$14,187", "2015": "$13,388", "2014": "$12,982", "2013": "$11,691", "2012": "$11,191", "2011": "$11,086", "2010": "$11,494", "2009": "$11,006", "2008": "$10,709", "2007": "$9,359", "2006": "$8,624", "2005": "$7,334"}, "Edison Quarterly Share Holder Equity (Millions of US $)": {"2020-09-30": "$15,649", "2020-06-30": "$16,446", "2020-03-31": "$15,544", "2019-12-31": "$15,496", "2019-09-30": "$15,353", "2019-06-30": "$12,913", "2019-03-31": "$12,719", "2018-12-31": "$12,652", "2018-09-30": "$14,289", "2018-06-30": "$13,972", "2018-03-31": "$13,889", "2017-12-31": "$13,866", "2017-09-30": "$14,610", "2017-06-30": "$14,800", "2017-03-31": "$14,242", "2016-12-31": "$14,187", "2016-09-30": "$14,005", "2016-06-30": "$13,748", "2016-03-31": "$13,631", "2015-12-31": "$13,388", "2015-09-30": "$13,620", "2015-06-30": "$13,347", "2015-03-31": "$13,098", "2014-12-31": "$12,982", "2014-09-30": "$12,758", "2014-06-30": "$12,403", "2014-03-31": "$12,002", "2013-12-31": "$11,691", "2013-09-30": "$11,442", "2013-06-30": "$11,108", "2013-03-31": "$11,309", "2012-12-31": "$11,191", "2012-09-30": "$12,020", "2012-06-30": "$11,945", "2012-03-31": "$11,607", "2011-12-31": "$11,086", "2011-09-30": "$12,046", "2011-06-30": "$11,757", "2011-03-31": "$11,709", "2010-12-31": "$11,494", "2010-09-30": "$11,546", "2010-06-30": "$11,095", "2010-03-31": "$10,983", "2009-12-31": "$11,006", "2009-09-30": "$11,005", "2009-06-30": "$10,772", "2009-03-31": "$10,952", "2008-12-31": "$10,709", "2008-09-30": "$10,188", "2008-06-30": "$9,374", "2008-03-31": "$9,389", "2007-12-31": "$9,359", "2007-09-30": "$9,304", "2007-06-30": "$8,950", "2007-03-31": "$8,915", "2006-12-31": "$8,624", "2006-09-30": "$8,453", "2006-06-30": "$7,999", "2006-03-31": "$7,815", "2005-12-31": "$7,334", "2005-09-30": "$7,095", "2005-06-30": "$6,750", "2005-03-31": "$6,229"}}, "profit-margins": {"current": "3.23%"}, "gross margin": {"2020-09-30": "64.13%", "2020-06-30": "62.40%", "2020-03-31": "61.33%", "2019-12-31": "60.81%", "2019-09-30": "60.36%", "2019-06-30": "57.35%", "2019-03-31": "57.54%", "2018-12-31": "57.29%", "2018-09-30": "57.45%", "2018-06-30": "59.64%", "2018-03-31": "59.62%", "2017-12-31": "60.45%", "2017-09-30": "60.85%", "2017-06-30": "61.69%", "2017-03-31": "62.02%", "2016-12-31": "61.86%", "2016-09-30": "62.97%", "2016-06-30": "62.37%", "2016-03-31": "62.68%", "2015-12-31": "62.98%", "2015-09-30": "61.96%", "2015-06-30": "60.63%", "2015-03-31": "59.72%", "2014-12-31": "58.30%", "2014-09-30": "57.43%", "2014-06-30": "59.03%", "2014-03-31": "59.76%", "2013-12-31": "61.12%", "2013-09-30": "63.09%", "2013-06-30": "63.33%", "2013-03-31": "64.40%", "2012-12-31": "65.11%", "2012-09-30": "65.12%", "2012-06-30": "67.04%", "2012-03-31": "67.89%", "2011-12-31": "68.30%", "2011-09-30": "67.93%", "2011-06-30": "68.71%", "2011-03-31": "68.34%", "2010-12-31": "67.06%", "2010-09-30": "66.05%", "2010-06-30": "65.77%", "2010-03-31": "65.66%", "2009-12-31": "65.47%", "2009-09-30": "64.19%", "2009-06-30": "61.88%", "2009-03-31": "58.81%", "2008-12-31": "57.54%", "2008-09-30": "56.45%", "2008-06-30": "56.66%", "2008-03-31": "57.63%", "2007-12-31": "60.29%", "2007-09-30": "63.51%", "2007-06-30": "65.23%", "2007-03-31": "66.06%", "2006-12-31": "60.10%", "2006-09-30": "55.00%", "2006-06-30": "59.18%", "2006-03-31": "58.06%", "2005-12-31": "62.61%"}, "operating margin": {"2020-09-30": "5.30%", "2020-06-30": "13.81%", "2020-03-31": "14.01%", "2019-12-31": "14.38%", "2019-09-30": "-4.46%", "2019-06-30": "-3.48%", "2019-03-31": "-4.10%", "2018-12-31": "-4.36%", "2018-09-30": "11.28%", "2018-06-30": "10.31%", "2018-03-31": "10.59%", "2017-12-31": "11.82%", "2017-09-30": "16.95%", "2017-06-30": "18.00%", "2017-03-31": "17.53%", "2016-12-31": "17.37%", "2016-09-30": "16.44%", "2016-06-30": "15.68%", "2016-03-31": "16.75%", "2015-12-31": "17.42%", "2015-09-30": "19.21%", "2015-06-30": "20.39%", "2015-03-31": "20.61%", "2014-12-31": "18.43%", "2014-09-30": "17.26%", "2014-06-30": "17.13%", "2014-03-31": "12.07%", "2013-12-31": "13.63%", "2013-09-30": "15.54%", "2013-06-30": "15.21%", "2013-03-31": "19.77%", "2012-12-31": "19.26%", "2012-09-30": "20.08%", "2012-06-30": "20.62%", "2012-03-31": "19.57%", "2011-12-31": "19.47%", "2011-09-30": "16.82%", "2011-06-30": "17.63%", "2011-03-31": "17.77%", "2010-12-31": "18.20%", "2010-09-30": "17.37%", "2010-06-30": "16.78%", "2010-03-31": "10.87%", "2009-12-31": "11.31%", "2009-09-30": "11.33%", "2009-06-30": "12.29%", "2009-03-31": "18.01%", "2008-12-31": "18.16%", "2008-09-30": "18.64%", "2008-06-30": "18.63%", "2008-03-31": "19.21%", "2007-12-31": "19.50%", "2007-09-30": "19.97%", "2007-06-30": "20.72%", "2007-03-31": "21.52%", "2006-12-31": "20.45%", "2006-09-30": "20.98%", "2006-06-30": "20.06%", "2006-03-31": "19.14%", "2005-12-31": "19.52%"}, "ebitda margin": {"2020-09-30": "22.75%", "2020-06-30": "32.15%", "2020-03-31": "30.59%", "2019-12-31": "30.21%", "2019-09-30": "9.13%", "2019-06-30": "9.70%", "2019-03-31": "11.06%", "2018-12-31": "10.97%", "2018-09-30": "28.09%", "2018-06-30": "27.76%", "2018-03-31": "27.28%", "2017-12-31": "28.99%", "2017-09-30": "34.59%", "2017-06-30": "35.55%", "2017-03-31": "35.35%", "2016-12-31": "35.05%", "2016-09-30": "34.68%", "2016-06-30": "33.72%", "2016-03-31": "34.38%", "2015-12-31": "34.82%", "2015-09-30": "35.62%", "2015-06-30": "35.42%", "2015-03-31": "34.98%", "2014-12-31": "31.96%", "2014-09-30": "30.73%", "2014-06-30": "30.58%", "2014-03-31": "25.38%", "2013-12-31": "27.11%", "2013-09-30": "28.30%", "2013-06-30": "28.39%", "2013-03-31": "33.36%", "2012-12-31": "33.04%", "2012-09-30": "33.14%", "2012-06-30": "33.99%", "2012-03-31": "33.07%", "2011-12-31": "32.94%", "2011-09-30": "31.92%", "2011-06-30": "32.34%", "2011-03-31": "32.22%", "2010-12-31": "32.00%", "2010-09-30": "30.34%", "2010-06-30": "29.80%", "2010-03-31": "23.51%", "2009-12-31": "23.75%", "2009-09-30": "23.42%", "2009-06-30": "23.44%", "2009-03-31": "28.51%", "2008-12-31": "28.22%", "2008-09-30": "28.12%", "2008-06-30": "28.24%", "2008-03-31": "29.05%", "2007-12-31": "29.54%", "2007-09-30": "29.87%", "2007-06-30": "30.58%", "2007-03-31": "31.54%", "2006-12-31": "30.35%", "2006-09-30": "31.25%", "2006-06-30": "30.19%", "2006-03-31": "29.01%", "2005-12-31": "29.37%"}, "pre tax profit margin": {"2020-09-30": "0.53%", "2020-06-30": "8.55%", "2020-03-31": "8.61%", "2019-12-31": "9.13%", "2019-09-30": "-9.66%", "2019-06-30": "-8.12%", "2019-03-31": "-8.55%", "2018-12-31": "-8.60%", "2018-09-30": "7.44%", "2018-06-30": "6.21%", "2018-03-31": "6.51%", "2017-12-31": "7.70%", "2017-09-30": "12.90%", "2017-06-30": "13.95%", "2017-03-31": "13.53%", "2016-12-31": "13.40%", "2016-09-30": "12.43%", "2016-06-30": "11.70%", "2016-03-31": "12.90%", "2015-12-31": "13.61%", "2015-09-30": "15.34%", "2015-06-30": "16.63%", "2015-03-31": "16.91%", "2014-12-31": "14.75%", "2014-09-30": "13.38%", "2014-06-30": "13.17%", "2014-03-31": "8.09%", "2013-12-31": "9.71%", "2013-09-30": "11.99%", "2013-06-30": "11.76%", "2013-03-31": "16.21%", "2012-12-31": "15.69%", "2012-09-30": "17.13%", "2012-06-30": "17.46%", "2012-03-31": "16.38%", "2011-12-31": "15.75%", "2011-09-30": "12.54%", "2011-06-30": "13.72%", "2011-03-31": "13.71%", "2010-12-31": "14.80%", "2010-09-30": "13.62%", "2010-06-30": "12.95%", "2010-03-31": "6.95%", "2009-12-31": "6.91%", "2009-09-30": "6.87%", "2009-06-30": "7.25%", "2009-03-31": "13.37%", "2008-12-31": "13.78%", "2008-09-30": "14.33%", "2008-06-30": "15.00%", "2008-03-31": "13.73%", "2007-12-31": "13.98%", "2007-09-30": "14.48%", "2007-06-30": "14.94%", "2007-03-31": "16.33%", "2006-12-31": "15.24%", "2006-09-30": "16.12%", "2006-06-30": "14.54%", "2006-03-31": "14.52%", "2005-12-31": "14.82%"}, "net profit margin": {"2020-09-30": "2.66%", "2020-06-30": "8.93%", "2020-03-31": "9.66%", "2019-12-31": "10.40%", "2019-09-30": "-2.33%", "2019-06-30": "-1.91%", "2019-03-31": "-2.81%", "2018-12-31": "-3.34%", "2018-09-30": "3.59%", "2018-06-30": "3.41%", "2018-03-31": "3.39%", "2017-12-31": "4.59%", "2017-09-30": "12.01%", "2017-06-30": "11.51%", "2017-03-31": "11.71%", "2016-12-31": "11.05%", "2016-09-30": "7.97%", "2016-06-30": "7.98%", "2016-03-31": "8.75%", "2015-12-31": "8.85%", "2015-09-30": "12.35%", "2015-06-30": "12.24%", "2015-03-31": "13.35%", "2014-12-31": "12.02%", "2014-09-30": "11.27%", "2014-06-30": "11.29%", "2014-03-31": "6.37%", "2013-12-31": "7.27%", "2013-09-30": "0.59%", "2013-06-30": "-1.39%", "2013-03-31": "-0.04%", "2012-12-31": "-1.54%", "2012-09-30": "-4.92%", "2012-06-30": "-2.49%", "2012-03-31": "-1.41%", "2011-12-31": "-0.35%", "2011-09-30": "9.45%", "2011-06-30": "10.30%", "2011-03-31": "12.24%", "2010-12-31": "12.57%", "2010-09-30": "10.51%", "2010-06-30": "9.74%", "2010-03-31": "6.76%", "2009-12-31": "6.87%", "2009-09-30": "6.80%", "2009-06-30": "6.75%", "2009-03-31": "8.44%", "2008-12-31": "8.61%", "2008-09-30": "8.74%", "2008-06-30": "9.13%", "2008-03-31": "8.14%", "2007-12-31": "8.53%", "2007-09-30": "9.39%", "2007-06-30": "9.47%", "2007-03-31": "10.19%", "2006-12-31": "9.70%", "2006-09-30": "9.31%", "2006-06-30": "9.35%", "2006-03-31": "9.82%", "2005-12-31": "9.59%"}, "pe ratio": {"current": "13.47", "2021-02-11": "58.93", "2020-09-30": "50.81", "2020-06-30": "16.92", "2020-03-31": "15.34", "2019-12-31": "18.96", "2019-09-30": "0.00", "2019-06-30": "0.00", "2019-03-31": "0.00", "2018-12-31": "0.00", "2018-09-30": "43.48", "2018-06-30": "44.69", "2018-03-31": "44.19", "2017-12-31": "32.61", "2017-09-30": "15.31", "2017-06-30": "15.98", "2017-03-31": "16.19", "2016-12-31": "15.57", "2016-09-30": "22.94", "2016-06-30": "24.41", "2016-03-31": "20.14", "2015-12-31": "16.00", "2015-09-30": "11.37", "2015-06-30": "9.58", "2015-03-31": "9.70", "2014-12-31": "10.86", "2014-09-30": "9.92", "2014-06-30": "10.52", "2014-03-31": "18.02", "2013-12-31": "13.17", "2013-09-30": "157.75", "2013-06-30": "0.00", "2013-03-31": "0.00", "2012-12-31": "0.00", "2012-09-30": "0.00", "2012-06-30": "0.00", "2012-03-31": "0.00", "2011-12-31": "0.00", "2011-09-30": "9.57", "2011-06-30": "8.87", "2011-03-31": "7.17", "2010-12-31": "7.28", "2010-09-30": "6.21", "2010-06-30": "6.19", "2010-03-31": "9.45", "2009-12-31": "9.38", "2009-09-30": "8.95", "2009-06-30": "8.00", "2009-03-31": "5.53", "2008-12-31": "5.85", "2008-09-30": "7.24", "2008-06-30": "9.10", "2008-03-31": "10.00", "2007-12-31": "10.49", "2007-09-30": "10.14", "2007-06-30": "10.24", "2007-03-31": "8.31", "2006-12-31": "8.14"}, "price sales": {"2021-02-11": "1.59", "2020-09-30": "1.37", "2020-06-30": "1.50", "2020-03-31": "1.48", "2019-12-31": "1.96", "2019-09-30": "1.92", "2019-06-30": "1.59", "2019-03-31": "1.46", "2018-12-31": "1.35", "2018-09-30": "1.57", "2018-06-30": "1.53", "2018-03-31": "1.51", "2017-12-31": "1.50", "2017-09-30": "1.86", "2017-06-30": "1.86", "2017-03-31": "1.91", "2016-12-31": "1.72", "2016-09-30": "1.80", "2016-06-30": "1.92", "2016-03-31": "1.74", "2015-12-31": "1.41", "2015-09-30": "1.40", "2015-06-30": "1.17", "2015-03-31": "1.30", "2014-12-31": "1.31", "2014-09-30": "1.12", "2014-06-30": "1.20", "2014-03-31": "1.15", "2013-12-31": "0.96", "2013-09-30": "0.94", "2013-06-30": "0.99", "2013-03-31": "1.07", "2012-12-31": "0.97", "2012-09-30": "1.18", "2012-06-30": "1.17", "2012-03-31": "1.03", "2011-12-31": "0.96", "2011-09-30": "0.91", "2011-06-30": "0.92", "2011-03-31": "0.88", "2010-12-31": "0.92", "2010-09-30": "0.65", "2010-06-30": "0.60", "2010-03-31": "0.64", "2009-12-31": "0.64", "2009-09-30": "0.61", "2009-06-30": "0.54", "2009-03-31": "0.47", "2008-12-31": "0.50", "2008-09-30": "0.63", "2008-06-30": "0.83", "2008-03-31": "0.81", "2007-12-31": "0.89", "2007-09-30": "0.95", "2007-06-30": "0.97", "2007-03-31": "0.84", "2006-12-31": "0.79"}, "price book": {"current": "1.40", "2021-02-11": "1.41", "2020-09-30": "1.22", "2020-06-30": "1.21", "2020-03-31": "1.24", "2019-12-31": "1.68", "2019-09-30": "1.67", "2019-06-30": "1.58", "2019-03-31": "1.48", "2018-12-31": "1.35", "2018-09-30": "1.41", "2018-06-30": "1.33", "2018-03-31": "1.34", "2017-12-31": "1.32", "2017-09-30": "1.51", "2017-06-30": "1.50", "2017-03-31": "1.58", "2016-12-31": "1.42", "2016-09-30": "1.44", "2016-06-30": "1.56", "2016-03-31": "1.45", "2015-12-31": "1.21", "2015-09-30": "1.25", "2015-06-30": "1.12", "2015-03-31": "1.27", "2014-12-31": "1.34", "2014-09-30": "1.16", "2014-06-30": "1.23", "2014-03-31": "1.23", "2013-12-31": "1.02", "2013-09-30": "1.03", "2013-06-30": "1.10", "2013-03-31": "1.13", "2012-12-31": "1.01", "2012-09-30": "0.95", "2012-06-30": "0.96", "2012-03-31": "0.90", "2011-12-31": "0.91", "2011-09-30": "0.77", "2011-06-30": "0.79", "2011-03-31": "0.74", "2010-12-31": "0.79", "2010-09-30": "0.70", "2010-06-30": "0.66", "2010-03-31": "0.71", "2009-12-31": "0.72", "2009-09-30": "0.69", "2009-06-30": "0.65", "2009-03-31": "0.58", "2008-12-31": "0.66", "2008-09-30": "0.85", "2008-06-30": "1.18", "2008-03-31": "1.12", "2007-12-31": "1.21", "2007-09-30": "1.26", "2007-06-30": "1.32", "2007-03-31": "1.15", "2006-12-31": "1.10", "2006-09-30": "1.02", "2006-06-30": "1.00", "2006-03-31": "1.08"}, "price fcf": {"2021-02-11": "", "2020-09-30": "$-10.32", "2020-06-30": "$-15.22", "2020-03-31": "$-15.18", "2019-12-31": "$-15.20", "2019-09-30": "$-13.48", "2019-06-30": "$-6.21", "2019-03-31": "$-5.88", "2018-12-31": "$-4.09", "2018-09-30": "$-3.79", "2018-06-30": "$-2.66", "2018-03-31": "$-1.42", "2017-12-31": "$-0.75", "2017-09-30": "$-0.61", "2017-06-30": "$-1.28", "2017-03-31": "$-1.39", "2016-12-31": "$-1.50", "2016-09-30": "$0.96", "2016-06-30": "$0.97", "2016-03-31": "$1.50", "2015-12-31": "$0.86", "2015-09-30": "$-0.40", "2015-06-30": "$0.49", "2015-03-31": "$-1.78", "2014-12-31": "$-2.00", "2014-09-30": "$-1.78", "2014-06-30": "$-3.41", "2014-03-31": "$-1.07", "2013-12-31": "$-1.37", "2013-09-30": "$-1.35", "2013-06-30": "$-0.99", "2013-03-31": "$-2.01", "2012-12-31": "$-2.12", "2012-09-30": "$-1.54", "2012-06-30": "$-0.40", "2012-03-31": "$-0.95", "2011-12-31": "$-0.66", "2011-09-30": "$-1.76", "2011-06-30": "$-0.68", "2011-03-31": "$-1.11", "2010-12-31": "$-0.92", "2010-09-30": "$2.99", "2010-06-30": "$2.24", "2010-03-31": "$2.85", "2009-12-31": "$3.62", "2009-09-30": "$-1.26", "2009-06-30": "$-1.51", "2009-03-31": "$-1.32", "2008-12-31": "$-1.37", "2008-09-30": "$-1.66", "2008-06-30": "$-0.53", "2008-03-31": "$0.79", "2007-12-31": "$1.27", "2007-09-30": "$2.55", "2007-06-30": "$4.23", "2007-03-31": "$3.82", "2006-12-31": "$3.98"}, "net worth": {"value": "$21.87B"}, "current ratio": {"current": "0.68", "2020-09-30": "0.68", "2020-06-30": "0.81", "2020-03-31": "0.79", "2019-12-31": "0.65", "2019-09-30": "0.78", "2019-06-30": "0.70", "2019-03-31": "0.74", "2018-12-31": "0.62", "2018-09-30": "0.72", "2018-06-30": "0.66", "2018-03-31": "0.64", "2017-12-31": "0.53", "2017-09-30": "0.51", "2017-06-30": "0.55", "2017-03-31": "0.46", "2016-12-31": "0.36", "2016-09-30": "0.49", "2016-06-30": "0.52", "2016-03-31": "0.57", "2015-12-31": "0.54", "2015-09-30": "0.72", "2015-06-30": "0.81", "2015-03-31": "0.83", "2014-12-31": "0.65", "2014-09-30": "0.77", "2014-06-30": "0.79", "2014-03-31": "0.77", "2013-12-31": "0.68", "2013-09-30": "0.67", "2013-06-30": "0.62", "2013-03-31": "0.62", "2012-12-31": "0.71", "2012-09-30": "1.05", "2012-06-30": "1.05", "2012-03-31": "1.28", "2011-12-31": "1.03", "2011-09-30": "1.14", "2011-06-30": "1.12", "2011-03-31": "1.17", "2010-12-31": "1.12", "2010-09-30": "1.30", "2010-06-30": "1.07", "2010-03-31": "1.31", "2009-12-31": "1.17", "2009-09-30": "1.16", "2009-06-30": "1.45", "2009-03-31": "1.16", "2008-12-31": "1.10", "2008-09-30": "1.16", "2008-06-30": "0.89", "2008-03-31": "1.01", "2007-12-31": "1.00", "2007-09-30": "1.12", "2007-06-30": "1.17", "2007-03-31": "1.26", "2006-12-31": "1.27", "2006-09-30": "1.27", "2006-06-30": "1.29", "2006-03-31": "1.34", "2005-12-31": "1.20", "2005-09-30": "1.21", "2005-06-30": "1.20", "2005-03-31": "1.23"}, "quick ratio": {"2020-09-30": "0.64", "2020-06-30": "0.75", "2020-03-31": "0.73", "2019-12-31": "0.58", "2019-09-30": "0.72", "2019-06-30": "0.64", "2019-03-31": "0.69", "2018-12-31": "0.57", "2018-09-30": "0.66", "2018-06-30": "0.61", "2018-03-31": "0.59", "2017-12-31": "0.49", "2017-09-30": "0.47", "2017-06-30": "0.50", "2017-03-31": "0.41", "2016-12-31": "0.32", "2016-09-30": "0.43", "2016-06-30": "0.46", "2016-03-31": "0.51", "2015-12-31": "0.48", "2015-09-30": "0.67", "2015-06-30": "0.75", "2015-03-31": "0.76", "2014-12-31": "0.60", "2014-09-30": "0.72", "2014-06-30": "0.74", "2014-03-31": "0.71", "2013-12-31": "0.63", "2013-09-30": "0.62", "2013-06-30": "0.56", "2013-03-31": "0.54", "2012-12-31": "0.62", "2012-09-30": "0.93", "2012-06-30": "0.92", "2012-03-31": "1.13", "2011-12-31": "0.95", "2011-09-30": "1.00", "2011-06-30": "0.97", "2011-03-31": "1.02", "2010-12-31": "0.98", "2010-09-30": "1.16", "2010-06-30": "0.91", "2010-03-31": "1.15", "2009-12-31": "1.03", "2009-09-30": "1.01", "2009-06-30": "1.32", "2009-03-31": "1.07", "2008-12-31": "1.02", "2008-09-30": "1.07", "2008-06-30": "0.80", "2008-03-31": "0.91", "2007-12-31": "0.90", "2007-09-30": "1.03", "2007-06-30": "1.07", "2007-03-31": "1.16", "2006-12-31": "1.18", "2006-09-30": "1.19", "2006-06-30": "1.19", "2006-03-31": "1.24", "2005-12-31": "1.13", "2005-09-30": "1.16", "2005-06-30": "1.13", "2005-03-31": "1.16"}, "debt equity ratio": {"current": "1.21", "2020-09-30": "3.38", "2020-06-30": "3.08", "2020-03-31": "3.25", "2019-12-31": "3.16", "2019-09-30": "3.18", "2019-06-30": "3.61", "2019-03-31": "3.62", "2018-12-31": "3.48", "2018-09-30": "2.75", "2018-06-30": "2.78", "2018-03-31": "2.74", "2017-12-31": "2.79", "2017-09-30": "2.67", "2017-06-30": "2.56", "2017-03-31": "2.63", "2016-12-31": "2.62", "2016-09-30": "2.68", "2016-06-30": "2.72", "2016-03-31": "2.70", "2015-12-31": "2.75", "2015-09-30": "2.76", "2015-06-30": "2.84", "2015-03-31": "2.86", "2014-12-31": "2.83", "2014-09-30": "2.88", "2014-06-30": "2.94", "2014-03-31": "2.95", "2013-12-31": "2.99", "2013-09-30": "3.08", "2013-06-30": "3.05", "2013-03-31": "2.99", "2012-12-31": "2.97", "2012-09-30": "3.21", "2012-06-30": "3.14", "2012-03-31": "3.26", "2011-12-31": "3.33", "2011-09-30": "2.96", "2011-06-30": "3.00", "2011-03-31": "2.94", "2010-12-31": "2.96", "2010-09-30": "2.95", "2010-06-30": "2.88", "2010-03-31": "2.86", "2009-12-31": "2.77", "2009-09-30": "2.89", "2009-06-30": "2.89", "2009-03-31": "3.06", "2008-12-31": "3.17", "2008-09-30": "3.09", "2008-06-30": "3.16", "2008-03-31": "3.04", "2007-12-31": "3.01", "2007-09-30": "3.07", "2007-06-30": "3.13", "2007-03-31": "3.11", "2006-12-31": "3.21", "2006-09-30": "3.29", "2006-06-30": "3.39", "2006-03-31": "3.43", "2005-12-31": "3.74", "2005-09-30": "4.01", "2005-06-30": "3.97", "2005-03-31": "4.37"}, "return on equity": {"2020-09-30": "2.26%", "2020-06-30": "7.10%", "2020-03-31": "8.02%", "2019-12-31": "9.09%", "2019-09-30": "-2.16%", "2019-06-30": "-1.88%", "2019-03-31": "-2.71%", "2018-12-31": "-3.09%", "2018-09-30": "3.30%", "2018-06-30": "2.97%", "2018-03-31": "2.95%", "2017-12-31": "3.93%", "2017-09-30": "9.95%", "2017-06-30": "9.71%", "2017-03-31": "9.91%", "2016-12-31": "9.44%", "2016-09-30": "6.59%", "2016-06-30": "6.64%", "2016-03-31": "7.42%", "2015-12-31": "7.63%", "2015-09-30": "11.45%", "2015-06-30": "12.10%", "2015-03-31": "13.54%", "2014-12-31": "12.86%", "2014-09-30": "12.22%", "2014-06-30": "12.20%", "2014-03-31": "7.09%", "2013-12-31": "8.04%", "2013-09-30": "0.67%", "2013-06-30": "-1.52%", "2013-03-31": "-0.04%", "2012-12-31": "-1.57%", "2012-09-30": "-4.13%", "2012-06-30": "-2.11%", "2012-03-31": "-1.24%", "2011-12-31": "-0.32%", "2011-09-30": "8.24%", "2011-06-30": "9.05%", "2011-03-31": "10.64%", "2010-12-31": "11.14%", "2010-09-30": "11.67%", "2010-06-30": "10.84%", "2010-03-31": "7.63%", "2009-12-31": "7.76%", "2009-09-30": "7.85%", "2009-06-30": "8.34%", "2009-03-31": "11.31%", "2008-12-31": "12.25%", "2008-09-30": "12.63%", "2008-06-30": "13.17%", "2008-03-31": "11.50%", "2007-12-31": "12.02%", "2007-09-30": "13.13%", "2007-06-30": "13.42%", "2007-03-31": "14.78%", "2006-12-31": "14.36%", "2006-09-30": "14.76%", "2006-06-30": "15.47%", "2006-03-31": "16.47%", "2005-12-31": "16.59%"}, "return on assets": {"2020-09-30": "0.54%", "2020-06-30": "1.70%", "2020-03-31": "1.87%", "2019-12-31": "2.08%", "2019-09-30": "-0.48%", "2019-06-30": "-0.43%", "2019-03-31": "-0.65%", "2018-12-31": "-0.79%", "2018-09-30": "0.88%", "2018-06-30": "0.79%", "2018-03-31": "0.80%", "2017-12-31": "1.07%", "2017-09-30": "2.75%", "2017-06-30": "2.68%", "2017-03-31": "2.71%", "2016-12-31": "2.56%", "2016-09-30": "1.78%", "2016-06-30": "1.78%", "2016-03-31": "1.97%", "2015-12-31": "2.01%", "2015-09-30": "3.00%", "2015-06-30": "3.14%", "2015-03-31": "3.49%", "2014-12-31": "3.30%", "2014-09-30": "3.10%", "2014-06-30": "3.06%", "2014-03-31": "1.77%", "2013-12-31": "1.99%", "2013-09-30": "0.17%", "2013-06-30": "-0.37%", "2013-03-31": "-0.01%", "2012-12-31": "-0.38%", "2012-09-30": "-0.98%", "2012-06-30": "-0.51%", "2012-03-31": "-0.30%", "2011-12-31": "-0.08%", "2011-09-30": "2.08%", "2011-06-30": "2.28%", "2011-03-31": "2.71%", "2010-12-31": "2.85%", "2010-09-30": "3.02%", "2010-06-30": "2.82%", "2010-03-31": "1.98%", "2009-12-31": "1.99%", "2009-09-30": "1.96%", "2009-06-30": "2.06%", "2009-03-31": "2.75%", "2008-12-31": "2.98%", "2008-09-30": "3.10%", "2008-06-30": "3.24%", "2008-03-31": "2.83%", "2007-12-31": "2.95%", "2007-09-30": "3.18%", "2007-06-30": "3.21%", "2007-03-31": "3.48%", "2006-12-31": "3.32%", "2006-09-30": "3.31%", "2006-06-30": "3.34%", "2006-03-31": "3.45%", "2005-12-31": "3.31%"}, "return on investments": {"2020-09-30": "2.05%", "2020-06-30": "5.07%", "2020-03-31": "5.34%", "2019-12-31": "5.77%", "2019-09-30": "-1.89%", "2019-06-30": "-1.59%", "2019-03-31": "-1.89%", "2018-12-31": "-1.98%", "2018-09-30": "5.30%", "2018-06-30": "4.74%", "2018-03-31": "4.99%", "2017-12-31": "5.59%", "2017-09-30": "7.89%", "2017-06-30": "8.60%", "2017-03-31": "8.40%", "2016-12-31": "8.40%", "2016-09-30": "7.59%", "2016-06-30": "7.22%", "2016-03-31": "7.80%", "2015-12-31": "8.22%", "2015-09-30": "9.78%", "2015-06-30": "11.07%", "2015-03-31": "11.56%", "2014-12-31": "10.95%", "2014-09-30": "10.32%", "2014-06-30": "10.19%", "2014-03-31": "7.40%", "2013-12-31": "8.34%", "2013-09-30": "9.72%", "2013-06-30": "8.80%", "2013-03-31": "10.39%", "2012-12-31": "9.38%", "2012-09-30": "8.12%", "2012-06-30": "8.47%", "2012-03-31": "8.38%", "2011-12-31": "8.78%", "2011-09-30": "7.04%", "2011-06-30": "7.46%", "2011-03-31": "7.54%", "2010-12-31": "7.93%", "2010-09-30": "9.64%", "2010-06-30": "9.45%", "2010-03-31": "6.18%", "2009-12-31": "6.42%", "2009-09-30": "6.51%", "2009-06-30": "7.48%", "2009-03-31": "11.96%", "2008-12-31": "12.86%", "2008-09-30": "13.51%", "2008-06-30": "13.57%", "2008-03-31": "13.66%", "2007-12-31": "13.79%", "2007-09-30": "13.86%", "2007-06-30": "14.40%", "2007-03-31": "15.08%", "2006-12-31": "14.38%", "2006-09-30": "15.53%", "2006-06-30": "15.14%", "2006-03-31": "14.39%", "2005-12-31": "14.59%"}, "return on tangible equity": {"2020-09-30": "2.26%", "2020-06-30": "7.10%", "2020-03-31": "8.02%", "2019-12-31": "9.09%", "2019-09-30": "-2.16%", "2019-06-30": "-1.88%", "2019-03-31": "-2.71%", "2018-12-31": "-3.09%", "2018-09-30": "3.30%", "2018-06-30": "2.97%", "2018-03-31": "2.95%", "2017-12-31": "3.93%", "2017-09-30": "9.95%", "2017-06-30": "9.71%", "2017-03-31": "9.91%", "2016-12-31": "9.44%", "2016-09-30": "6.59%", "2016-06-30": "6.64%", "2016-03-31": "7.42%", "2015-12-31": "7.63%", "2015-09-30": "11.45%", "2015-06-30": "12.10%", "2015-03-31": "13.54%", "2014-12-31": "12.86%", "2014-09-30": "12.22%", "2014-06-30": "12.20%", "2014-03-31": "7.09%", "2013-12-31": "8.04%", "2013-09-30": "0.67%", "2013-06-30": "-1.52%", "2013-03-31": "-0.04%", "2012-12-31": "-1.57%", "2012-09-30": "-4.13%", "2012-06-30": "-2.11%", "2012-03-31": "-1.24%", "2011-12-31": "-0.32%", "2011-09-30": "8.24%", "2011-06-30": "9.05%", "2011-03-31": "10.64%", "2010-12-31": "11.14%", "2010-09-30": "11.67%", "2010-06-30": "10.84%", "2010-03-31": "7.63%", "2009-12-31": "7.76%", "2009-09-30": "7.85%", "2009-06-30": "8.34%", "2009-03-31": "11.31%", "2008-12-31": "12.25%", "2008-09-30": "12.63%", "2008-06-30": "13.17%", "2008-03-31": "11.50%", "2007-12-31": "12.02%", "2007-09-30": "13.13%", "2007-06-30": "13.42%", "2007-03-31": "14.78%", "2006-12-31": "14.36%", "2006-09-30": "14.76%", "2006-06-30": "15.47%", "2006-03-31": "16.47%", "2005-12-31": "16.59%"}, "dividend yield history": {"last payout": "$2.65", "last yield": "4.59%"}}