{"ticker": "ESI", "price": {"title": "Element Solutions Historical Annual Stock Price Data", "value": 17.48, "historical": {"2020": {"Average Stock Price": "11.3767", "Year Open": "11.7000", "Year High": "18.1300", "Year Low": "6.3800", "Year Close": "17.7300", "Annual % Change": "51.80%"}, "2019": {"Average Stock Price": "10.6151", "Year Open": "10.6200", "Year High": "12.1600", "Year Low": "8.6400", "Year Close": "11.6800", "Annual % Change": "13.07%"}, "2018": {"Average Stock Price": "11.2750", "Year Open": "10.3400", "Year High": "13.3900", "Year Low": "9.3100", "Year Close": "10.3300", "Annual % Change": "4.13%"}, "2017": {"Average Stock Price": "12.0345", "Year Open": "9.8300", "Year High": "14.5800", "Year Low": "9.4500", "Year Close": "9.9200", "Annual % Change": "1.12%"}, "2016": {"Average Stock Price": "8.6729", "Year Open": "12.2200", "Year High": "12.2200", "Year Low": "5.5500", "Year Close": "9.8100", "Annual % Change": "-23.54%"}, "2015": {"Average Stock Price": "20.8982", "Year Open": "23.0700", "Year High": "28.3500", "Year Low": "10.1200", "Year Close": "12.8300", "Annual % Change": "-44.75%"}, "2014": {"Average Stock Price": "22.9389", "Year Open": "14.0000", "Year High": "28.7000", "Year Low": "13.5000", "Year Close": "23.2200", "Annual % Change": "65.86%"}, "2013": {"Average Stock Price": "12.3898", "Year Open": "12.0000", "Year High": "14.0000", "Year Low": "11.7500", "Year Close": "14.0000", "Annual % Change": "0.00%"}}}, "market cap": {"value": "$4.32B"}, "income statement": {"Revenue": {"2019-12-31": "1835.90000", "2018-12-31": "1961.00000", "2017-12-31": "1878.60000", "2016-12-31": "1770.10000", "2015-12-31": "2542.30000", "2014-12-31": "843.20000", "2013-12-31": "118.20000", "2012-12-31": "731.20000", "2011-12-31": "728.77300"}, "Cost Of Goods Sold": {"2019-12-31": "1047.60000", "2018-12-31": "1123.40000", "2017-12-31": "1064.80000", "2016-12-31": "992.80000", "2015-12-31": "1550.40000", "2014-12-31": "446.60000", "2013-12-31": "82.50000", "2012-12-31": "376.10000", "2011-12-31": "388.29800"}, "Gross Profit": {"2019-12-31": "788.30000", "2018-12-31": "837.60000", "2017-12-31": "813.79990", "2016-12-31": "777.30000", "2015-12-31": "991.90000", "2014-12-31": "396.60000", "2013-12-31": "35.70000", "2012-12-31": "355.10000", "2011-12-31": "340.47500"}, "Research And Development Expenses": {"2019-12-31": "42.20000", "2018-12-31": "44.30000", "2017-12-31": "46.40000", "2016-12-31": "45.00000", "2015-12-31": "62.80000", "2014-12-31": "26.20000", "2013-12-31": "4.00000", "2012-12-31": "25.10000", "2011-12-31": "22.96600"}, "SG&A Expenses": {"2019-12-31": "497.00000", "2018-12-31": "544.80000", "2017-12-31": "567.20000", "2016-12-31": "596.30000", "2015-12-31": "857.50000", "2014-12-31": "360.90000", "2013-12-31": "55.30000", "2012-12-31": "214.60000", "2011-12-31": "260.66500"}, "Other Operating Income Or Expenses": {"2019-12-31": "", "2018-12-31": "", "2017-12-31": "", "2016-12-31": "", "2015-12-31": "", "2014-12-31": "", "2013-12-31": "-172.00000", "2012-12-31": "", "2011-12-31": ""}, "Operating Expenses": {"2019-12-31": "1586.80000", "2018-12-31": "1712.50000", "2017-12-31": "1678.40000", "2016-12-31": "1680.70000", "2015-12-31": "2470.70000", "2014-12-31": "833.70000", "2013-12-31": "313.80000", "2012-12-31": "616.10000", "2011-12-31": "672.82500"}, "Operating Income": {"2019-12-31": "249.10010", "2018-12-31": "248.50000", "2017-12-31": "200.19980", "2016-12-31": "89.40000", "2015-12-31": "71.59990", "2014-12-31": "9.50000", "2013-12-31": "-195.60000", "2012-12-31": "115.10000", "2011-12-31": "55.94800"}, "Total Non-Operating Income/Expense": {"2019-12-31": "-108.20000", "2018-12-31": "-301.70000", "2017-12-31": "-460.60000", "2016-12-31": "-321.20000", "2015-12-31": "-300.90000", "2014-12-31": "-40.40000", "2013-12-31": "-5.80000", "2012-12-31": "-44.10000", "2011-12-31": "-44.64200"}, "Pre-Tax Income": {"2019-12-31": "140.90000", "2018-12-31": "-53.20000", "2017-12-31": "-260.40000", "2016-12-31": "-231.80000", "2015-12-31": "-229.30000", "2014-12-31": "-30.90000", "2013-12-31": "-201.40000", "2012-12-31": "71.00000", "2011-12-31": "11.30600"}, "Income Taxes": {"2019-12-31": "61.30000", "2018-12-31": "23.80000", "2017-12-31": "-68.60000", "2016-12-31": "-41.30000", "2015-12-31": "75.10000", "2014-12-31": "-6.70000", "2013-12-31": "-5.80000", "2012-12-31": "24.70000", "2011-12-31": "9.95300"}, "Income After Taxes": {"2019-12-31": "79.60000", "2018-12-31": "-77.00000", "2017-12-31": "-191.80000", "2016-12-31": "-190.50000", "2015-12-31": "-304.40000", "2014-12-31": "-24.20000", "2013-12-31": "-195.60000", "2012-12-31": "46.30000", "2011-12-31": "1.35300"}, "Other Income": {"2019-12-31": "", "2018-12-31": "", "2017-12-31": "", "2016-12-31": "", "2015-12-31": "", "2014-12-31": "", "2013-12-31": "", "2012-12-31": "", "2011-12-31": ""}, "Income From Continuous Operations": {"2019-12-31": "79.60000", "2018-12-31": "-77.00000", "2017-12-31": "-191.80000", "2016-12-31": "-190.50000", "2015-12-31": "-304.40000", "2014-12-31": "-24.20000", "2013-12-31": "-195.60000", "2012-12-31": "46.30000", "2011-12-31": "1.35300"}, "Income From Discontinued Operations": {"2019-12-31": "13.30000", "2018-12-31": "-242.90000", "2017-12-31": "-103.80000", "2016-12-31": "113.80000", "2015-12-31": "", "2014-12-31": "", "2013-12-31": "", "2012-12-31": "", "2011-12-31": ""}, "Net Income": {"2019-12-31": "92.20000", "2018-12-31": "-324.40000", "2017-12-31": "-296.20000", "2016-12-31": "-40.80000", "2015-12-31": "-308.60000", "2014-12-31": "-262.60000", "2013-12-31": "-194.20000", "2012-12-31": "1.40000", "2011-12-31": "0.98700"}, "EBITDA": {"2019-12-31": "403.80010", "2018-12-31": "405.20000", "2017-12-31": "356.19980", "2016-12-31": "291.70000", "2015-12-31": "322.59990", "2014-12-31": "97.50000", "2013-12-31": "-182.80000", "2012-12-31": "157.30000", "2011-12-31": "102.69300"}, "EBIT": {"2019-12-31": "249.10010", "2018-12-31": "248.50000", "2017-12-31": "200.19980", "2016-12-31": "89.40000", "2015-12-31": "71.59990", "2014-12-31": "9.50000", "2013-12-31": "-195.60000", "2012-12-31": "115.10000", "2011-12-31": "55.94800"}, "Basic Shares Outstanding": {"2019-12-31": "257.60000", "2018-12-31": "288.20000", "2017-12-31": "286.10000", "2016-12-31": "243.30000", "2015-12-31": "203.20000", "2014-12-31": "135.30000", "2013-12-31": "92.60000", "2012-12-31": "", "2011-12-31": ""}, "Shares Outstanding": {"2019-12-31": "260.10000", "2018-12-31": "288.20000", "2017-12-31": "286.10000", "2016-12-31": "272.30000", "2015-12-31": "203.20000", "2014-12-31": "135.30000", "2013-12-31": "92.60000", "2012-12-31": "", "2011-12-31": ""}, "Basic EPS": {"2019-12-31": "0.36000", "2018-12-31": "-1.13000", "2017-12-31": "-1.04000", "2016-12-31": "-0.17000", "2015-12-31": "-1.52000", "2014-12-31": "-1.94000", "2013-12-31": "-2.10000", "2012-12-31": "", "2011-12-31": ""}, "EPS - Earnings Per Share": {"2019-12-31": "0.35000", "2018-12-31": "-1.13000", "2017-12-31": "-1.04000", "2016-12-31": "-0.65000", "2015-12-31": "-1.52000", "2014-12-31": "-1.94000", "2013-12-31": "-2.10000", "2012-12-31": "0.00000", "2011-12-31": "0.00000"}}, "income statement, quarterly": {"Revenue": {"2020-09-30": "477.50000", "2020-06-30": "387.00000", "2020-03-31": "452.60000", "2019-12-31": "454.70000", "2019-09-30": "464.70000", "2019-06-30": "456.70000", "2019-03-31": "459.80000", "2018-12-31": "478.40000", "2018-09-30": "488.50000", "2018-06-30": "501.60000", "2018-03-31": "492.50000", "2017-12-31": "488.60000", "2017-09-30": "480.60000", "2017-06-30": "941.10000", "2017-03-31": "861.80000", "2016-12-31": "-865.80000", "2016-09-30": "890.50000", "2016-06-30": "921.60000", "2016-03-31": "823.80000", "2015-12-31": "735.10000", "2015-09-30": "597.30000", "2015-06-30": "675.10000", "2015-03-31": "534.80000", "2014-12-31": "273.60000", "2014-09-30": "196.80000", "2014-06-30": "189.10000", "2014-03-31": "183.70000", "2013-12-31": "-442.35000", "2013-09-30": "188.43300", "2013-06-30": "189.99200", "2013-03-31": "182.13200", "2012-12-31": "", "2011-12-31": ""}, "Cost Of Goods Sold": {"2020-09-30": "274.00000", "2020-06-30": "224.50000", "2020-03-31": "255.30000", "2019-12-31": "263.40000", "2019-09-30": "259.00000", "2019-06-30": "263.70000", "2019-03-31": "261.50000", "2018-12-31": "276.20000", "2018-09-30": "278.90000", "2018-06-30": "286.90000", "2018-03-31": "281.40000", "2017-12-31": "276.40000", "2017-09-30": "272.40000", "2017-06-30": "541.20000", "2017-03-31": "483.40000", "2016-12-31": "-531.40000", "2016-09-30": "515.40000", "2016-06-30": "541.00000", "2016-03-31": "467.80000", "2015-12-31": "461.60000", "2015-09-30": "354.60000", "2015-06-30": "406.50000", "2015-03-31": "327.70000", "2014-12-31": "161.10000", "2014-09-30": "93.60000", "2014-06-30": "92.40000", "2014-03-31": "99.50000", "2013-12-31": "-189.22000", "2013-09-30": "89.46100", "2013-06-30": "93.45100", "2013-03-31": "88.81800", "2012-12-31": "", "2011-12-31": ""}, "Gross Profit": {"2020-09-30": "203.50000", "2020-06-30": "162.50000", "2020-03-31": "197.30000", "2019-12-31": "191.30000", "2019-09-30": "205.70000", "2019-06-30": "193.00000", "2019-03-31": "198.30000", "2018-12-31": "202.20000", "2018-09-30": "209.60000", "2018-06-30": "214.70000", "2018-03-31": "211.10000", "2017-12-31": "212.20000", "2017-09-30": "208.20000", "2017-06-30": "399.90000", "2017-03-31": "378.40000", "2016-12-31": "-334.40000", "2016-09-30": "375.10000", "2016-06-30": "380.60000", "2016-03-31": "356.00000", "2015-12-31": "273.50000", "2015-09-30": "242.70000", "2015-06-30": "268.60000", "2015-03-31": "207.10000", "2014-12-31": "112.50000", "2014-09-30": "103.20000", "2014-06-30": "96.70000", "2014-03-31": "84.20000", "2013-12-31": "-253.13000", "2013-09-30": "98.97200", "2013-06-30": "96.54100", "2013-03-31": "93.31400", "2012-12-31": "", "2011-12-31": ""}, "Research And Development Expenses": {"2020-09-30": "10.10000", "2020-06-30": "9.60000", "2020-03-31": "17.50000", "2019-12-31": "10.30000", "2019-09-30": "10.00000", "2019-06-30": "11.10000", "2019-03-31": "10.80000", "2018-12-31": "11.20000", "2018-09-30": "10.50000", "2018-06-30": "11.20000", "2018-03-31": "11.40000", "2017-12-31": "12.60000", "2017-09-30": "11.20000", "2017-06-30": "25.10000", "2017-03-31": "21.60000", "2016-12-31": "-16.30000", "2016-09-30": "20.90000", "2016-06-30": "20.50000", "2016-03-31": "19.90000", "2015-12-31": "14.90000", "2015-09-30": "16.60000", "2015-06-30": "18.40000", "2015-03-31": "12.90000", "2014-12-31": "7.70000", "2014-09-30": "6.40000", "2014-06-30": "5.90000", "2014-03-31": "6.20000", "2013-12-31": "2.40000", "2013-09-30": "5.67800", "2013-06-30": "5.87400", "2013-03-31": "5.95200", "2012-12-31": "", "2011-12-31": ""}, "SG&A Expenses": {"2020-09-30": "134.80000", "2020-06-30": "113.40000", "2020-03-31": "125.20000", "2019-12-31": "99.40000", "2019-09-30": "128.80000", "2019-06-30": "126.40000", "2019-03-31": "142.40000", "2018-12-31": "120.20000", "2018-09-30": "139.50000", "2018-06-30": "144.30000", "2018-03-31": "140.80000", "2017-12-31": "147.00000", "2017-09-30": "140.20000", "2017-06-30": "284.30000", "2017-03-31": "257.40000", "2016-12-31": "-227.20000", "2016-09-30": "274.30000", "2016-06-30": "265.20000", "2016-03-31": "284.00000", "2015-12-31": "264.50000", "2015-09-30": "194.80000", "2015-06-30": "206.20000", "2015-03-31": "192.00000", "2014-12-31": "128.20000", "2014-09-30": "73.50000", "2014-06-30": "85.20000", "2014-03-31": "74.00000", "2013-12-31": "56.25000", "2013-09-30": "59.20900", "2013-06-30": "53.98900", "2013-03-31": "55.98000", "2012-12-31": "", "2011-12-31": ""}, "Other Operating Income Or Expenses": {"2020-09-30": "", "2020-06-30": "", "2020-03-31": "", "2019-12-31": "", "2019-09-30": "", "2019-06-30": "", "2019-03-31": "", "2018-12-31": "", "2018-09-30": "", "2018-06-30": "", "2018-03-31": "", "2017-12-31": "", "2017-09-30": "", "2017-06-30": "", "2017-03-31": "", "2016-12-31": "", "2016-09-30": "", "2016-06-30": "", "2016-03-31": "", "2015-12-31": "", "2015-09-30": "", "2015-06-30": "", "2015-03-31": "", "2014-12-31": "", "2014-09-30": "", "2014-06-30": "", "2014-03-31": "", "2013-12-31": "", "2013-09-30": "", "2013-06-30": "", "2013-03-31": "", "2012-12-31": "", "2011-12-31": ""}, "Operating Expenses": {"2020-09-30": "418.90000", "2020-06-30": "347.50000", "2020-03-31": "398.00000", "2019-12-31": "373.10000", "2019-09-30": "397.80000", "2019-06-30": "401.20000", "2019-03-31": "414.70000", "2018-12-31": "407.60000", "2018-09-30": "428.90000", "2018-06-30": "442.40000", "2018-03-31": "433.60000", "2017-12-31": "436.00000", "2017-09-30": "423.80000", "2017-06-30": "850.60000", "2017-03-31": "762.40000", "2016-12-31": "-728.30000", "2016-09-30": "810.60000", "2016-06-30": "826.70000", "2016-03-31": "771.70000", "2015-12-31": "741.00020", "2015-09-30": "566.00000", "2015-06-30": "631.10000", "2015-03-31": "532.60000", "2014-12-31": "297.00000", "2014-09-30": "173.50000", "2014-06-30": "183.50000", "2014-03-31": "179.70000", "2013-12-31": "-130.57000", "2013-09-30": "154.58600", "2013-06-30": "153.36000", "2013-03-31": "152.35600", "2012-12-31": "", "2011-12-31": ""}, "Operating Income": {"2020-09-30": "58.60000", "2020-06-30": "39.50000", "2020-03-31": "54.60000", "2019-12-31": "81.60000", "2019-09-30": "66.90000", "2019-06-30": "55.50000", "2019-03-31": "45.10000", "2018-12-31": "70.80000", "2018-09-30": "59.60000", "2018-06-30": "59.20000", "2018-03-31": "58.90000", "2017-12-31": "52.60000", "2017-09-30": "56.80000", "2017-06-30": "90.50000", "2017-03-31": "99.40000", "2016-12-31": "-137.49990", "2016-09-30": "79.90000", "2016-06-30": "94.90000", "2016-03-31": "52.10000", "2015-12-31": "-5.90020", "2015-09-30": "31.30000", "2015-06-30": "44.00000", "2015-03-31": "2.20000", "2014-12-31": "-23.40000", "2014-09-30": "23.30000", "2014-06-30": "5.60000", "2014-03-31": "4.00000", "2013-12-31": "-311.78000", "2013-09-30": "33.84700", "2013-06-30": "36.63200", "2013-03-31": "29.77600", "2012-12-31": "", "2011-12-31": ""}, "Total Non-Operating Income/Expense": {"2020-09-30": "-69.70000", "2020-06-30": "-31.40000", "2020-03-31": "-42.10000", "2019-12-31": "14.10000", "2019-09-30": "-15.70000", "2019-06-30": "-47.60000", "2019-03-31": "-59.00000", "2018-12-31": "-82.30000", "2018-09-30": "-82.70000", "2018-06-30": "-78.80000", "2018-03-31": "-57.90000", "2017-12-31": "-160.20000", "2017-09-30": "-95.30000", "2017-06-30": "-139.40000", "2017-03-31": "-104.30000", "2016-12-31": "-83.40000", "2016-09-30": "6.40000", "2016-06-30": "-76.10000", "2016-03-31": "-168.10000", "2015-12-31": "-108.30000", "2015-09-30": "-135.50000", "2015-06-30": "-53.30000", "2015-03-31": "-3.80000", "2014-12-31": "-13.40000", "2014-09-30": "-11.00000", "2014-06-30": "-8.20000", "2014-03-31": "-7.80000", "2013-12-31": "54.00000", "2013-09-30": "-17.05700", "2013-06-30": "-34.63600", "2013-03-31": "-8.13100", "2012-12-31": "", "2011-12-31": ""}, "Pre-Tax Income": {"2020-09-30": "-11.10000", "2020-06-30": "8.10000", "2020-03-31": "12.50000", "2019-12-31": "95.70000", "2019-09-30": "51.20000", "2019-06-30": "7.90000", "2019-03-31": "-13.90000", "2018-12-31": "-11.50000", "2018-09-30": "-23.10000", "2018-06-30": "-19.60000", "2018-03-31": "1.00000", "2017-12-31": "-107.60000", "2017-09-30": "-38.50000", "2017-06-30": "-48.90000", "2017-03-31": "-4.90000", "2016-12-31": "-220.90000", "2016-09-30": "86.30000", "2016-06-30": "18.80000", "2016-03-31": "-116.00000", "2015-12-31": "-114.20000", "2015-09-30": "-104.20000", "2015-06-30": "-9.30000", "2015-03-31": "-1.60000", "2014-12-31": "-36.80000", "2014-09-30": "12.30000", "2014-06-30": "-2.60000", "2014-03-31": "-3.80000", "2013-12-31": "-241.82000", "2013-09-30": "16.79000", "2013-06-30": "1.99600", "2013-03-31": "21.64500", "2012-12-31": "", "2011-12-31": ""}, "Income Taxes": {"2020-09-30": "-47.30000", "2020-06-30": "5.80000", "2020-03-31": "4.10000", "2019-12-31": "21.30000", "2019-09-30": "57.20000", "2019-06-30": "-6.80000", "2019-03-31": "-10.40000", "2018-12-31": "2.70000", "2018-09-30": "-18.80000", "2018-06-30": "30.00000", "2018-03-31": "9.90000", "2017-12-31": "-88.80000", "2017-09-30": "-1.60000", "2017-06-30": "11.10000", "2017-03-31": "18.70000", "2016-12-31": "-107.00000", "2016-09-30": "20.40000", "2016-06-30": "26.90000", "2016-03-31": "18.40000", "2015-12-31": "15.20000", "2015-09-30": "35.40000", "2015-06-30": "-0.20000", "2015-03-31": "24.70000", "2014-12-31": "-3.10000", "2014-09-30": "-1.60000", "2014-06-30": "-4.10000", "2014-03-31": "2.10000", "2013-12-31": "-26.72000", "2013-09-30": "6.86400", "2013-06-30": "7.76000", "2013-03-31": "6.30800", "2012-12-31": "", "2011-12-31": ""}, "Income After Taxes": {"2020-09-30": "36.20000", "2020-06-30": "2.30000", "2020-03-31": "8.40000", "2019-12-31": "74.40000", "2019-09-30": "-6.00000", "2019-06-30": "14.70000", "2019-03-31": "-3.50000", "2018-12-31": "-14.20000", "2018-09-30": "-4.30000", "2018-06-30": "-49.60000", "2018-03-31": "-8.90000", "2017-12-31": "-18.80000", "2017-09-30": "-36.90000", "2017-06-30": "-60.00000", "2017-03-31": "-23.60000", "2016-12-31": "-113.90000", "2016-09-30": "65.90000", "2016-06-30": "-8.10000", "2016-03-31": "-134.40000", "2015-12-31": "-129.40000", "2015-09-30": "-139.60000", "2015-06-30": "-9.10000", "2015-03-31": "-26.30000", "2014-12-31": "-33.70000", "2014-09-30": "13.90000", "2014-06-30": "1.50000", "2014-03-31": "-5.90000", "2013-12-31": "-215.10000", "2013-09-30": "9.92600", "2013-06-30": "-5.76400", "2013-03-31": "15.33700", "2012-12-31": "", "2011-12-31": ""}, "Other Income": {"2020-09-30": "", "2020-06-30": "", "2020-03-31": "", "2019-12-31": "", "2019-09-30": "", "2019-06-30": "", "2019-03-31": "", "2018-12-31": "", "2018-09-30": "", "2018-06-30": "", "2018-03-31": "", "2017-12-31": "", "2017-09-30": "", "2017-06-30": "", "2017-03-31": "", "2016-12-31": "", "2016-09-30": "", "2016-06-30": "", "2016-03-31": "", "2015-12-31": "", "2015-09-30": "", "2015-06-30": "", "2015-03-31": "", "2014-12-31": "", "2014-09-30": "", "2014-06-30": "", "2014-03-31": "", "2013-12-31": "0.00000", "2013-09-30": "", "2013-06-30": "", "2013-03-31": "", "2012-12-31": "", "2011-12-31": ""}, "Income From Continuous Operations": {"2020-09-30": "36.20000", "2020-06-30": "2.30000", "2020-03-31": "8.40000", "2019-12-31": "74.40000", "2019-09-30": "-6.00000", "2019-06-30": "14.70000", "2019-03-31": "-3.50000", "2018-12-31": "-14.20000", "2018-09-30": "-4.30000", "2018-06-30": "-49.60000", "2018-03-31": "-8.90000", "2017-12-31": "-18.80000", "2017-09-30": "-36.90000", "2017-06-30": "-60.00000", "2017-03-31": "-23.60000", "2016-12-31": "-113.90000", "2016-09-30": "65.90000", "2016-06-30": "-8.10000", "2016-03-31": "-134.40000", "2015-12-31": "-129.40000", "2015-09-30": "-139.60000", "2015-06-30": "-9.10000", "2015-03-31": "-26.30000", "2014-12-31": "-33.70000", "2014-09-30": "13.90000", "2014-06-30": "1.50000", "2014-03-31": "-5.90000", "2013-12-31": "-215.09000", "2013-09-30": "9.92600", "2013-06-30": "-5.76400", "2013-03-31": "15.33700", "2012-12-31": "", "2011-12-31": ""}, "Income From Discontinued Operations": {"2020-09-30": "-0.20000", "2020-06-30": "-1.10000", "2020-03-31": "0.20000", "2019-12-31": "0.10000", "2019-09-30": "-0.90000", "2019-06-30": "-13.30000", "2019-03-31": "27.40000", "2018-12-31": "50.40000", "2018-09-30": "-401.60000", "2018-06-30": "61.40000", "2018-03-31": "46.90000", "2017-12-31": "-126.90000", "2017-09-30": "-29.40000", "2017-06-30": "", "2017-03-31": "", "2016-12-31": "", "2016-09-30": "", "2016-06-30": "", "2016-03-31": "", "2015-12-31": "", "2015-09-30": "", "2015-06-30": "", "2015-03-31": "", "2014-12-31": "", "2014-09-30": "", "2014-06-30": "", "2014-03-31": "", "2013-12-31": "0.00000", "2013-09-30": "", "2013-06-30": "", "2013-03-31": "", "2012-12-31": "", "2011-12-31": ""}, "Net Income": {"2020-09-30": "36.00000", "2020-06-30": "1.20000", "2020-03-31": "8.60000", "2019-12-31": "74.40000", "2019-09-30": "-6.90000", "2019-06-30": "1.50000", "2019-03-31": "23.20000", "2018-12-31": "35.20000", "2018-09-30": "-408.90000", "2018-06-30": "12.00000", "2018-03-31": "37.30000", "2017-12-31": "-141.50000", "2017-09-30": "-69.20000", "2017-06-30": "-61.10000", "2017-03-31": "-24.40000", "2016-12-31": "-1.90000", "2016-09-30": "104.70000", "2016-06-30": "-8.80000", "2016-03-31": "-134.80000", "2015-12-31": "-129.60000", "2015-09-30": "-140.10000", "2015-06-30": "-12.20000", "2015-03-31": "-26.70000", "2014-12-31": "-266.70000", "2014-09-30": "11.90000", "2014-06-30": "-0.40000", "2014-03-31": "-7.40000", "2013-12-31": "-213.37000", "2013-09-30": "8.75900", "2013-06-30": "-15.13300", "2013-03-31": "15.24800", "2012-12-31": "", "2011-12-31": ""}, "EBITDA": {"2020-09-30": "99.80000", "2020-06-30": "78.90000", "2020-03-31": "94.50000", "2019-12-31": "120.49990", "2019-09-30": "105.20000", "2019-06-30": "94.30000", "2019-03-31": "83.80000", "2018-12-31": "109.00000", "2018-09-30": "98.30000", "2018-06-30": "98.80000", "2018-03-31": "99.10000", "2017-12-31": "92.10000", "2017-09-30": "0.40000", "2017-06-30": "177.50000", "2017-03-31": "185.30000", "2016-12-31": "-190.09990", "2016-09-30": "166.80000", "2016-06-30": "180.30000", "2016-03-31": "134.70000", "2015-12-31": "68.79980", "2015-09-30": "88.90000", "2015-06-30": "44.00000", "2015-03-31": "2.20000", "2014-12-31": "-23.40000", "2014-09-30": "23.30000", "2014-06-30": "5.60000", "2014-03-31": "4.00000", "2013-12-31": "-310.96400", "2013-09-30": "46.12000", "2013-06-30": "46.48600", "2013-03-31": "39.66300", "2012-12-31": "", "2011-12-31": ""}, "EBIT": {"2020-09-30": "58.60000", "2020-06-30": "39.50000", "2020-03-31": "54.60000", "2019-12-31": "81.60010", "2019-09-30": "66.90000", "2019-06-30": "55.50000", "2019-03-31": "45.10000", "2018-12-31": "70.80000", "2018-09-30": "59.60000", "2018-06-30": "59.20000", "2018-03-31": "58.90000", "2017-12-31": "52.60000", "2017-09-30": "56.80000", "2017-06-30": "90.50000", "2017-03-31": "99.40000", "2016-12-31": "-137.49990", "2016-09-30": "79.90000", "2016-06-30": "94.90000", "2016-03-31": "52.10000", "2015-12-31": "-5.90010", "2015-09-30": "31.30000", "2015-06-30": "44.00000", "2015-03-31": "2.20000", "2014-12-31": "-23.40000", "2014-09-30": "23.30000", "2014-06-30": "5.60000", "2014-03-31": "4.00000", "2013-12-31": "-311.78000", "2013-09-30": "33.84700", "2013-06-30": "36.63200", "2013-03-31": "29.77600", "2012-12-31": "", "2011-12-31": ""}, "Basic Shares Outstanding": {"2020-09-30": "248.90000", "2020-06-30": "248.80000", "2020-03-31": "250.30000", "2019-12-31": "257.60000", "2019-09-30": "254.40000", "2019-06-30": "257.30000", "2019-03-31": "268.20000", "2018-12-31": "288.40000", "2018-09-30": "288.20000", "2018-06-30": "288.20000", "2018-03-31": "287.90000", "2017-12-31": "287.20000", "2017-09-30": "286.70000", "2017-06-30": "286.10000", "2017-03-31": "284.50000", "2016-12-31": "243.30000", "2016-09-30": "234.40000", "2016-06-30": "229.60000", "2016-03-31": "229.50000", "2015-12-31": "203.20000", "2015-09-30": "210.90000", "2015-06-30": "192.80000", "2015-03-31": "191.90000", "2014-12-31": "135.30000", "2014-09-30": "137.30000", "2014-06-30": "128.60000", "2014-03-31": "107.20000", "2013-12-31": "92.60000", "2013-09-30": "88.52900", "2013-06-30": "", "2013-03-31": "", "2012-12-31": "", "2011-12-31": ""}, "Shares Outstanding": {"2020-09-30": "249.10000", "2020-06-30": "249.00000", "2020-03-31": "252.00000", "2019-12-31": "260.10000", "2019-09-30": "254.40000", "2019-06-30": "259.60000", "2019-03-31": "268.20000", "2018-12-31": "288.40000", "2018-09-30": "288.20000", "2018-06-30": "288.20000", "2018-03-31": "287.90000", "2017-12-31": "287.40000", "2017-09-30": "286.70000", "2017-06-30": "286.10000", "2017-03-31": "284.50000", "2016-12-31": "272.30000", "2016-09-30": "264.50000", "2016-06-30": "229.60000", "2016-03-31": "229.50000", "2015-12-31": "203.20000", "2015-09-30": "210.90000", "2015-06-30": "192.80000", "2015-03-31": "191.90000", "2014-12-31": "135.30000", "2014-09-30": "152.70000", "2014-06-30": "128.60000", "2014-03-31": "107.20000", "2013-12-31": "92.60000", "2013-09-30": "88.52900", "2013-06-30": "", "2013-03-31": "", "2012-12-31": "", "2011-12-31": ""}, "Basic EPS": {"2020-09-30": "0.15000", "2020-06-30": "0.01000", "2020-03-31": "0.03000", "2019-12-31": "0.29000", "2019-09-30": "-0.03000", "2019-06-30": "0.01000", "2019-03-31": "0.09000", "2018-12-31": "0.12000", "2018-09-30": "-1.42000", "2018-06-30": "0.04000", "2018-03-31": "0.13000", "2017-12-31": "-0.49000", "2017-09-30": "-0.24000", "2017-06-30": "-0.21000", "2017-03-31": "-0.09000", "2016-12-31": "0.01000", "2016-09-30": "0.45000", "2016-06-30": "-0.04000", "2016-03-31": "-0.59000", "2015-12-31": "-0.66000", "2015-09-30": "-0.66000", "2015-06-30": "-0.06000", "2015-03-31": "-0.14000", "2014-12-31": "-1.95690", "2014-09-30": "0.09000", "2014-06-30": "-0.00310", "2014-03-31": "-0.07000", "2013-12-31": "-2.20000", "2013-09-30": "0.10000", "2013-06-30": "", "2013-03-31": "", "2012-12-31": "", "2011-12-31": ""}, "EPS - Earnings Per Share": {"2020-09-30": "0.15000", "2020-06-30": "0.01000", "2020-03-31": "0.03000", "2019-12-31": "0.28000", "2019-09-30": "-0.03000", "2019-06-30": "0.01000", "2019-03-31": "0.09000", "2018-12-31": "0.12000", "2018-09-30": "-1.42000", "2018-06-30": "0.04000", "2018-03-31": "0.13000", "2017-12-31": "-0.49000", "2017-09-30": "-0.24000", "2017-06-30": "-0.21000", "2017-03-31": "-0.09000", "2016-12-31": "0.13000", "2016-09-30": "-0.15000", "2016-06-30": "-0.04000", "2016-03-31": "-0.59000", "2015-12-31": "-0.66000", "2015-09-30": "-0.66000", "2015-06-30": "-0.06000", "2015-03-31": "-0.14000", "2014-12-31": "-1.94690", "2014-09-30": "0.08000", "2014-06-30": "-0.00310", "2014-03-31": "-0.07000", "2013-12-31": "-2.20000", "2013-09-30": "0.10000", "2013-06-30": "0.00000", "2013-03-31": "0.00000", "2012-12-31": "0.00000", "2011-12-31": "0.00000"}}, "balance sheet": {"Cash On Hand": {"2019-12-31": "190.10000", "2018-12-31": "233.60000", "2017-12-31": "258.40000", "2016-12-31": "422.60000", "2015-12-31": "432.20000", "2014-12-31": "397.30000", "2013-12-31": "123.00000", "2012-12-31": "143.35100", "2011-12-31": ""}, "Receivables": {"2019-12-31": "363.90000", "2018-12-31": "382.40000", "2017-12-31": "399.80000", "2016-12-31": "1054.80000", "2015-12-31": "1023.00000", "2014-12-31": "327.30000", "2013-12-31": "140.50000", "2012-12-31": "138.97000", "2011-12-31": ""}, "Inventory": {"2019-12-31": "199.60000", "2018-12-31": "188.10000", "2017-12-31": "186.40000", "2016-12-31": "416.40000", "2015-12-31": "484.60000", "2014-12-31": "205.80000", "2013-12-31": "89.60000", "2012-12-31": "76.09300", "2011-12-31": ""}, "Pre-Paid Expenses": {"2019-12-31": "18.30000", "2018-12-31": "14.30000", "2017-12-31": "20.20000", "2016-12-31": "71.30000", "2015-12-31": "72.20000", "2014-12-31": "14.50000", "2013-12-31": "30.40000", "2012-12-31": "16.11500", "2011-12-31": ""}, "Other Current Assets": {"2019-12-31": "50.30000", "2018-12-31": "42.50000", "2017-12-31": "43.70000", "2016-12-31": "106.10000", "2015-12-31": "100.60000", "2014-12-31": "631.60000", "2013-12-31": "", "2012-12-31": "", "2011-12-31": ""}, "Total Current Assets": {"2019-12-31": "833.40000", "2018-12-31": "2482.20000", "2017-12-31": "2340.60000", "2016-12-31": "2071.20000", "2015-12-31": "2237.60000", "2014-12-31": "1576.50000", "2013-12-31": "383.50000", "2012-12-31": "374.52900", "2011-12-31": ""}, "Property, Plant, And Equipment": {"2019-12-31": "264.80000", "2018-12-31": "266.90000", "2017-12-31": "287.40000", "2016-12-31": "460.50000", "2015-12-31": "491.60000", "2014-12-31": "178.60000", "2013-12-31": "136.20000", "2012-12-31": "100.39100", "2011-12-31": ""}, "Long-Term Investments": {"2019-12-31": "", "2018-12-31": "", "2017-12-31": "", "2016-12-31": "", "2015-12-31": "", "2014-12-31": "", "2013-12-31": "", "2012-12-31": "", "2011-12-31": ""}, "Goodwill And Intangible Assets": {"2019-12-31": "3124.00000", "2018-12-31": "3207.10000", "2017-12-31": "3413.40000", "2016-12-31": "7412.20000", "2015-12-31": "7336.20000", "2014-12-31": "2746.80000", "2013-12-31": "1710.10000", "2012-12-31": "728.00400", "2011-12-31": "0.00000"}, "Other Long-Term Assets": {"2019-12-31": "95.70000", "2018-12-31": "32.90000", "2017-12-31": "42.40000", "2016-12-31": "110.20000", "2015-12-31": "124.80000", "2014-12-31": "45.40000", "2013-12-31": "30.40000", "2012-12-31": "30.99300", "2011-12-31": ""}, "Total Long-Term Assets": {"2019-12-31": "3491.00000", "2018-12-31": "6919.30000", "2017-12-31": "7911.80000", "2016-12-31": "7982.90000", "2015-12-31": "7952.60000", "2014-12-31": "2970.80000", "2013-12-31": "1876.70000", "2012-12-31": "859.38800", "2011-12-31": ""}, "Total Assets": {"2019-12-31": "4324.40000", "2018-12-31": "9401.50000", "2017-12-31": "10252.40000", "2016-12-31": "10054.10000", "2015-12-31": "10190.20000", "2014-12-31": "4547.30000", "2013-12-31": "2260.20000", "2012-12-31": "1233.91700", "2011-12-31": "0.00000"}, "Total Current Liabilities": {"2019-12-31": "293.80000", "2018-12-31": "1142.50000", "2017-12-31": "1091.70000", "2016-12-31": "1082.70000", "2015-12-31": "1062.40000", "2014-12-31": "240.70000", "2013-12-31": "119.70000", "2012-12-31": "128.14600", "2011-12-31": ""}, "Long Term Debt": {"2019-12-31": "1513.20000", "2018-12-31": "5350.70000", "2017-12-31": "5437.10000", "2016-12-31": "5122.90000", "2015-12-31": "5173.60000", "2014-12-31": "1392.40000", "2013-12-31": "744.30000", "2012-12-31": "693.82100", "2011-12-31": ""}, "Other Non-Current Liabilities": {"2019-12-31": "127.70000", "2018-12-31": "128.50000", "2017-12-31": "164.70000", "2016-12-31": "221.70000", "2015-12-31": "275.70000", "2014-12-31": "120.50000", "2013-12-31": "65.20000", "2012-12-31": "35.89500", "2011-12-31": ""}, "Total Long Term Liabilities": {"2019-12-31": "1811.30000", "2018-12-31": "6077.90000", "2017-12-31": "6300.70000", "2016-12-31": "6081.60000", "2015-12-31": "6854.50000", "2014-12-31": "1754.00000", "2013-12-31": "1025.40000", "2012-12-31": "833.33400", "2011-12-31": ""}, "Total Liabilities": {"2019-12-31": "2105.10000", "2018-12-31": "7220.40000", "2017-12-31": "7392.40000", "2016-12-31": "7164.30000", "2015-12-31": "7916.90000", "2014-12-31": "1994.70000", "2013-12-31": "1145.10000", "2012-12-31": "961.48000", "2011-12-31": "0.00000"}, "Common Stock Net": {"2019-12-31": "2.60000", "2018-12-31": "2.90000", "2017-12-31": "2.90000", "2016-12-31": "2.80000", "2015-12-31": "2.30000", "2014-12-31": "1.90000", "2013-12-31": "", "2012-12-31": "50.00000", "2011-12-31": "0.00000"}, "Retained Earnings (Accumulated Deficit)": {"2019-12-31": "-1536.50000", "2018-12-31": "-1195.40000", "2017-12-31": "-869.70000", "2016-12-31": "-573.50000", "2015-12-31": "-532.70000", "2014-12-31": "-224.10000", "2013-12-31": "-194.20000", "2012-12-31": "-273.08600", "2011-12-31": ""}, "Comprehensive Income": {"2019-12-31": "-280.50000", "2018-12-31": "-756.90000", "2017-12-31": "-422.00000", "2016-12-31": "-674.50000", "2015-12-31": "-886.10000", "2014-12-31": "-130.60000", "2013-12-31": "1.30000", "2012-12-31": "-30.27000", "2011-12-31": ""}, "Other Share Holders Equity": {"2019-12-31": "", "2018-12-31": "", "2017-12-31": "", "2016-12-31": "", "2015-12-31": "", "2014-12-31": "", "2013-12-31": "", "2012-12-31": "", "2011-12-31": "0.00000"}, "Share Holder Equity": {"2019-12-31": "2219.30000", "2018-12-31": "2181.10000", "2017-12-31": "2860.00000", "2016-12-31": "2889.80000", "2015-12-31": "2273.30000", "2014-12-31": "2552.60000", "2013-12-31": "1115.10000", "2012-12-31": "272.43700", "2011-12-31": "0.00000"}, "Total Liabilities And Share Holders Equity": {"2019-12-31": "4324.40000", "2018-12-31": "9401.50000", "2017-12-31": "10252.40000", "2016-12-31": "10054.10000", "2015-12-31": "10190.20000", "2014-12-31": "4547.30000", "2013-12-31": "2260.20000", "2012-12-31": "1233.91700", "2011-12-31": "0.00000"}}, "balance sheet, quarterly": {"Cash On Hand": {"2020-09-30": "248.40000", "2020-06-30": "237.30000", "2020-03-31": "497.40000", "2019-12-31": "190.10000", "2019-09-30": "200.30000", "2019-06-30": "247.60000", "2019-03-31": "230.40000", "2018-12-31": "233.60000", "2018-09-30": "252.20000", "2018-06-30": "442.40000", "2018-03-31": "412.60000", "2017-12-31": "258.40000", "2017-09-30": "390.90000", "2017-06-30": "427.10000", "2017-03-31": "366.40000", "2016-12-31": "422.60000", "2016-09-30": "714.10000", "2016-06-30": "341.70000", "2016-03-31": "329.70000", "2015-12-31": "432.20000", "2015-09-30": "682.00000", "2015-06-30": "672.20000", "2015-03-31": "297.30000", "2014-12-31": "397.30000", "2014-09-30": "281.67600", "2014-06-30": "642.76000", "2014-03-31": "316.60400", "2013-12-31": "123.00000", "2013-09-30": "", "2013-06-30": "", "2013-03-31": "", "2012-12-31": "143.35000", "2011-12-31": ""}, "Receivables": {"2020-09-30": "366.00000", "2020-06-30": "309.80000", "2020-03-31": "354.10000", "2019-12-31": "363.90000", "2019-09-30": "367.20000", "2019-06-30": "374.70000", "2019-03-31": "380.30000", "2018-12-31": "382.40000", "2018-09-30": "400.30000", "2018-06-30": "1243.10000", "2018-03-31": "1289.40000", "2017-12-31": "399.80000", "2017-09-30": "1133.90000", "2017-06-30": "1168.20000", "2017-03-31": "1189.50000", "2016-12-31": "1054.80000", "2016-09-30": "1141.00000", "2016-06-30": "1181.70000", "2016-03-31": "1172.80000", "2015-12-31": "1023.00000", "2015-09-30": "943.40000", "2015-06-30": "1050.10000", "2015-03-31": "1054.10000", "2014-12-31": "327.30000", "2014-09-30": "145.09500", "2014-06-30": "142.01100", "2014-03-31": "141.38400", "2013-12-31": "140.50000", "2013-09-30": "", "2013-06-30": "", "2013-03-31": "", "2012-12-31": "138.97000", "2011-12-31": ""}, "Inventory": {"2020-09-30": "211.90000", "2020-06-30": "210.80000", "2020-03-31": "213.10000", "2019-12-31": "199.60000", "2019-09-30": "198.00000", "2019-06-30": "201.60000", "2019-03-31": "202.40000", "2018-12-31": "188.10000", "2018-09-30": "210.20000", "2018-06-30": "583.80000", "2018-03-31": "611.60000", "2017-12-31": "186.40000", "2017-09-30": "556.70000", "2017-06-30": "536.60000", "2017-03-31": "516.70000", "2016-12-31": "416.40000", "2016-09-30": "564.30000", "2016-06-30": "572.70000", "2016-03-31": "612.50000", "2015-12-31": "484.60000", "2015-09-30": "466.90000", "2015-06-30": "470.00000", "2015-03-31": "460.90000", "2014-12-31": "205.80000", "2014-09-30": "79.32500", "2014-06-30": "80.51100", "2014-03-31": "79.87000", "2013-12-31": "89.60000", "2013-09-30": "", "2013-06-30": "", "2013-03-31": "", "2012-12-31": "76.09000", "2011-12-31": ""}, "Pre-Paid Expenses": {"2020-09-30": "24.40000", "2020-06-30": "22.30000", "2020-03-31": "21.00000", "2019-12-31": "18.30000", "2019-09-30": "21.90000", "2019-06-30": "23.70000", "2019-03-31": "19.90000", "2018-12-31": "14.30000", "2018-09-30": "59.60000", "2018-06-30": "47.30000", "2018-03-31": "48.40000", "2017-12-31": "20.20000", "2017-09-30": "54.60000", "2017-06-30": "67.50000", "2017-03-31": "78.30000", "2016-12-31": "71.30000", "2016-09-30": "180.30000", "2016-06-30": "171.30000", "2016-03-31": "180.30000", "2015-12-31": "72.20000", "2015-09-30": "220.10000", "2015-06-30": "195.00000", "2015-03-31": "169.00000", "2014-12-31": "14.50000", "2014-09-30": "90.60800", "2014-06-30": "24.26200", "2014-03-31": "21.34700", "2013-12-31": "30.40000", "2013-09-30": "", "2013-06-30": "", "2013-03-31": "", "2012-12-31": "", "2011-12-31": ""}, "Other Current Assets": {"2020-09-30": "87.60000", "2020-06-30": "51.00000", "2020-03-31": "53.00000", "2019-12-31": "50.30000", "2019-09-30": "54.80000", "2019-06-30": "69.10000", "2019-03-31": "53.60000", "2018-12-31": "42.50000", "2018-09-30": "", "2018-06-30": "185.20000", "2018-03-31": "190.10000", "2017-12-31": "43.70000", "2017-09-30": "160.50000", "2017-06-30": "143.00000", "2017-03-31": "104.60000", "2016-12-31": "106.10000", "2016-09-30": "0.90000", "2016-06-30": "0.90000", "2016-03-31": "0.80000", "2015-12-31": "100.60000", "2015-09-30": "0.30000", "2015-06-30": "", "2015-03-31": "", "2014-12-31": "631.60000", "2014-09-30": "315.00000", "2014-06-30": "", "2014-03-31": "", "2013-12-31": "", "2013-09-30": "", "2013-06-30": "", "2013-03-31": "", "2012-12-31": "16.11000", "2011-12-31": ""}, "Total Current Assets": {"2020-09-30": "946.60000", "2020-06-30": "839.40000", "2020-03-31": "1147.80000", "2019-12-31": "833.40000", "2019-09-30": "850.30000", "2019-06-30": "926.30000", "2019-03-31": "1001.70000", "2018-12-31": "2482.20000", "2018-09-30": "2467.30000", "2018-06-30": "2501.80000", "2018-03-31": "2552.10000", "2017-12-31": "2340.60000", "2017-09-30": "2296.60000", "2017-06-30": "2342.40000", "2017-03-31": "2255.50000", "2016-12-31": "2071.20000", "2016-09-30": "2600.60000", "2016-06-30": "2268.30000", "2016-03-31": "2296.10000", "2015-12-31": "2237.60000", "2015-09-30": "2312.70000", "2015-06-30": "2387.30000", "2015-03-31": "1981.30000", "2014-12-31": "1576.50000", "2014-09-30": "911.70400", "2014-06-30": "889.54400", "2014-03-31": "559.20500", "2013-12-31": "383.50000", "2013-09-30": "", "2013-06-30": "", "2013-03-31": "", "2012-12-31": "374.52000", "2011-12-31": ""}, "Property, Plant, And Equipment": {"2020-09-30": "234.60000", "2020-06-30": "254.20000", "2020-03-31": "256.70000", "2019-12-31": "264.80000", "2019-09-30": "250.00000", "2019-06-30": "256.70000", "2019-03-31": "263.00000", "2018-12-31": "266.90000", "2018-09-30": "270.10000", "2018-06-30": "429.70000", "2018-03-31": "451.00000", "2017-12-31": "287.40000", "2017-09-30": "452.40000", "2017-06-30": "455.80000", "2017-03-31": "456.40000", "2016-12-31": "460.50000", "2016-09-30": "472.70000", "2016-06-30": "480.30000", "2016-03-31": "496.50000", "2015-12-31": "491.60000", "2015-09-30": "266.90000", "2015-06-30": "280.60000", "2015-03-31": "280.00000", "2014-12-31": "178.60000", "2014-09-30": "133.94200", "2014-06-30": "133.64100", "2014-03-31": "135.74300", "2013-12-31": "136.20000", "2013-09-30": "", "2013-06-30": "", "2013-03-31": "", "2012-12-31": "189.50000", "2011-12-31": ""}, "Long-Term Investments": {"2020-09-30": "", "2020-06-30": "", "2020-03-31": "", "2019-12-31": "", "2019-09-30": "", "2019-06-30": "", "2019-03-31": "", "2018-12-31": "", "2018-09-30": "", "2018-06-30": "", "2018-03-31": "", "2017-12-31": "", "2017-09-30": "", "2017-06-30": "", "2017-03-31": "", "2016-12-31": "", "2016-09-30": "", "2016-06-30": "", "2016-03-31": "", "2015-12-31": "", "2015-09-30": "", "2015-06-30": "", "2015-03-31": "", "2014-12-31": "", "2014-09-30": "", "2014-06-30": "", "2014-03-31": "", "2013-12-31": "", "2013-09-30": "", "2013-06-30": "", "2013-03-31": "", "2012-12-31": "", "2011-12-31": ""}, "Goodwill And Intangible Assets": {"2020-09-30": "3049.70000", "2020-06-30": "3002.50000", "2020-03-31": "3021.70000", "2019-12-31": "3124.00000", "2019-09-30": "3043.40000", "2019-06-30": "3144.90000", "2019-03-31": "3191.30000", "2018-12-31": "3207.10000", "2018-09-30": "3241.80000", "2018-06-30": "6940.50000", "2018-03-31": "7403.00000", "2017-12-31": "3413.40000", "2017-09-30": "7561.10000", "2017-06-30": "7459.30000", "2017-03-31": "7511.20000", "2016-12-31": "7412.20000", "2016-09-30": "7759.50000", "2016-06-30": "7824.10000", "2016-03-31": "7701.50000", "2015-12-31": "7336.20000", "2015-09-30": "5419.90000", "2015-06-30": "5790.10000", "2015-03-31": "5678.50000", "2014-12-31": "2746.80000", "2014-09-30": "1636.59800", "2014-06-30": "1703.79700", "2014-03-31": "1667.32500", "2013-12-31": "1710.10000", "2013-09-30": "0.00000", "2013-06-30": "0.00000", "2013-03-31": "0.00000", "2012-12-31": "728.00000", "2011-12-31": "0.00000"}, "Other Long-Term Assets": {"2020-09-30": "88.90000", "2020-06-30": "115.90000", "2020-03-31": "130.70000", "2019-12-31": "95.70000", "2019-09-30": "122.90000", "2019-06-30": "105.60000", "2019-03-31": "109.50000", "2018-12-31": "32.90000", "2018-09-30": "28.80000", "2018-06-30": "106.40000", "2018-03-31": "141.10000", "2017-12-31": "42.40000", "2017-09-30": "128.50000", "2017-06-30": "128.80000", "2017-03-31": "126.80000", "2016-12-31": "110.20000", "2016-09-30": "93.90000", "2016-06-30": "99.30000", "2016-03-31": "98.60000", "2015-12-31": "124.80000", "2015-09-30": "76.30000", "2015-06-30": "88.40000", "2015-03-31": "128.10000", "2014-12-31": "45.40000", "2014-09-30": "47.37600", "2014-06-30": "39.70700", "2014-03-31": "31.95700", "2013-12-31": "30.40000", "2013-09-30": "", "2013-06-30": "", "2013-03-31": "", "2012-12-31": "30.99000", "2011-12-31": ""}, "Total Long-Term Assets": {"2020-09-30": "3380.20000", "2020-06-30": "3379.30000", "2020-03-31": "3415.70000", "2019-12-31": "3491.00000", "2019-09-30": "3422.80000", "2019-06-30": "3514.00000", "2019-03-31": "3570.50000", "2018-12-31": "6919.30000", "2018-09-30": "6924.20000", "2018-06-30": "7476.60000", "2018-03-31": "7995.10000", "2017-12-31": "7911.80000", "2017-09-30": "8142.00000", "2017-06-30": "8043.90000", "2017-03-31": "8094.40000", "2016-12-31": "7982.90000", "2016-09-30": "8326.10100", "2016-06-30": "8403.70000", "2016-03-31": "8296.60000", "2015-12-31": "7952.60000", "2015-09-30": "5763.10000", "2015-06-30": "6159.10000", "2015-03-31": "6086.60000", "2014-12-31": "2970.80000", "2014-09-30": "1817.91600", "2014-06-30": "1877.14500", "2014-03-31": "1835.02500", "2013-12-31": "1876.70000", "2013-09-30": "", "2013-06-30": "", "2013-03-31": "", "2012-12-31": "948.49000", "2011-12-31": ""}, "Total Assets": {"2020-09-30": "4326.80000", "2020-06-30": "4218.70000", "2020-03-31": "4563.50000", "2019-12-31": "4324.40000", "2019-09-30": "4273.10000", "2019-06-30": "4440.30000", "2019-03-31": "4572.20000", "2018-12-31": "9401.50000", "2018-09-30": "9391.50000", "2018-06-30": "9978.40000", "2018-03-31": "10547.20000", "2017-12-31": "10252.40000", "2017-09-30": "10438.60000", "2017-06-30": "10386.30000", "2017-03-31": "10349.90000", "2016-12-31": "10054.10000", "2016-09-30": "10926.70000", "2016-06-30": "10672.00000", "2016-03-31": "10592.70000", "2015-12-31": "10190.20000", "2015-09-30": "8075.80000", "2015-06-30": "8546.40000", "2015-03-31": "8067.90000", "2014-12-31": "4547.30000", "2014-09-30": "2729.62000", "2014-06-30": "2766.68900", "2014-03-31": "2394.23000", "2013-12-31": "2260.20000", "2013-09-30": "0.00000", "2013-06-30": "0.00000", "2013-03-31": "0.00000", "2012-12-31": "1233.91000", "2011-12-31": "0.00000"}, "Total Current Liabilities": {"2020-09-30": "302.40000", "2020-06-30": "245.70000", "2020-03-31": "603.10000", "2019-12-31": "293.80000", "2019-09-30": "289.80000", "2019-06-30": "338.00000", "2019-03-31": "456.10000", "2018-12-31": "1142.50000", "2018-09-30": "1126.60000", "2018-06-30": "1185.60000", "2018-03-31": "1235.30000", "2017-12-31": "1091.70000", "2017-09-30": "1120.40000", "2017-06-30": "1204.90000", "2017-03-31": "1200.90000", "2016-12-31": "1082.70000", "2016-09-30": "1568.20000", "2016-06-30": "1136.00000", "2016-03-31": "1175.60000", "2015-12-31": "1062.40000", "2015-09-30": "965.10000", "2015-06-30": "858.00000", "2015-03-31": "998.40000", "2014-12-31": "240.70000", "2014-09-30": "141.31000", "2014-06-30": "115.32500", "2014-03-31": "107.12600", "2013-12-31": "119.70000", "2013-09-30": "", "2013-06-30": "", "2013-03-31": "", "2012-12-31": "128.14000", "2011-12-31": ""}, "Long Term Debt": {"2020-09-30": "1509.70000", "2020-06-30": "1511.10000", "2020-03-31": "1512.20000", "2019-12-31": "1513.20000", "2019-09-30": "1514.20000", "2019-06-30": "1515.30000", "2019-03-31": "1516.50000", "2018-12-31": "5350.70000", "2018-09-30": "5389.90000", "2018-06-30": "5402.00000", "2018-03-31": "5495.20000", "2017-12-31": "5437.10000", "2017-09-30": "5332.70000", "2017-06-30": "5271.10000", "2017-03-31": "5141.80000", "2016-12-31": "5122.90000", "2016-09-30": "5196.90000", "2016-06-30": "5187.20000", "2016-03-31": "5218.40000", "2015-12-31": "5173.60000", "2015-09-30": "3401.40000", "2015-06-30": "3401.60000", "2015-03-31": "3424.40000", "2014-12-31": "1392.40000", "2014-09-30": "738.47400", "2014-06-30": "740.49700", "2014-03-31": "742.32700", "2013-12-31": "744.30000", "2013-09-30": "", "2013-06-30": "", "2013-03-31": "", "2012-12-31": "693.82000", "2011-12-31": ""}, "Other Non-Current Liabilities": {"2020-09-30": "145.40000", "2020-06-30": "139.30000", "2020-03-31": "142.10000", "2019-12-31": "127.70000", "2019-09-30": "175.10000", "2019-06-30": "186.90000", "2019-03-31": "167.30000", "2018-12-31": "128.50000", "2018-09-30": "158.60000", "2018-06-30": "195.80000", "2018-03-31": "210.30000", "2017-12-31": "164.70000", "2017-09-30": "224.00000", "2017-06-30": "218.80000", "2017-03-31": "215.70000", "2016-12-31": "221.70000", "2016-09-30": "328.80000", "2016-06-30": "325.70000", "2016-03-31": "297.10000", "2015-12-31": "275.70000", "2015-09-30": "183.80000", "2015-06-30": "171.60000", "2015-03-31": "179.70000", "2014-12-31": "120.50000", "2014-09-30": "118.40900", "2014-06-30": "94.55600", "2014-03-31": "83.92700", "2013-12-31": "65.20000", "2013-09-30": "", "2013-06-30": "", "2013-03-31": "", "2012-12-31": "90.10000", "2011-12-31": ""}, "Total Long Term Liabilities": {"2020-09-30": "1781.40000", "2020-06-30": "1817.90000", "2020-03-31": "1819.00000", "2019-12-31": "1811.30000", "2019-09-30": "1862.80000", "2019-06-30": "1871.10000", "2019-03-31": "1860.90000", "2018-12-31": "6077.90000", "2018-09-30": "6153.60000", "2018-06-30": "6188.40000", "2018-03-31": "6344.90000", "2017-12-31": "6300.70000", "2017-09-30": "6299.30000", "2017-06-30": "6229.10000", "2017-03-31": "6099.10000", "2016-12-31": "6081.60000", "2016-09-30": "6298.20000", "2016-06-30": "6968.10100", "2016-03-31": "6967.00000", "2015-12-31": "6854.50000", "2015-09-30": "4842.39900", "2015-06-30": "4939.90000", "2015-03-31": "4942.80000", "2014-12-31": "1754.00000", "2014-09-30": "1008.72800", "2014-06-30": "1025.16300", "2014-03-31": "983.07300", "2013-12-31": "1025.40000", "2013-09-30": "", "2013-06-30": "", "2013-03-31": "", "2012-12-31": "833.33000", "2011-12-31": ""}, "Total Liabilities": {"2020-09-30": "2083.80000", "2020-06-30": "2063.60000", "2020-03-31": "2422.10000", "2019-12-31": "2105.10000", "2019-09-30": "2152.60000", "2019-06-30": "2209.10000", "2019-03-31": "2317.00000", "2018-12-31": "7220.40000", "2018-09-30": "7280.20000", "2018-06-30": "7374.00000", "2018-03-31": "7580.20000", "2017-12-31": "7392.40000", "2017-09-30": "7419.70000", "2017-06-30": "7434.00000", "2017-03-31": "7300.00000", "2016-12-31": "7164.30000", "2016-09-30": "7866.40000", "2016-06-30": "8104.10000", "2016-03-31": "8142.60000", "2015-12-31": "7916.90000", "2015-09-30": "5807.50000", "2015-06-30": "5797.90000", "2015-03-31": "5941.20000", "2014-12-31": "1994.70000", "2014-09-30": "1150.03800", "2014-06-30": "1140.48800", "2014-03-31": "1090.19900", "2013-12-31": "1145.10000", "2013-09-30": "0.00000", "2013-06-30": "0.00000", "2013-03-31": "0.00000", "2012-12-31": "961.48000", "2011-12-31": "0.00000"}, "Common Stock Net": {"2020-09-30": "2.60000", "2020-06-30": "2.60000", "2020-03-31": "2.60000", "2019-12-31": "2.60000", "2019-09-30": "2.60000", "2019-06-30": "2.60000", "2019-03-31": "2.60000", "2018-12-31": "2.90000", "2018-09-30": "2.90000", "2018-06-30": "2.90000", "2018-03-31": "2.90000", "2017-12-31": "2.90000", "2017-09-30": "2.90000", "2017-06-30": "2.80000", "2017-03-31": "2.80000", "2016-12-31": "2.80000", "2016-09-30": "2.80000", "2016-06-30": "2.30000", "2016-03-31": "2.30000", "2015-12-31": "2.30000", "2015-09-30": "2.10000", "2015-06-30": "2.10000", "2015-03-31": "1.90000", "2014-12-31": "1.90000", "2014-09-30": "1.35300", "2014-06-30": "1.35300", "2014-03-31": "1.18200", "2013-12-31": "", "2013-09-30": "0.00000", "2013-06-30": "0.00000", "2013-03-31": "0.00000", "2012-12-31": "50.00000", "2011-12-31": "0.00000"}, "Retained Earnings (Accumulated Deficit)": {"2020-09-30": "-1490.70000", "2020-06-30": "-1526.70000", "2020-03-31": "-1527.90000", "2019-12-31": "-1536.50000", "2019-09-30": "-1610.90000", "2019-06-30": "-1604.00000", "2019-03-31": "-1605.50000", "2018-12-31": "-1195.40000", "2018-09-30": "-1230.60000", "2018-06-30": "-821.70000", "2018-03-31": "-833.70000", "2017-12-31": "-869.70000", "2017-09-30": "-728.20000", "2017-06-30": "-659.00000", "2017-03-31": "-597.90000", "2016-12-31": "-573.50000", "2016-09-30": "-571.60000", "2016-06-30": "-676.30000", "2016-03-31": "-667.50000", "2015-12-31": "-532.70000", "2015-09-30": "-385.20000", "2015-06-30": "-263.00000", "2015-03-31": "-250.80000", "2014-12-31": "-224.10000", "2014-09-30": "-190.14500", "2014-06-30": "-202.01600", "2014-03-31": "-201.63900", "2013-12-31": "-194.20000", "2013-09-30": "", "2013-06-30": "", "2013-03-31": "", "2012-12-31": "-273.08000", "2011-12-31": ""}, "Comprehensive Income": {"2020-09-30": "-271.00000", "2020-06-30": "-323.80000", "2020-03-31": "-334.90000", "2019-12-31": "-280.50000", "2019-09-30": "-313.50000", "2019-06-30": "-258.40000", "2019-03-31": "-240.10000", "2018-12-31": "-756.90000", "2018-09-30": "-780.00000", "2018-06-30": "-697.30000", "2018-03-31": "-356.90000", "2017-12-31": "-422.00000", "2017-09-30": "-410.00000", "2017-06-30": "-533.80000", "2017-03-31": "-498.40000", "2016-12-31": "-674.50000", "2016-09-30": "-464.10000", "2016-06-30": "-473.70000", "2016-03-31": "-587.70000", "2015-12-31": "-886.10000", "2015-09-30": "-741.40000", "2015-06-30": "-387.60000", "2015-03-31": "-547.80000", "2014-12-31": "-130.60000", "2014-09-30": "-33.44000", "2014-06-30": "24.37200", "2014-03-31": "5.48400", "2013-12-31": "1.30000", "2013-09-30": "", "2013-06-30": "", "2013-03-31": "", "2012-12-31": "", "2011-12-31": ""}, "Other Share Holders Equity": {"2020-09-30": "", "2020-06-30": "", "2020-03-31": "", "2019-12-31": "", "2019-09-30": "", "2019-06-30": "", "2019-03-31": "", "2018-12-31": "", "2018-09-30": "", "2018-06-30": "", "2018-03-31": "", "2017-12-31": "", "2017-09-30": "", "2017-06-30": "", "2017-03-31": "", "2016-12-31": "", "2016-09-30": "", "2016-06-30": "", "2016-03-31": "", "2015-12-31": "", "2015-09-30": "", "2015-06-30": "", "2015-03-31": "", "2014-12-31": "", "2014-09-30": "", "2014-06-30": "", "2014-03-31": "", "2013-12-31": "", "2013-09-30": "0.00000", "2013-06-30": "0.00000", "2013-03-31": "0.00000", "2012-12-31": "-30.55000", "2011-12-31": "0.00000"}, "Share Holder Equity": {"2020-09-30": "2243.00000", "2020-06-30": "2155.10000", "2020-03-31": "2141.40000", "2019-12-31": "2219.30000", "2019-09-30": "2120.50000", "2019-06-30": "2231.20000", "2019-03-31": "2255.20000", "2018-12-31": "2181.10000", "2018-09-30": "2111.30000", "2018-06-30": "2604.40000", "2018-03-31": "2967.00000", "2017-12-31": "2860.00000", "2017-09-30": "3018.90000", "2017-06-30": "2952.30000", "2017-03-31": "3049.90000", "2016-12-31": "2889.80000", "2016-09-30": "3060.30000", "2016-06-30": "2567.90000", "2016-03-31": "2450.10000", "2015-12-31": "2273.30000", "2015-09-30": "2268.30000", "2015-06-30": "2748.50000", "2015-03-31": "2126.70000", "2014-12-31": "2552.60000", "2014-09-30": "1579.58200", "2014-06-30": "1626.20100", "2014-03-31": "1304.03100", "2013-12-31": "1115.10000", "2013-09-30": "0.00000", "2013-06-30": "0.00000", "2013-03-31": "0.00000", "2012-12-31": "272.43000", "2011-12-31": "0.00000"}, "Total Liabilities And Share Holders Equity": {"2020-09-30": "4326.80000", "2020-06-30": "4218.70000", "2020-03-31": "4563.50000", "2019-12-31": "4324.40000", "2019-09-30": "4273.10000", "2019-06-30": "4440.30000", "2019-03-31": "4572.20000", "2018-12-31": "9401.50000", "2018-09-30": "9391.50000", "2018-06-30": "9978.40000", "2018-03-31": "10547.20000", "2017-12-31": "10252.40000", "2017-09-30": "10438.60000", "2017-06-30": "10386.30000", "2017-03-31": "10349.90000", "2016-12-31": "10054.10000", "2016-09-30": "10926.70000", "2016-06-30": "10672.00000", "2016-03-31": "10592.70000", "2015-12-31": "10190.20000", "2015-09-30": "8075.80000", "2015-06-30": "8546.40000", "2015-03-31": "8067.90000", "2014-12-31": "4547.30000", "2014-09-30": "2729.62000", "2014-06-30": "2766.68900", "2014-03-31": "2394.23000", "2013-12-31": "2260.20000", "2013-09-30": "0.00000", "2013-06-30": "0.00000", "2013-03-31": "0.00000", "2012-12-31": "1233.91000", "2011-12-31": "0.00000"}}, "cash flow statement": {"Net Income/Loss": {"2019-12-31": "92.90000", "2018-12-31": "-319.90000", "2017-12-31": "-295.60000", "2016-12-31": "-76.70000", "2015-12-31": "-304.40000", "2014-12-31": "-24.20000", "2013-12-31": "-195.60000", "2012-12-31": "46.30000", "2011-12-31": "1.35300"}, "Total Depreciation And Amortization - Cash Flow": {"2019-12-31": "154.70000", "2018-12-31": "156.70000", "2017-12-31": "156.00000", "2016-12-31": "202.30000", "2015-12-31": "251.00000", "2014-12-31": "88.00000", "2013-12-31": "12.80000", "2012-12-31": "42.20000", "2011-12-31": "46.74500"}, "Other Non-Cash Items": {"2019-12-31": "-4.10000", "2018-12-31": "192.00000", "2017-12-31": "90.60000", "2016-12-31": "-145.60000", "2015-12-31": "128.30000", "2014-12-31": "23.40000", "2013-12-31": "189.30000", "2012-12-31": "-6.20000", "2011-12-31": "31.15500"}, "Total Non-Cash Items": {"2019-12-31": "150.60000", "2018-12-31": "348.70000", "2017-12-31": "246.60000", "2016-12-31": "56.70000", "2015-12-31": "379.30000", "2014-12-31": "111.40000", "2013-12-31": "202.10000", "2012-12-31": "36.00000", "2011-12-31": "77.90000"}, "Change In Accounts Receivable": {"2019-12-31": "21.80000", "2018-12-31": "0.90000", "2017-12-31": "-21.50000", "2016-12-31": "-42.40000", "2015-12-31": "66.70000", "2014-12-31": "4.90000", "2013-12-31": "6.20000", "2012-12-31": "-4.90000", "2011-12-31": "-0.40100"}, "Change In Inventories": {"2019-12-31": "-3.80000", "2018-12-31": "-18.80000", "2017-12-31": "-9.20000", "2016-12-31": "7.60000", "2015-12-31": "-7.30000", "2014-12-31": "11.40000", "2013-12-31": "2.10000", "2012-12-31": "0.80000", "2011-12-31": "1.48100"}, "Change In Accounts Payable": {"2019-12-31": "-7.00000", "2018-12-31": "-5.50000", "2017-12-31": "-3.30000", "2016-12-31": "-9.20000", "2015-12-31": "83.20000", "2014-12-31": "10.90000", "2013-12-31": "-0.20000", "2012-12-31": "3.30000", "2011-12-31": "-3.49800"}, "Change In Assets/Liabilities": {"2019-12-31": "-25.90000", "2018-12-31": "4.40000", "2017-12-31": "46.20000", "2016-12-31": "-0.50000", "2015-12-31": "15.30000", "2014-12-31": "-7.70000", "2013-12-31": "2.50000", "2012-12-31": "-1.00000", "2011-12-31": "-11.45800"}, "Total Change In Assets/Liabilities": {"2019-12-31": "-72.60000", "2018-12-31": "-29.60000", "2017-12-31": "14.70000", "2016-12-31": "-18.00000", "2015-12-31": "209.40000", "2014-12-31": "3.80000", "2013-12-31": "1.90000", "2012-12-31": "-5.40000", "2011-12-31": "-28.63000"}, "Cash Flow From Operating Activities": {"2019-12-31": "170.90000", "2018-12-31": "-0.80000", "2017-12-31": "-34.30000", "2016-12-31": "-38.00000", "2015-12-31": "320.90000", "2014-12-31": "98.20000", "2013-12-31": "7.50000", "2012-12-31": "75.20000", "2011-12-31": "49.74600"}, "Net Change In Property, Plant, And Equipment": {"2019-12-31": "-25.10000", "2018-12-31": "-24.20000", "2017-12-31": "-13.90000", "2016-12-31": "-23.20000", "2015-12-31": "-22.10000", "2014-12-31": "-17.90000", "2013-12-31": "2.10000", "2012-12-31": "-13.30000", "2011-12-31": "-5.21300"}, "Net Change In Intangible Assets": {"2019-12-31": "", "2018-12-31": "", "2017-12-31": "", "2016-12-31": "", "2015-12-31": "", "2014-12-31": "", "2013-12-31": "", "2012-12-31": "", "2011-12-31": ""}, "Net Acquisitions/Divestitures": {"2019-12-31": "4217.90000", "2018-12-31": "-28.20000", "2017-12-31": "", "2016-12-31": "-1.20000", "2015-12-31": "-4600.30000", "2014-12-31": "-1361.80000", "2013-12-31": "-922.40000", "2012-12-31": "-5.10000", "2011-12-31": ""}, "Net Change In Short-term Investments": {"2019-12-31": "", "2018-12-31": "", "2017-12-31": "", "2016-12-31": "", "2015-12-31": "", "2014-12-31": "", "2013-12-31": "0.00000", "2012-12-31": "", "2011-12-31": ""}, "Net Change In Long-Term Investments": {"2019-12-31": "", "2018-12-31": "25.00000", "2017-12-31": "", "2016-12-31": "", "2015-12-31": "", "2014-12-31": "", "2013-12-31": "", "2012-12-31": "", "2011-12-31": ""}, "Net Change In Investments - Total": {"2019-12-31": "", "2018-12-31": "25.00000", "2017-12-31": "", "2016-12-31": "", "2015-12-31": "", "2014-12-31": "", "2013-12-31": "", "2012-12-31": "", "2011-12-31": ""}, "Investing Activities - Other": {"2019-12-31": "6.90000", "2018-12-31": "3.60000", "2017-12-31": "-5.00000", "2016-12-31": "-1.70000", "2015-12-31": "365.90000", "2014-12-31": "-603.00000", "2013-12-31": "", "2012-12-31": "0.10000", "2011-12-31": "1.75900"}, "Cash Flow From Investing Activities": {"2019-12-31": "4199.70000", "2018-12-31": "-23.80000", "2017-12-31": "-18.90000", "2016-12-31": "-26.10000", "2015-12-31": "-4256.50000", "2014-12-31": "-1982.70000", "2013-12-31": "-920.30000", "2012-12-31": "-18.30000", "2011-12-31": "-3.45400"}, "Net Long-Term Debt": {"2019-12-31": "-3858.00000", "2018-12-31": "-22.50000", "2017-12-31": "20.20020", "2016-12-31": "-38.70020", "2015-12-31": "3638.10000", "2014-12-31": "669.70000", "2013-12-31": "-2.00000", "2012-12-31": "-26.10000", "2011-12-31": "-36.98300"}, "Net Current Debt": {"2019-12-31": "-24.90000", "2018-12-31": "25.00000", "2017-12-31": "", "2016-12-31": "-13.20000", "2015-12-31": "-16.30000", "2014-12-31": "", "2013-12-31": "", "2012-12-31": "", "2011-12-31": ""}, "Debt Issuance/Retirement Net - Total": {"2019-12-31": "-3882.90000", "2018-12-31": "2.50000", "2017-12-31": "20.20020", "2016-12-31": "-51.90020", "2015-12-31": "3621.80000", "2014-12-31": "669.70000", "2013-12-31": "-2.00000", "2012-12-31": "-26.10000", "2011-12-31": "-36.98300"}, "Net Common Equity Issued/Repurchased": {"2019-12-31": "-507.10000", "2018-12-31": "", "2017-12-31": "", "2016-12-31": "391.50000", "2015-12-31": "469.50000", "2014-12-31": "1512.60000", "2013-12-31": "1019.50000", "2012-12-31": "", "2011-12-31": ""}, "Net Total Equity Issued/Repurchased": {"2019-12-31": "-507.10000", "2018-12-31": "", "2017-12-31": "", "2016-12-31": "-68.50000", "2015-12-31": "469.50000", "2014-12-31": "1512.60000", "2013-12-31": "1039.50000", "2012-12-31": "", "2011-12-31": ""}, "Total Common And Preferred Stock Dividends Paid": {"2019-12-31": "", "2018-12-31": "", "2017-12-31": "", "2016-12-31": "", "2015-12-31": "", "2014-12-31": "", "2013-12-31": "", "2012-12-31": "", "2011-12-31": ""}, "Financial Activities - Other": {"2019-12-31": "-48.90000", "2018-12-31": "-3.90000", "2017-12-31": "-21.90000", "2016-12-31": "-10.10000", "2015-12-31": "-90.10000", "2014-12-31": "-13.40000", "2013-12-31": "-1.80000", "2012-12-31": "-1.10000", "2011-12-31": "-0.81500"}, "Cash Flow From Financial Activities": {"2019-12-31": "-4438.90000", "2018-12-31": "-1.40000", "2017-12-31": "-1.70000", "2016-12-31": "-130.50000", "2015-12-31": "4001.20000", "2014-12-31": "2168.90000", "2013-12-31": "1035.70000", "2012-12-31": "-27.20000", "2011-12-31": "-37.79800"}, "Net Cash Flow": {"2019-12-31": "-225.40000", "2018-12-31": "-68.30000", "2017-12-31": "60.40000", "2016-12-31": "-9.10000", "2015-12-31": "34.90000", "2014-12-31": "274.30000", "2013-12-31": "123.00000", "2012-12-31": "29.90000", "2011-12-31": "6.71200"}, "Stock-Based Compensation": {"2019-12-31": "", "2018-12-31": "", "2017-12-31": "", "2016-12-31": "", "2015-12-31": "", "2014-12-31": "", "2013-12-31": "0.50000", "2012-12-31": "0.20000", "2011-12-31": "0.72700"}, "Common Stock Dividends Paid": {"2019-12-31": "", "2018-12-31": "", "2017-12-31": "", "2016-12-31": "", "2015-12-31": "", "2014-12-31": "", "2013-12-31": "", "2012-12-31": "", "2011-12-31": ""}}, "cash flow statement, quarterly": {"Net Income/Loss": {"2020-09-30": 36, "2020-06-30": 1.2, "2020-03-31": "8.60000", "2019-12-31": 74.5, "2019-09-30": -6.9, "2019-06-30": 1.4, "2019-03-31": "23.90000", "2018-12-31": 36.2, "2018-09-30": -405.9, "2018-06-30": 11.8, "2018-03-31": "38.00000", "2017-12-31": -145.7, "2017-09-30": -66.3, "2017-06-30": -60, "2017-03-31": "-23.60000", "2016-12-31": -0.1, "2016-09-30": 65.8, "2016-06-30": -8, "2016-03-31": "-134.40000", "2015-12-31": -129.5, "2015-09-30": -139.5, "2015-06-30": -35.4, "2015-03-31": "0.00000", "2014-12-31": -24.2, "2014-09-30": 0, "2014-06-30": 0, "2014-03-31": "0.00000", "2013-12-31": -10.699, "2013-09-30": 14.636, "2013-06-30": -5.764, "2013-03-31": "15.33700", "2012-12-31": 44.91, "2011-12-31": 1.35}, "Total Depreciation And Amortization - Cash Flow": {"2020-09-30": 41.2, "2020-06-30": 39.4, "2020-03-31": "39.90000", "2019-12-31": 38.9, "2019-09-30": 38.3, "2019-06-30": 38.8, "2019-03-31": "38.70000", "2018-12-31": 38.2, "2018-09-30": 38.7, "2018-06-30": 39.6, "2018-03-31": "40.20000", "2017-12-31": 39.5, "2017-09-30": -56.4, "2017-06-30": 87, "2017-03-31": "85.90000", "2016-12-31": -52.6, "2016-09-30": 86.9, "2016-06-30": 85.4, "2016-03-31": "82.60000", "2015-12-31": 74.7, "2015-09-30": 57.6, "2015-06-30": 118.7, "2015-03-31": "", "2014-12-31": 88, "2014-09-30": 0, "2014-06-30": 0, "2014-03-31": "", "2013-12-31": 0.816, "2013-09-30": 12.273, "2013-06-30": 9.854, "2013-03-31": "9.88700", "2012-12-31": -4.55, "2011-12-31": 46.74}, "Other Non-Cash Items": {"2020-09-30": 10.6, "2020-06-30": 18.8, "2020-03-31": "32.70000", "2019-12-31": -57.3, "2019-09-30": 6.9, "2019-06-30": 33.3, "2019-03-31": "13.00000", "2018-12-31": -103.3, "2018-09-30": 423.7, "2018-06-30": -67.8, "2018-03-31": "-60.60000", "2017-12-31": 69.1, "2017-09-30": -28.8, "2017-06-30": 50.8, "2017-03-31": "-0.50000", "2016-12-31": -48.2, "2016-09-30": -118.4, "2016-06-30": -38.6, "2016-03-31": "59.60000", "2015-12-31": 65.1, "2015-09-30": -6.3, "2015-06-30": 69.5, "2015-03-31": "", "2014-12-31": 23.4, "2014-09-30": 0, "2014-06-30": 0, "2014-03-31": "", "2013-12-31": 167.32, "2013-09-30": -1.762, "2013-06-30": 23.742, "2013-03-31": "", "2012-12-31": 0, "2011-12-31": 0}, "Total Non-Cash Items": {"2020-09-30": 51.8, "2020-06-30": 58.2, "2020-03-31": "72.60000", "2019-12-31": -18.4, "2019-09-30": 45.2, "2019-06-30": 72.1, "2019-03-31": "51.70000", "2018-12-31": -65.1, "2018-09-30": 462.4, "2018-06-30": -28.2, "2018-03-31": "-20.40000", "2017-12-31": 108.6, "2017-09-30": -85.2, "2017-06-30": 137.8, "2017-03-31": "85.40000", "2016-12-31": -100.8, "2016-09-30": -31.5, "2016-06-30": 46.8, "2016-03-31": "142.20000", "2015-12-31": 139.8, "2015-09-30": 51.3, "2015-06-30": 188.2, "2015-03-31": "", "2014-12-31": 111.4, "2014-09-30": 0, "2014-06-30": 0, "2014-03-31": "", "2013-12-31": -21.164, "2013-09-30": 10.511, "2013-06-30": 33.596, "2013-03-31": "9.88700", "2012-12-31": -4.55, "2011-12-31": 46.74}, "Change In Accounts Receivable": {"2020-09-30": -47.1, "2020-06-30": 46.1, "2020-03-31": "-2.60000", "2019-12-31": 19.1, "2019-09-30": -2.7, "2019-06-30": 2.6, "2019-03-31": "2.80000", "2018-12-31": 16.6, "2018-09-30": -4.4, "2018-06-30": 0.4, "2018-03-31": "-11.70000", "2017-12-31": 5.2, "2017-09-30": 68.1, "2017-06-30": 25.3, "2017-03-31": "-120.10000", "2016-12-31": 19.5, "2016-09-30": 29.1, "2016-06-30": 11.6, "2016-03-31": "-102.60000", "2015-12-31": 135.2, "2015-09-30": 33.3, "2015-06-30": -101.8, "2015-03-31": "", "2014-12-31": 4.9, "2014-09-30": 0, "2014-06-30": 0, "2014-03-31": "", "2013-12-31": 13.637, "2013-09-30": 3.183, "2013-06-30": -6.292, "2013-03-31": "-4.32800", "2012-12-31": 0, "2011-12-31": 0}, "Change In Inventories": {"2020-09-30": 7, "2020-06-30": 3.1, "2020-03-31": "-19.00000", "2019-12-31": 11.4, "2019-09-30": -1.3, "2019-06-30": 0.4, "2019-03-31": "-14.30000", "2018-12-31": 12, "2018-09-30": -3.7, "2018-06-30": -10.1, "2018-03-31": "-17.00000", "2017-12-31": 13.6, "2017-09-30": 63.7, "2017-06-30": -2.6, "2017-03-31": "-83.90000", "2016-12-31": 41.7, "2016-09-30": 7.2, "2016-06-30": 45.2, "2016-03-31": "-86.50000", "2015-12-31": 55.9, "2015-09-30": -21.9, "2015-06-30": -41.3, "2015-03-31": "", "2014-12-31": 11.4, "2014-09-30": 0, "2014-06-30": 0, "2014-03-31": "", "2013-12-31": 6.528, "2013-09-30": -1.61, "2013-06-30": 2.94, "2013-03-31": "-5.75800", "2012-12-31": 0, "2011-12-31": 0}, "Change In Accounts Payable": {"2020-09-30": 21.8, "2020-06-30": -22.5, "2020-03-31": "8.90000", "2019-12-31": -10.9, "2019-09-30": -1.5, "2019-06-30": -4.1, "2019-03-31": "9.50000", "2018-12-31": -10.3, "2018-09-30": -7.4, "2018-06-30": 7.3, "2018-03-31": "4.90000", "2017-12-31": -10, "2017-09-30": -34.4, "2017-06-30": 8.2, "2017-03-31": "32.90000", "2016-12-31": 57.1, "2016-09-30": -9.6, "2016-06-30": -18, "2016-03-31": "-38.70000", "2015-12-31": -112.4, "2015-09-30": 115.7, "2015-06-30": 79.9, "2015-03-31": "", "2014-12-31": 10.9, "2014-09-30": 0, "2014-06-30": 0, "2014-03-31": "", "2013-12-31": -2.633, "2013-09-30": 2.433, "2013-06-30": 0, "2013-03-31": "", "2012-12-31": 0, "2011-12-31": 0}, "Change In Assets/Liabilities": {"2020-09-30": -19.1, "2020-06-30": -6.6, "2020-03-31": "-1.10000", "2019-12-31": -5.2, "2019-09-30": 26.5, "2019-06-30": -8.9, "2019-03-31": "-38.30000", "2018-12-31": 6.9, "2018-09-30": -13.8, "2018-06-30": 15, "2018-03-31": "-3.70000", "2017-12-31": 46.6, "2017-09-30": 35.8, "2017-06-30": -29.2, "2017-03-31": "-7.00000", "2016-12-31": 0.7, "2016-09-30": -13, "2016-06-30": 8.4, "2016-03-31": "3.40000", "2015-12-31": 39.1, "2015-09-30": -37.2, "2015-06-30": 13.4, "2015-03-31": "", "2014-12-31": -7.7, "2014-09-30": 0, "2014-06-30": 0, "2014-03-31": "", "2013-12-31": 8.401, "2013-09-30": -3.728, "2013-06-30": -2.347, "2013-03-31": "0.17400", "2012-12-31": 0, "2011-12-31": 0}, "Total Change In Assets/Liabilities": {"2020-09-30": -18.2, "2020-06-30": 4.1, "2020-03-31": "-20.00000", "2019-12-31": 22.7, "2019-09-30": 48.5, "2019-06-30": -36.2, "2019-03-31": "-107.60000", "2018-12-31": 54.5, "2018-09-30": -70.2, "2018-06-30": 53.1, "2018-03-31": "-67.00000", "2017-12-31": 67.8, "2017-09-30": 138, "2017-06-30": 2.9, "2017-03-31": "-194.00000", "2016-12-31": 136, "2016-09-30": 34.5, "2016-06-30": 50, "2016-03-31": "-238.50000", "2015-12-31": 169.3, "2015-09-30": 89.9, "2015-06-30": -49.8, "2015-03-31": "", "2014-12-31": 3.8, "2014-09-30": 0, "2014-06-30": 0, "2014-03-31": "", "2013-12-31": -5.114, "2013-09-30": 3.356, "2013-06-30": -16.229, "2013-03-31": "-2.73300", "2012-12-31": 23.22, "2011-12-31": -28.63}, "Cash Flow From Operating Activities": {"2020-09-30": 69.6, "2020-06-30": 63.5, "2020-03-31": "61.20000", "2019-12-31": 78.8, "2019-09-30": 86.8, "2019-06-30": 37.3, "2019-03-31": "-32.00000", "2018-12-31": 25.6, "2018-09-30": -13.7, "2018-06-30": 36.7, "2018-03-31": "-49.40000", "2017-12-31": 30.7, "2017-09-30": -54.7, "2017-06-30": 109.1, "2017-03-31": "-119.40000", "2016-12-31": -14, "2016-09-30": 89.3, "2016-06-30": 97.1, "2016-03-31": "-210.40000", "2015-12-31": 189.8, "2015-09-30": 30.8, "2015-06-30": 97.5, "2015-03-31": "2.80000", "2014-12-31": 18.7, "2014-09-30": 30.3, "2014-06-30": 28.1, "2014-03-31": "21.10000", "2013-12-31": -8.331, "2013-09-30": 27.144, "2013-06-30": 14.131, "2013-03-31": "23.11600", "2012-12-31": 25.43, "2011-12-31": 49.74}, "Net Change In Property, Plant, And Equipment": {"2020-09-30": -6.5, "2020-06-30": -3, "2020-03-31": "-10.50000", "2019-12-31": -6.9, "2019-09-30": -6.8, "2019-06-30": -4.7, "2019-03-31": "-6.70000", "2018-12-31": -6.3, "2018-09-30": -8.5, "2018-06-30": -29.6, "2018-03-31": "20.20000", "2017-12-31": -3.6, "2017-09-30": 14.4, "2017-06-30": -9.8, "2017-03-31": "-14.90000", "2016-12-31": -2.9, "2016-09-30": -9.8, "2016-06-30": 1.1, "2016-03-31": "-11.60000", "2015-12-31": -2.1, "2015-09-30": 9.3, "2015-06-30": -8.5, "2015-03-31": "-20.80000", "2014-12-31": -11.1, "2014-09-30": -2.2, "2014-06-30": -2.6, "2014-03-31": "-2.00000", "2013-12-31": 0.082, "2013-09-30": -3.185, "2013-06-30": -2.356, "2013-03-31": "-1.33100", "2012-12-31": -8.04, "2011-12-31": -5.21}, "Net Change In Intangible Assets": {"2020-09-30": 0, "2020-06-30": 0, "2020-03-31": "", "2019-12-31": 0, "2019-09-30": 0, "2019-06-30": 0, "2019-03-31": "", "2018-12-31": 0, "2018-09-30": 0, "2018-06-30": 0, "2018-03-31": "", "2017-12-31": 0, "2017-09-30": 0, "2017-06-30": 0, "2017-03-31": "", "2016-12-31": 0, "2016-09-30": 0, "2016-06-30": 0, "2016-03-31": "", "2015-12-31": 0, "2015-09-30": 0, "2015-06-30": 0, "2015-03-31": "", "2014-12-31": 0, "2014-09-30": 0, "2014-06-30": 0, "2014-03-31": "", "2013-12-31": 0, "2013-09-30": 0, "2013-06-30": 0, "2013-03-31": "", "2012-12-31": 0, "2011-12-31": 0}, "Net Acquisitions/Divestitures": {"2020-09-30": -9, "2020-06-30": 0, "2020-03-31": "", "2019-12-31": -63.9, "2019-09-30": 0, "2019-06-30": 89.5, "2019-03-31": "4192.30000", "2018-12-31": 0, "2018-09-30": 0, "2018-06-30": -28.2, "2018-03-31": "", "2017-12-31": 0, "2017-09-30": 0.3, "2017-06-30": -0.3, "2017-03-31": "", "2016-12-31": -1.2, "2016-09-30": 0, "2016-06-30": 0, "2016-03-31": "", "2015-12-31": -1742.4, "2015-09-30": -1.2, "2015-06-30": 5.4, "2015-03-31": "-2862.10000", "2014-12-31": -1302.8, "2014-09-30": -63.8, "2014-06-30": -1.1, "2014-03-31": "5.90000", "2013-12-31": 0, "2013-09-30": 0, "2013-06-30": 0, "2013-03-31": "", "2012-12-31": -5.05, "2011-12-31": 0}, "Net Change In Short-term Investments": {"2020-09-30": 0, "2020-06-30": 0, "2020-03-31": "", "2019-12-31": 0, "2019-09-30": 0, "2019-06-30": 0, "2019-03-31": "", "2018-12-31": 0, "2018-09-30": 0, "2018-06-30": 0, "2018-03-31": "", "2017-12-31": 0, "2017-09-30": 0, "2017-06-30": 0, "2017-03-31": "", "2016-12-31": 0, "2016-09-30": 0, "2016-06-30": 0, "2016-03-31": "", "2015-12-31": 0, "2015-09-30": 0, "2015-06-30": 0, "2015-03-31": "", "2014-12-31": 0, "2014-09-30": 0, "2014-06-30": 0, "2014-03-31": "", "2013-12-31": -0.352, "2013-09-30": 0.352, "2013-06-30": 0, "2013-03-31": "", "2012-12-31": 0, "2011-12-31": 0}, "Net Change In Long-Term Investments": {"2020-09-30": 0, "2020-06-30": 0, "2020-03-31": "", "2019-12-31": 0, "2019-09-30": 0, "2019-06-30": 0, "2019-03-31": "", "2018-12-31": 0, "2018-09-30": 0, "2018-06-30": 25, "2018-03-31": "", "2017-12-31": 0, "2017-09-30": 0, "2017-06-30": 0, "2017-03-31": "", "2016-12-31": 0, "2016-09-30": 0, "2016-06-30": 0, "2016-03-31": "", "2015-12-31": 0, "2015-09-30": 0, "2015-06-30": 0, "2015-03-31": "", "2014-12-31": 0, "2014-09-30": 0, "2014-06-30": 0, "2014-03-31": "", "2013-12-31": 0, "2013-09-30": 0, "2013-06-30": 0, "2013-03-31": "", "2012-12-31": 0, "2011-12-31": 0}, "Net Change In Investments - Total": {"2020-09-30": 0, "2020-06-30": 0, "2020-03-31": "", "2019-12-31": 0, "2019-09-30": 0, "2019-06-30": 0, "2019-03-31": "", "2018-12-31": 0, "2018-09-30": 0, "2018-06-30": 25, "2018-03-31": "", "2017-12-31": 0, "2017-09-30": 0, "2017-06-30": 0, "2017-03-31": "", "2016-12-31": 0, "2016-09-30": 0, "2016-06-30": 0, "2016-03-31": "", "2015-12-31": 0, "2015-09-30": 0, "2015-06-30": 0, "2015-03-31": "", "2014-12-31": 0, "2014-09-30": 0, "2014-06-30": 0, "2014-03-31": "", "2013-12-31": -0.352, "2013-09-30": 0.352, "2013-06-30": 0, "2013-03-31": "", "2012-12-31": 0, "2011-12-31": 0}, "Investing Activities - Other": {"2020-09-30": 3.3, "2020-06-30": 0.2, "2020-03-31": "-5.90000", "2019-12-31": 0.2, "2019-09-30": -1.2, "2019-06-30": -0.6, "2019-03-31": "8.50000", "2018-12-31": 0.5, "2018-09-30": 2.3, "2018-06-30": 1.6, "2018-03-31": "-0.80000", "2017-12-31": -0.8, "2017-09-30": 16.2, "2017-06-30": -10, "2017-03-31": "-10.40000", "2016-12-31": 15.5, "2016-09-30": 2.5, "2016-06-30": -11.4, "2016-03-31": "-8.30000", "2015-12-31": -206.2, "2015-09-30": -13.4, "2015-06-30": -6.3, "2015-03-31": "591.80000", "2014-12-31": -288, "2014-09-30": -315, "2014-06-30": 1.1, "2014-03-31": "-1.10000", "2013-12-31": -1.472, "2013-09-30": -0.595, "2013-06-30": 2.347, "2013-03-31": "-1.29000", "2012-12-31": -1.71, "2011-12-31": 1.75}, "Cash Flow From Investing Activities": {"2020-09-30": -12.2, "2020-06-30": -2.8, "2020-03-31": "-16.40000", "2019-12-31": -70.6, "2019-09-30": -8, "2019-06-30": 84.2, "2019-03-31": "4194.10000", "2018-12-31": -5.8, "2018-09-30": -6.2, "2018-06-30": -31.2, "2018-03-31": "19.40000", "2017-12-31": -4.4, "2017-09-30": 30.9, "2017-06-30": -20.1, "2017-03-31": "-25.30000", "2016-12-31": 11.4, "2016-09-30": -7.3, "2016-06-30": -10.3, "2016-03-31": "-19.90000", "2015-12-31": -1950.7, "2015-09-30": -5.3, "2015-06-30": -9.4, "2015-03-31": "-2291.10000", "2014-12-31": -1601.9, "2014-09-30": -381, "2014-06-30": -2.6, "2014-03-31": "2.80000", "2013-12-31": -1.752, "2013-09-30": -3.428, "2013-06-30": -0.009, "2013-03-31": "-2.62100", "2012-12-31": -14.82, "2011-12-31": -3.45}, "Net Long-Term Debt": {"2020-09-30": -2, "2020-06-30": -1.9, "2020-03-31": "-2.00000", "2019-12-31": -2.1, "2019-09-30": -2, "2019-06-30": -2, "2019-03-31": "-3851.90000", "2018-12-31": -22.1, "2018-09-30": -0.2, "2018-06-30": -0.1, "2018-03-31": "-0.10000", "2017-12-31": 54.6002, "2017-09-30": -15.3, "2017-06-30": -10.1, "2017-03-31": "-9.00000", "2016-12-31": -12.7002, "2016-09-30": -8.6, "2016-06-30": -8.7, "2016-03-31": "-8.70000", "2015-12-31": 1568, "2015-09-30": -2.3, "2015-06-30": -8, "2015-03-31": "2080.40000", "2014-12-31": 675.5, "2014-09-30": -2, "2014-06-30": -1.8, "2014-03-31": "-2.00000", "2013-12-31": 729.594, "2013-09-30": -1.334, "2013-06-30": -710.392, "2013-03-31": "-19.86800", "2012-12-31": 0, "2011-12-31": 0}, "Net Current Debt": {"2020-09-30": 0, "2020-06-30": -320, "2020-03-31": "320.00000", "2019-12-31": 0, "2019-09-30": -50, "2019-06-30": -70.2, "2019-03-31": "95.30000", "2018-12-31": 25, "2018-09-30": -60, "2018-06-30": 8, "2018-03-31": "52.00000", "2017-12-31": -25.6, "2017-09-30": -44.1, "2017-06-30": -19.3, "2017-03-31": "89.00000", "2016-12-31": 13.4, "2016-09-30": -93.8, "2016-06-30": -65.3, "2016-03-31": "132.50000", "2015-12-31": -4.2, "2015-09-30": -0.3, "2015-06-30": -173.9, "2015-03-31": "162.10000", "2014-12-31": 0, "2014-09-30": 0, "2014-06-30": 0, "2014-03-31": "", "2013-12-31": 0, "2013-09-30": 0, "2013-06-30": 0, "2013-03-31": "", "2012-12-31": 0, "2011-12-31": 0}, "Debt Issuance/Retirement Net - Total": {"2020-09-30": -2, "2020-06-30": -321.9, "2020-03-31": "318.00000", "2019-12-31": -2.1, "2019-09-30": -52, "2019-06-30": -72.2, "2019-03-31": "-3756.60000", "2018-12-31": 2.9, "2018-09-30": -60.2, "2018-06-30": 7.9, "2018-03-31": "51.90000", "2017-12-31": 29.0002, "2017-09-30": -59.4, "2017-06-30": -29.4, "2017-03-31": "80.00000", "2016-12-31": 0.6998, "2016-09-30": -102.4, "2016-06-30": -74, "2016-03-31": "123.80000", "2015-12-31": 1563.8, "2015-09-30": -2.6, "2015-06-30": -181.9, "2015-03-31": "2242.50000", "2014-12-31": 675.5, "2014-09-30": -2, "2014-06-30": -1.8, "2014-03-31": "-2.00000", "2013-12-31": -1.276, "2013-09-30": -1.334, "2013-06-30": -710.392, "2013-03-31": "-19.86800", "2012-12-31": 10.89, "2011-12-31": -36.98}, "Net Common Equity Issued/Repurchased": {"2020-09-30": -2.6, "2020-06-30": 0, "2020-03-31": "-33.10000", "2019-12-31": -11, "2019-09-30": -51, "2019-06-30": -11.5, "2019-03-31": "-433.60000", "2018-12-31": 0, "2018-09-30": 0, "2018-06-30": 0, "2018-03-31": "", "2017-12-31": 0, "2017-09-30": 0, "2017-06-30": 0, "2017-03-31": "", "2016-12-31": 0, "2016-09-30": 391.5, "2016-06-30": 0, "2016-03-31": "", "2015-12-31": 0, "2015-09-30": 0.1, "2015-06-30": 468.4, "2015-03-31": "1.00000", "2014-12-31": 1039.2, "2014-09-30": -0.2, "2014-06-30": 301.1, "2014-03-31": "172.50000", "2013-12-31": 1019.5, "2013-09-30": 0, "2013-06-30": 0, "2013-03-31": "", "2012-12-31": 0, "2011-12-31": 0}, "Net Total Equity Issued/Repurchased": {"2020-09-30": -2.6, "2020-06-30": 0, "2020-03-31": "-33.10000", "2019-12-31": -11, "2019-09-30": -51, "2019-06-30": -11.5, "2019-03-31": "-433.60000", "2018-12-31": 0, "2018-09-30": 0, "2018-06-30": 0, "2018-03-31": "", "2017-12-31": 0, "2017-09-30": 0, "2017-06-30": 0, "2017-03-31": "", "2016-12-31": -460, "2016-09-30": 391.5, "2016-06-30": 0, "2016-03-31": "", "2015-12-31": 0, "2015-09-30": 0.1, "2015-06-30": 468.4, "2015-03-31": "1.00000", "2014-12-31": 1039.2, "2014-09-30": -0.2, "2014-06-30": 301.1, "2014-03-31": "172.50000", "2013-12-31": 0.007, "2013-09-30": 0, "2013-06-30": -270.167, "2013-03-31": "", "2012-12-31": 0, "2011-12-31": 0}, "Total Common And Preferred Stock Dividends Paid": {"2020-09-30": 0, "2020-06-30": 0, "2020-03-31": "", "2019-12-31": 0, "2019-09-30": 0, "2019-06-30": 0, "2019-03-31": "", "2018-12-31": 0, "2018-09-30": 0, "2018-06-30": 0, "2018-03-31": "", "2017-12-31": 0, "2017-09-30": 0, "2017-06-30": 0, "2017-03-31": "", "2016-12-31": 0, "2016-09-30": 0, "2016-06-30": 0, "2016-03-31": "", "2015-12-31": 0, "2015-09-30": 0, "2015-06-30": 0, "2015-03-31": "", "2014-12-31": 0, "2014-09-30": 0, "2014-06-30": 0, "2014-03-31": "", "2013-12-31": 0.003, "2013-09-30": 0, "2013-06-30": -229.833, "2013-03-31": "", "2012-12-31": 0, "2011-12-31": 0}, "Financial Activities - Other": {"2020-09-30": -44.9, "2020-06-30": 0.2, "2020-03-31": "-1.50000", "2019-12-31": -0.8, "2019-09-30": 0.2, "2019-06-30": 2, "2019-03-31": "-50.30000", "2018-12-31": -3.5, "2018-09-30": 0.3, "2018-06-30": -0.3, "2018-03-31": "-0.40000", "2017-12-31": -21.6, "2017-09-30": 8.3, "2017-06-30": -7.5, "2017-03-31": "-1.10000", "2016-12-31": -8.6, "2016-09-30": 0.8, "2016-06-30": 0.8, "2016-03-31": "-3.10000", "2015-12-31": -43.6, "2015-09-30": -0.4, "2015-06-30": -1.5, "2015-03-31": "-44.60000", "2014-12-31": -9.4, "2014-09-30": -4.2, "2014-06-30": 0.4, "2014-03-31": "-0.20000", "2013-12-31": 33.124, "2013-09-30": -1.149, "2013-06-30": 1096.811, "2013-03-31": "-0.15600", "2012-12-31": -0.33, "2011-12-31": -0.81}, "Cash Flow From Financial Activities": {"2020-09-30": -49.5, "2020-06-30": -321.7, "2020-03-31": "283.40000", "2019-12-31": -13.9, "2019-09-30": -102.8, "2019-06-30": -81.7, "2019-03-31": "-4240.50000", "2018-12-31": -0.6, "2018-09-30": -59.9, "2018-06-30": 7.6, "2018-03-31": "51.50000", "2017-12-31": 7.4, "2017-09-30": -51.1, "2017-06-30": -36.9, "2017-03-31": "78.90000", "2016-12-31": -467.9, "2016-09-30": 289.9, "2016-06-30": -73.2, "2016-03-31": "120.70000", "2015-12-31": 1520.2, "2015-09-30": -2.9, "2015-06-30": 285, "2015-03-31": "2198.90000", "2014-12-31": 1705.3, "2014-09-30": -6.4, "2014-06-30": 299.7, "2014-03-31": "170.30000", "2013-12-31": 31.848, "2013-09-30": -2.483, "2013-06-30": -113.581, "2013-03-31": "-20.02400", "2012-12-31": 10.56, "2011-12-31": -37.79}, "Net Cash Flow": {"2020-09-30": 11.1, "2020-06-30": -260.1, "2020-03-31": "307.30000", "2019-12-31": -10.2, "2019-09-30": -47.3, "2019-06-30": 17.2, "2019-03-31": "-185.10000", "2018-12-31": 8, "2018-09-30": -39.3, "2018-06-30": 29, "2018-03-31": "-66.00000", "2017-12-31": 75.6, "2017-09-30": -19.9, "2017-06-30": 60.9, "2017-03-31": "-56.20000", "2016-12-31": -291, "2016-09-30": 372.4, "2016-06-30": 12, "2016-03-31": "-102.50000", "2015-12-31": -249.8, "2015-09-30": 9.8, "2015-06-30": 374.9, "2015-03-31": "-100.00000", "2014-12-31": 115.6, "2014-09-30": -361, "2014-06-30": 326.1, "2014-03-31": "193.60000", "2013-12-31": 21.86, "2013-09-30": 22.293, "2013-06-30": -100.133, "2013-03-31": "-0.31000", "2012-12-31": 23.18, "2011-12-31": 6.71}, "Stock-Based Compensation": {"2020-09-30": 0, "2020-06-30": 0, "2020-03-31": "", "2019-12-31": 0, "2019-09-30": 0, "2019-06-30": 0, "2019-03-31": "", "2018-12-31": 0, "2018-09-30": 0, "2018-06-30": 0, "2018-03-31": "", "2017-12-31": 0, "2017-09-30": 0, "2017-06-30": 0, "2017-03-31": "", "2016-12-31": 0, "2016-09-30": 0, "2016-06-30": 0, "2016-03-31": "", "2015-12-31": 0, "2015-09-30": -2.6, "2015-06-30": 2.6, "2015-03-31": "", "2014-12-31": 0, "2014-09-30": 0, "2014-06-30": 0, "2014-03-31": "", "2013-12-31": 0.5, "2013-09-30": 0, "2013-06-30": 0, "2013-03-31": "", "2012-12-31": 0, "2011-12-31": 0}, "Common Stock Dividends Paid": {"2020-09-30": 0, "2020-06-30": 0, "2020-03-31": "", "2019-12-31": 0, "2019-09-30": 0, "2019-06-30": 0, "2019-03-31": "", "2018-12-31": 0, "2018-09-30": 0, "2018-06-30": 0, "2018-03-31": "", "2017-12-31": 0, "2017-09-30": 0, "2017-06-30": 0, "2017-03-31": "", "2016-12-31": 0, "2016-09-30": 0, "2016-06-30": 0, "2016-03-31": "", "2015-12-31": 0, "2015-09-30": 0, "2015-06-30": 0, "2015-03-31": "", "2014-12-31": 0, "2014-09-30": 0, "2014-06-30": 0, "2014-03-31": "", "2013-12-31": 0, "2013-09-30": 0, "2013-06-30": 0, "2013-03-31": "", "2012-12-31": 0, "2011-12-31": 0}}, "financial ratios": {"Current Ratio": {"2019-12-31": "2.83660", "2018-12-31": "2.17260", "2017-12-31": "2.14400", "2016-12-31": "1.91300", "2015-12-31": "2.10620", "2014-12-31": "6.54960", "2013-12-31": "3.20380", "2012-12-31": "2.92270", "2011-12-31": ""}, "Long-term Debt / Capital": {"2019-12-31": "0.40540", "2018-12-31": "0.71040", "2017-12-31": "0.65530", "2016-12-31": "0.63930", "2015-12-31": "0.69470", "2014-12-31": "0.35300", "2013-12-31": "0.40030", "2012-12-31": "0.71800", "2011-12-31": ""}, "Debt/Equity Ratio": {"2019-12-31": "0.68540", "2018-12-31": "2.46480", "2017-12-31": "1.90460", "2016-12-31": "1.81290", "2015-12-31": "2.29990", "2014-12-31": "0.55070", "2013-12-31": "0.67460", "2012-12-31": "2.64520", "2011-12-31": ""}, "Gross Margin": {"2019-12-31": "42.93810", "2018-12-31": "42.71290", "2017-12-31": "43.31950", "2016-12-31": "43.91280", "2015-12-31": "39.01590", "2014-12-31": "47.03510", "2013-12-31": "30.20310", "2012-12-31": "48.56400", "2011-12-31": "46.71890"}, "Operating Margin": {"2019-12-31": "13.56830", "2018-12-31": "12.67210", "2017-12-31": "10.65690", "2016-12-31": "5.05060", "2015-12-31": "2.81630", "2014-12-31": "1.12670", "2013-12-31": "-165.48220", "2012-12-31": "15.74120", "2011-12-31": "7.67700"}, "EBIT Margin": {"2019-12-31": "13.56830", "2018-12-31": "12.67210", "2017-12-31": "10.65690", "2016-12-31": "5.05060", "2015-12-31": "2.81630", "2014-12-31": "1.12670", "2013-12-31": "-165.48220", "2012-12-31": "15.74120", "2011-12-31": "7.67700"}, "EBITDA Margin": {"2019-12-31": "21.99470", "2018-12-31": "20.66290", "2017-12-31": "18.96090", "2016-12-31": "16.47930", "2015-12-31": "12.68930", "2014-12-31": "11.56310", "2013-12-31": "-154.65310", "2012-12-31": "21.51260", "2011-12-31": "14.09120"}, "Pre-Tax Profit Margin": {"2019-12-31": "7.67470", "2018-12-31": "-2.71290", "2017-12-31": "-13.86140", "2016-12-31": "-13.09530", "2015-12-31": "-9.01940", "2014-12-31": "-3.66460", "2013-12-31": "-170.38920", "2012-12-31": "9.71010", "2011-12-31": "1.55140"}, "Net Profit Margin": {"2019-12-31": "5.02210", "2018-12-31": "-16.54260", "2017-12-31": "-15.76710", "2016-12-31": "-2.30500", "2015-12-31": "-12.13860", "2014-12-31": "-31.14330", "2013-12-31": "-164.29780", "2012-12-31": "0.19150", "2011-12-31": "0.13540"}, "Asset Turnover": {"2019-12-31": "0.42450", "2018-12-31": "0.20860", "2017-12-31": "0.18320", "2016-12-31": "0.17610", "2015-12-31": "0.24950", "2014-12-31": "0.18540", "2013-12-31": "0.05230", "2012-12-31": "0.59260", "2011-12-31": ""}, "Inventory Turnover Ratio": {"2019-12-31": "5.24850", "2018-12-31": "5.97240", "2017-12-31": "5.71240", "2016-12-31": "2.38420", "2015-12-31": "3.19930", "2014-12-31": "2.17010", "2013-12-31": "0.92080", "2012-12-31": "4.94260", "2011-12-31": ""}, "Receiveable Turnover": {"2019-12-31": "5.04510", "2018-12-31": "5.12810", "2017-12-31": "4.69890", "2016-12-31": "1.67810", "2015-12-31": "2.48510", "2014-12-31": "2.57620", "2013-12-31": "0.84130", "2012-12-31": "5.26160", "2011-12-31": ""}, "Days Sales In Receivables": {"2019-12-31": "72.34790", "2018-12-31": "71.17590", "2017-12-31": "77.67860", "2016-12-31": "217.50300", "2015-12-31": "146.87290", "2014-12-31": "141.67990", "2013-12-31": "433.86210", "2012-12-31": "69.37100", "2011-12-31": ""}, "ROE - Return On Equity": {"2019-12-31": "3.58670", "2018-12-31": "-3.53030", "2017-12-31": "-6.70630", "2016-12-31": "-6.59220", "2015-12-31": "-13.39020", "2014-12-31": "-0.94810", "2013-12-31": "-17.54100", "2012-12-31": "-18.33010", "2011-12-31": ""}, "Return On Tangible Equity": {"2019-12-31": "-8.79850", "2018-12-31": "7.50490", "2017-12-31": "34.65850", "2016-12-31": "4.21240", "2015-12-31": "6.01240", "2014-12-31": "12.46140", "2013-12-31": "32.87400", "2012-12-31": "-10.16320", "2011-12-31": ""}, "ROA - Return On Assets": {"2019-12-31": "1.84070", "2018-12-31": "-0.81900", "2017-12-31": "-1.87080", "2016-12-31": "-1.89480", "2015-12-31": "-2.98720", "2014-12-31": "-0.53220", "2013-12-31": "-8.65410", "2012-12-31": "3.75230", "2011-12-31": ""}, "ROI - Return On Investment": {"2019-12-31": "2.13260", "2018-12-31": "-1.02230", "2017-12-31": "-2.31170", "2016-12-31": "-2.37750", "2015-12-31": "-4.08760", "2014-12-31": "-0.61340", "2013-12-31": "-10.51950", "2012-12-31": "4.79170", "2011-12-31": ""}, "Book Value Per Share": {"2019-12-31": "8.87370", "2018-12-31": "7.54710", "2017-12-31": "9.95130", "2016-12-31": "10.16820", "2015-12-31": "9.90700", "2014-12-31": "14.02010", "2013-12-31": "10.76640", "2012-12-31": "5.49460", "2011-12-31": ""}, "Operating Cash Flow Per Share": {"2019-12-31": 0.6599, "2018-12-31": 0.1171, "2017-12-31": 0.0197, "2016-12-31": -1.7188, "2015-12-31": 0.8534, "2014-12-31": 0.6448, "2013-12-31": 0.081, "2012-12-31": 0, "2011-12-31": 0}, "Free Cash Flow Per Share": {"2019-12-31": 0.6473, "2018-12-31": 0.0818, "2017-12-31": 0.0563, "2016-12-31": -1.6953, "2015-12-31": 0.877, "2014-12-31": 0.4898, "2013-12-31": 0.1037, "2012-12-31": 0, "2011-12-31": 0}}, "financial ratios, quarterly": {"Current Ratio": {"2020-09-30": "3.13030", "2020-06-30": "3.41640", "2020-03-31": "1.90320", "2019-12-31": "2.83660", "2019-09-30": "2.93410", "2019-06-30": "2.74050", "2019-03-31": "2.19620", "2018-12-31": "2.17260", "2018-09-30": "2.19000", "2018-06-30": "2.11020", "2018-03-31": "2.06600", "2017-12-31": "2.14400", "2017-09-30": "2.04980", "2017-06-30": "1.94410", "2017-03-31": "1.87820", "2016-12-31": "1.91300", "2016-09-30": "1.65830", "2016-06-30": "1.99670", "2016-03-31": "1.95310", "2015-12-31": "2.10620", "2015-09-30": "2.39630", "2015-06-30": "2.78240", "2015-03-31": "1.98450", "2014-12-31": "6.54960", "2014-09-30": "6.45180", "2014-06-30": "7.71340", "2014-03-31": "5.22010", "2013-12-31": "3.20380", "2013-09-30": "", "2013-06-30": "", "2013-03-31": "", "2012-12-31": "", "2011-12-31": ""}, "Long-term Debt / Capital": {"2020-09-30": "0.40230", "2020-06-30": "0.41220", "2020-03-31": "0.41390", "2019-12-31": "0.40540", "2019-09-30": "0.41660", "2019-06-30": "0.40450", "2019-03-31": "0.40210", "2018-12-31": "0.71040", "2018-09-30": "0.71850", "2018-06-30": "0.67470", "2018-03-31": "0.64940", "2017-12-31": "0.65530", "2017-09-30": "0.63850", "2017-06-30": "0.64100", "2017-03-31": "0.62770", "2016-12-31": "0.63930", "2016-09-30": "0.62940", "2016-06-30": "0.66890", "2016-03-31": "0.68050", "2015-12-31": "0.69470", "2015-09-30": "0.59990", "2015-06-30": "0.55310", "2015-03-31": "0.61690", "2014-12-31": "0.35300", "2014-09-30": "0.31860", "2014-06-30": "0.31290", "2014-03-31": "0.36280", "2013-12-31": "0.40030", "2013-09-30": "", "2013-06-30": "", "2013-03-31": "", "2012-12-31": "", "2011-12-31": ""}, "Debt/Equity Ratio": {"2020-09-30": "0.67650", "2020-06-30": "0.70470", "2020-03-31": "0.85920", "2019-12-31": "0.68540", "2019-09-30": "0.71780", "2019-06-30": "0.70500", "2019-03-31": "0.72920", "2018-12-31": "2.46480", "2018-09-30": "2.55290", "2018-06-30": "2.12750", "2018-03-31": "1.89130", "2017-12-31": "1.90460", "2017-09-30": "1.79630", "2017-06-30": "1.84940", "2017-03-31": "1.75400", "2016-12-31": "1.81290", "2016-09-30": "1.72480", "2016-06-30": "2.08290", "2016-03-31": "2.20700", "2015-12-31": "2.29990", "2015-09-30": "1.51550", "2015-06-30": "1.25190", "2015-03-31": "1.70150", "2014-12-31": "0.55070", "2014-09-30": "0.47250", "2014-06-30": "0.46020", "2014-03-31": "0.57530", "2013-12-31": "0.67460", "2013-09-30": "", "2013-06-30": "", "2013-03-31": "", "2012-12-31": "", "2011-12-31": ""}, "Gross Margin": {"2020-09-30": "42.61780", "2020-06-30": "41.98970", "2020-03-31": "43.59260", "2019-12-31": "42.07170", "2019-09-30": "44.26510", "2019-06-30": "42.25970", "2019-03-31": "43.12750", "2018-12-31": "42.26590", "2018-09-30": "42.90690", "2018-06-30": "42.80300", "2018-03-31": "42.86300", "2017-12-31": "43.43020", "2017-09-30": "43.32090", "2017-06-30": "42.49280", "2017-03-31": "43.90810", "2016-12-31": "38.62320", "2016-09-30": "42.12240", "2016-06-30": "41.29770", "2016-03-31": "43.21440", "2015-12-31": "37.20580", "2015-09-30": "40.63290", "2015-06-30": "39.78670", "2015-03-31": "38.72480", "2014-12-31": "41.11840", "2014-09-30": "52.43900", "2014-06-30": "51.13700", "2014-03-31": "45.83560", "2013-12-31": "-7.68850", "2013-09-30": "52.52370", "2013-06-30": "50.81320", "2013-03-31": "51.23430", "2012-12-31": "", "2011-12-31": ""}, "Operating Margin": {"2020-09-30": "12.27230", "2020-06-30": "10.20670", "2020-03-31": "12.06360", "2019-12-31": "17.94590", "2019-09-30": "14.39640", "2019-06-30": "12.15240", "2019-03-31": "9.80860", "2018-12-31": "14.79930", "2018-09-30": "12.20060", "2018-06-30": "11.80220", "2018-03-31": "11.95940", "2017-12-31": "10.76550", "2017-09-30": "11.81860", "2017-06-30": "9.61640", "2017-03-31": "11.53400", "2016-12-31": "15.88130", "2016-09-30": "8.97250", "2016-06-30": "10.29730", "2016-03-31": "6.32440", "2015-12-31": "-0.80260", "2015-09-30": "5.24020", "2015-06-30": "6.51760", "2015-03-31": "0.41140", "2014-12-31": "-8.55260", "2014-09-30": "11.83940", "2014-06-30": "2.96140", "2014-03-31": "2.17750", "2013-12-31": "70.48270", "2013-09-30": "17.96240", "2013-06-30": "19.28080", "2013-03-31": "16.34860", "2012-12-31": "", "2011-12-31": ""}, "EBIT Margin": {"2020-09-30": "12.27230", "2020-06-30": "10.20670", "2020-03-31": "12.06360", "2019-12-31": "17.94590", "2019-09-30": "14.39640", "2019-06-30": "12.15240", "2019-03-31": "9.80860", "2018-12-31": "14.79930", "2018-09-30": "12.20060", "2018-06-30": "11.80220", "2018-03-31": "11.95940", "2017-12-31": "10.76550", "2017-09-30": "11.81860", "2017-06-30": "9.61640", "2017-03-31": "11.53400", "2016-12-31": "15.88130", "2016-09-30": "8.97250", "2016-06-30": "10.29730", "2016-03-31": "6.32440", "2015-12-31": "-0.80260", "2015-09-30": "5.24020", "2015-06-30": "6.51760", "2015-03-31": "0.41140", "2014-12-31": "-8.55260", "2014-09-30": "11.83940", "2014-06-30": "2.96140", "2014-03-31": "2.17750", "2013-12-31": "70.48270", "2013-09-30": "17.96240", "2013-06-30": "19.28080", "2013-03-31": "16.34860", "2012-12-31": "", "2011-12-31": ""}, "EBITDA Margin": {"2020-09-30": "", "2020-06-30": "", "2020-03-31": "", "2019-12-31": "", "2019-09-30": "", "2019-06-30": "", "2019-03-31": "", "2018-12-31": "", "2018-09-30": "", "2018-06-30": "", "2018-03-31": "", "2017-12-31": "", "2017-09-30": "", "2017-06-30": "", "2017-03-31": "", "2016-12-31": "", "2016-09-30": "", "2016-06-30": "", "2016-03-31": "", "2015-12-31": "", "2015-09-30": "", "2015-06-30": "", "2015-03-31": "", "2014-12-31": "", "2014-09-30": "", "2014-06-30": "", "2014-03-31": "", "2013-12-31": "", "2013-09-30": "", "2013-06-30": "", "2013-03-31": "", "2012-12-31": "", "2011-12-31": ""}, "Pre-Tax Profit Margin": {"2020-09-30": "-2.32460", "2020-06-30": "2.09300", "2020-03-31": "2.76180", "2019-12-31": "21.04690", "2019-09-30": "11.01790", "2019-06-30": "1.72980", "2019-03-31": "-3.02310", "2018-12-31": "-2.40380", "2018-09-30": "-4.72880", "2018-06-30": "-3.90750", "2018-03-31": "0.20300", "2017-12-31": "-22.02210", "2017-09-30": "-8.01080", "2017-06-30": "-5.19600", "2017-03-31": "-0.56860", "2016-12-31": "25.51400", "2016-09-30": "9.69120", "2016-06-30": "2.03990", "2016-03-31": "-14.08110", "2015-12-31": "-15.53530", "2015-09-30": "-17.44520", "2015-06-30": "-1.37760", "2015-03-31": "-0.29920", "2014-12-31": "-13.45030", "2014-09-30": "6.25000", "2014-06-30": "-1.37490", "2014-03-31": "-2.06860", "2013-12-31": "54.66710", "2013-09-30": "8.91030", "2013-06-30": "1.05060", "2013-03-31": "11.88420", "2012-12-31": "", "2011-12-31": ""}, "Net Profit Margin": {"2020-09-30": "7.53930", "2020-06-30": "0.31010", "2020-03-31": "1.90010", "2019-12-31": "16.36240", "2019-09-30": "-1.48480", "2019-06-30": "0.32840", "2019-03-31": "5.04570", "2018-12-31": "7.35790", "2018-09-30": "-83.70520", "2018-06-30": "2.39230", "2018-03-31": "7.57360", "2017-12-31": "-28.96030", "2017-09-30": "-14.39870", "2017-06-30": "-6.49240", "2017-03-31": "-2.83130", "2016-12-31": "0.21940", "2016-09-30": "11.75740", "2016-06-30": "-0.95490", "2016-03-31": "-16.36320", "2015-12-31": "-17.63030", "2015-09-30": "-23.45560", "2015-06-30": "-1.80710", "2015-03-31": "-4.99250", "2014-12-31": "-97.47810", "2014-09-30": "6.04670", "2014-06-30": "-0.21150", "2014-03-31": "-4.02830", "2013-12-31": "48.23560", "2013-09-30": "4.64830", "2013-06-30": "-7.96510", "2013-03-31": "8.37200", "2012-12-31": "", "2011-12-31": ""}, "Asset Turnover": {"2020-09-30": "0.11040", "2020-06-30": "0.09170", "2020-03-31": "0.09920", "2019-12-31": "0.10510", "2019-09-30": "0.10880", "2019-06-30": "0.10290", "2019-03-31": "0.10060", "2018-12-31": "0.05090", "2018-09-30": "0.05200", "2018-06-30": "0.05030", "2018-03-31": "0.04670", "2017-12-31": "0.04770", "2017-09-30": "0.04600", "2017-06-30": "0.09060", "2017-03-31": "0.08330", "2016-12-31": "-0.08610", "2016-09-30": "0.08150", "2016-06-30": "0.08640", "2016-03-31": "0.07780", "2015-12-31": "0.07210", "2015-09-30": "0.07400", "2015-06-30": "0.07900", "2015-03-31": "0.06630", "2014-12-31": "0.06020", "2014-09-30": "0.07210", "2014-06-30": "0.06830", "2014-03-31": "0.07670", "2013-12-31": "-0.19570", "2013-09-30": "", "2013-06-30": "", "2013-03-31": "", "2012-12-31": "", "2011-12-31": ""}, "Inventory Turnover Ratio": {"2020-09-30": "1.29310", "2020-06-30": "1.06500", "2020-03-31": "1.19800", "2019-12-31": "1.31960", "2019-09-30": "1.30810", "2019-06-30": "1.30800", "2019-03-31": "1.29200", "2018-12-31": "1.46840", "2018-09-30": "1.32680", "2018-06-30": "0.49140", "2018-03-31": "0.46010", "2017-12-31": "1.48280", "2017-09-30": "0.48930", "2017-06-30": "1.00860", "2017-03-31": "0.93560", "2016-12-31": "-1.27620", "2016-09-30": "0.91330", "2016-06-30": "0.94460", "2016-03-31": "0.76380", "2015-12-31": "0.95250", "2015-09-30": "0.75950", "2015-06-30": "0.86490", "2015-03-31": "0.71100", "2014-12-31": "0.78280", "2014-09-30": "1.18000", "2014-06-30": "1.14770", "2014-03-31": "1.24580", "2013-12-31": "-2.11180", "2013-09-30": "", "2013-06-30": "", "2013-03-31": "", "2012-12-31": "", "2011-12-31": ""}, "Receiveable Turnover": {"2020-09-30": "1.30460", "2020-06-30": "1.24920", "2020-03-31": "1.27820", "2019-12-31": "1.24950", "2019-09-30": "1.26550", "2019-06-30": "1.21880", "2019-03-31": "1.20900", "2018-12-31": "1.25100", "2018-09-30": "1.22030", "2018-06-30": "0.40350", "2018-03-31": "0.38200", "2017-12-31": "1.22210", "2017-09-30": "0.42380", "2017-06-30": "0.80560", "2017-03-31": "0.72450", "2016-12-31": "-0.82080", "2016-09-30": "0.78050", "2016-06-30": "0.77990", "2016-03-31": "0.70240", "2015-12-31": "0.71860", "2015-09-30": "0.63310", "2015-06-30": "0.64290", "2015-03-31": "0.50740", "2014-12-31": "0.83590", "2014-09-30": "1.35640", "2014-06-30": "1.33160", "2014-03-31": "1.29930", "2013-12-31": "-3.14840", "2013-09-30": "", "2013-06-30": "", "2013-03-31": "", "2012-12-31": "", "2011-12-31": ""}, "Days Sales In Receivables": {"2020-09-30": "68.98430", "2020-06-30": "72.04650", "2020-03-31": "70.41320", "2019-12-31": "72.02770", "2019-09-30": "71.11690", "2019-06-30": "73.84060", "2019-03-31": "74.43890", "2018-12-31": "71.93980", "2018-09-30": "73.75030", "2018-06-30": "223.04430", "2018-03-31": "235.62640", "2017-12-31": "73.64310", "2017-09-30": "212.34080", "2017-06-30": "111.71820", "2017-03-31": "124.22260", "2016-12-31": "-109.64660", "2016-09-30": "115.31720", "2016-06-30": "115.40040", "2016-03-31": "128.12820", "2015-12-31": "125.24830", "2015-09-30": "142.14970", "2015-06-30": "139.99260", "2015-03-31": "177.39160", "2014-12-31": "107.66450", "2014-09-30": "66.35440", "2014-06-30": "67.58850", "2014-03-31": "69.26820", "2013-12-31": "-28.58600", "2013-09-30": "", "2013-06-30": "", "2013-03-31": "", "2012-12-31": "", "2011-12-31": ""}, "ROE - Return On Equity": {"2020-09-30": "1.61390", "2020-06-30": "0.10670", "2020-03-31": "0.39230", "2019-12-31": "3.35240", "2019-09-30": "-0.28300", "2019-06-30": "0.65880", "2019-03-31": "-0.15520", "2018-12-31": "-0.65100", "2018-09-30": "-0.20370", "2018-06-30": "-1.90450", "2018-03-31": "-0.30000", "2017-12-31": "-0.65730", "2017-09-30": "-1.22230", "2017-06-30": "-2.03230", "2017-03-31": "-0.77380", "2016-12-31": "-3.94140", "2016-09-30": "2.15340", "2016-06-30": "-0.31540", "2016-03-31": "-5.48550", "2015-12-31": "-5.69220", "2015-09-30": "-6.15440", "2015-06-30": "-0.33110", "2015-03-31": "-1.23670", "2014-12-31": "-1.32020", "2014-09-30": "0.88000", "2014-06-30": "0.09220", "2014-03-31": "-0.45250", "2013-12-31": "-19.28890", "2013-09-30": "", "2013-06-30": "", "2013-03-31": "", "2012-12-31": "", "2011-12-31": ""}, "Return On Tangible Equity": {"2020-09-30": "-4.48740", "2020-06-30": "-0.27140", "2020-03-31": "-0.95420", "2019-12-31": "-8.22370", "2019-09-30": "0.65010", "2019-06-30": "-1.60880", "2019-03-31": "0.37390", "2018-12-31": "1.38400", "2018-09-30": "0.38040", "2018-06-30": "1.14390", "2018-03-31": "0.20060", "2017-12-31": "3.39720", "2017-09-30": "0.81240", "2017-06-30": "1.33130", "2017-03-31": "0.52900", "2016-12-31": "2.51860", "2016-09-30": "-1.40240", "2016-06-30": "0.15410", "2016-03-31": "2.55930", "2015-12-31": "2.55580", "2015-09-30": "4.42950", "2015-06-30": "0.29920", "2015-03-31": "0.74050", "2014-12-31": "17.35320", "2014-09-30": "-24.37920", "2014-06-30": "-1.93310", "2014-03-31": "1.62400", "2013-12-31": "36.14960", "2013-09-30": "", "2013-06-30": "", "2013-03-31": "", "2012-12-31": "", "2011-12-31": ""}, "ROA - Return On Assets": {"2020-09-30": "0.83660", "2020-06-30": "0.05450", "2020-03-31": "0.18410", "2019-12-31": "1.72050", "2019-09-30": "-0.14040", "2019-06-30": "0.33110", "2019-03-31": "-0.07650", "2018-12-31": "-0.15100", "2018-09-30": "-0.04580", "2018-06-30": "-0.49710", "2018-03-31": "-0.08440", "2017-12-31": "-0.18340", "2017-09-30": "-0.35350", "2017-06-30": "-0.57770", "2017-03-31": "-0.22800", "2016-12-31": "-1.13290", "2016-09-30": "0.60310", "2016-06-30": "-0.07590", "2016-03-31": "-1.26880", "2015-12-31": "-1.26980", "2015-09-30": "-1.72860", "2015-06-30": "-0.10650", "2015-03-31": "-0.32600", "2014-12-31": "-0.74110", "2014-09-30": "0.50920", "2014-06-30": "0.05420", "2014-03-31": "-0.24640", "2013-12-31": "-9.51640", "2013-09-30": "", "2013-06-30": "", "2013-03-31": "", "2012-12-31": "", "2011-12-31": ""}, "ROI - Return On Investment": {"2020-09-30": "0.96460", "2020-06-30": "0.06270", "2020-03-31": "0.22990", "2019-12-31": "1.99330", "2019-09-30": "-0.16510", "2019-06-30": "0.39240", "2019-03-31": "-0.09280", "2018-12-31": "-0.18850", "2018-09-30": "-0.05730", "2018-06-30": "-0.61950", "2018-03-31": "-0.10520", "2017-12-31": "-0.22660", "2017-09-30": "-0.44180", "2017-06-30": "-0.72960", "2017-03-31": "-0.28810", "2016-12-31": "-1.42150", "2016-09-30": "0.79810", "2016-06-30": "-0.10440", "2016-03-31": "-1.75260", "2015-12-31": "-1.73760", "2015-09-30": "-2.46220", "2015-06-30": "-0.14800", "2015-03-31": "-0.47380", "2014-12-31": "-0.85420", "2014-09-30": "0.59960", "2014-06-30": "0.06340", "2014-03-31": "-0.28830", "2013-12-31": "-11.56770", "2013-09-30": "", "2013-06-30": "", "2013-03-31": "", "2012-12-31": "", "2011-12-31": ""}, "Book Value Per Share": {"2020-09-30": "9.01890", "2020-06-30": "8.66200", "2020-03-31": "8.61040", "2019-12-31": "8.87370", "2019-09-30": "8.44480", "2019-06-30": "8.69520", "2019-03-31": "8.75810", "2018-12-31": "7.54710", "2018-09-30": "7.32330", "2018-06-30": "9.03680", "2018-03-31": "10.29850", "2017-12-31": "9.95130", "2017-09-30": "10.51520", "2017-06-30": "10.31190", "2017-03-31": "10.67520", "2016-12-31": "10.16820", "2016-09-30": "10.99160", "2016-06-30": "11.18440", "2016-03-31": "10.67470", "2015-12-31": "9.90700", "2015-09-30": "10.75640", "2015-06-30": "13.03470", "2015-03-31": "11.06380", "2014-12-31": "14.02010", "2014-09-30": "11.50430", "2014-06-30": "11.84490", "2014-03-31": "10.84530", "2013-12-31": "10.76640", "2013-09-30": "", "2013-06-30": "", "2013-03-31": "", "2012-12-31": "", "2011-12-31": ""}, "Operating Cash Flow Per Share": {"2020-09-30": 0.2792, "2020-06-30": 0.2579, "2020-03-31": "0.24290", "2019-12-31": 0.2951, "2019-09-30": 0.3416, "2019-06-30": 0.1397, "2019-03-31": "-0.11930", "2018-12-31": 0.0888, "2018-09-30": -0.0475, "2018-06-30": 0.1275, "2018-03-31": "-0.17160", "2017-12-31": 0.1074, "2017-09-30": -0.1907, "2017-06-30": 0.3837, "2017-03-31": "-0.41970", "2016-12-31": -0.0489, "2016-09-30": 0.4028, "2016-06-30": 0.4233, "2016-03-31": "-0.91680", "2015-12-31": 0.9576, "2015-09-30": 0.1014, "2015-06-30": 0.5056, "2015-03-31": "0.01460", "2014-12-31": 0.2052, "2014-09-30": 0.138, "2014-06-30": 0.1858, "2014-03-31": "0.19680", "2013-12-31": -0.1219, "2013-09-30": 0.7273, "2013-06-30": 0, "2013-03-31": "", "2012-12-31": 0, "2011-12-31": 0}, "Free Cash Flow Per Share": {"2020-09-30": 0.2531, "2020-06-30": 0.2454, "2020-03-31": "0.20120", "2019-12-31": 0.2701, "2019-09-30": 0.314, "2019-06-30": 0.1208, "2019-03-31": "-0.14430", "2018-12-31": 0.067, "2018-09-30": -0.077, "2018-06-30": 0.0247, "2018-03-31": "-0.10140", "2017-12-31": 0.0949, "2017-09-30": -0.1403, "2017-06-30": 0.3498, "2017-03-31": "-0.47210", "2016-12-31": -0.0573, "2016-09-30": 0.3717, "2016-06-30": 0.4281, "2016-03-31": "-0.96730", "2015-12-31": 0.9437, "2015-09-30": 0.1585, "2015-06-30": 0.4621, "2015-03-31": "-0.09380", "2014-12-31": 0.1174, "2014-09-30": 0.1293, "2014-06-30": 0.1686, "2014-03-31": "0.17820", "2013-12-31": -0.1176, "2013-09-30": 0.6497, "2013-06-30": 0, "2013-03-31": "", "2012-12-31": 0, "2011-12-31": 0}}, "revenue": {"Element Solutions Annual Revenue (Millions of US $)": {"2019": "$1,836", "2018": "$1,961", "2017": "$1,879", "2016": "$1,770", "2015": "$2,542", "2014": "$843", "2013": "$118", "2012": "$731", "2011": "$729"}, "Element Solutions Quarterly Revenue (Millions of US $)": {"2020-09-30": "$478", "2020-06-30": "$387", "2020-03-31": "$453", "2019-12-31": "$455", "2019-09-30": "$465", "2019-06-30": "$457", "2019-03-31": "$460", "2018-12-31": "$478", "2018-09-30": "$489", "2018-06-30": "$502", "2018-03-31": "$493", "2017-12-31": "$489", "2017-09-30": "$481", "2017-06-30": "$941", "2017-03-31": "$862", "2016-12-31": "$-866", "2016-09-30": "$891", "2016-06-30": "$922", "2016-03-31": "$824", "2015-12-31": "$735", "2015-09-30": "$597", "2015-06-30": "$675", "2015-03-31": "$535", "2014-12-31": "$274", "2014-09-30": "$197", "2014-06-30": "$189", "2014-03-31": "$184", "2013-12-31": "$-442", "2013-09-30": "$188", "2013-06-30": "$190", "2013-03-31": "$182", "2012-12-31": "", "2011-12-31": ""}}, "gross-profit": {"Element Solutions Annual Gross Profit (Millions of US $)": {"2019": "$788", "2018": "$838", "2017": "$814", "2016": "$777", "2015": "$992", "2014": "$397", "2013": "$36", "2012": "$355", "2011": "$340"}, "Element Solutions Quarterly Gross Profit (Millions of US $)": {"2020-09-30": "$204", "2020-06-30": "$163", "2020-03-31": "$197", "2019-12-31": "$191", "2019-09-30": "$206", "2019-06-30": "$193", "2019-03-31": "$198", "2018-12-31": "$202", "2018-09-30": "$210", "2018-06-30": "$215", "2018-03-31": "$211", "2017-12-31": "$212", "2017-09-30": "$208", "2017-06-30": "$400", "2017-03-31": "$378", "2016-12-31": "$-334", "2016-09-30": "$375", "2016-06-30": "$381", "2016-03-31": "$356", "2015-12-31": "$274", "2015-09-30": "$243", "2015-06-30": "$269", "2015-03-31": "$207", "2014-12-31": "$113", "2014-09-30": "$103", "2014-06-30": "$97", "2014-03-31": "$84", "2013-12-31": "$-253", "2013-09-30": "$99", "2013-06-30": "$97", "2013-03-31": "$93", "2012-12-31": "", "2011-12-31": ""}}, "operating-income": {"Element Solutions Annual Operating Income (Millions of US $)": {"2019": "$249", "2018": "$249", "2017": "$200", "2016": "$89", "2015": "$72", "2014": "$10", "2013": "$-196", "2012": "$115", "2011": "$56"}, "Element Solutions Quarterly Operating Income (Millions of US $)": {"2020-09-30": "$59", "2020-06-30": "$40", "2020-03-31": "$55", "2019-12-31": "$82", "2019-09-30": "$67", "2019-06-30": "$56", "2019-03-31": "$45", "2018-12-31": "$71", "2018-09-30": "$60", "2018-06-30": "$59", "2018-03-31": "$59", "2017-12-31": "$53", "2017-09-30": "$57", "2017-06-30": "$91", "2017-03-31": "$99", "2016-12-31": "$-138", "2016-09-30": "$80", "2016-06-30": "$95", "2016-03-31": "$52", "2015-12-31": "$-6", "2015-09-30": "$31", "2015-06-30": "$44", "2015-03-31": "$2", "2014-12-31": "$-23", "2014-09-30": "$23", "2014-06-30": "$6", "2014-03-31": "$4", "2013-12-31": "$-312", "2013-09-30": "$34", "2013-06-30": "$37", "2013-03-31": "$30", "2012-12-31": "", "2011-12-31": ""}}, "ebitda": {"Element Solutions Annual EBITDA (Millions of US $)": {"2019": "$404", "2018": "$405", "2017": "$356", "2016": "$292", "2015": "$323", "2014": "$98", "2013": "$-183", "2012": "$157", "2011": "$103"}, "Element Solutions Quarterly EBITDA (Millions of US $)": {"2020-09-30": "$100", "2020-06-30": "$79", "2020-03-31": "$95", "2019-12-31": "$121", "2019-09-30": "$105", "2019-06-30": "$94", "2019-03-31": "$84", "2018-12-31": "$109", "2018-09-30": "$98", "2018-06-30": "$99", "2018-03-31": "$99", "2017-12-31": "$92", "2017-09-30": "$0", "2017-06-30": "$178", "2017-03-31": "$185", "2016-12-31": "$-190", "2016-09-30": "$167", "2016-06-30": "$180", "2016-03-31": "$135", "2015-12-31": "$69", "2015-09-30": "$89", "2015-06-30": "$44", "2015-03-31": "$2", "2014-12-31": "$-23", "2014-09-30": "$23", "2014-06-30": "$6", "2014-03-31": "$4", "2013-12-31": "$-311", "2013-09-30": "$46", "2013-06-30": "$46", "2013-03-31": "$40", "2012-12-31": "", "2011-12-31": ""}}, "net-income": {"Element Solutions Annual Net Income (Millions of US $)": {"2019": "$92", "2018": "$-324", "2017": "$-296", "2016": "$-41", "2015": "$-309", "2014": "$-263", "2013": "$-194", "2012": "$1", "2011": "$1"}, "Element Solutions Quarterly Net Income (Millions of US $)": {"2020-09-30": "$36", "2020-06-30": "$1", "2020-03-31": "$9", "2019-12-31": "$74", "2019-09-30": "$-7", "2019-06-30": "$2", "2019-03-31": "$23", "2018-12-31": "$35", "2018-09-30": "$-409", "2018-06-30": "$12", "2018-03-31": "$37", "2017-12-31": "$-142", "2017-09-30": "$-69", "2017-06-30": "$-61", "2017-03-31": "$-24", "2016-12-31": "$-2", "2016-09-30": "$105", "2016-06-30": "$-9", "2016-03-31": "$-135", "2015-12-31": "$-130", "2015-09-30": "$-140", "2015-06-30": "$-12", "2015-03-31": "$-27", "2014-12-31": "$-267", "2014-09-30": "$12", "2014-06-30": "$-0", "2014-03-31": "$-7", "2013-12-31": "$-213", "2013-09-30": "$9", "2013-06-30": "$-15", "2013-03-31": "$15", "2012-12-31": "", "2011-12-31": ""}}, "eps-earnings-per-share-diluted": {"Element Solutions Annual EPS": {"2019": "$0.35", "2018": "$-1.13", "2017": "$-1.04", "2016": "$-0.65", "2015": "$-1.52", "2014": "$-1.94", "2013": "$-2.10", "2012": "$0.00", "2011": "$0.00"}, "Element Solutions Quarterly EPS": {"2020-09-30": "$0.15", "2020-06-30": "$0.01", "2020-03-31": "$0.03", "2019-12-31": "$0.28", "2019-09-30": "$-0.03", "2019-06-30": "$0.01", "2019-03-31": "$0.09", "2018-12-31": "$0.12", "2018-09-30": "$-1.42", "2018-06-30": "$0.04", "2018-03-31": "$0.13", "2017-12-31": "$-0.49", "2017-09-30": "$-0.24", "2017-06-30": "$-0.21", "2017-03-31": "$-0.09", "2016-12-31": "$0.13", "2016-09-30": "$-0.15", "2016-06-30": "$-0.04", "2016-03-31": "$-0.59", "2015-12-31": "$-0.66", "2015-09-30": "$-0.66", "2015-06-30": "$-0.06", "2015-03-31": "$-0.14", "2014-12-31": "$-1.95", "2014-09-30": "$0.08", "2014-06-30": "$-0.00", "2014-03-31": "$-0.07", "2013-12-31": "$-2.20", "2013-09-30": "$0.10", "2013-06-30": "$0.00", "2013-03-31": "$0.00", "2012-12-31": "$0.00", "2011-12-31": "$0.00"}}, "shares-outstanding": {"Element Solutions Annual Shares Outstanding (Millions of Shares)": {"2019": "260", "2018": "288", "2017": "286", "2016": "272", "2015": "203", "2014": "135", "2013": "93", "2012": "", "2011": ""}, "Element Solutions Quarterly Shares Outstanding (Millions of Shares)": {"2020-09-30": "249", "2020-06-30": "249", "2020-03-31": "252", "2019-12-31": "260", "2019-09-30": "254", "2019-06-30": "260", "2019-03-31": "268", "2018-12-31": "288", "2018-09-30": "288", "2018-06-30": "288", "2018-03-31": "288", "2017-12-31": "287", "2017-09-30": "287", "2017-06-30": "286", "2017-03-31": "285", "2016-12-31": "272", "2016-09-30": "265", "2016-06-30": "230", "2016-03-31": "230", "2015-12-31": "203", "2015-09-30": "211", "2015-06-30": "193", "2015-03-31": "192", "2014-12-31": "135", "2014-09-30": "153", "2014-06-30": "129", "2014-03-31": "107", "2013-12-31": "93", "2013-09-30": "89", "2013-06-30": "", "2013-03-31": "", "2012-12-31": "", "2011-12-31": ""}}, "total-assets": {"Element Solutions Annual Total Assets (Millions of US $)": {"2019": "$4,324", "2018": "$9,402", "2017": "$10,252", "2016": "$10,054", "2015": "$10,190", "2014": "$4,547", "2013": "$2,260", "2012": "$1,234", "2011": "$0"}, "Element Solutions Quarterly Total Assets (Millions of US $)": {"2020-09-30": "$4,327", "2020-06-30": "$4,219", "2020-03-31": "$4,564", "2019-12-31": "$4,324", "2019-09-30": "$4,273", "2019-06-30": "$4,440", "2019-03-31": "$4,572", "2018-12-31": "$9,402", "2018-09-30": "$9,392", "2018-06-30": "$9,978", "2018-03-31": "$10,547", "2017-12-31": "$10,252", "2017-09-30": "$10,439", "2017-06-30": "$10,386", "2017-03-31": "$10,350", "2016-12-31": "$10,054", "2016-09-30": "$10,927", "2016-06-30": "$10,672", "2016-03-31": "$10,593", "2015-12-31": "$10,190", "2015-09-30": "$8,076", "2015-06-30": "$8,546", "2015-03-31": "$8,068", "2014-12-31": "$4,547", "2014-09-30": "$2,730", "2014-06-30": "$2,767", "2014-03-31": "$2,394", "2013-12-31": "$2,260", "2013-09-30": "$0", "2013-06-30": "$0", "2013-03-31": "$0", "2012-12-31": "$1,234", "2011-12-31": "$0"}}, "cash-on-hand": {"Element Solutions Annual Cash on Hand (Millions of US $)": {"2019": "$190", "2018": "$234", "2017": "$258", "2016": "$423", "2015": "$432", "2014": "$397", "2013": "$123", "2012": "$143", "2011": "$"}, "Element Solutions Quarterly Cash on Hand (Millions of US $)": {"2020-09-30": "$248", "2020-06-30": "$237", "2020-03-31": "$497", "2019-12-31": "$190", "2019-09-30": "$200", "2019-06-30": "$248", "2019-03-31": "$230", "2018-12-31": "$234", "2018-09-30": "$252", "2018-06-30": "$442", "2018-03-31": "$413", "2017-12-31": "$258", "2017-09-30": "$391", "2017-06-30": "$427", "2017-03-31": "$366", "2016-12-31": "$423", "2016-09-30": "$714", "2016-06-30": "$342", "2016-03-31": "$330", "2015-12-31": "$432", "2015-09-30": "$682", "2015-06-30": "$672", "2015-03-31": "$297", "2014-12-31": "$397", "2014-09-30": "$282", "2014-06-30": "$643", "2014-03-31": "$317", "2013-12-31": "$123", "2013-09-30": "", "2013-06-30": "", "2013-03-31": "", "2012-12-31": "$143", "2011-12-31": ""}}, "long-term-debt": {"Element Solutions Annual Long Term Debt (Millions of US $)": {"2019": "$1,513", "2018": "$5,351", "2017": "$5,437", "2016": "$5,123", "2015": "$5,174", "2014": "$1,392", "2013": "$744", "2012": "$694", "2011": "$"}, "Element Solutions Quarterly Long Term Debt (Millions of US $)": {"2020-09-30": "$1,510", "2020-06-30": "$1,511", "2020-03-31": "$1,512", "2019-12-31": "$1,513", "2019-09-30": "$1,514", "2019-06-30": "$1,515", "2019-03-31": "$1,517", "2018-12-31": "$5,351", "2018-09-30": "$5,390", "2018-06-30": "$5,402", "2018-03-31": "$5,495", "2017-12-31": "$5,437", "2017-09-30": "$5,333", "2017-06-30": "$5,271", "2017-03-31": "$5,142", "2016-12-31": "$5,123", "2016-09-30": "$5,197", "2016-06-30": "$5,187", "2016-03-31": "$5,218", "2015-12-31": "$5,174", "2015-09-30": "$3,401", "2015-06-30": "$3,402", "2015-03-31": "$3,424", "2014-12-31": "$1,392", "2014-09-30": "$738", "2014-06-30": "$740", "2014-03-31": "$742", "2013-12-31": "$744", "2013-09-30": "", "2013-06-30": "", "2013-03-31": "", "2012-12-31": "$694", "2011-12-31": ""}}, "total-liabilities": {"Element Solutions Annual Total Liabilities (Millions of US $)": {"2019": "$2,105", "2018": "$7,220", "2017": "$7,392", "2016": "$7,164", "2015": "$7,917", "2014": "$1,995", "2013": "$1,145", "2012": "$961", "2011": "$0"}, "Element Solutions Quarterly Total Liabilities (Millions of US $)": {"2020-09-30": "$2,084", "2020-06-30": "$2,064", "2020-03-31": "$2,422", "2019-12-31": "$2,105", "2019-09-30": "$2,153", "2019-06-30": "$2,209", "2019-03-31": "$2,317", "2018-12-31": "$7,220", "2018-09-30": "$7,280", "2018-06-30": "$7,374", "2018-03-31": "$7,580", "2017-12-31": "$7,392", "2017-09-30": "$7,420", "2017-06-30": "$7,434", "2017-03-31": "$7,300", "2016-12-31": "$7,164", "2016-09-30": "$7,866", "2016-06-30": "$8,104", "2016-03-31": "$8,143", "2015-12-31": "$7,917", "2015-09-30": "$5,808", "2015-06-30": "$5,798", "2015-03-31": "$5,941", "2014-12-31": "$1,995", "2014-09-30": "$1,150", "2014-06-30": "$1,140", "2014-03-31": "$1,090", "2013-12-31": "$1,145", "2013-09-30": "$0", "2013-06-30": "$0", "2013-03-31": "$0", "2012-12-31": "$961", "2011-12-31": "$0"}}, "total-share-holder-equity": {"Element Solutions Annual Share Holder Equity (Millions of US $)": {"2019": "$2,219", "2018": "$2,181", "2017": "$2,860", "2016": "$2,890", "2015": "$2,273", "2014": "$2,553", "2013": "$1,115", "2012": "$272", "2011": "$0"}, "Element Solutions Quarterly Share Holder Equity (Millions of US $)": {"2020-09-30": "$2,243", "2020-06-30": "$2,155", "2020-03-31": "$2,141", "2019-12-31": "$2,219", "2019-09-30": "$2,121", "2019-06-30": "$2,231", "2019-03-31": "$2,255", "2018-12-31": "$2,181", "2018-09-30": "$2,111", "2018-06-30": "$2,604", "2018-03-31": "$2,967", "2017-12-31": "$2,860", "2017-09-30": "$3,019", "2017-06-30": "$2,952", "2017-03-31": "$3,050", "2016-12-31": "$2,890", "2016-09-30": "$3,060", "2016-06-30": "$2,568", "2016-03-31": "$2,450", "2015-12-31": "$2,273", "2015-09-30": "$2,268", "2015-06-30": "$2,749", "2015-03-31": "$2,127", "2014-12-31": "$2,553", "2014-09-30": "$1,580", "2014-06-30": "$1,626", "2014-03-31": "$1,304", "2013-12-31": "$1,115", "2013-09-30": "$0", "2013-06-30": "$0", "2013-03-31": "$0", "2012-12-31": "$272", "2011-12-31": "$0"}}, "profit-margins": {"current": "6.78%"}, "gross margin": {"2020-09-30": "42.58%", "2020-06-30": "43.01%", "2020-03-31": "43.01%", "2019-12-31": "42.90%", "2019-09-30": "42.96%", "2019-06-30": "42.62%", "2019-03-31": "42.77%", "2018-12-31": "42.71%", "2018-09-30": "42.98%", "2018-06-30": "43.05%", "2018-03-31": "42.89%", "2017-12-31": "43.20%", "2017-09-30": "45.98%", "2017-06-30": "44.80%", "2017-03-31": "44.22%", "2016-12-31": "43.93%", "2016-09-30": "41.10%", "2016-06-30": "40.74%", "2016-03-31": "40.34%", "2015-12-31": "39.06%", "2015-09-30": "39.98%", "2015-06-30": "41.17%", "2015-03-31": "43.51%", "2014-12-31": "47.04%", "2014-09-30": "24.22%", "2014-06-30": "22.69%", "2014-03-31": "22.50%", "2013-12-31": "30.51%"}, "operating margin": {"2020-09-30": "13.31%", "2020-06-30": "13.86%", "2020-03-31": "14.21%", "2019-12-31": "13.61%", "2019-09-30": "12.85%", "2019-06-30": "12.31%", "2019-03-31": "12.18%", "2018-12-31": "12.69%", "2018-09-30": "11.71%", "2018-06-30": "11.60%", "2018-03-31": "10.82%", "2017-12-31": "10.82%", "2017-09-30": "7.76%", "2017-06-30": "7.28%", "2017-03-31": "7.57%", "2016-12-31": "5.08%", "2016-09-30": "6.55%", "2016-06-30": "5.59%", "2016-03-31": "4.27%", "2015-12-31": "2.79%", "2015-09-30": "2.59%", "2015-06-30": "2.74%", "2015-03-31": "0.67%", "2014-12-31": "1.18%", "2014-09-30": "-217.97%", "2014-06-30": "-225.21%", "2014-03-31": "-197.50%", "2013-12-31": "-178.81%"}, "ebitda margin": {"2020-09-30": "22.22%", "2020-06-30": "22.67%", "2020-03-31": "22.62%", "2019-12-31": "21.94%", "2019-09-30": "21.08%", "2019-06-30": "20.44%", "2019-03-31": "20.22%", "2018-12-31": "20.64%", "2018-09-30": "19.67%", "2018-06-30": "14.76%", "2018-03-31": "15.35%", "2017-12-31": "16.41%", "2017-09-30": "12.20%", "2017-06-30": "18.60%", "2017-03-31": "18.91%", "2016-12-31": "16.49%", "2016-09-30": "16.34%", "2016-06-30": "15.37%", "2016-03-31": "11.90%", "2015-12-31": "8.03%", "2015-09-30": "5.38%", "2015-06-30": "2.74%", "2015-03-31": "0.67%", "2014-12-31": "1.18%", "2014-09-30": "-217.19%", "2014-06-30": "-214.29%", "2014-03-31": "-179.17%", "2013-12-31": "-151.69%"}, "pre tax profit margin": {"2020-09-30": "5.98%", "2020-06-30": "9.55%", "2020-03-31": "9.18%", "2019-12-31": "7.68%", "2019-09-30": "1.77%", "2019-06-30": "-2.18%", "2019-03-31": "-3.58%", "2018-12-31": "-2.75%", "2018-09-30": "-7.60%", "2018-06-30": "-8.45%", "2018-03-31": "-8.11%", "2017-12-31": "-7.25%", "2017-09-30": "-22.14%", "2017-06-30": "-10.34%", "2017-03-31": "-6.69%", "2016-12-31": "-13.10%", "2016-09-30": "-3.71%", "2016-06-30": "-10.23%", "2016-03-31": "-12.12%", "2015-12-31": "-9.01%", "2015-09-30": "-7.30%", "2015-06-30": "-2.14%", "2015-03-31": "-2.51%", "2014-12-31": "-3.79%", "2014-09-30": "-185.16%", "2014-06-30": "-194.96%", "2014-03-31": "-189.17%", "2013-12-31": "-170.34%"}, "net profit margin": {"2020-09-30": "6.77%", "2020-06-30": "4.38%", "2020-03-31": "4.26%", "2019-12-31": "5.01%", "2019-09-30": "2.85%", "2019-06-30": "-18.52%", "2019-03-31": "-17.57%", "2018-12-31": "-16.56%", "2018-09-30": "-25.44%", "2018-06-30": "-8.24%", "2018-03-31": "-9.78%", "2017-12-31": "-10.67%", "2017-09-30": "-11.00%", "2017-06-30": "0.98%", "2017-03-31": "3.87%", "2016-12-31": "-2.32%", "2016-09-30": "-5.01%", "2016-06-30": "-13.45%", "2016-03-31": "-14.73%", "2015-12-31": "-12.16%", "2015-09-30": "-21.43%", "2015-06-30": "-17.49%", "2015-03-31": "-23.60%", "2014-12-31": "-31.04%", "2014-09-30": "-162.50%", "2014-06-30": "-177.31%", "2014-03-31": "-188.33%", "2013-12-31": "-172.88%"}, "pe ratio": {"current": "20.09", "2021-02-05": "36.42", "2020-09-30": "21.82", "2020-06-30": "36.04", "2020-03-31": "27.77", "2019-12-31": "32.33", "2019-09-30": "53.39", "2019-06-30": "0.00", "2019-03-31": "0.00", "2018-12-31": "0.00", "2018-09-30": "0.00", "2018-06-30": "0.00", "2018-03-31": "0.00", "2017-12-31": "0.00", "2017-09-30": "0.00", "2017-06-30": "0.00", "2017-03-31": "0.00", "2016-12-31": "0.00", "2016-09-30": "0.00", "2016-06-30": "0.00", "2016-03-31": "0.00", "2015-12-31": "0.00", "2015-09-30": "0.00", "2015-06-30": "0.00", "2015-03-31": "0.00", "2014-12-31": "0.00", "2014-09-30": "0.00"}, "price sales": {"2021-02-05": "2.49", "2020-09-30": "1.49", "2020-06-30": "1.56", "2020-03-31": "1.17", "2019-12-31": "1.65", "2019-09-30": "1.46", "2019-06-30": "1.51", "2019-03-31": "1.48", "2018-12-31": "1.51", "2018-09-30": "1.82", "2018-06-30": "1.69", "2018-03-31": "1.15", "2017-12-31": "1.02", "2017-09-30": "2.31", "2017-06-30": "1.94", "2017-03-31": "1.79", "2016-12-31": "1.25", "2016-09-30": "0.55", "2016-06-30": "0.63", "2016-03-31": "0.63", "2015-12-31": "1.00", "2015-09-30": "1.13", "2015-06-30": "2.66", "2015-03-31": "3.38", "2014-12-31": "3.56", "2014-09-30": "0.00"}, "price book": {"current": "1.93", "2021-02-05": "1.94", "2020-09-30": "1.16", "2020-06-30": "1.25", "2020-03-31": "0.97", "2019-12-31": "1.31", "2019-09-30": "1.20", "2019-06-30": "1.19", "2019-03-31": "1.15", "2018-12-31": "1.36", "2018-09-30": "1.70", "2018-06-30": "1.28", "2018-03-31": "0.93", "2017-12-31": "0.99", "2017-09-30": "1.06", "2017-06-30": "1.23", "2017-03-31": "1.22", "2016-12-31": "0.96", "2016-09-30": "0.74", "2016-06-30": "0.79", "2016-03-31": "0.80", "2015-12-31": "1.29", "2015-09-30": "1.17", "2015-06-30": "1.96", "2015-03-31": "2.31", "2014-12-31": "1.65", "2014-09-30": "2.17", "2014-06-30": "2.36", "2014-03-31": "1.75", "2013-12-31": "1.30"}, "price fcf": {"2021-02-05": "", "2020-09-30": "$0.97", "2020-06-30": "$1.03", "2020-03-31": "$0.91", "2019-12-31": "$0.56", "2019-09-30": "$0.36", "2019-06-30": "$-0.03", "2019-03-31": "$-0.13", "2018-12-31": "$-0.09", "2018-09-30": "$-0.06", "2018-06-30": "$-0.12", "2018-03-31": "$0.20", "2017-12-31": "$-0.17", "2017-09-30": "$-0.32", "2017-06-30": "$0.19", "2017-03-31": "$0.27", "2016-12-31": "$-0.22", "2016-09-30": "$0.78", "2016-06-30": "$0.56", "2016-03-31": "$0.60", "2015-12-31": "$1.47", "2015-09-30": "$0.64", "2015-06-30": "$0.62", "2015-03-31": "$0.32", "2014-12-31": "$0.59", "2014-09-30": "$1.01"}, "net worth": {"value": "$4.32B"}, "current ratio": {"2020-09-30": "3.13", "2020-06-30": "3.42", "2020-03-31": "1.90", "2019-12-31": "2.84", "2019-09-30": "2.93", "2019-06-30": "2.74", "2019-03-31": "2.20", "2018-12-31": "2.17", "2018-09-30": "2.19", "2018-06-30": "2.11", "2018-03-31": "2.07", "2017-12-31": "2.14", "2017-09-30": "2.05", "2017-06-30": "1.94", "2017-03-31": "1.88", "2016-12-31": "1.91", "2016-09-30": "1.66", "2016-06-30": "2.00", "2016-03-31": "1.95", "2015-12-31": "2.11", "2015-09-30": "2.40", "2015-06-30": "2.78", "2015-03-31": "1.98", "2014-12-31": "6.55", "2014-09-30": "6.45", "2014-06-30": "7.71", "2014-03-31": "5.22", "2013-12-31": "3.20", "2013-09-30": "0.00", "2013-06-30": "0.00", "2013-03-31": "0.00", "2012-12-31": "2.92", "2011-12-31": "0.00"}, "quick ratio": {"2020-09-30": "2.43", "2020-06-30": "2.56", "2020-03-31": "1.55", "2019-12-31": "2.16", "2019-09-30": "2.25", "2019-06-30": "2.14", "2019-03-31": "1.75", "2018-12-31": "2.01", "2018-09-30": "2.00", "2018-06-30": "1.62", "2018-03-31": "1.57", "2017-12-31": "1.97", "2017-09-30": "1.55", "2017-06-30": "1.50", "2017-03-31": "1.45", "2016-12-31": "1.53", "2016-09-30": "1.30", "2016-06-30": "1.49", "2016-03-31": "1.43", "2015-12-31": "1.65", "2015-09-30": "1.91", "2015-06-30": "2.24", "2015-03-31": "1.52", "2014-12-31": "5.70", "2014-09-30": "5.89", "2014-06-30": "7.02", "2014-03-31": "4.47", "2013-12-31": "2.46", "2013-09-30": "0.00", "2013-06-30": "0.00", "2013-03-31": "0.00", "2012-12-31": "2.33", "2011-12-31": "0.00"}, "debt equity ratio": {"current": "0.67", "2020-09-30": "0.93", "2020-06-30": "0.96", "2020-03-31": "1.13", "2019-12-31": "0.95", "2019-09-30": "1.02", "2019-06-30": "0.99", "2019-03-31": "1.03", "2018-12-31": "3.31", "2018-09-30": "3.45", "2018-06-30": "2.83", "2018-03-31": "2.56", "2017-12-31": "2.59", "2017-09-30": "2.46", "2017-06-30": "2.52", "2017-03-31": "2.39", "2016-12-31": "2.48", "2016-09-30": "2.57", "2016-06-30": "3.16", "2016-03-31": "3.32", "2015-12-31": "3.48", "2015-09-30": "2.56", "2015-06-30": "2.11", "2015-03-31": "2.79", "2014-12-31": "0.78", "2014-09-30": "0.73", "2014-06-30": "0.70", "2014-03-31": "0.84", "2013-12-31": "1.03", "2013-09-30": "0.00", "2013-06-30": "0.00", "2013-03-31": "0.00", "2012-12-31": "3.53", "2011-12-31": "0.00"}, "return on equity": {"2020-09-30": "5.48%", "2020-06-30": "3.57%", "2020-03-31": "3.58%", "2019-12-31": "4.17%", "2019-09-30": "2.41%", "2019-06-30": "-15.90%", "2019-03-31": "-14.82%", "2018-12-31": "-13.18%", "2018-09-30": "-19.05%", "2018-06-30": "-5.66%", "2018-03-31": "-7.97%", "2017-12-31": "-9.97%", "2017-09-30": "-5.24%", "2017-06-30": "0.60%", "2017-03-31": "2.42%", "2016-12-31": "-1.50%", "2016-09-30": "-6.53%", "2016-06-30": "-17.32%", "2016-03-31": "-17.13%", "2015-12-31": "-13.13%", "2015-09-30": "-18.40%", "2015-06-30": "-13.05%", "2015-03-31": "-14.30%", "2014-12-31": "-14.84%", "2014-09-30": "-14.79%", "2014-06-30": "-20.87%", "2014-03-31": "-37.37%", "2013-12-31": "-73.18%"}, "return on assets": {"2020-09-30": "2.75%", "2020-06-30": "1.77%", "2020-03-31": "1.77%", "2019-12-31": "2.09%", "2019-09-30": "0.93%", "2019-06-30": "-5.02%", "2019-03-31": "-4.07%", "2018-12-31": "-3.31%", "2018-09-30": "-5.00%", "2018-06-30": "-1.57%", "2018-03-31": "-2.26%", "2017-12-31": "-2.86%", "2017-09-30": "-1.51%", "2017-06-30": "0.17%", "2017-03-31": "0.67%", "2016-12-31": "-0.39%", "2016-09-30": "-1.60%", "2016-06-30": "-4.19%", "2016-03-31": "-4.46%", "2015-12-31": "-3.54%", "2015-09-30": "-6.10%", "2015-06-30": "-4.92%", "2015-03-31": "-6.23%", "2014-12-31": "-8.43%", "2014-09-30": "-8.20%", "2014-06-30": "-11.37%", "2014-03-31": "-19.42%", "2013-12-31": "-36.11%"}, "return on investments": {"2020-09-30": "6.38%", "2020-06-30": "6.64%", "2020-03-31": "7.04%", "2019-12-31": "6.72%", "2019-09-30": "5.12%", "2019-06-30": "4.11%", "2019-03-31": "3.51%", "2018-12-31": "3.16%", "2018-09-30": "2.86%", "2018-06-30": "2.75%", "2018-03-31": "3.12%", "2017-12-31": "3.63%", "2017-09-30": "1.34%", "2017-06-30": "1.63%", "2017-03-31": "1.70%", "2016-12-31": "1.14%", "2016-09-30": "2.84%", "2016-06-30": "2.41%", "2016-03-31": "1.80%", "2015-12-31": "1.14%", "2015-09-30": "1.01%", "2015-06-30": "1.02%", "2015-03-31": "0.23%", "2014-12-31": "0.37%", "2014-09-30": "-12.99%", "2014-06-30": "-17.09%", "2014-03-31": "-24.28%", "2013-12-31": "-45.40%"}, "return on tangible equity": {"2020-09-30": "-13.96%", "2020-06-30": "-8.66%", "2020-03-31": "-8.61%", "2019-12-31": "-10.01%", "2019-09-30": "-5.58%", "2019-06-30": "34.84%", "2019-03-31": "18.25%", "2018-12-31": "11.89%", "2018-09-30": "19.20%", "2018-06-30": "4.67%", "2018-03-31": "6.70%", "2017-12-31": "8.42%", "2017-09-30": "3.46%", "2017-06-30": "-0.40%", "2017-03-31": "-1.48%", "2016-12-31": "0.83%", "2016-09-30": "3.34%", "2016-06-30": "8.85%", "2016-03-31": "10.10%", "2015-12-31": "8.35%", "2015-09-30": "17.95%", "2015-06-30": "17.18%", "2015-03-31": "29.06%", "2014-12-31": "151.45%", "2014-09-30": "76.12%", "2014-06-30": "81.47%", "2014-03-31": "94.36%", "2013-12-31": "137.14%"}, "dividend yield history": {"last payout": "$0.20", "last yield": "1.14%"}}