{"ticker": "EMR", "price": {"title": "Emerson Electric Historical Annual Stock Price Data", "value": 86.11, "historical": {"2021": {"Average Stock Price": "82.3871", "Year Open": "78.0100", "Year High": "86.1100", "Year Low": "78.0100", "Year Close": "86.1100", "Annual % Change": "7.14%"}, "2020": {"Average Stock Price": "65.7500", "Year Open": "77.4800", "Year High": "82.4400", "Year Low": "38.0800", "Year Close": "80.3700", "Annual % Change": "5.39%"}, "2019": {"Average Stock Price": "66.9315", "Year Open": "59.7500", "Year High": "76.9700", "Year Low": "56.4100", "Year Close": "76.2600", "Annual % Change": "27.63%"}, "2018": {"Average Stock Price": "70.6656", "Year Open": "70.7400", "Year High": "78.5200", "Year Low": "55.4900", "Year Close": "59.7500", "Annual % Change": "-14.26%"}, "2017": {"Average Stock Price": "61.0333", "Year Open": "56.9500", "Year High": "69.9800", "Year Low": "56.1400", "Year Close": "69.6900", "Annual % Change": "25.00%"}, "2016": {"Average Stock Price": "52.2215", "Year Open": "47.3000", "Year High": "58.2600", "Year Low": "42.2900", "Year Close": "55.7500", "Annual % Change": "16.56%"}, "2015": {"Average Stock Price": "53.3319", "Year Open": "61.7900", "Year High": "61.8700", "Year Low": "42.7800", "Year Close": "47.8300", "Annual % Change": "-22.52%"}, "2014": {"Average Stock Price": "65.1378", "Year Open": "69.3000", "Year High": "69.9500", "Year Low": "58.1500", "Year Close": "61.7300", "Annual % Change": "-12.04%"}, "2013": {"Average Stock Price": "60.2478", "Year Open": "54.6000", "Year High": "70.2600", "Year Low": "53.3200", "Year Close": "70.1800", "Annual % Change": "32.52%"}, "2012": {"Average Stock Price": "49.4021", "Year Open": "47.7200", "Year High": "53.3700", "Year Low": "44.0300", "Year Close": "52.9600", "Annual % Change": "13.67%"}, "2011": {"Average Stock Price": "52.5785", "Year Open": "57.2400", "Year High": "61.8500", "Year Low": "40.6900", "Year Close": "46.5900", "Annual % Change": "-18.51%"}, "2010": {"Average Stock Price": "49.8916", "Year Open": "43.3500", "Year High": "58.6800", "Year Low": "41.5400", "Year Close": "57.1700", "Annual % Change": "34.20%"}, "2009": {"Average Stock Price": "35.4101", "Year Open": "37.9500", "Year High": "43.3700", "Year Low": "24.8700", "Year Close": "42.6000", "Annual % Change": "16.36%"}, "2008": {"Average Stock Price": "46.5163", "Year Open": "55.1700", "Year High": "58.2000", "Year Low": "29.9800", "Year Close": "36.6100", "Annual % Change": "-35.39%"}, "2007": {"Average Stock Price": "48.3820", "Year Open": "43.8600", "Year High": "58.3200", "Year Low": "41.8500", "Year Close": "56.6600", "Annual % Change": "28.51%"}, "2006": {"Average Stock Price": "41.3765", "Year Open": "37.5650", "Year High": "44.5200", "Year Low": "37.5400", "Year Close": "44.0900", "Annual % Change": "18.05%"}, "2005": {"Average Stock Price": "33.9536", "Year Open": "34.3500", "Year High": "38.7000", "Year Low": "30.6750", "Year Close": "37.3500", "Annual % Change": "6.56%"}, "2004": {"Average Stock Price": "31.4876", "Year Open": "32.4100", "Year High": "35.2200", "Year Low": "28.2800", "Year Close": "35.0500", "Annual % Change": "8.26%"}, "2003": {"Average Stock Price": "26.4268", "Year Open": "26.2400", "Year High": "32.4750", "Year Low": "22.2150", "Year Close": "32.3750", "Annual % Change": "27.34%"}, "2002": {"Average Stock Price": "26.5801", "Year Open": "28.4650", "Year High": "32.7550", "Year Low": "21.2100", "Year Close": "25.4250", "Annual % Change": "-10.95%"}, "2001": {"Average Stock Price": "30.3143", "Year Open": "38.1550", "Year High": "38.7800", "Year Low": "22.7850", "Year Close": "28.5500", "Annual % Change": "-27.55%"}, "2000": {"Average Stock Price": "30.5798", "Year Open": "28.7800", "Year High": "39.4050", "Year Low": "20.5650", "Year Close": "39.4050", "Annual % Change": "37.35%"}, "1999": {"Average Stock Price": "30.4320", "Year Open": "30.5950", "Year High": "35.4700", "Year Low": "25.9050", "Year Close": "28.6900", "Annual % Change": "-5.16%"}, "1998": {"Average Stock Price": "31.1389", "Year Open": "28.2800", "Year High": "33.5650", "Year Low": "27.6250", "Year Close": "30.2500", "Annual % Change": "7.19%"}, "1997": {"Average Stock Price": "26.7491", "Year Open": "23.7825", "Year High": "29.9400", "Year Low": "22.5000", "Year Close": "28.2200", "Annual % Change": "16.52%"}, "1996": {"Average Stock Price": "21.6918", "Year Open": "20.3450", "Year High": "25.0000", "Year Low": "19.4688", "Year Close": "24.2200", "Annual % Change": "18.51%"}, "1995": {"Average Stock Price": "17.4639", "Year Open": "15.5000", "Year High": "20.4375", "Year Low": "15.4700", "Year Close": "20.4375", "Annual % Change": "31.05%"}, "1994": {"Average Stock Price": "15.1927", "Year Open": "15.0000", "Year High": "16.4700", "Year Low": "14.1250", "Year Close": "15.5950", "Annual % Change": "3.54%"}, "1993": {"Average Stock Price": "14.5716", "Year Open": "13.6250", "Year High": "15.5325", "Year Low": "13.2200", "Year Close": "15.0625", "Annual % Change": "9.55%"}, "1992": {"Average Stock Price": "13.0188", "Year Open": "13.7825", "Year High": "14.3750", "Year Low": "11.8125", "Year Close": "13.7500", "Annual % Change": "0.00%"}, "1991": {"Average Stock Price": "11.5889", "Year Open": "9.3125", "Year High": "13.7500", "Year Low": "9.2825", "Year Close": "13.7500", "Annual % Change": "45.70%"}, "1990": {"Average Stock Price": "9.4561", "Year Open": "10.1250", "Year High": "10.9375", "Year Low": "7.9075", "Year Close": "9.4375", "Annual % Change": "-3.21%"}, "1989": {"Average Stock Price": "8.5650", "Year Open": "7.5300", "Year High": "9.7800", "Year Low": "7.4375", "Year Close": "9.7500", "Annual % Change": "28.37%"}, "1988": {"Average Stock Price": "7.7102", "Year Open": "8.6250", "Year High": "8.7800", "Year Low": "6.8450", "Year Close": "7.5950", "Annual % Change": "-12.25%"}, "1987": {"Average Stock Price": "8.7165", "Year Open": "7.1358", "Year High": "10.4583", "Year Low": "6.9375", "Year Close": "8.6550", "Annual % Change": "24.01%"}, "1986": {"Average Stock Price": "7.0744", "Year Open": "6.7500", "Year High": "7.6767", "Year Low": "6.5317", "Year Close": "6.9792", "Annual % Change": "3.08%"}, "1985": {"Average Stock Price": "6.0346", "Year Open": "5.6983", "Year High": "6.8233", "Year Low": "5.6042", "Year Close": "6.7708", "Annual % Change": "16.91%"}, "1984": {"Average Stock Price": "5.4434", "Year Open": "5.5208", "Year High": "5.9267", "Year Low": "4.8750", "Year Close": "5.7917", "Annual % Change": "4.51%"}, "1983": {"Average Stock Price": "5.0581", "Year Open": "4.9375", "Year High": "5.7183", "Year Low": "4.5833", "Year Close": "5.5417", "Annual % Change": "9.92%"}, "1982": {"Average Stock Price": "4.0513", "Year Open": "3.6667", "Year High": "5.2500", "Year Low": "3.3433", "Year Close": "5.0417", "Annual % Change": "32.97%"}, "1981": {"Average Stock Price": "3.5562", "Year Open": "3.0317", "Year High": "4.1358", "Year Low": "3.0000", "Year Close": "3.7917", "Annual % Change": "24.66%"}, "1980": {"Average Stock Price": "2.9571", "Year Open": "2.9067", "Year High": "3.3858", "Year Low": "2.4792", "Year Close": "3.0417", "Annual % Change": "4.29%"}, "1979": {"Average Stock Price": "2.8716", "Year Open": "2.9583", "Year High": "3.1667", "Year Low": "2.6875", "Year Close": "2.9167", "Annual % Change": "-1.74%"}, "1978": {"Average Stock Price": "2.8782", "Year Open": "2.8233", "Year High": "3.2392", "Year Low": "2.4683", "Year Close": "2.9683", "Annual % Change": "5.95%"}, "1977": {"Average Stock Price": "2.8243", "Year Open": "2.9583", "Year High": "2.9683", "Year Low": "2.6250", "Year Close": "2.8017", "Annual % Change": "-2.55%"}, "1976": {"Average Stock Price": "3.1011", "Year Open": "2.8642", "Year High": "3.4167", "Year Low": "2.8233", "Year Close": "2.8750", "Annual % Change": "0.38%"}, "1975": {"Average Stock Price": "2.8622", "Year Open": "2.0733", "Year High": "3.3750", "Year Low": "2.0000", "Year Close": "2.8642", "Annual % Change": "40.29%"}, "1974": {"Average Stock Price": "2.8573", "Year Open": "3.6142", "Year High": "3.7392", "Year Low": "1.8125", "Year Close": "2.0417", "Annual % Change": "-43.68%"}, "1973": {"Average Stock Price": "3.7593", "Year Open": "3.7708", "Year High": "4.4267", "Year Low": "3.1250", "Year Close": "3.6250", "Annual % Change": "-4.66%"}}}, "market cap": {"value": "$51.67B"}, "income statement": {"Revenue": {"2020-09-30": "16785.00000", "2019-09-30": "18372.00000", "2018-09-30": "17408.00000", "2017-09-30": "15264.00000", "2016-09-30": "14522.00000", "2015-09-30": "16249.00000", "2014-09-30": "17733.00000", "2013-09-30": "24669.00000", "2012-09-30": "24412.00000", "2011-09-30": "24222.00000", "2010-09-30": "21039.00000", "2009-09-30": "20102.00000", "2008-09-30": "23751.00000", "2007-09-30": "22131.00000", "2006-09-30": "19734.00000", "2005-09-30": "17305.00000"}, "Cost Of Goods Sold": {"2020-09-30": "9776.00000", "2019-09-30": "10557.00000", "2018-09-30": "9976.00000", "2017-09-30": "8833.00000", "2016-09-30": "8260.00000", "2015-09-30": "9241.00000", "2014-09-30": "9971.00000", "2013-09-30": "14717.00000", "2012-09-30": "14644.00000", "2011-09-30": "14665.00000", "2010-09-30": "12713.00000", "2009-09-30": "12542.00000", "2008-09-30": "14813.00000", "2007-09-30": "14066.00000", "2006-09-30": "12605.00000", "2005-09-30": "11122.00000"}, "Gross Profit": {"2020-09-30": "7009.00000", "2019-09-30": "7815.00000", "2018-09-30": "7432.00000", "2017-09-30": "6431.00000", "2016-09-30": "6262.00000", "2015-09-30": "7008.00000", "2014-09-30": "7762.00000", "2013-09-30": "9952.00000", "2012-09-30": "9768.00000", "2011-09-30": "9557.00000", "2010-09-30": "8326.00000", "2009-09-30": "7560.00000", "2008-09-30": "8938.00000", "2007-09-30": "8065.00000", "2006-09-30": "7129.00000", "2005-09-30": "6183.00000"}, "Research And Development Expenses": {"2020-09-30": "", "2019-09-30": "", "2018-09-30": "", "2017-09-30": "", "2016-09-30": "", "2015-09-30": "", "2014-09-30": "", "2013-09-30": "", "2012-09-30": "", "2011-09-30": "", "2010-09-30": "", "2009-09-30": "", "2008-09-30": "", "2007-09-30": "", "2006-09-30": "", "2005-09-30": ""}, "SG&A Expenses": {"2020-09-30": "3986.00000", "2019-09-30": "4457.00000", "2018-09-30": "4269.00000", "2017-09-30": "3607.00000", "2016-09-30": "3464.00000", "2015-09-30": "3735.00000", "2014-09-30": "4164.00000", "2013-09-30": "5648.00000", "2012-09-30": "5436.00000", "2011-09-30": "5328.00000", "2010-09-30": "4817.00000", "2009-09-30": "4416.00000", "2008-09-30": "4915.00000", "2007-09-30": "4569.00000", "2006-09-30": "4076.00000", "2005-09-30": "3595.00000"}, "Other Operating Income Or Expenses": {"2020-09-30": "", "2019-09-30": "", "2018-09-30": "", "2017-09-30": "", "2016-09-30": "", "2015-09-30": "1039.00000", "2014-09-30": "", "2013-09-30": "0.00000", "2012-09-30": "", "2011-09-30": "", "2010-09-30": "", "2009-09-30": "", "2008-09-30": "", "2007-09-30": "", "2006-09-30": "", "2005-09-30": ""}, "Operating Expenses": {"2020-09-30": "13762.00000", "2019-09-30": "15014.00000", "2018-09-30": "14245.00000", "2017-09-30": "12440.00000", "2016-09-30": "11724.00000", "2015-09-30": "11937.00000", "2014-09-30": "14135.00000", "2013-09-30": "20893.00000", "2012-09-30": "20672.00000", "2011-09-30": "20012.00000", "2010-09-30": "17530.00000", "2009-09-30": "16958.00000", "2008-09-30": "19728.00000", "2007-09-30": "18635.00000", "2006-09-30": "16681.00000", "2005-09-30": "14717.00000"}, "Operating Income": {"2020-09-30": "3023.00000", "2019-09-30": "3358.00000", "2018-09-30": "3163.00000", "2017-09-30": "2824.00000", "2016-09-30": "2798.00000", "2015-09-30": "4312.00000", "2014-09-30": "3598.00000", "2013-09-30": "3776.00000", "2012-09-30": "3740.00000", "2011-09-30": "4210.00000", "2010-09-30": "3509.00000", "2009-09-30": "3144.00000", "2008-09-30": "4023.00000", "2007-09-30": "3496.00000", "2006-09-30": "3053.00000", "2005-09-30": "2588.00000"}, "Total Non-Operating Income/Expense": {"2020-09-30": "-688.00000", "2019-09-30": "-499.00000", "2018-09-30": "-496.00000", "2017-09-30": "-489.00000", "2016-09-30": "-482.00000", "2015-09-30": "-505.00000", "2014-09-30": "-407.00000", "2013-09-30": "-580.00000", "2012-09-30": "-625.00000", "2011-09-30": "-579.00000", "2010-09-30": "-630.00000", "2009-09-30": "-694.00000", "2008-09-30": "-378.00000", "2007-09-30": "-403.00000", "2006-09-30": "-380.00000", "2005-09-30": "-439.00000"}, "Pre-Tax Income": {"2020-09-30": "2335.00000", "2019-09-30": "2859.00000", "2018-09-30": "2667.00000", "2017-09-30": "2335.00000", "2016-09-30": "2316.00000", "2015-09-30": "3807.00000", "2014-09-30": "3191.00000", "2013-09-30": "3196.00000", "2012-09-30": "3115.00000", "2011-09-30": "3631.00000", "2010-09-30": "2879.00000", "2009-09-30": "2450.00000", "2008-09-30": "3645.00000", "2007-09-30": "3093.00000", "2006-09-30": "2673.00000", "2005-09-30": "2149.00000"}, "Income Taxes": {"2020-09-30": "345.00000", "2019-09-30": "531.00000", "2018-09-30": "443.00000", "2017-09-30": "660.00000", "2016-09-30": "697.00000", "2015-09-30": "1267.00000", "2014-09-30": "953.00000", "2013-09-30": "1130.00000", "2012-09-30": "1091.00000", "2011-09-30": "1127.00000", "2010-09-30": "848.00000", "2009-09-30": "688.00000", "2008-09-30": "1125.00000", "2007-09-30": "964.00000", "2006-09-30": "834.00000", "2005-09-30": "727.00000"}, "Income After Taxes": {"2020-09-30": "1990.00000", "2019-09-30": "2328.00000", "2018-09-30": "2224.00000", "2017-09-30": "1675.00000", "2016-09-30": "1619.00000", "2015-09-30": "2540.00000", "2014-09-30": "2238.00000", "2013-09-30": "2066.00000", "2012-09-30": "2024.00000", "2011-09-30": "2504.00000", "2010-09-30": "2031.00000", "2009-09-30": "1762.00000", "2008-09-30": "2520.00000", "2007-09-30": "2129.00000", "2006-09-30": "1839.00000", "2005-09-30": "1422.00000"}, "Other Income": {"2020-09-30": "", "2019-09-30": "", "2018-09-30": "", "2017-09-30": "", "2016-09-30": "", "2015-09-30": "", "2014-09-30": "", "2013-09-30": "", "2012-09-30": "", "2011-09-30": "", "2010-09-30": "", "2009-09-30": "", "2008-09-30": "", "2007-09-30": "", "2006-09-30": "", "2005-09-30": ""}, "Income From Continuous Operations": {"2020-09-30": "1990.00000", "2019-09-30": "2328.00000", "2018-09-30": "2224.00000", "2017-09-30": "1675.00000", "2016-09-30": "1619.00000", "2015-09-30": "2540.00000", "2014-09-30": "2238.00000", "2013-09-30": "2066.00000", "2012-09-30": "2024.00000", "2011-09-30": "2504.00000", "2010-09-30": "2031.00000", "2009-09-30": "1762.00000", "2008-09-30": "2520.00000", "2007-09-30": "2129.00000", "2006-09-30": "1839.00000", "2005-09-30": "1422.00000"}, "Income From Discontinued Operations": {"2020-09-30": "", "2019-09-30": "", "2018-09-30": "", "2017-09-30": "-125.00000", "2016-09-30": "45.00000", "2015-09-30": "193.00000", "2014-09-30": "-54.00000", "2013-09-30": "", "2012-09-30": "", "2011-09-30": "26.00000", "2010-09-30": "186.00000", "2009-09-30": "9.00000", "2008-09-30": "-34.00000", "2007-09-30": "7.00000", "2006-09-30": "6.00000", "2005-09-30": ""}, "Net Income": {"2020-09-30": "1965.00000", "2019-09-30": "2306.00000", "2018-09-30": "2203.00000", "2017-09-30": "1518.00000", "2016-09-30": "1635.00000", "2015-09-30": "2710.00000", "2014-09-30": "2147.00000", "2013-09-30": "2004.00000", "2012-09-30": "1968.00000", "2011-09-30": "2480.00000", "2010-09-30": "2164.00000", "2009-09-30": "1724.00000", "2008-09-30": "2412.00000", "2007-09-30": "2136.00000", "2006-09-30": "1845.00000", "2005-09-30": "1422.00000"}, "EBITDA": {"2020-09-30": "3877.00000", "2019-09-30": "4180.00000", "2018-09-30": "3921.00000", "2017-09-30": "3460.00000", "2016-09-30": "3366.00000", "2015-09-30": "4885.00000", "2014-09-30": "4167.00000", "2013-09-30": "5091.00000", "2012-09-30": "5091.00000", "2011-09-30": "5096.00000", "2010-09-30": "4325.00000", "2009-09-30": "3871.00000", "2008-09-30": "4730.00000", "2007-09-30": "4152.00000", "2006-09-30": "3660.00000", "2005-09-30": "3150.00000"}, "EBIT": {"2020-09-30": "3023.00000", "2019-09-30": "3358.00000", "2018-09-30": "3163.00000", "2017-09-30": "2824.00000", "2016-09-30": "2798.00000", "2015-09-30": "4312.00000", "2014-09-30": "3598.00000", "2013-09-30": "3776.00000", "2012-09-30": "3740.00000", "2011-09-30": "4210.00000", "2010-09-30": "3509.00000", "2009-09-30": "3144.00000", "2008-09-30": "4023.00000", "2007-09-30": "3496.00000", "2006-09-30": "3053.00000", "2005-09-30": "2588.00000"}, "Basic Shares Outstanding": {"2020-09-30": "602.90000", "2019-09-30": "616.20000", "2018-09-30": "632.00000", "2017-09-30": "642.10000", "2016-09-30": "644.00000", "2015-09-30": "673.30000", "2014-09-30": "700.20000", "2013-09-30": "717.70000", "2012-09-30": "730.60000", "2011-09-30": "748.50000", "2010-09-30": "750.70000", "2009-09-30": "753.70000", "2008-09-30": "780.30000", "2007-09-30": "793.80000", "2006-09-30": "816.50000", "2005-09-30": "829.90000"}, "Shares Outstanding": {"2020-09-30": "606.60000", "2019-09-30": "620.60000", "2018-09-30": "635.30000", "2017-09-30": "643.40000", "2016-09-30": "646.80000", "2015-09-30": "676.50000", "2014-09-30": "704.10000", "2013-09-30": "722.90000", "2012-09-30": "734.60000", "2011-09-30": "753.50000", "2010-09-30": "757.00000", "2009-09-30": "758.70000", "2008-09-30": "789.40000", "2007-09-30": "803.90000", "2006-09-30": "824.50000", "2005-09-30": "837.70000"}, "Basic EPS": {"2020-09-30": "3.26000", "2019-09-30": "3.74000", "2018-09-30": "3.48000", "2017-09-30": "2.35000", "2016-09-30": "2.53000", "2015-09-30": "4.01000", "2014-09-30": "3.05000", "2013-09-30": "2.78000", "2012-09-30": "2.68000", "2011-09-30": "3.29000", "2010-09-30": "2.87000", "2009-09-30": "2.29000", "2008-09-30": "3.09000", "2007-09-30": "2.69000", "2006-09-30": "2.26000", "2005-09-30": "1.71000"}, "EPS - Earnings Per Share": {"2020-09-30": "3.24000", "2019-09-30": "3.71000", "2018-09-30": "3.46000", "2017-09-30": "2.35000", "2016-09-30": "2.52000", "2015-09-30": "3.99000", "2014-09-30": "3.03000", "2013-09-30": "2.76000", "2012-09-30": "2.67000", "2011-09-30": "3.27000", "2010-09-30": "2.84000", "2009-09-30": "2.27000", "2008-09-30": "3.06000", "2007-09-30": "2.66000", "2006-09-30": "2.24000", "2005-09-30": "1.70000"}}, "income statement, quarterly": {"Revenue": {"2020-12-31": "4161.00000", "2020-09-30": "4558.00000", "2020-06-30": "3914.00000", "2020-03-31": "4162.00000", "2019-12-31": "4151.00000", "2019-09-30": "4971.00000", "2019-06-30": "4684.00000", "2019-03-31": "4570.00000", "2018-12-31": "4147.00000", "2018-09-30": "4888.00000", "2018-06-30": "4456.00000", "2018-03-31": "4248.00000", "2017-12-31": "3816.00000", "2017-09-30": "4435.00000", "2017-06-30": "4039.00000", "2017-03-31": "3574.00000", "2016-12-31": "3216.00000", "2016-09-30": "3932.00000", "2016-06-30": "3674.00000", "2016-03-31": "3579.00000", "2015-12-31": "3337.00000", "2015-09-30": "-241.00000", "2015-06-30": "5503.00000", "2015-03-31": "5400.00000", "2014-12-31": "5587.00000", "2014-09-30": "3.00000", "2014-06-30": "6312.00000", "2014-03-31": "5812.00000", "2013-12-31": "5606.00000", "2013-09-30": "6812.00000", "2013-06-30": "6344.00000", "2013-03-31": "5960.00000", "2012-12-31": "5553.00000", "2012-09-30": "6700.00000", "2012-06-30": "6484.00000", "2012-03-31": "5919.00000", "2011-12-31": "5309.00000", "2011-09-30": "6545.00000", "2011-06-30": "6288.00000", "2011-03-31": "5854.00000", "2010-12-31": "5535.00000", "2010-09-30": "5841.00000", "2010-06-30": "5417.00000", "2010-03-31": "4953.00000", "2009-12-31": "4828.00000", "2009-09-30": "4509.00000", "2009-06-30": "5091.00000", "2009-03-31": "5087.00000", "2008-12-31": "5415.00000", "2008-09-30": "5640.00000", "2008-06-30": "6568.00000", "2008-03-31": "6023.00000", "2007-12-31": "5520.00000", "2007-09-30": "5914.00000", "2007-06-30": "5772.00000", "2007-03-31": "5394.00000", "2006-12-31": "5051.00000", "2006-09-30": "5117.00000", "2006-06-30": "5217.00000", "2006-03-31": "4852.00000", "2005-12-31": "4548.00000", "2005-09-30": "4643.00000", "2005-06-30": "4465.00000", "2005-03-31": "4227.00000"}, "Cost Of Goods Sold": {"2020-12-31": "2438.00000", "2020-09-30": "2676.00000", "2020-06-30": "2296.00000", "2020-03-31": "2412.00000", "2019-12-31": "2392.00000", "2019-09-30": "2843.00000", "2019-06-30": "2683.00000", "2019-03-31": "2645.00000", "2018-12-31": "2386.00000", "2018-09-30": "2829.00000", "2018-06-30": "2514.00000", "2018-03-31": "2431.00000", "2017-12-31": "2202.00000", "2017-09-30": "2604.00000", "2017-06-30": "2361.00000", "2017-03-31": "2017.00000", "2016-12-31": "1851.00000", "2016-09-30": "2219.00000", "2016-06-30": "2081.00000", "2016-03-31": "2037.00000", "2015-12-31": "1923.00000", "2015-09-30": "-569.00000", "2015-06-30": "3269.00000", "2015-03-31": "3234.00000", "2014-12-31": "3307.00000", "2014-09-30": "-490.00000", "2014-06-30": "3674.00000", "2014-03-31": "3417.00000", "2013-12-31": "3370.00000", "2013-09-30": "4008.00000", "2013-06-30": "3776.00000", "2013-03-31": "3587.00000", "2012-12-31": "3346.00000", "2012-09-30": "3951.00000", "2012-06-30": "3856.00000", "2012-03-31": "3583.00000", "2011-12-31": "3254.00000", "2011-09-30": "3955.00000", "2011-06-30": "3790.00000", "2011-03-31": "3548.00000", "2010-12-31": "3372.00000", "2010-09-30": "3510.00000", "2010-06-30": "3253.00000", "2010-03-31": "2990.00000", "2009-12-31": "2960.00000", "2009-09-30": "2620.00000", "2009-06-30": "3253.00000", "2009-03-31": "3250.00000", "2008-12-31": "3419.00000", "2008-09-30": "3367.00000", "2008-06-30": "4155.00000", "2008-03-31": "3781.00000", "2007-12-31": "3510.00000", "2007-09-30": "3678.00000", "2007-06-30": "3677.00000", "2007-03-31": "3455.00000", "2006-12-31": "3256.00000", "2006-09-30": "3171.00000", "2006-06-30": "3361.00000", "2006-03-31": "3118.00000", "2005-12-31": "2955.00000", "2005-09-30": "2974.00000", "2005-06-30": "2865.00000", "2005-03-31": "2725.00000"}, "Gross Profit": {"2020-12-31": "1723.00000", "2020-09-30": "1882.00000", "2020-06-30": "1618.00000", "2020-03-31": "1750.00000", "2019-12-31": "1759.00000", "2019-09-30": "2128.00000", "2019-06-30": "2001.00000", "2019-03-31": "1925.00000", "2018-12-31": "1761.00000", "2018-09-30": "2059.00000", "2018-06-30": "1942.00000", "2018-03-31": "1817.00000", "2017-12-31": "1614.00000", "2017-09-30": "1831.00000", "2017-06-30": "1678.00000", "2017-03-31": "1557.00000", "2016-12-31": "1365.00000", "2016-09-30": "1713.00000", "2016-06-30": "1593.00000", "2016-03-31": "1542.00000", "2015-12-31": "1414.00000", "2015-09-30": "328.00000", "2015-06-30": "2234.00000", "2015-03-31": "2166.00000", "2014-12-31": "2280.00000", "2014-09-30": "493.00000", "2014-06-30": "2638.00000", "2014-03-31": "2395.00000", "2013-12-31": "2236.00000", "2013-09-30": "2804.00000", "2013-06-30": "2568.00000", "2013-03-31": "2373.00000", "2012-12-31": "2207.00000", "2012-09-30": "2749.00000", "2012-06-30": "2628.00000", "2012-03-31": "2336.00000", "2011-12-31": "2055.00000", "2011-09-30": "2590.00000", "2011-06-30": "2498.00000", "2011-03-31": "2306.00000", "2010-12-31": "2163.00000", "2010-09-30": "2331.00000", "2010-06-30": "2164.00000", "2010-03-31": "1963.00000", "2009-12-31": "1868.00000", "2009-09-30": "1889.00000", "2009-06-30": "1838.00000", "2009-03-31": "1837.00000", "2008-12-31": "1996.00000", "2008-09-30": "2273.00000", "2008-06-30": "2413.00000", "2008-03-31": "2242.00000", "2007-12-31": "2010.00000", "2007-09-30": "2236.00000", "2007-06-30": "2095.00000", "2007-03-31": "1939.00000", "2006-12-31": "1795.00000", "2006-09-30": "1946.00000", "2006-06-30": "1856.00000", "2006-03-31": "1734.00000", "2005-12-31": "1593.00000", "2005-09-30": "1669.00000", "2005-06-30": "1600.00000", "2005-03-31": "1502.00000"}, "Research And Development Expenses": {"2020-12-31": "", "2020-09-30": "", "2020-06-30": "", "2020-03-31": "", "2019-12-31": "", "2019-09-30": "", "2019-06-30": "", "2019-03-31": "", "2018-12-31": "", "2018-09-30": "", "2018-06-30": "", "2018-03-31": "", "2017-12-31": "", "2017-09-30": "", "2017-06-30": "", "2017-03-31": "", "2016-12-31": "", "2016-09-30": "", "2016-06-30": "", "2016-03-31": "", "2015-12-31": "", "2015-09-30": "", "2015-06-30": "", "2015-03-31": "", "2014-12-31": "", "2014-09-30": "", "2014-06-30": "", "2014-03-31": "", "2013-12-31": "", "2013-09-30": "", "2013-06-30": "", "2013-03-31": "", "2012-12-31": "", "2012-09-30": "", "2012-06-30": "", "2012-03-31": "", "2011-12-31": "", "2011-09-30": "", "2011-06-30": "", "2011-03-31": "", "2010-12-31": "", "2010-09-30": "", "2010-06-30": "", "2010-03-31": "", "2009-12-31": "", "2009-09-30": "", "2009-06-30": "", "2009-03-31": "", "2008-12-31": "", "2008-09-30": "", "2008-06-30": "", "2008-03-31": "", "2007-12-31": "", "2007-09-30": "", "2007-06-30": "", "2007-03-31": "", "2006-12-31": "", "2006-09-30": "", "2006-06-30": "", "2006-03-31": "", "2005-12-31": "", "2005-09-30": "", "2005-06-30": "", "2005-03-31": ""}, "SG&A Expenses": {"2020-12-31": "998.00000", "2020-09-30": "946.00000", "2020-06-30": "934.00000", "2020-03-31": "983.00000", "2019-12-31": "1123.00000", "2019-09-30": "1109.00000", "2019-06-30": "1126.00000", "2019-03-31": "1145.00000", "2018-12-31": "1077.00000", "2018-09-30": "1181.00000", "2018-06-30": "1058.00000", "2018-03-31": "1035.00000", "2017-12-31": "995.00000", "2017-09-30": "986.00000", "2017-06-30": "931.00000", "2017-03-31": "868.00000", "2016-12-31": "822.00000", "2016-09-30": "855.00000", "2016-06-30": "852.00000", "2016-03-31": "878.00000", "2015-12-31": "879.00000", "2015-09-30": "-264.00000", "2015-06-30": "1276.00000", "2015-03-31": "1318.00000", "2014-12-31": "1405.00000", "2014-09-30": "-98.00000", "2014-06-30": "1424.00000", "2014-03-31": "1394.00000", "2013-12-31": "1444.00000", "2013-09-30": "1432.00000", "2013-06-30": "1396.00000", "2013-03-31": "1426.00000", "2012-12-31": "1394.00000", "2012-09-30": "1385.00000", "2012-06-30": "1338.00000", "2012-03-31": "1359.00000", "2011-12-31": "1354.00000", "2011-09-30": "1339.00000", "2011-06-30": "1363.00000", "2011-03-31": "1315.00000", "2010-12-31": "1311.00000", "2010-09-30": "1312.00000", "2010-06-30": "1168.00000", "2010-03-31": "1203.00000", "2009-12-31": "1134.00000", "2009-09-30": "1015.00000", "2009-06-30": "1089.00000", "2009-03-31": "1119.00000", "2008-12-31": "1193.00000", "2008-09-30": "1158.00000", "2008-06-30": "1321.00000", "2008-03-31": "1252.00000", "2007-12-31": "1184.00000", "2007-09-30": "1228.00000", "2007-06-30": "1154.00000", "2007-03-31": "1109.00000", "2006-12-31": "1078.00000", "2006-09-30": "1084.00000", "2006-06-30": "1037.00000", "2006-03-31": "1005.00000", "2005-12-31": "950.00000", "2005-09-30": "923.00000", "2005-06-30": "907.00000", "2005-03-31": "893.00000"}, "Other Operating Income Or Expenses": {"2020-12-31": "", "2020-09-30": "", "2020-06-30": "", "2020-03-31": "", "2019-12-31": "", "2019-09-30": "", "2019-06-30": "", "2019-03-31": "", "2018-12-31": "", "2018-09-30": "", "2018-06-30": "", "2018-03-31": "", "2017-12-31": "", "2017-09-30": "", "2017-06-30": "", "2017-03-31": "", "2016-12-31": "", "2016-09-30": "", "2016-06-30": "", "2016-03-31": "", "2015-12-31": "", "2015-09-30": "", "2015-06-30": "", "2015-03-31": "", "2014-12-31": "", "2014-09-30": "", "2014-06-30": "", "2014-03-31": "", "2013-12-31": "", "2013-09-30": "", "2013-06-30": "", "2013-03-31": "", "2012-12-31": "", "2012-09-30": "", "2012-06-30": "", "2012-03-31": "", "2011-12-31": "", "2011-09-30": "", "2011-06-30": "", "2011-03-31": "", "2010-12-31": "", "2010-09-30": "", "2010-06-30": "", "2010-03-31": "", "2009-12-31": "", "2009-09-30": "", "2009-06-30": "", "2009-03-31": "", "2008-12-31": "", "2008-09-30": "", "2008-06-30": "", "2008-03-31": "", "2007-12-31": "", "2007-09-30": "", "2007-06-30": "", "2007-03-31": "", "2006-12-31": "", "2006-09-30": "", "2006-06-30": "", "2006-03-31": "", "2005-12-31": "", "2005-09-30": "", "2005-06-30": "", "2005-03-31": ""}, "Operating Expenses": {"2020-12-31": "3436.00000", "2020-09-30": "3622.00000", "2020-06-30": "3230.00000", "2020-03-31": "3395.00000", "2019-12-31": "3515.00000", "2019-09-30": "3952.00000", "2019-06-30": "3809.00000", "2019-03-31": "3790.00000", "2018-12-31": "3463.00000", "2018-09-30": "4010.00000", "2018-06-30": "3572.00000", "2018-03-31": "3466.00000", "2017-12-31": "3197.00000", "2017-09-30": "3590.00000", "2017-06-30": "3292.00000", "2017-03-31": "2885.00000", "2016-12-31": "2673.00000", "2016-09-30": "3074.00000", "2016-06-30": "2933.00000", "2016-03-31": "2915.00000", "2015-12-31": "2802.00000", "2015-09-30": "-1872.00000", "2015-06-30": "4545.00000", "2015-03-31": "4552.00000", "2014-12-31": "4712.00000", "2014-09-30": "-588.00000", "2014-06-30": "5098.00000", "2014-03-31": "4811.00000", "2013-12-31": "4814.00000", "2013-09-30": "5465.00000", "2013-06-30": "5675.00000", "2013-03-31": "5013.00000", "2012-12-31": "4740.00000", "2012-09-30": "5928.00000", "2012-06-30": "5194.00000", "2012-03-31": "4942.00000", "2011-12-31": "4608.00000", "2011-09-30": "5313.00000", "2011-06-30": "5153.00000", "2011-03-31": "4863.00000", "2010-12-31": "4683.00000", "2010-09-30": "4822.00000", "2010-06-30": "4421.00000", "2010-03-31": "4193.00000", "2009-12-31": "4094.00000", "2009-09-30": "3635.00000", "2009-06-30": "4342.00000", "2009-03-31": "4369.00000", "2008-12-31": "4612.00000", "2008-09-30": "4525.00000", "2008-06-30": "5476.00000", "2008-03-31": "5033.00000", "2007-12-31": "4694.00000", "2007-09-30": "4906.00000", "2007-06-30": "4831.00000", "2007-03-31": "4564.00000", "2006-12-31": "4334.00000", "2006-09-30": "4255.00000", "2006-06-30": "4398.00000", "2006-03-31": "4123.00000", "2005-12-31": "3905.00000", "2005-09-30": "3897.00000", "2005-06-30": "3772.00000", "2005-03-31": "3618.00000"}, "Operating Income": {"2020-12-31": "725.00000", "2020-09-30": "936.00000", "2020-06-30": "684.00000", "2020-03-31": "767.00000", "2019-12-31": "636.00000", "2019-09-30": "1019.00000", "2019-06-30": "875.00000", "2019-03-31": "780.00000", "2018-12-31": "684.00000", "2018-09-30": "878.00000", "2018-06-30": "884.00000", "2018-03-31": "782.00000", "2017-12-31": "619.00000", "2017-09-30": "845.00000", "2017-06-30": "747.00000", "2017-03-31": "689.00000", "2016-12-31": "543.00000", "2016-09-30": "858.00000", "2016-06-30": "741.00000", "2016-03-31": "664.00000", "2015-12-31": "535.00000", "2015-09-30": "1631.00000", "2015-06-30": "958.00000", "2015-03-31": "848.00000", "2014-12-31": "875.00000", "2014-09-30": "591.00000", "2014-06-30": "1214.00000", "2014-03-31": "1001.00000", "2013-12-31": "792.00000", "2013-09-30": "1347.00000", "2013-06-30": "669.00000", "2013-03-31": "947.00000", "2012-12-31": "813.00000", "2012-09-30": "772.00000", "2012-06-30": "1290.00000", "2012-03-31": "977.00000", "2011-12-31": "701.00000", "2011-09-30": "1232.00000", "2011-06-30": "1135.00000", "2011-03-31": "991.00000", "2010-12-31": "852.00000", "2010-09-30": "1019.00000", "2010-06-30": "996.00000", "2010-03-31": "760.00000", "2009-12-31": "734.00000", "2009-09-30": "874.00000", "2009-06-30": "749.00000", "2009-03-31": "718.00000", "2008-12-31": "803.00000", "2008-09-30": "1115.00000", "2008-06-30": "1092.00000", "2008-03-31": "990.00000", "2007-12-31": "826.00000", "2007-09-30": "1008.00000", "2007-06-30": "941.00000", "2007-03-31": "830.00000", "2006-12-31": "717.00000", "2006-09-30": "862.00000", "2006-06-30": "819.00000", "2006-03-31": "729.00000", "2005-12-31": "643.00000", "2005-09-30": "746.00000", "2005-06-30": "693.00000", "2005-03-31": "609.00000"}, "Total Non-Operating Income/Expense": {"2020-12-31": "-162.00000", "2020-09-30": "-171.00000", "2020-06-30": "-226.00000", "2020-03-31": "-78.00000", "2019-12-31": "-213.00000", "2019-09-30": "-193.00000", "2019-06-30": "-108.00000", "2019-03-31": "-105.00000", "2018-12-31": "-93.00000", "2018-09-30": "-140.00000", "2018-06-30": "-116.00000", "2018-03-31": "-124.00000", "2017-12-31": "-116.00000", "2017-09-30": "-160.00000", "2017-06-30": "-126.00000", "2017-03-31": "-124.00000", "2016-12-31": "-79.00000", "2016-09-30": "-184.00000", "2016-06-30": "-85.00000", "2016-03-31": "-112.00000", "2015-12-31": "-101.00000", "2015-09-30": "-989.00000", "2015-06-30": "-162.00000", "2015-03-31": "756.00000", "2014-12-31": "-110.00000", "2014-09-30": "68.00000", "2014-06-30": "-142.00000", "2014-03-31": "-184.00000", "2013-12-31": "-149.00000", "2013-09-30": "-166.00000", "2013-06-30": "-158.00000", "2013-03-31": "-116.00000", "2012-12-31": "-140.00000", "2012-09-30": "-179.00000", "2012-06-30": "-135.00000", "2012-03-31": "-163.00000", "2011-12-31": "-148.00000", "2011-09-30": "-139.00000", "2011-06-30": "-143.00000", "2011-03-31": "-158.00000", "2010-12-31": "-139.00000", "2010-09-30": "-181.00000", "2010-06-30": "-133.00000", "2010-03-31": "-159.00000", "2009-12-31": "-157.00000", "2009-09-30": "-216.00000", "2009-06-30": "-196.00000", "2009-03-31": "-160.00000", "2008-12-31": "-122.00000", "2008-09-30": "-61.00000", "2008-06-30": "-146.00000", "2008-03-31": "-118.00000", "2007-12-31": "-53.00000", "2007-09-30": "-110.00000", "2007-06-30": "-119.00000", "2007-03-31": "-97.00000", "2006-12-31": "-77.00000", "2006-09-30": "-98.00000", "2006-06-30": "-105.00000", "2006-03-31": "-104.00000", "2005-12-31": "-73.00000", "2005-09-30": "-127.00000", "2005-06-30": "-95.00000", "2005-03-31": "-111.00000"}, "Pre-Tax Income": {"2020-12-31": "563.00000", "2020-09-30": "765.00000", "2020-06-30": "458.00000", "2020-03-31": "689.00000", "2019-12-31": "423.00000", "2019-09-30": "826.00000", "2019-06-30": "767.00000", "2019-03-31": "675.00000", "2018-12-31": "591.00000", "2018-09-30": "738.00000", "2018-06-30": "768.00000", "2018-03-31": "658.00000", "2017-12-31": "503.00000", "2017-09-30": "685.00000", "2017-06-30": "621.00000", "2017-03-31": "565.00000", "2016-12-31": "464.00000", "2016-09-30": "674.00000", "2016-06-30": "656.00000", "2016-03-31": "552.00000", "2015-12-31": "434.00000", "2015-09-30": "642.00000", "2015-06-30": "796.00000", "2015-03-31": "1604.00000", "2014-12-31": "765.00000", "2014-09-30": "659.00000", "2014-06-30": "1072.00000", "2014-03-31": "817.00000", "2013-12-31": "643.00000", "2013-09-30": "1181.00000", "2013-06-30": "511.00000", "2013-03-31": "831.00000", "2012-12-31": "673.00000", "2012-09-30": "593.00000", "2012-06-30": "1155.00000", "2012-03-31": "814.00000", "2011-12-31": "553.00000", "2011-09-30": "1093.00000", "2011-06-30": "992.00000", "2011-03-31": "833.00000", "2010-12-31": "713.00000", "2010-09-30": "838.00000", "2010-06-30": "863.00000", "2010-03-31": "601.00000", "2009-12-31": "577.00000", "2009-09-30": "658.00000", "2009-06-30": "553.00000", "2009-03-31": "558.00000", "2008-12-31": "681.00000", "2008-09-30": "1054.00000", "2008-06-30": "946.00000", "2008-03-31": "872.00000", "2007-12-31": "773.00000", "2007-09-30": "898.00000", "2007-06-30": "822.00000", "2007-03-31": "733.00000", "2006-12-31": "640.00000", "2006-09-30": "764.00000", "2006-06-30": "714.00000", "2006-03-31": "625.00000", "2005-12-31": "570.00000", "2005-09-30": "619.00000", "2005-06-30": "598.00000", "2005-03-31": "498.00000"}, "Income Taxes": {"2020-12-31": "111.00000", "2020-09-30": "35.00000", "2020-06-30": "51.00000", "2020-03-31": "165.00000", "2019-12-31": "94.00000", "2019-09-30": "102.00000", "2019-06-30": "155.00000", "2019-03-31": "150.00000", "2018-12-31": "124.00000", "2018-09-30": "116.00000", "2018-06-30": "49.00000", "2018-03-31": "169.00000", "2017-12-31": "109.00000", "2017-09-30": "183.00000", "2017-06-30": "202.00000", "2017-03-31": "181.00000", "2016-12-31": "94.00000", "2016-09-30": "188.00000", "2016-06-30": "205.00000", "2016-03-31": "177.00000", "2015-12-31": "127.00000", "2015-09-30": "184.00000", "2015-06-30": "222.00000", "2015-03-31": "625.00000", "2014-12-31": "236.00000", "2014-09-30": "190.00000", "2014-06-30": "334.00000", "2014-03-31": "263.00000", "2013-12-31": "166.00000", "2013-09-30": "373.00000", "2013-06-30": "297.00000", "2013-03-31": "253.00000", "2012-12-31": "207.00000", "2012-09-30": "293.00000", "2012-06-30": "368.00000", "2012-03-31": "258.00000", "2011-12-31": "172.00000", "2011-09-30": "345.00000", "2011-06-30": "294.00000", "2011-03-31": "266.00000", "2010-12-31": "222.00000", "2010-09-30": "254.00000", "2010-06-30": "266.00000", "2010-03-31": "180.00000", "2009-12-31": "148.00000", "2009-09-30": "147.00000", "2009-06-30": "155.00000", "2009-03-31": "176.00000", "2008-12-31": "210.00000", "2008-09-30": "298.00000", "2008-06-30": "299.00000", "2008-03-31": "274.00000", "2007-12-31": "254.00000", "2007-09-30": "280.00000", "2007-06-30": "249.00000", "2007-03-31": "240.00000", "2006-12-31": "195.00000", "2006-09-30": "244.00000", "2006-06-30": "228.00000", "2006-03-31": "191.00000", "2005-12-31": "171.00000", "2005-09-30": "200.00000", "2005-06-30": "240.00000", "2005-03-31": "150.00000"}, "Income After Taxes": {"2020-12-31": "452.00000", "2020-09-30": "730.00000", "2020-06-30": "407.00000", "2020-03-31": "524.00000", "2019-12-31": "329.00000", "2019-09-30": "724.00000", "2019-06-30": "612.00000", "2019-03-31": "525.00000", "2018-12-31": "467.00000", "2018-09-30": "622.00000", "2018-06-30": "719.00000", "2018-03-31": "489.00000", "2017-12-31": "394.00000", "2017-09-30": "502.00000", "2017-06-30": "419.00000", "2017-03-31": "384.00000", "2016-12-31": "370.00000", "2016-09-30": "486.00000", "2016-06-30": "451.00000", "2016-03-31": "375.00000", "2015-12-31": "307.00000", "2015-09-30": "458.00000", "2015-06-30": "574.00000", "2015-03-31": "979.00000", "2014-12-31": "529.00000", "2014-09-30": "469.00000", "2014-06-30": "738.00000", "2014-03-31": "554.00000", "2013-12-31": "477.00000", "2013-09-30": "808.00000", "2013-06-30": "214.00000", "2013-03-31": "578.00000", "2012-12-31": "466.00000", "2012-09-30": "300.00000", "2012-06-30": "787.00000", "2012-03-31": "556.00000", "2011-12-31": "381.00000", "2011-09-30": "748.00000", "2011-06-30": "698.00000", "2011-03-31": "567.00000", "2010-12-31": "491.00000", "2010-09-30": "584.00000", "2010-06-30": "597.00000", "2010-03-31": "421.00000", "2009-12-31": "429.00000", "2009-09-30": "511.00000", "2009-06-30": "398.00000", "2009-03-31": "382.00000", "2008-12-31": "471.00000", "2008-09-30": "756.00000", "2008-06-30": "647.00000", "2008-03-31": "598.00000", "2007-12-31": "519.00000", "2007-09-30": "618.00000", "2007-06-30": "573.00000", "2007-03-31": "493.00000", "2006-12-31": "445.00000", "2006-09-30": "520.00000", "2006-06-30": "486.00000", "2006-03-31": "434.00000", "2005-12-31": "399.00000", "2005-09-30": "419.00000", "2005-06-30": "358.00000", "2005-03-31": "348.00000"}, "Other Income": {"2020-12-31": "", "2020-09-30": "", "2020-06-30": "", "2020-03-31": "", "2019-12-31": "", "2019-09-30": "", "2019-06-30": "", "2019-03-31": "", "2018-12-31": "", "2018-09-30": "", "2018-06-30": "", "2018-03-31": "", "2017-12-31": "", "2017-09-30": "", "2017-06-30": "", "2017-03-31": "", "2016-12-31": "", "2016-09-30": "", "2016-06-30": "", "2016-03-31": "", "2015-12-31": "", "2015-09-30": "", "2015-06-30": "", "2015-03-31": "", "2014-12-31": "", "2014-09-30": "", "2014-06-30": "", "2014-03-31": "", "2013-12-31": "", "2013-09-30": "", "2013-06-30": "", "2013-03-31": "", "2012-12-31": "", "2012-09-30": "", "2012-06-30": "", "2012-03-31": "", "2011-12-31": "", "2011-09-30": "", "2011-06-30": "", "2011-03-31": "", "2010-12-31": "", "2010-09-30": "", "2010-06-30": "", "2010-03-31": "", "2009-12-31": "", "2009-09-30": "", "2009-06-30": "", "2009-03-31": "", "2008-12-31": "", "2008-09-30": "", "2008-06-30": "", "2008-03-31": "", "2007-12-31": "", "2007-09-30": "", "2007-06-30": "", "2007-03-31": "", "2006-12-31": "", "2006-09-30": "", "2006-06-30": "", "2006-03-31": "", "2005-12-31": "", "2005-09-30": "", "2005-06-30": "", "2005-03-31": ""}, "Income From Continuous Operations": {"2020-12-31": "452.00000", "2020-09-30": "730.00000", "2020-06-30": "407.00000", "2020-03-31": "524.00000", "2019-12-31": "329.00000", "2019-09-30": "724.00000", "2019-06-30": "612.00000", "2019-03-31": "525.00000", "2018-12-31": "467.00000", "2018-09-30": "622.00000", "2018-06-30": "719.00000", "2018-03-31": "489.00000", "2017-12-31": "394.00000", "2017-09-30": "502.00000", "2017-06-30": "419.00000", "2017-03-31": "384.00000", "2016-12-31": "370.00000", "2016-09-30": "486.00000", "2016-06-30": "451.00000", "2016-03-31": "375.00000", "2015-12-31": "307.00000", "2015-09-30": "458.00000", "2015-06-30": "574.00000", "2015-03-31": "979.00000", "2014-12-31": "529.00000", "2014-09-30": "469.00000", "2014-06-30": "738.00000", "2014-03-31": "554.00000", "2013-12-31": "477.00000", "2013-09-30": "808.00000", "2013-06-30": "214.00000", "2013-03-31": "578.00000", "2012-12-31": "466.00000", "2012-09-30": "300.00000", "2012-06-30": "787.00000", "2012-03-31": "556.00000", "2011-12-31": "381.00000", "2011-09-30": "748.00000", "2011-06-30": "698.00000", "2011-03-31": "567.00000", "2010-12-31": "491.00000", "2010-09-30": "584.00000", "2010-06-30": "597.00000", "2010-03-31": "421.00000", "2009-12-31": "429.00000", "2009-09-30": "511.00000", "2009-06-30": "398.00000", "2009-03-31": "382.00000", "2008-12-31": "471.00000", "2008-09-30": "756.00000", "2008-06-30": "647.00000", "2008-03-31": "598.00000", "2007-12-31": "519.00000", "2007-09-30": "618.00000", "2007-06-30": "573.00000", "2007-03-31": "493.00000", "2006-12-31": "445.00000", "2006-09-30": "520.00000", "2006-06-30": "486.00000", "2006-03-31": "434.00000", "2005-12-31": "399.00000", "2005-09-30": "419.00000", "2005-06-30": "358.00000", "2005-03-31": "348.00000"}, "Income From Discontinued Operations": {"2020-12-31": "", "2020-09-30": "", "2020-06-30": "", "2020-03-31": "", "2019-12-31": "", "2019-09-30": "", "2019-06-30": "", "2019-03-31": "", "2018-12-31": "", "2018-09-30": "", "2018-06-30": "", "2018-03-31": "", "2017-12-31": "", "2017-09-30": "8.00000", "2017-06-30": "6.00000", "2017-03-31": "-84.00000", "2016-12-31": "-55.00000", "2016-09-30": "-41.00000", "2016-06-30": "38.00000", "2016-03-31": "2.00000", "2015-12-31": "46.00000", "2015-09-30": "", "2015-06-30": "", "2015-03-31": "", "2014-12-31": "", "2014-09-30": "", "2014-06-30": "", "2014-03-31": "", "2013-12-31": "", "2013-09-30": "", "2013-06-30": "", "2013-03-31": "", "2012-12-31": "", "2012-09-30": "", "2012-06-30": "", "2012-03-31": "", "2011-12-31": "", "2011-09-30": "", "2011-06-30": "", "2011-03-31": "", "2010-12-31": "", "2010-09-30": "177.00000", "2010-06-30": "4.00000", "2010-03-31": "-3.00000", "2009-12-31": "8.00000", "2009-09-30": "", "2009-06-30": "", "2009-03-31": "", "2008-12-31": "", "2008-09-30": "6.00000", "2008-06-30": "-35.00000", "2008-03-31": "-51.00000", "2007-12-31": "46.00000", "2007-09-30": "5.00000", "2007-06-30": "1.00000", "2007-03-31": "1.00000", "2006-12-31": "", "2006-09-30": "", "2006-06-30": "", "2006-03-31": "", "2005-12-31": "", "2005-09-30": "", "2005-06-30": "", "2005-03-31": ""}, "Net Income": {"2020-12-31": "445.00000", "2020-09-30": "723.00000", "2020-06-30": "399.00000", "2020-03-31": "517.00000", "2019-12-31": "326.00000", "2019-09-30": "717.00000", "2019-06-30": "604.00000", "2019-03-31": "520.00000", "2018-12-31": "465.00000", "2018-09-30": "617.00000", "2018-06-30": "712.00000", "2018-03-31": "482.00000", "2017-12-31": "392.00000", "2017-09-30": "504.00000", "2017-06-30": "413.00000", "2017-03-31": "292.00000", "2016-12-31": "309.00000", "2016-09-30": "438.00000", "2016-06-30": "479.00000", "2016-03-31": "369.00000", "2015-12-31": "349.00000", "2015-09-30": "648.00000", "2015-06-30": "564.00000", "2015-03-31": "973.00000", "2014-12-31": "525.00000", "2014-09-30": "410.00000", "2014-06-30": "728.00000", "2014-03-31": "547.00000", "2013-12-31": "462.00000", "2013-09-30": "795.00000", "2013-06-30": "194.00000", "2013-03-31": "561.00000", "2012-12-31": "454.00000", "2012-09-30": "282.00000", "2012-06-30": "770.00000", "2012-03-31": "545.00000", "2011-12-31": "371.00000", "2011-09-30": "761.00000", "2011-06-30": "683.00000", "2011-03-31": "556.00000", "2010-12-31": "480.00000", "2010-09-30": "749.00000", "2010-06-30": "585.00000", "2010-03-31": "405.00000", "2009-12-31": "425.00000", "2009-09-30": "506.00000", "2009-06-30": "387.00000", "2009-03-31": "373.00000", "2008-12-31": "458.00000", "2008-09-30": "688.00000", "2008-06-30": "612.00000", "2008-03-31": "547.00000", "2007-12-31": "565.00000", "2007-09-30": "623.00000", "2007-06-30": "574.00000", "2007-03-31": "494.00000", "2006-12-31": "445.00000", "2006-09-30": "526.00000", "2006-06-30": "486.00000", "2006-03-31": "434.00000", "2005-12-31": "399.00000", "2005-09-30": "419.00000", "2005-06-30": "358.00000", "2005-03-31": "348.00000"}, "EBITDA": {"2020-12-31": "969.00000", "2020-09-30": "1159.00000", "2020-06-30": "893.00000", "2020-03-31": "978.00000", "2019-12-31": "847.00000", "2019-09-30": "1232.00000", "2019-06-30": "1078.00000", "2019-03-31": "984.00000", "2018-12-31": "886.00000", "2018-09-30": "1079.00000", "2018-06-30": "1063.00000", "2018-03-31": "973.00000", "2017-12-31": "806.00000", "2017-09-30": "1027.00000", "2017-06-30": "918.00000", "2017-03-31": "829.00000", "2016-12-31": "686.00000", "2016-09-30": "1000.00000", "2016-06-30": "881.00000", "2016-03-31": "806.00000", "2015-12-31": "679.00000", "2015-09-30": "1591.00000", "2015-06-30": "1159.00000", "2015-03-31": "1053.00000", "2014-12-31": "1082.00000", "2014-09-30": "537.00000", "2014-06-30": "1418.00000", "2014-03-31": "1211.00000", "2013-12-31": "1001.00000", "2013-09-30": "1575.00000", "2013-06-30": "1345.00000", "2013-03-31": "1152.00000", "2012-12-31": "1019.00000", "2012-09-30": "1506.00000", "2012-06-30": "1501.00000", "2012-03-31": "1179.00000", "2011-12-31": "905.00000", "2011-09-30": "1468.00000", "2011-06-30": "1350.00000", "2011-03-31": "1207.00000", "2010-12-31": "1071.00000", "2010-09-30": "1230.00000", "2010-06-30": "1199.00000", "2010-03-31": "966.00000", "2009-12-31": "930.00000", "2009-09-30": "1059.00000", "2009-06-30": "933.00000", "2009-03-31": "900.00000", "2008-12-31": "979.00000", "2008-09-30": "1292.00000", "2008-06-30": "1272.00000", "2008-03-31": "1169.00000", "2007-12-31": "997.00000", "2007-09-30": "1173.00000", "2007-06-30": "1104.00000", "2007-03-31": "997.00000", "2006-12-31": "878.00000", "2006-09-30": "1015.00000", "2006-06-30": "979.00000", "2006-03-31": "882.00000", "2005-12-31": "784.00000", "2005-09-30": "888.00000", "2005-06-30": "837.00000", "2005-03-31": "748.00000"}, "EBIT": {"2020-12-31": "725.00000", "2020-09-30": "936.00000", "2020-06-30": "684.00000", "2020-03-31": "767.00000", "2019-12-31": "636.00000", "2019-09-30": "1019.00000", "2019-06-30": "875.00000", "2019-03-31": "780.00000", "2018-12-31": "684.00000", "2018-09-30": "878.00000", "2018-06-30": "884.00000", "2018-03-31": "782.00000", "2017-12-31": "619.00000", "2017-09-30": "845.00000", "2017-06-30": "747.00000", "2017-03-31": "689.00000", "2016-12-31": "543.00000", "2016-09-30": "858.00000", "2016-06-30": "741.00000", "2016-03-31": "664.00000", "2015-12-31": "535.00000", "2015-09-30": "1631.00000", "2015-06-30": "958.00000", "2015-03-31": "848.00000", "2014-12-31": "875.00000", "2014-09-30": "591.00000", "2014-06-30": "1214.00000", "2014-03-31": "1001.00000", "2013-12-31": "792.00000", "2013-09-30": "1347.00000", "2013-06-30": "669.00000", "2013-03-31": "947.00000", "2012-12-31": "813.00000", "2012-09-30": "772.00000", "2012-06-30": "1290.00000", "2012-03-31": "977.00000", "2011-12-31": "701.00000", "2011-09-30": "1232.00000", "2011-06-30": "1135.00000", "2011-03-31": "991.00000", "2010-12-31": "852.00000", "2010-09-30": "1019.00000", "2010-06-30": "996.00000", "2010-03-31": "760.00000", "2009-12-31": "734.00000", "2009-09-30": "874.00000", "2009-06-30": "749.00000", "2009-03-31": "718.00000", "2008-12-31": "803.00000", "2008-09-30": "1115.00000", "2008-06-30": "1092.00000", "2008-03-31": "990.00000", "2007-12-31": "826.00000", "2007-09-30": "1008.00000", "2007-06-30": "941.00000", "2007-03-31": "830.00000", "2006-12-31": "717.00000", "2006-09-30": "862.00000", "2006-06-30": "819.00000", "2006-03-31": "729.00000", "2005-12-31": "643.00000", "2005-09-30": "746.00000", "2005-06-30": "693.00000", "2005-03-31": "609.00000"}, "Basic Shares Outstanding": {"2020-12-31": "598.50000", "2020-09-30": "602.90000", "2020-06-30": "596.90000", "2020-03-31": "607.40000", "2019-12-31": "610.00000", "2019-09-30": "616.20000", "2019-06-30": "614.30000", "2019-03-31": "614.00000", "2018-12-31": "623.90000", "2018-09-30": "632.00000", "2018-06-30": "629.40000", "2018-03-31": "632.60000", "2017-12-31": "638.20000", "2017-09-30": "642.10000", "2017-06-30": "642.80000", "2017-03-31": "643.60000", "2016-12-31": "642.80000", "2016-09-30": "644.00000", "2016-06-30": "642.20000", "2016-03-31": "642.00000", "2015-12-31": "650.00000", "2015-09-30": "673.30000", "2015-06-30": "665.70000", "2015-03-31": "680.90000", "2014-12-31": "691.40000", "2014-09-30": "700.20000", "2014-06-30": "699.60000", "2014-03-31": "701.70000", "2013-12-31": "703.50000", "2013-09-30": "717.70000", "2013-06-30": "716.90000", "2013-03-31": "720.50000", "2012-12-31": "722.30000", "2012-09-30": "730.60000", "2012-06-30": "730.40000", "2012-03-31": "732.70000", "2011-12-31": "734.30000", "2011-09-30": "748.50000", "2011-06-30": "748.70000", "2011-03-31": "752.10000", "2010-12-31": "752.20000", "2010-09-30": "750.70000", "2010-06-30": "751.10000", "2010-03-31": "751.10000", "2009-12-31": "752.20000", "2009-09-30": "753.70000", "2009-06-30": "749.60000", "2009-03-31": "752.10000", "2008-12-31": "763.20000", "2008-09-30": "780.30000", "2008-06-30": "778.60000", "2008-03-31": "783.40000", "2007-12-31": "786.50000", "2007-09-30": "793.80000", "2007-06-30": "791.70000", "2007-03-31": "795.30000", "2006-12-31": "799.40000", "2006-09-30": "816.50000", "2006-06-30": "817.70000", "2006-03-31": "821.00000", "2005-12-31": "819.60000", "2005-09-30": "829.90000", "2005-06-30": "827.60000", "2005-03-31": "834.00000"}, "Shares Outstanding": {"2020-12-31": "601.90000", "2020-09-30": "606.60000", "2020-06-30": "600.00000", "2020-03-31": "611.00000", "2019-12-31": "614.10000", "2019-09-30": "620.60000", "2019-06-30": "619.00000", "2019-03-31": "618.10000", "2018-12-31": "627.80000", "2018-09-30": "635.30000", "2018-06-30": "632.90000", "2018-03-31": "636.00000", "2017-12-31": "640.50000", "2017-09-30": "643.40000", "2017-06-30": "643.80000", "2017-03-31": "644.80000", "2016-12-31": "644.30000", "2016-09-30": "646.80000", "2016-06-30": "645.20000", "2016-03-31": "644.70000", "2015-12-31": "652.50000", "2015-09-30": "676.50000", "2015-06-30": "668.90000", "2015-03-31": "684.10000", "2014-12-31": "694.70000", "2014-09-30": "704.10000", "2014-06-30": "703.30000", "2014-03-31": "705.20000", "2013-12-31": "708.10000", "2013-09-30": "722.90000", "2013-06-30": "722.20000", "2013-03-31": "725.30000", "2012-12-31": "726.90000", "2012-09-30": "734.60000", "2012-06-30": "734.30000", "2012-03-31": "736.80000", "2011-12-31": "738.30000", "2011-09-30": "753.50000", "2011-06-30": "753.30000", "2011-03-31": "757.30000", "2010-12-31": "758.10000", "2010-09-30": "757.00000", "2010-06-30": "757.70000", "2010-03-31": "757.40000", "2009-12-31": "758.10000", "2009-09-30": "758.70000", "2009-06-30": "754.70000", "2009-03-31": "756.90000", "2008-12-31": "767.90000", "2008-09-30": "789.40000", "2008-06-30": "787.80000", "2008-03-31": "792.00000", "2007-12-31": "796.50000", "2007-09-30": "803.90000", "2007-06-30": "802.10000", "2007-03-31": "804.90000", "2006-12-31": "808.50000", "2006-09-30": "824.50000", "2006-06-30": "825.80000", "2006-03-31": "829.00000", "2005-12-31": "827.20000", "2005-09-30": "837.70000", "2005-06-30": "835.40000", "2005-03-31": "841.80000"}, "Basic EPS": {"2020-12-31": "0.74000", "2020-09-30": "1.21000", "2020-06-30": "0.67000", "2020-03-31": "0.85000", "2019-12-31": "0.53000", "2019-09-30": "1.17000", "2019-06-30": "0.98000", "2019-03-31": "0.85000", "2018-12-31": "0.74000", "2018-09-30": "0.98000", "2018-06-30": "1.13000", "2018-03-31": "0.76000", "2017-12-31": "0.61000", "2017-09-30": "0.78000", "2017-06-30": "0.64000", "2017-03-31": "0.45000", "2016-12-31": "0.48000", "2016-09-30": "0.68000", "2016-06-30": "0.74000", "2016-03-31": "0.57000", "2015-12-31": "0.54000", "2015-09-30": "0.99000", "2015-06-30": "0.84000", "2015-03-31": "1.42000", "2014-12-31": "0.76000", "2014-09-30": "0.59000", "2014-06-30": "1.03000", "2014-03-31": "0.78000", "2013-12-31": "0.65000", "2013-09-30": "1.11000", "2013-06-30": "0.27000", "2013-03-31": "0.77000", "2012-12-31": "0.63000", "2012-09-30": "0.39000", "2012-06-30": "1.05000", "2012-03-31": "0.74000", "2011-12-31": "0.50000", "2011-09-30": "1.01000", "2011-06-30": "0.91000", "2011-03-31": "0.74000", "2010-12-31": "0.63000", "2010-09-30": "0.99000", "2010-06-30": "0.78000", "2010-03-31": "0.54000", "2009-12-31": "0.56000", "2009-09-30": "0.67000", "2009-06-30": "0.52000", "2009-03-31": "0.50000", "2008-12-31": "0.60000", "2008-09-30": "0.88000", "2008-06-30": "0.79000", "2008-03-31": "0.70000", "2007-12-31": "0.72000", "2007-09-30": "0.79000", "2007-06-30": "0.72000", "2007-03-31": "0.62000", "2006-12-31": "0.56000", "2006-09-30": "0.65000", "2006-06-30": "0.59000", "2006-03-31": "0.53000", "2005-12-31": "0.49000", "2005-09-30": "0.50500", "2005-06-30": "0.43000", "2005-03-31": "0.42000"}, "EPS - Earnings Per Share": {"2020-12-31": "0.74000", "2020-09-30": "1.20000", "2020-06-30": "0.67000", "2020-03-31": "0.84000", "2019-12-31": "0.53000", "2019-09-30": "1.16000", "2019-06-30": "0.97000", "2019-03-31": "0.84000", "2018-12-31": "0.74000", "2018-09-30": "0.97000", "2018-06-30": "1.12000", "2018-03-31": "0.76000", "2017-12-31": "0.61000", "2017-09-30": "0.78000", "2017-06-30": "0.64000", "2017-03-31": "0.45000", "2016-12-31": "0.48000", "2016-09-30": "0.68000", "2016-06-30": "0.74000", "2016-03-31": "0.57000", "2015-12-31": "0.53000", "2015-09-30": "0.98000", "2015-06-30": "0.84000", "2015-03-31": "1.42000", "2014-12-31": "0.75000", "2014-09-30": "0.58000", "2014-06-30": "1.03000", "2014-03-31": "0.77000", "2013-12-31": "0.65000", "2013-09-30": "1.10000", "2013-06-30": "0.27000", "2013-03-31": "0.77000", "2012-12-31": "0.62000", "2012-09-30": "0.39000", "2012-06-30": "1.04000", "2012-03-31": "0.74000", "2011-12-31": "0.50000", "2011-09-30": "1.01000", "2011-06-30": "0.90000", "2011-03-31": "0.73000", "2010-12-31": "0.63000", "2010-09-30": "0.98000", "2010-06-30": "0.77000", "2010-03-31": "0.53000", "2009-12-31": "0.56000", "2009-09-30": "0.67000", "2009-06-30": "0.51000", "2009-03-31": "0.49000", "2008-12-31": "0.60000", "2008-09-30": "0.88000", "2008-06-30": "0.78000", "2008-03-31": "0.69000", "2007-12-31": "0.71000", "2007-09-30": "0.78000", "2007-06-30": "0.72000", "2007-03-31": "0.61000", "2006-12-31": "0.55000", "2006-09-30": "0.65000", "2006-06-30": "0.59000", "2006-03-31": "0.52000", "2005-12-31": "0.48000", "2005-09-30": "0.50500", "2005-06-30": "0.43000", "2005-03-31": "0.41500"}}, "balance sheet": {"Cash On Hand": {"2020-09-30": "3315.00000", "2019-09-30": "1494.00000", "2018-09-30": "1093.00000", "2017-09-30": "3062.00000", "2016-09-30": "3182.00000", "2015-09-30": "3054.00000", "2014-09-30": "3149.00000", "2013-09-30": "3275.00000", "2012-09-30": "2367.00000", "2011-09-30": "2052.00000", "2010-09-30": "1592.00000", "2009-09-30": "1560.00000", "2008-09-30": "1777.00000", "2007-09-30": "1008.00000", "2006-09-30": "810.00000", "2005-09-30": "1233.00000"}, "Receivables": {"2020-09-30": "2802.00000", "2019-09-30": "2985.00000", "2018-09-30": "3023.00000", "2017-09-30": "3072.00000", "2016-09-30": "2701.00000", "2015-09-30": "2870.00000", "2014-09-30": "5019.00000", "2013-09-30": "4808.00000", "2012-09-30": "4983.00000", "2011-09-30": "4502.00000", "2010-09-30": "3989.00000", "2009-09-30": "3623.00000", "2008-09-30": "4618.00000", "2007-09-30": "4260.00000", "2006-09-30": "3716.00000", "2005-09-30": "3256.00000"}, "Inventory": {"2020-09-30": "1928.00000", "2019-09-30": "1880.00000", "2018-09-30": "1813.00000", "2017-09-30": "1696.00000", "2016-09-30": "1208.00000", "2015-09-30": "1265.00000", "2014-09-30": "2057.00000", "2013-09-30": "1895.00000", "2012-09-30": "2125.00000", "2011-09-30": "2100.00000", "2010-09-30": "2105.00000", "2009-09-30": "1855.00000", "2008-09-30": "2348.00000", "2007-09-30": "2227.00000", "2006-09-30": "2222.00000", "2005-09-30": "1813.00000"}, "Pre-Paid Expenses": {"2020-09-30": "", "2019-09-30": "", "2018-09-30": "", "2017-09-30": "", "2016-09-30": "", "2015-09-30": "", "2014-09-30": "", "2013-09-30": "", "2012-09-30": "", "2011-09-30": "", "2010-09-30": "", "2009-09-30": "", "2008-09-30": "", "2007-09-30": "", "2006-09-30": "", "2005-09-30": ""}, "Other Current Assets": {"2020-09-30": "761.00000", "2019-09-30": "780.00000", "2018-09-30": "690.00000", "2017-09-30": "422.00000", "2016-09-30": "2869.00000", "2015-09-30": "2860.00000", "2014-09-30": "642.00000", "2013-09-30": "1021.00000", "2012-09-30": "651.00000", "2011-09-30": "691.00000", "2010-09-30": "677.00000", "2009-09-30": "615.00000", "2008-09-30": "588.00000", "2007-09-30": "570.00000", "2006-09-30": "582.00000", "2005-09-30": "535.00000"}, "Total Current Assets": {"2020-09-30": "8806.00000", "2019-09-30": "7139.00000", "2018-09-30": "6619.00000", "2017-09-30": "8252.00000", "2016-09-30": "9960.00000", "2015-09-30": "10049.00000", "2014-09-30": "10867.00000", "2013-09-30": "10999.00000", "2012-09-30": "10126.00000", "2011-09-30": "9345.00000", "2010-09-30": "8363.00000", "2009-09-30": "7653.00000", "2008-09-30": "9331.00000", "2007-09-30": "8065.00000", "2006-09-30": "7330.00000", "2005-09-30": "6837.00000"}, "Property, Plant, And Equipment": {"2020-09-30": "3688.00000", "2019-09-30": "3642.00000", "2018-09-30": "3562.00000", "2017-09-30": "3321.00000", "2016-09-30": "2931.00000", "2015-09-30": "2929.00000", "2014-09-30": "3802.00000", "2013-09-30": "3605.00000", "2012-09-30": "3509.00000", "2011-09-30": "3437.00000", "2010-09-30": "3287.00000", "2009-09-30": "3500.00000", "2008-09-30": "3507.00000", "2007-09-30": "3431.00000", "2006-09-30": "3220.00000", "2005-09-30": "3003.00000"}, "Long-Term Investments": {"2020-09-30": "", "2019-09-30": "", "2018-09-30": "", "2017-09-30": "", "2016-09-30": "", "2015-09-30": "", "2014-09-30": "", "2013-09-30": "", "2012-09-30": "", "2011-09-30": "", "2010-09-30": "", "2009-09-30": "", "2008-09-30": "", "2007-09-30": "", "2006-09-30": "", "2005-09-30": ""}, "Goodwill And Intangible Assets": {"2020-09-30": "9202.00000", "2019-09-30": "9151.00000", "2018-09-30": "9206.00000", "2017-09-30": "7206.00000", "2016-09-30": "4811.00000", "2015-09-30": "4785.00000", "2014-09-30": "8871.00000", "2013-09-30": "9181.00000", "2012-09-30": "9864.00000", "2011-09-30": "10740.00000", "2010-09-30": "10806.00000", "2009-09-30": "8222.00000", "2008-09-30": "6562.00000", "2007-09-30": "6412.00000", "2006-09-30": "6013.00000", "2005-09-30": "5479.00000"}, "Other Long-Term Assets": {"2020-09-30": "1186.00000", "2019-09-30": "565.00000", "2018-09-30": "1003.00000", "2017-09-30": "810.00000", "2016-09-30": "4030.00000", "2015-09-30": "4325.00000", "2014-09-30": "637.00000", "2013-09-30": "926.00000", "2012-09-30": "319.00000", "2011-09-30": "339.00000", "2010-09-30": "387.00000", "2009-09-30": "388.00000", "2008-09-30": "1640.00000", "2007-09-30": "1772.00000", "2006-09-30": "2109.00000", "2005-09-30": "1908.00000"}, "Total Long-Term Assets": {"2020-09-30": "14076.00000", "2019-09-30": "13358.00000", "2018-09-30": "13771.00000", "2017-09-30": "11337.00000", "2016-09-30": "11772.00000", "2015-09-30": "12039.00000", "2014-09-30": "13310.00000", "2013-09-30": "13712.00000", "2012-09-30": "13692.00000", "2011-09-30": "14516.00000", "2010-09-30": "14480.00000", "2009-09-30": "12110.00000", "2008-09-30": "11709.00000", "2007-09-30": "11615.00000", "2006-09-30": "11342.00000", "2005-09-30": "10390.00000"}, "Total Assets": {"2020-09-30": "22882.00000", "2019-09-30": "20497.00000", "2018-09-30": "20390.00000", "2017-09-30": "19589.00000", "2016-09-30": "21732.00000", "2015-09-30": "22088.00000", "2014-09-30": "24177.00000", "2013-09-30": "24711.00000", "2012-09-30": "23818.00000", "2011-09-30": "23861.00000", "2010-09-30": "22843.00000", "2009-09-30": "19763.00000", "2008-09-30": "21040.00000", "2007-09-30": "19680.00000", "2006-09-30": "18672.00000", "2005-09-30": "17227.00000"}, "Total Current Liabilities": {"2020-09-30": "5785.00000", "2019-09-30": "5976.00000", "2018-09-30": "6164.00000", "2017-09-30": "5045.00000", "2016-09-30": "8008.00000", "2015-09-30": "7800.00000", "2014-09-30": "8454.00000", "2013-09-30": "7625.00000", "2012-09-30": "7133.00000", "2011-09-30": "6465.00000", "2010-09-30": "5849.00000", "2009-09-30": "4956.00000", "2008-09-30": "6573.00000", "2007-09-30": "5546.00000", "2006-09-30": "5374.00000", "2005-09-30": "4931.00000"}, "Long Term Debt": {"2020-09-30": "6326.00000", "2019-09-30": "4277.00000", "2018-09-30": "3137.00000", "2017-09-30": "3794.00000", "2016-09-30": "4051.00000", "2015-09-30": "4289.00000", "2014-09-30": "3559.00000", "2013-09-30": "4055.00000", "2012-09-30": "3787.00000", "2011-09-30": "4324.00000", "2010-09-30": "4586.00000", "2009-09-30": "3998.00000", "2008-09-30": "3297.00000", "2007-09-30": "3372.00000", "2006-09-30": "3128.00000", "2005-09-30": "3128.00000"}, "Other Non-Current Liabilities": {"2020-09-30": "2324.00000", "2019-09-30": "1971.00000", "2018-09-30": "2099.00000", "2017-09-30": "1980.00000", "2016-09-30": "2055.00000", "2015-09-30": "1871.00000", "2014-09-30": "1997.00000", "2013-09-30": "2313.00000", "2012-09-30": "2456.00000", "2011-09-30": "2521.00000", "2010-09-30": "2456.00000", "2009-09-30": "2103.00000", "2008-09-30": "2057.00000", "2007-09-30": "1990.00000", "2006-09-30": "2016.00000", "2005-09-30": "1768.00000"}, "Total Long Term Liabilities": {"2020-09-30": "8650.00000", "2019-09-30": "6248.00000", "2018-09-30": "5236.00000", "2017-09-30": "5774.00000", "2016-09-30": "6106.00000", "2015-09-30": "6160.00000", "2014-09-30": "5556.00000", "2013-09-30": "6368.00000", "2012-09-30": "6243.00000", "2011-09-30": "6845.00000", "2010-09-30": "7042.00000", "2009-09-30": "6101.00000", "2008-09-30": "5354.00000", "2007-09-30": "5362.00000", "2006-09-30": "5144.00000", "2005-09-30": "4896.00000"}, "Total Liabilities": {"2020-09-30": "14435.00000", "2019-09-30": "12224.00000", "2018-09-30": "11400.00000", "2017-09-30": "10819.00000", "2016-09-30": "14114.00000", "2015-09-30": "13960.00000", "2014-09-30": "14010.00000", "2013-09-30": "13993.00000", "2012-09-30": "13376.00000", "2011-09-30": "13310.00000", "2010-09-30": "12891.00000", "2009-09-30": "11057.00000", "2008-09-30": "11927.00000", "2007-09-30": "10908.00000", "2006-09-30": "10518.00000", "2005-09-30": "9827.00000"}, "Common Stock Net": {"2020-09-30": "477.00000", "2019-09-30": "477.00000", "2018-09-30": "477.00000", "2017-09-30": "477.00000", "2016-09-30": "477.00000", "2015-09-30": "477.00000", "2014-09-30": "477.00000", "2013-09-30": "477.00000", "2012-09-30": "477.00000", "2011-09-30": "477.00000", "2010-09-30": "477.00000", "2009-09-30": "477.00000", "2008-09-30": "477.00000", "2007-09-30": "477.00000", "2006-09-30": "238.00000", "2005-09-30": "238.00000"}, "Retained Earnings (Accumulated Deficit)": {"2020-09-30": "24955.00000", "2019-09-30": "24199.00000", "2018-09-30": "23072.00000", "2017-09-30": "21995.00000", "2016-09-30": "21716.00000", "2015-09-30": "21308.00000", "2014-09-30": "19867.00000", "2013-09-30": "18930.00000", "2012-09-30": "18107.00000", "2011-09-30": "17310.00000", "2010-09-30": "15869.00000", "2009-09-30": "14714.00000", "2008-09-30": "14002.00000", "2007-09-30": "12536.00000", "2006-09-30": "11314.00000", "2005-09-30": "10199.00000"}, "Comprehensive Income": {"2020-09-30": "-1577.00000", "2019-09-30": "-1722.00000", "2018-09-30": "-1015.00000", "2017-09-30": "-1019.00000", "2016-09-30": "-1999.00000", "2015-09-30": "-1617.00000", "2014-09-30": "-575.00000", "2013-09-30": "-189.00000", "2012-09-30": "-731.00000", "2011-09-30": "-562.00000", "2010-09-30": "-426.00000", "2009-09-30": "-496.00000", "2008-09-30": "141.00000", "2007-09-30": "382.00000", "2006-09-30": "306.00000", "2005-09-30": "-65.00000"}, "Other Share Holders Equity": {"2020-09-30": "", "2019-09-30": "", "2018-09-30": "", "2017-09-30": "", "2016-09-30": "", "2015-09-30": "", "2014-09-30": "", "2013-09-30": "", "2012-09-30": "", "2011-09-30": "", "2010-09-30": "", "2009-09-30": "", "2008-09-30": "", "2007-09-30": "", "2006-09-30": "", "2005-09-30": ""}, "Share Holder Equity": {"2020-09-30": "8447.00000", "2019-09-30": "8273.00000", "2018-09-30": "8990.00000", "2017-09-30": "8770.00000", "2016-09-30": "7618.00000", "2015-09-30": "8128.00000", "2014-09-30": "10167.00000", "2013-09-30": "10718.00000", "2012-09-30": "10442.00000", "2011-09-30": "10551.00000", "2010-09-30": "9952.00000", "2009-09-30": "8706.00000", "2008-09-30": "9113.00000", "2007-09-30": "8772.00000", "2006-09-30": "8154.00000", "2005-09-30": "7400.00000"}, "Total Liabilities And Share Holders Equity": {"2020-09-30": "22882.00000", "2019-09-30": "20497.00000", "2018-09-30": "20390.00000", "2017-09-30": "19589.00000", "2016-09-30": "21732.00000", "2015-09-30": "22088.00000", "2014-09-30": "24177.00000", "2013-09-30": "24711.00000", "2012-09-30": "23818.00000", "2011-09-30": "23861.00000", "2010-09-30": "22843.00000", "2009-09-30": "19763.00000", "2008-09-30": "21040.00000", "2007-09-30": "19680.00000", "2006-09-30": "18672.00000", "2005-09-30": "17227.00000"}}, "balance sheet, quarterly": {"Cash On Hand": {"2020-12-31": "2197.00000", "2020-09-30": "3315.00000", "2020-06-30": "2450.00000", "2020-03-31": "2583.00000", "2019-12-31": "1635.00000", "2019-09-30": "1494.00000", "2019-06-30": "1603.00000", "2019-03-31": "1384.00000", "2018-12-31": "1248.00000", "2018-09-30": "1093.00000", "2018-06-30": "3411.00000", "2018-03-31": "2444.00000", "2017-12-31": "3096.00000", "2017-09-30": "3062.00000", "2017-06-30": "3140.00000", "2017-03-31": "5039.00000", "2016-12-31": "4151.00000", "2016-09-30": "3182.00000", "2016-06-30": "3516.00000", "2016-03-31": "3322.00000", "2015-12-31": "3109.00000", "2015-09-30": "3054.00000", "2015-06-30": "3393.00000", "2015-03-31": "3256.00000", "2014-12-31": "3122.00000", "2014-09-30": "3149.00000", "2014-06-30": "3049.00000", "2014-03-31": "2724.00000", "2013-12-31": "2737.00000", "2013-09-30": "3275.00000", "2013-06-30": "2810.00000", "2013-03-31": "2615.00000", "2012-12-31": "2527.00000", "2012-09-30": "2367.00000", "2012-06-30": "2292.00000", "2012-03-31": "2153.00000", "2011-12-31": "2076.00000", "2011-09-30": "2052.00000", "2011-06-30": "1781.00000", "2011-03-31": "1593.00000", "2010-12-31": "1493.00000", "2010-09-30": "1592.00000", "2010-06-30": "3424.00000", "2010-03-31": "2159.00000", "2009-12-31": "1840.00000", "2009-09-30": "1560.00000", "2009-06-30": "1382.00000", "2009-03-31": "1507.00000", "2008-12-31": "1668.00000", "2008-09-30": "1777.00000", "2008-06-30": "2057.00000", "2008-03-31": "1767.00000", "2007-12-31": "1706.00000", "2007-09-30": "1008.00000", "2007-06-30": "1331.00000", "2007-03-31": "1094.00000", "2006-12-31": "1090.00000", "2006-09-30": "810.00000", "2006-06-30": "695.00000", "2006-03-31": "604.00000", "2005-12-31": "624.00000", "2005-09-30": "1233.00000", "2005-06-30": "1564.00000", "2005-03-31": "1606.00000"}, "Receivables": {"2020-12-31": "2652.00000", "2020-09-30": "2802.00000", "2020-06-30": "2512.00000", "2020-03-31": "2641.00000", "2019-12-31": "2726.00000", "2019-09-30": "2985.00000", "2019-06-30": "2901.00000", "2019-03-31": "2911.00000", "2018-12-31": "2733.00000", "2018-09-30": "3023.00000", "2018-06-30": "3027.00000", "2018-03-31": "3042.00000", "2017-12-31": "2881.00000", "2017-09-30": "3072.00000", "2017-06-30": "2926.00000", "2017-03-31": "2479.00000", "2016-12-31": "2426.00000", "2016-09-30": "2701.00000", "2016-06-30": "4014.00000", "2016-03-31": "3874.00000", "2015-12-31": "3842.00000", "2015-09-30": "2870.00000", "2015-06-30": "4272.00000", "2015-03-31": "4299.00000", "2014-12-31": "4404.00000", "2014-09-30": "5019.00000", "2014-06-30": "4772.00000", "2014-03-31": "4563.00000", "2013-12-31": "4429.00000", "2013-09-30": "4808.00000", "2013-06-30": "4725.00000", "2013-03-31": "4559.00000", "2012-12-31": "4556.00000", "2012-09-30": "4983.00000", "2012-06-30": "4601.00000", "2012-03-31": "4319.00000", "2011-12-31": "4040.00000", "2011-09-30": "4502.00000", "2011-06-30": "4443.00000", "2011-03-31": "4231.00000", "2010-12-31": "3956.00000", "2010-09-30": "3989.00000", "2010-06-30": "3793.00000", "2010-03-31": "3654.00000", "2009-12-31": "3650.00000", "2009-09-30": "3623.00000", "2009-06-30": "3720.00000", "2009-03-31": "3757.00000", "2008-12-31": "4007.00000", "2008-09-30": "4618.00000", "2008-06-30": "4663.00000", "2008-03-31": "4377.00000", "2007-12-31": "4296.00000", "2007-09-30": "4260.00000", "2007-06-30": "4083.00000", "2007-03-31": "3888.00000", "2006-12-31": "3673.00000", "2006-09-30": "3716.00000", "2006-06-30": "3668.00000", "2006-03-31": "3404.00000", "2005-12-31": "3222.00000", "2005-09-30": "3256.00000", "2005-06-30": "3138.00000", "2005-03-31": "3155.00000"}, "Inventory": {"2020-12-31": "2013.00000", "2020-09-30": "1928.00000", "2020-06-30": "2102.00000", "2020-03-31": "2058.00000", "2019-12-31": "2064.00000", "2019-09-30": "1880.00000", "2019-06-30": "2061.00000", "2019-03-31": "2073.00000", "2018-12-31": "1980.00000", "2018-09-30": "1813.00000", "2018-06-30": "1805.00000", "2018-03-31": "1897.00000", "2017-12-31": "1845.00000", "2017-09-30": "1696.00000", "2017-06-30": "1891.00000", "2017-03-31": "1331.00000", "2016-12-31": "1278.00000", "2016-09-30": "1208.00000", "2016-06-30": "1949.00000", "2016-03-31": "1950.00000", "2015-12-31": "1903.00000", "2015-09-30": "1265.00000", "2015-06-30": "2144.00000", "2015-03-31": "2107.00000", "2014-12-31": "2121.00000", "2014-09-30": "2057.00000", "2014-06-30": "2253.00000", "2014-03-31": "2233.00000", "2013-12-31": "2162.00000", "2013-09-30": "1895.00000", "2013-06-30": "2304.00000", "2013-03-31": "2327.00000", "2012-12-31": "2308.00000", "2012-09-30": "2125.00000", "2012-06-30": "2367.00000", "2012-03-31": "2402.00000", "2011-12-31": "2317.00000", "2011-09-30": "2100.00000", "2011-06-30": "2422.00000", "2011-03-31": "2324.00000", "2010-12-31": "2207.00000", "2010-09-30": "2105.00000", "2010-06-30": "2114.00000", "2010-03-31": "2075.00000", "2009-12-31": "1956.00000", "2009-09-30": "1855.00000", "2009-06-30": "2062.00000", "2009-03-31": "2257.00000", "2008-12-31": "2470.00000", "2008-09-30": "2348.00000", "2008-06-30": "2562.00000", "2008-03-31": "2532.00000", "2007-12-31": "2480.00000", "2007-09-30": "2227.00000", "2007-06-30": "2309.00000", "2007-03-31": "2388.00000", "2006-12-31": "2410.00000", "2006-09-30": "2222.00000", "2006-06-30": "2212.00000", "2006-03-31": "2063.00000", "2005-12-31": "1942.00000", "2005-09-30": "1813.00000", "2005-06-30": "1839.00000", "2005-03-31": "1907.00000"}, "Pre-Paid Expenses": {"2020-12-31": "", "2020-09-30": "", "2020-06-30": "", "2020-03-31": "", "2019-12-31": "", "2019-09-30": "", "2019-06-30": "", "2019-03-31": "", "2018-12-31": "", "2018-09-30": "", "2018-06-30": "", "2018-03-31": "", "2017-12-31": "", "2017-09-30": "", "2017-06-30": "", "2017-03-31": "", "2016-12-31": "", "2016-09-30": "", "2016-06-30": "", "2016-03-31": "", "2015-12-31": "", "2015-09-30": "", "2015-06-30": "", "2015-03-31": "", "2014-12-31": "", "2014-09-30": "", "2014-06-30": "", "2014-03-31": "", "2013-12-31": "", "2013-09-30": "", "2013-06-30": "", "2013-03-31": "", "2012-12-31": "", "2012-09-30": "", "2012-06-30": "", "2012-03-31": "", "2011-12-31": "", "2011-09-30": "", "2011-06-30": "", "2011-03-31": "", "2010-12-31": "", "2010-09-30": "", "2010-06-30": "", "2010-03-31": "", "2009-12-31": "", "2009-09-30": "", "2009-06-30": "", "2009-03-31": "", "2008-12-31": "", "2008-09-30": "", "2008-06-30": "", "2008-03-31": "", "2007-12-31": "", "2007-09-30": "", "2007-06-30": "", "2007-03-31": "", "2006-12-31": "", "2006-09-30": "", "2006-06-30": "", "2006-03-31": "", "2005-12-31": "", "2005-09-30": "", "2005-06-30": "", "2005-03-31": ""}, "Other Current Assets": {"2020-12-31": "819.00000", "2020-09-30": "761.00000", "2020-06-30": "815.00000", "2020-03-31": "750.00000", "2019-12-31": "771.00000", "2019-09-30": "780.00000", "2019-06-30": "785.00000", "2019-03-31": "784.00000", "2018-12-31": "697.00000", "2018-09-30": "690.00000", "2018-06-30": "333.00000", "2018-03-31": "342.00000", "2017-12-31": "330.00000", "2017-09-30": "422.00000", "2017-06-30": "597.00000", "2017-03-31": "597.00000", "2016-12-31": "1022.00000", "2016-09-30": "2869.00000", "2016-06-30": "741.00000", "2016-03-31": "767.00000", "2015-12-31": "840.00000", "2015-09-30": "2860.00000", "2015-06-30": "835.00000", "2015-03-31": "682.00000", "2014-12-31": "836.00000", "2014-09-30": "642.00000", "2014-06-30": "739.00000", "2014-03-31": "683.00000", "2013-12-31": "671.00000", "2013-09-30": "1021.00000", "2013-06-30": "667.00000", "2013-03-31": "688.00000", "2012-12-31": "695.00000", "2012-09-30": "651.00000", "2012-06-30": "743.00000", "2012-03-31": "670.00000", "2011-12-31": "642.00000", "2011-09-30": "691.00000", "2011-06-30": "637.00000", "2011-03-31": "650.00000", "2010-12-31": "649.00000", "2010-09-30": "677.00000", "2010-06-30": "627.00000", "2010-03-31": "620.00000", "2009-12-31": "617.00000", "2009-09-30": "615.00000", "2009-06-30": "554.00000", "2009-03-31": "611.00000", "2008-12-31": "728.00000", "2008-09-30": "588.00000", "2008-06-30": "812.00000", "2008-03-31": "762.00000", "2007-12-31": "512.00000", "2007-09-30": "570.00000", "2007-06-30": "648.00000", "2007-03-31": "619.00000", "2006-12-31": "573.00000", "2006-09-30": "582.00000", "2006-06-30": "592.00000", "2006-03-31": "560.00000", "2005-12-31": "501.00000", "2005-09-30": "535.00000", "2005-06-30": "481.00000", "2005-03-31": "478.00000"}, "Total Current Assets": {"2020-12-31": "7681.00000", "2020-09-30": "8806.00000", "2020-06-30": "7879.00000", "2020-03-31": "8032.00000", "2019-12-31": "7196.00000", "2019-09-30": "7139.00000", "2019-06-30": "7350.00000", "2019-03-31": "7152.00000", "2018-12-31": "6658.00000", "2018-09-30": "6619.00000", "2018-06-30": "8576.00000", "2018-03-31": "7725.00000", "2017-12-31": "8152.00000", "2017-09-30": "8252.00000", "2017-06-30": "8554.00000", "2017-03-31": "9446.00000", "2016-12-31": "8877.00000", "2016-09-30": "9960.00000", "2016-06-30": "10220.00000", "2016-03-31": "9913.00000", "2015-12-31": "9694.00000", "2015-09-30": "10049.00000", "2015-06-30": "10644.00000", "2015-03-31": "10344.00000", "2014-12-31": "10483.00000", "2014-09-30": "10867.00000", "2014-06-30": "10813.00000", "2014-03-31": "10203.00000", "2013-12-31": "9999.00000", "2013-09-30": "10999.00000", "2013-06-30": "10506.00000", "2013-03-31": "10189.00000", "2012-12-31": "10086.00000", "2012-09-30": "10126.00000", "2012-06-30": "10003.00000", "2012-03-31": "9544.00000", "2011-12-31": "9075.00000", "2011-09-30": "9345.00000", "2011-06-30": "9283.00000", "2011-03-31": "8798.00000", "2010-12-31": "8305.00000", "2010-09-30": "8363.00000", "2010-06-30": "9958.00000", "2010-03-31": "8508.00000", "2009-12-31": "8063.00000", "2009-09-30": "7653.00000", "2009-06-30": "7718.00000", "2009-03-31": "8132.00000", "2008-12-31": "8873.00000", "2008-09-30": "9331.00000", "2008-06-30": "10094.00000", "2008-03-31": "9438.00000", "2007-12-31": "8994.00000", "2007-09-30": "8065.00000", "2007-06-30": "8371.00000", "2007-03-31": "7989.00000", "2006-12-31": "7746.00000", "2006-09-30": "7330.00000", "2006-06-30": "7167.00000", "2006-03-31": "6631.00000", "2005-12-31": "6289.00000", "2005-09-30": "6837.00000", "2005-06-30": "7022.00000", "2005-03-31": "7146.00000"}, "Property, Plant, And Equipment": {"2020-12-31": "3693.00000", "2020-09-30": "3688.00000", "2020-06-30": "3565.00000", "2020-03-31": "3553.00000", "2019-12-31": "3633.00000", "2019-09-30": "3642.00000", "2019-06-30": "3614.00000", "2019-03-31": "3615.00000", "2018-12-31": "3551.00000", "2018-09-30": "3562.00000", "2018-06-30": "3260.00000", "2018-03-31": "3299.00000", "2017-12-31": "3279.00000", "2017-09-30": "3321.00000", "2017-06-30": "3304.00000", "2017-03-31": "2880.00000", "2016-12-31": "2861.00000", "2016-09-30": "2931.00000", "2016-06-30": "3521.00000", "2016-03-31": "3523.00000", "2015-12-31": "3520.00000", "2015-09-30": "2929.00000", "2015-06-30": "3610.00000", "2015-03-31": "3570.00000", "2014-12-31": "3631.00000", "2014-09-30": "3802.00000", "2014-06-30": "3737.00000", "2014-03-31": "3692.00000", "2013-12-31": "3639.00000", "2013-09-30": "3605.00000", "2013-06-30": "3475.00000", "2013-03-31": "3481.00000", "2012-12-31": "3503.00000", "2012-09-30": "3509.00000", "2012-06-30": "3418.00000", "2012-03-31": "3449.00000", "2011-12-31": "3415.00000", "2011-09-30": "3437.00000", "2011-06-30": "3382.00000", "2011-03-31": "3303.00000", "2010-12-31": "3255.00000", "2010-09-30": "3287.00000", "2010-06-30": "3289.00000", "2010-03-31": "3367.00000", "2009-12-31": "3475.00000", "2009-09-30": "3500.00000", "2009-06-30": "3475.00000", "2009-03-31": "3447.00000", "2008-12-31": "3459.00000", "2008-09-30": "3507.00000", "2008-06-30": "3458.00000", "2008-03-31": "3413.00000", "2007-12-31": "3435.00000", "2007-09-30": "3431.00000", "2007-06-30": "3279.00000", "2007-03-31": "3259.00000", "2006-12-31": "3220.00000", "2006-09-30": "3220.00000", "2006-06-30": "3076.00000", "2006-03-31": "2990.00000", "2005-12-31": "2969.00000", "2005-09-30": "3003.00000", "2005-06-30": "2929.00000", "2005-03-31": "2976.00000"}, "Long-Term Investments": {"2020-12-31": "", "2020-09-30": "", "2020-06-30": "", "2020-03-31": "", "2019-12-31": "", "2019-09-30": "", "2019-06-30": "", "2019-03-31": "", "2018-12-31": "", "2018-09-30": "", "2018-06-30": "", "2018-03-31": "", "2017-12-31": "", "2017-09-30": "", "2017-06-30": "", "2017-03-31": "", "2016-12-31": "", "2016-09-30": "", "2016-06-30": "", "2016-03-31": "", "2015-12-31": "", "2015-09-30": "", "2015-06-30": "", "2015-03-31": "", "2014-12-31": "", "2014-09-30": "", "2014-06-30": "", "2014-03-31": "", "2013-12-31": "", "2013-09-30": "", "2013-06-30": "", "2013-03-31": "", "2012-12-31": "", "2012-09-30": "", "2012-06-30": "", "2012-03-31": "", "2011-12-31": "", "2011-09-30": "", "2011-06-30": "", "2011-03-31": "", "2010-12-31": "", "2010-09-30": "", "2010-06-30": "", "2010-03-31": "", "2009-12-31": "", "2009-09-30": "", "2009-06-30": "", "2009-03-31": "", "2008-12-31": "", "2008-09-30": "", "2008-06-30": "", "2008-03-31": "", "2007-12-31": "", "2007-09-30": "", "2007-06-30": "", "2007-03-31": "", "2006-12-31": "", "2006-09-30": "", "2006-06-30": "", "2006-03-31": "", "2005-12-31": "", "2005-09-30": "", "2005-06-30": "", "2005-03-31": ""}, "Goodwill And Intangible Assets": {"2020-12-31": "11028.00000", "2020-09-30": "9202.00000", "2020-06-30": "9112.00000", "2020-03-31": "9018.00000", "2019-12-31": "9145.00000", "2019-09-30": "9151.00000", "2019-06-30": "9235.00000", "2019-03-31": "9210.00000", "2018-12-31": "9182.00000", "2018-09-30": "9206.00000", "2018-06-30": "7902.00000", "2018-03-31": "8024.00000", "2017-12-31": "7734.00000", "2017-09-30": "7206.00000", "2017-06-30": "7164.00000", "2017-03-31": "4760.00000", "2016-12-31": "4740.00000", "2016-09-30": "4811.00000", "2016-06-30": "8078.00000", "2016-03-31": "8079.00000", "2015-12-31": "8068.00000", "2015-09-30": "4785.00000", "2015-06-30": "8505.00000", "2015-03-31": "8360.00000", "2014-12-31": "8589.00000", "2014-09-30": "8871.00000", "2014-06-30": "9685.00000", "2014-03-31": "9685.00000", "2013-12-31": "9710.00000", "2013-09-30": "9181.00000", "2013-06-30": "9212.00000", "2013-03-31": "9741.00000", "2012-12-31": "9866.00000", "2012-09-30": "9864.00000", "2012-06-30": "10595.00000", "2012-03-31": "10802.00000", "2011-12-31": "10616.00000", "2011-09-30": "10740.00000", "2011-06-30": "11048.00000", "2011-03-31": "11051.00000", "2010-12-31": "10762.00000", "2010-09-30": "10806.00000", "2010-06-30": "7596.00000", "2010-03-31": "7630.00000", "2009-12-31": "7647.00000", "2009-09-30": "8222.00000", "2009-06-30": "6976.00000", "2009-03-31": "6616.00000", "2008-12-31": "6556.00000", "2008-09-30": "6562.00000", "2008-06-30": "6713.00000", "2008-03-31": "6658.00000", "2007-12-31": "6595.00000", "2007-09-30": "6412.00000", "2007-06-30": "6289.00000", "2007-03-31": "6240.00000", "2006-12-31": "6077.00000", "2006-09-30": "6013.00000", "2006-06-30": "6005.00000", "2006-03-31": "5636.00000", "2005-12-31": "5477.00000", "2005-09-30": "5479.00000", "2005-06-30": "5334.00000", "2005-03-31": "5406.00000"}, "Other Long-Term Assets": {"2020-12-31": "1276.00000", "2020-09-30": "1186.00000", "2020-06-30": "1174.00000", "2020-03-31": "1108.00000", "2019-12-31": "1127.00000", "2019-09-30": "565.00000", "2019-06-30": "1118.00000", "2019-03-31": "1094.00000", "2018-12-31": "1038.00000", "2018-09-30": "1003.00000", "2018-06-30": "749.00000", "2018-03-31": "737.00000", "2017-12-31": "693.00000", "2017-09-30": "810.00000", "2017-06-30": "380.00000", "2017-03-31": "191.00000", "2016-12-31": "993.00000", "2016-09-30": "4030.00000", "2016-06-30": "263.00000", "2016-03-31": "249.00000", "2015-12-31": "270.00000", "2015-09-30": "4325.00000", "2015-06-30": "705.00000", "2015-03-31": "694.00000", "2014-12-31": "1021.00000", "2014-09-30": "637.00000", "2014-06-30": "880.00000", "2014-03-31": "766.00000", "2013-12-31": "776.00000", "2013-09-30": "926.00000", "2013-06-30": "320.00000", "2013-03-31": "313.00000", "2012-12-31": "316.00000", "2012-09-30": "319.00000", "2012-06-30": "310.00000", "2012-03-31": "339.00000", "2011-12-31": "338.00000", "2011-09-30": "339.00000", "2011-06-30": "391.00000", "2011-03-31": "383.00000", "2010-12-31": "381.00000", "2010-09-30": "387.00000", "2010-06-30": "2115.00000", "2010-03-31": "2215.00000", "2009-12-31": "2304.00000", "2009-09-30": "388.00000", "2009-06-30": "2155.00000", "2009-03-31": "1796.00000", "2008-12-31": "1634.00000", "2008-09-30": "1640.00000", "2008-06-30": "1931.00000", "2008-03-31": "1941.00000", "2007-12-31": "1830.00000", "2007-09-30": "1772.00000", "2007-06-30": "2136.00000", "2007-03-31": "2044.00000", "2006-12-31": "2060.00000", "2006-09-30": "2109.00000", "2006-06-30": "2136.00000", "2006-03-31": "1952.00000", "2005-12-31": "1891.00000", "2005-09-30": "1908.00000", "2005-06-30": "1859.00000", "2005-03-31": "1735.00000"}, "Total Long-Term Assets": {"2020-12-31": "15997.00000", "2020-09-30": "14076.00000", "2020-06-30": "13851.00000", "2020-03-31": "13679.00000", "2019-12-31": "13905.00000", "2019-09-30": "13358.00000", "2019-06-30": "13967.00000", "2019-03-31": "13919.00000", "2018-12-31": "13771.00000", "2018-09-30": "13771.00000", "2018-06-30": "11911.00000", "2018-03-31": "12060.00000", "2017-12-31": "11706.00000", "2017-09-30": "11337.00000", "2017-06-30": "10848.00000", "2017-03-31": "7831.00000", "2016-12-31": "8594.00000", "2016-09-30": "11772.00000", "2016-06-30": "11862.00000", "2016-03-31": "11851.00000", "2015-12-31": "11858.00000", "2015-09-30": "12039.00000", "2015-06-30": "12820.00000", "2015-03-31": "12624.00000", "2014-12-31": "13241.00000", "2014-09-30": "13310.00000", "2014-06-30": "14302.00000", "2014-03-31": "14143.00000", "2013-12-31": "14125.00000", "2013-09-30": "13712.00000", "2013-06-30": "13007.00000", "2013-03-31": "13535.00000", "2012-12-31": "13685.00000", "2012-09-30": "13692.00000", "2012-06-30": "14323.00000", "2012-03-31": "14590.00000", "2011-12-31": "14369.00000", "2011-09-30": "14516.00000", "2011-06-30": "14821.00000", "2011-03-31": "14737.00000", "2010-12-31": "14398.00000", "2010-09-30": "14480.00000", "2010-06-30": "13000.00000", "2010-03-31": "13212.00000", "2009-12-31": "13426.00000", "2009-09-30": "12110.00000", "2009-06-30": "12606.00000", "2009-03-31": "11859.00000", "2008-12-31": "11649.00000", "2008-09-30": "11709.00000", "2008-06-30": "12102.00000", "2008-03-31": "12012.00000", "2007-12-31": "11860.00000", "2007-09-30": "11615.00000", "2007-06-30": "11704.00000", "2007-03-31": "11543.00000", "2006-12-31": "11357.00000", "2006-09-30": "11342.00000", "2006-06-30": "11217.00000", "2006-03-31": "10578.00000", "2005-12-31": "10337.00000", "2005-09-30": "10390.00000", "2005-06-30": "10122.00000", "2005-03-31": "10117.00000"}, "Total Assets": {"2020-12-31": "23678.00000", "2020-09-30": "22882.00000", "2020-06-30": "21730.00000", "2020-03-31": "21711.00000", "2019-12-31": "21101.00000", "2019-09-30": "20497.00000", "2019-06-30": "21317.00000", "2019-03-31": "21071.00000", "2018-12-31": "20429.00000", "2018-09-30": "20390.00000", "2018-06-30": "20487.00000", "2018-03-31": "19785.00000", "2017-12-31": "19858.00000", "2017-09-30": "19589.00000", "2017-06-30": "19402.00000", "2017-03-31": "17277.00000", "2016-12-31": "17471.00000", "2016-09-30": "21732.00000", "2016-06-30": "22082.00000", "2016-03-31": "21764.00000", "2015-12-31": "21552.00000", "2015-09-30": "22088.00000", "2015-06-30": "23464.00000", "2015-03-31": "22968.00000", "2014-12-31": "23724.00000", "2014-09-30": "24177.00000", "2014-06-30": "25115.00000", "2014-03-31": "24346.00000", "2013-12-31": "24124.00000", "2013-09-30": "24711.00000", "2013-06-30": "23513.00000", "2013-03-31": "23724.00000", "2012-12-31": "23771.00000", "2012-09-30": "23818.00000", "2012-06-30": "24326.00000", "2012-03-31": "24134.00000", "2011-12-31": "23444.00000", "2011-09-30": "23861.00000", "2011-06-30": "24104.00000", "2011-03-31": "23535.00000", "2010-12-31": "22703.00000", "2010-09-30": "22843.00000", "2010-06-30": "22958.00000", "2010-03-31": "21720.00000", "2009-12-31": "21489.00000", "2009-09-30": "19763.00000", "2009-06-30": "20324.00000", "2009-03-31": "19991.00000", "2008-12-31": "20522.00000", "2008-09-30": "21040.00000", "2008-06-30": "22196.00000", "2008-03-31": "21450.00000", "2007-12-31": "20854.00000", "2007-09-30": "19680.00000", "2007-06-30": "20075.00000", "2007-03-31": "19532.00000", "2006-12-31": "19103.00000", "2006-09-30": "18672.00000", "2006-06-30": "18384.00000", "2006-03-31": "17209.00000", "2005-12-31": "16626.00000", "2005-09-30": "17227.00000", "2005-06-30": "17144.00000", "2005-03-31": "17263.00000"}, "Total Current Liabilities": {"2020-12-31": "6376.00000", "2020-09-30": "5785.00000", "2020-06-30": "5985.00000", "2020-03-31": "7940.00000", "2019-12-31": "6340.00000", "2019-09-30": "5976.00000", "2019-06-30": "6218.00000", "2019-03-31": "6714.00000", "2018-12-31": "7540.00000", "2018-09-30": "6164.00000", "2018-06-30": "6954.00000", "2018-03-31": "5945.00000", "2017-12-31": "6192.00000", "2017-09-30": "5045.00000", "2017-06-30": "5370.00000", "2017-03-31": "3771.00000", "2016-12-31": "4146.00000", "2016-09-30": "8008.00000", "2016-06-30": "8326.00000", "2016-03-31": "8182.00000", "2015-12-31": "8202.00000", "2015-09-30": "7800.00000", "2015-06-30": "8312.00000", "2015-03-31": "8770.00000", "2014-12-31": "8877.00000", "2014-09-30": "8454.00000", "2014-06-30": "8533.00000", "2014-03-31": "7832.00000", "2013-12-31": "7108.00000", "2013-09-30": "7625.00000", "2013-06-30": "6950.00000", "2013-03-31": "6644.00000", "2012-12-31": "7203.00000", "2012-09-30": "7133.00000", "2012-06-30": "7396.00000", "2012-03-31": "6925.00000", "2011-12-31": "6534.00000", "2011-09-30": "6465.00000", "2011-06-30": "6308.00000", "2011-03-31": "5934.00000", "2010-12-31": "5600.00000", "2010-09-30": "5849.00000", "2010-06-30": "7257.00000", "2010-03-31": "5999.00000", "2009-12-31": "5805.00000", "2009-09-30": "4956.00000", "2009-06-30": "4993.00000", "2009-03-31": "5947.00000", "2008-12-31": "6828.00000", "2008-09-30": "6573.00000", "2008-06-30": "7043.00000", "2008-03-31": "6588.00000", "2007-12-31": "6408.00000", "2007-09-30": "5546.00000", "2007-06-30": "5682.00000", "2007-03-31": "5786.00000", "2006-12-31": "5526.00000", "2006-09-30": "5374.00000", "2006-06-30": "5210.00000", "2006-03-31": "4263.00000", "2005-12-31": "4099.00000", "2005-09-30": "4931.00000", "2005-06-30": "5227.00000", "2005-03-31": "5107.00000"}, "Long Term Debt": {"2020-12-31": "5892.00000", "2020-09-30": "6326.00000", "2020-06-30": "5500.00000", "2020-03-31": "3960.00000", "2019-12-31": "4018.00000", "2019-09-30": "4277.00000", "2019-06-30": "4336.00000", "2019-03-31": "3786.00000", "2018-12-31": "2641.00000", "2018-09-30": "3137.00000", "2018-06-30": "3126.00000", "2018-03-31": "3357.00000", "2017-12-31": "3375.00000", "2017-09-30": "3794.00000", "2017-06-30": "3797.00000", "2017-03-31": "3816.00000", "2016-12-31": "3815.00000", "2016-09-30": "4051.00000", "2016-06-30": "4062.00000", "2016-03-31": "4062.00000", "2015-12-31": "4043.00000", "2015-09-30": "4289.00000", "2015-06-30": "4290.00000", "2015-03-31": "3272.00000", "2014-12-31": "3289.00000", "2014-09-30": "3559.00000", "2014-06-30": "3565.00000", "2014-03-31": "3836.00000", "2013-12-31": "3834.00000", "2013-09-30": "4055.00000", "2013-06-30": "4059.00000", "2013-03-31": "4059.00000", "2012-12-31": "3542.00000", "2012-09-30": "3787.00000", "2012-06-30": "3789.00000", "2012-03-31": "4018.00000", "2011-12-31": "4041.00000", "2011-09-30": "4324.00000", "2011-06-30": "4353.00000", "2011-03-31": "4353.00000", "2010-12-31": "4352.00000", "2010-09-30": "4586.00000", "2010-06-30": "4586.00000", "2010-03-31": "4581.00000", "2009-12-31": "4558.00000", "2009-09-30": "3998.00000", "2009-06-30": "4464.00000", "2009-03-31": "3696.00000", "2008-12-31": "3234.00000", "2008-09-30": "3297.00000", "2008-06-30": "3298.00000", "2008-03-31": "3338.00000", "2007-12-31": "3197.00000", "2007-09-30": "3372.00000", "2007-06-30": "3623.00000", "2007-03-31": "3375.00000", "2006-12-31": "3375.00000", "2006-09-30": "3128.00000", "2006-06-30": "3132.00000", "2006-03-31": "3132.00000", "2005-12-31": "3128.00000", "2005-09-30": "3128.00000", "2005-06-30": "2879.00000", "2005-03-31": "2881.00000"}, "Other Non-Current Liabilities": {"2020-12-31": "2471.00000", "2020-09-30": "2324.00000", "2020-06-30": "2367.00000", "2020-03-31": "2248.00000", "2019-12-31": "2284.00000", "2019-09-30": "1971.00000", "2019-06-30": "1959.00000", "2019-03-31": "1999.00000", "2018-12-31": "1972.00000", "2018-09-30": "2099.00000", "2018-06-30": "1947.00000", "2018-03-31": "1946.00000", "2017-12-31": "1903.00000", "2017-09-30": "1980.00000", "2017-06-30": "2213.00000", "2017-03-31": "1633.00000", "2016-12-31": "1756.00000", "2016-09-30": "2055.00000", "2016-06-30": "1739.00000", "2016-03-31": "1777.00000", "2015-12-31": "1810.00000", "2015-09-30": "1871.00000", "2015-06-30": "2063.00000", "2015-03-31": "1958.00000", "2014-12-31": "2002.00000", "2014-09-30": "1997.00000", "2014-06-30": "2144.00000", "2014-03-31": "2153.00000", "2013-12-31": "2299.00000", "2013-09-30": "2313.00000", "2013-06-30": "2240.00000", "2013-03-31": "2347.00000", "2012-12-31": "2408.00000", "2012-09-30": "2456.00000", "2012-06-30": "2476.00000", "2012-03-31": "2536.00000", "2011-12-31": "2536.00000", "2011-09-30": "2521.00000", "2011-06-30": "2444.00000", "2011-03-31": "2443.00000", "2010-12-31": "2428.00000", "2010-09-30": "2456.00000", "2010-06-30": "2026.00000", "2010-03-31": "2135.00000", "2009-12-31": "2188.00000", "2009-09-30": "2103.00000", "2009-06-30": "2207.00000", "2009-03-31": "2136.00000", "2008-12-31": "2058.00000", "2008-09-30": "2057.00000", "2008-06-30": "2101.00000", "2008-03-31": "2044.00000", "2007-12-31": "2075.00000", "2007-09-30": "1990.00000", "2007-06-30": "2067.00000", "2007-03-31": "2025.00000", "2006-12-31": "1996.00000", "2006-09-30": "2016.00000", "2006-06-30": "1946.00000", "2006-03-31": "1867.00000", "2005-12-31": "1782.00000", "2005-09-30": "1768.00000", "2005-06-30": "1720.00000", "2005-03-31": "1664.00000"}, "Total Long Term Liabilities": {"2020-12-31": "8363.00000", "2020-09-30": "8650.00000", "2020-06-30": "7867.00000", "2020-03-31": "6208.00000", "2019-12-31": "6302.00000", "2019-09-30": "6248.00000", "2019-06-30": "6295.00000", "2019-03-31": "5785.00000", "2018-12-31": "4613.00000", "2018-09-30": "5236.00000", "2018-06-30": "5073.00000", "2018-03-31": "5303.00000", "2017-12-31": "5278.00000", "2017-09-30": "5774.00000", "2017-06-30": "6010.00000", "2017-03-31": "5449.00000", "2016-12-31": "5571.00000", "2016-09-30": "6106.00000", "2016-06-30": "5801.00000", "2016-03-31": "5839.00000", "2015-12-31": "5853.00000", "2015-09-30": "6160.00000", "2015-06-30": "6353.00000", "2015-03-31": "5230.00000", "2014-12-31": "5291.00000", "2014-09-30": "5556.00000", "2014-06-30": "5709.00000", "2014-03-31": "5989.00000", "2013-12-31": "6133.00000", "2013-09-30": "6368.00000", "2013-06-30": "6299.00000", "2013-03-31": "6406.00000", "2012-12-31": "5950.00000", "2012-09-30": "6243.00000", "2012-06-30": "6265.00000", "2012-03-31": "6554.00000", "2011-12-31": "6577.00000", "2011-09-30": "6845.00000", "2011-06-30": "6797.00000", "2011-03-31": "6796.00000", "2010-12-31": "6780.00000", "2010-09-30": "7042.00000", "2010-06-30": "6612.00000", "2010-03-31": "6716.00000", "2009-12-31": "6746.00000", "2009-09-30": "6101.00000", "2009-06-30": "6671.00000", "2009-03-31": "5832.00000", "2008-12-31": "5292.00000", "2008-09-30": "5354.00000", "2008-06-30": "5399.00000", "2008-03-31": "5382.00000", "2007-12-31": "5272.00000", "2007-09-30": "5362.00000", "2007-06-30": "5690.00000", "2007-03-31": "5400.00000", "2006-12-31": "5371.00000", "2006-09-30": "5144.00000", "2006-06-30": "5078.00000", "2006-03-31": "4999.00000", "2005-12-31": "4910.00000", "2005-09-30": "4896.00000", "2005-06-30": "4599.00000", "2005-03-31": "4545.00000"}, "Total Liabilities": {"2020-12-31": "14739.00000", "2020-09-30": "14435.00000", "2020-06-30": "13852.00000", "2020-03-31": "14148.00000", "2019-12-31": "12642.00000", "2019-09-30": "12224.00000", "2019-06-30": "12513.00000", "2019-03-31": "12499.00000", "2018-12-31": "12153.00000", "2018-09-30": "11400.00000", "2018-06-30": "12027.00000", "2018-03-31": "11248.00000", "2017-12-31": "11470.00000", "2017-09-30": "10819.00000", "2017-06-30": "11380.00000", "2017-03-31": "9220.00000", "2016-12-31": "9717.00000", "2016-09-30": "14114.00000", "2016-06-30": "14127.00000", "2016-03-31": "14021.00000", "2015-12-31": "14055.00000", "2015-09-30": "13960.00000", "2015-06-30": "14665.00000", "2015-03-31": "14000.00000", "2014-12-31": "14168.00000", "2014-09-30": "14010.00000", "2014-06-30": "14242.00000", "2014-03-31": "13821.00000", "2013-12-31": "13241.00000", "2013-09-30": "13993.00000", "2013-06-30": "13249.00000", "2013-03-31": "13050.00000", "2012-12-31": "13153.00000", "2012-09-30": "13376.00000", "2012-06-30": "13661.00000", "2012-03-31": "13479.00000", "2011-12-31": "13111.00000", "2011-09-30": "13310.00000", "2011-06-30": "13105.00000", "2011-03-31": "12730.00000", "2010-12-31": "12380.00000", "2010-09-30": "12891.00000", "2010-06-30": "13869.00000", "2010-03-31": "12715.00000", "2009-12-31": "12551.00000", "2009-09-30": "11057.00000", "2009-06-30": "11664.00000", "2009-03-31": "11779.00000", "2008-12-31": "12120.00000", "2008-09-30": "11927.00000", "2008-06-30": "12442.00000", "2008-03-31": "11970.00000", "2007-12-31": "11680.00000", "2007-09-30": "10908.00000", "2007-06-30": "11372.00000", "2007-03-31": "11186.00000", "2006-12-31": "10897.00000", "2006-09-30": "10518.00000", "2006-06-30": "10288.00000", "2006-03-31": "9262.00000", "2005-12-31": "9009.00000", "2005-09-30": "9827.00000", "2005-06-30": "9826.00000", "2005-03-31": "9652.00000"}, "Common Stock Net": {"2020-12-31": "477.00000", "2020-09-30": "477.00000", "2020-06-30": "477.00000", "2020-03-31": "477.00000", "2019-12-31": "477.00000", "2019-09-30": "477.00000", "2019-06-30": "477.00000", "2019-03-31": "477.00000", "2018-12-31": "477.00000", "2018-09-30": "477.00000", "2018-06-30": "477.00000", "2018-03-31": "477.00000", "2017-12-31": "477.00000", "2017-09-30": "477.00000", "2017-06-30": "477.00000", "2017-03-31": "477.00000", "2016-12-31": "477.00000", "2016-09-30": "477.00000", "2016-06-30": "477.00000", "2016-03-31": "477.00000", "2015-12-31": "477.00000", "2015-09-30": "477.00000", "2015-06-30": "477.00000", "2015-03-31": "477.00000", "2014-12-31": "477.00000", "2014-09-30": "477.00000", "2014-06-30": "477.00000", "2014-03-31": "477.00000", "2013-12-31": "477.00000", "2013-09-30": "477.00000", "2013-06-30": "477.00000", "2013-03-31": "477.00000", "2012-12-31": "477.00000", "2012-09-30": "477.00000", "2012-06-30": "477.00000", "2012-03-31": "477.00000", "2011-12-31": "477.00000", "2011-09-30": "477.00000", "2011-06-30": "477.00000", "2011-03-31": "477.00000", "2010-12-31": "477.00000", "2010-09-30": "477.00000", "2010-06-30": "477.00000", "2010-03-31": "477.00000", "2009-12-31": "477.00000", "2009-09-30": "477.00000", "2009-06-30": "477.00000", "2009-03-31": "477.00000", "2008-12-31": "477.00000", "2008-09-30": "477.00000", "2008-06-30": "477.00000", "2008-03-31": "477.00000", "2007-12-31": "477.00000", "2007-09-30": "477.00000", "2007-06-30": "477.00000", "2007-03-31": "477.00000", "2006-12-31": "477.00000", "2006-09-30": "238.00000", "2006-06-30": "238.00000", "2006-03-31": "238.00000", "2005-12-31": "238.00000", "2005-09-30": "238.00000", "2005-06-30": "238.00000", "2005-03-31": "238.00000"}, "Retained Earnings (Accumulated Deficit)": {"2020-12-31": "25096.00000", "2020-09-30": "24955.00000", "2020-06-30": "24531.00000", "2020-03-31": "24431.00000", "2019-12-31": "24220.00000", "2019-09-30": "24199.00000", "2019-06-30": "23777.00000", "2019-03-31": "23475.00000", "2018-12-31": "23252.00000", "2018-09-30": "23072.00000", "2018-06-30": "22660.00000", "2018-03-31": "22254.00000", "2017-12-31": "22079.00000", "2017-09-30": "21995.00000", "2017-06-30": "21800.00000", "2017-03-31": "21696.00000", "2016-12-31": "21714.00000", "2016-09-30": "21716.00000", "2016-06-30": "21583.00000", "2016-03-31": "21410.00000", "2015-12-31": "21347.00000", "2015-09-30": "21308.00000", "2015-06-30": "20969.00000", "2015-03-31": "20718.00000", "2014-12-31": "20066.00000", "2014-09-30": "19867.00000", "2014-06-30": "19757.00000", "2014-03-31": "19333.00000", "2013-12-31": "19088.00000", "2013-09-30": "18930.00000", "2013-06-30": "18428.00000", "2013-03-31": "18529.00000", "2012-12-31": "18264.00000", "2012-09-30": "18107.00000", "2012-06-30": "18115.00000", "2012-03-31": "17638.00000", "2011-12-31": "17387.00000", "2011-09-30": "17310.00000", "2011-06-30": "16807.00000", "2011-03-31": "16383.00000", "2010-12-31": "16088.00000", "2010-09-30": "15869.00000", "2010-06-30": "15373.00000", "2010-03-31": "15040.00000", "2009-12-31": "14888.00000", "2009-09-30": "14714.00000", "2009-06-30": "14471.00000", "2009-03-31": "14331.00000", "2008-12-31": "14208.00000", "2008-09-30": "14002.00000", "2008-06-30": "13546.00000", "2008-03-31": "13169.00000", "2007-12-31": "12858.00000", "2007-09-30": "12536.00000", "2007-06-30": "12121.00000", "2007-03-31": "11755.00000", "2006-12-31": "11471.00000", "2006-09-30": "11314.00000", "2006-06-30": "10968.00000", "2006-03-31": "10665.00000", "2005-12-31": "10415.00000", "2005-09-30": "10199.00000", "2005-06-30": "9952.00000", "2005-03-31": "9767.00000"}, "Comprehensive Income": {"2020-12-31": "-1330.00000", "2020-09-30": "-1577.00000", "2020-06-30": "-1699.00000", "2020-03-31": "-1903.00000", "2019-12-31": "-1576.00000", "2019-09-30": "-1722.00000", "2019-06-30": "-1016.00000", "2019-03-31": "-928.00000", "2018-12-31": "-1052.00000", "2018-09-30": "-1015.00000", "2018-06-30": "-1092.00000", "2018-03-31": "-827.00000", "2017-12-31": "-992.00000", "2017-09-30": "-1019.00000", "2017-06-30": "-1575.00000", "2017-03-31": "-1690.00000", "2016-12-31": "-2030.00000", "2016-09-30": "-1999.00000", "2016-06-30": "-1564.00000", "2016-03-31": "-1582.00000", "2015-12-31": "-1738.00000", "2015-09-30": "-1617.00000", "2015-06-30": "-1056.00000", "2015-03-31": "-1273.00000", "2014-12-31": "-875.00000", "2014-09-30": "-575.00000", "2014-06-30": "-52.00000", "2014-03-31": "-128.00000", "2013-12-31": "-146.00000", "2013-09-30": "-189.00000", "2013-06-30": "-745.00000", "2013-03-31": "-708.00000", "2012-12-31": "-617.00000", "2012-09-30": "-731.00000", "2012-06-30": "-767.00000", "2012-03-31": "-496.00000", "2011-12-31": "-629.00000", "2011-09-30": "-562.00000", "2011-06-30": "-74.00000", "2011-03-31": "-150.00000", "2010-12-31": "-432.00000", "2010-09-30": "-426.00000", "2010-06-30": "-792.00000", "2010-03-31": "-558.00000", "2009-12-31": "-466.00000", "2009-09-30": "-496.00000", "2009-06-30": "-133.00000", "2009-03-31": "-430.00000", "2008-12-31": "-356.00000", "2008-09-30": "141.00000", "2008-06-30": "823.00000", "2008-03-31": "705.00000", "2007-12-31": "444.00000", "2007-09-30": "382.00000", "2007-06-30": "518.00000", "2007-03-31": "403.00000", "2006-12-31": "376.00000", "2006-09-30": "306.00000", "2006-06-30": "158.00000", "2006-03-31": "30.00000", "2005-12-31": "-85.00000", "2005-09-30": "-65.00000", "2005-06-30": "-69.00000", "2005-03-31": "175.00000"}, "Other Share Holders Equity": {"2020-12-31": "", "2020-09-30": "", "2020-06-30": "", "2020-03-31": "", "2019-12-31": "", "2019-09-30": "", "2019-06-30": "", "2019-03-31": "", "2018-12-31": "", "2018-09-30": "", "2018-06-30": "", "2018-03-31": "", "2017-12-31": "", "2017-09-30": "", "2017-06-30": "", "2017-03-31": "", "2016-12-31": "", "2016-09-30": "", "2016-06-30": "", "2016-03-31": "", "2015-12-31": "", "2015-09-30": "", "2015-06-30": "", "2015-03-31": "", "2014-12-31": "", "2014-09-30": "", "2014-06-30": "", "2014-03-31": "", "2013-12-31": "", "2013-09-30": "", "2013-06-30": "", "2013-03-31": "", "2012-12-31": "", "2012-09-30": "", "2012-06-30": "", "2012-03-31": "", "2011-12-31": "", "2011-09-30": "", "2011-06-30": "", "2011-03-31": "", "2010-12-31": "", "2010-09-30": "", "2010-06-30": "", "2010-03-31": "", "2009-12-31": "", "2009-09-30": "", "2009-06-30": "", "2009-03-31": "", "2008-12-31": "", "2008-09-30": "", "2008-06-30": "", "2008-03-31": "", "2007-12-31": "", "2007-09-30": "", "2007-06-30": "", "2007-03-31": "", "2006-12-31": "", "2006-09-30": "", "2006-06-30": "", "2006-03-31": "", "2005-12-31": "", "2005-09-30": "", "2005-06-30": "", "2005-03-31": ""}, "Share Holder Equity": {"2020-12-31": "8939.00000", "2020-09-30": "8447.00000", "2020-06-30": "7878.00000", "2020-03-31": "7563.00000", "2019-12-31": "8459.00000", "2019-09-30": "8273.00000", "2019-06-30": "8804.00000", "2019-03-31": "8572.00000", "2018-12-31": "8276.00000", "2018-09-30": "8990.00000", "2018-06-30": "8460.00000", "2018-03-31": "8537.00000", "2017-12-31": "8388.00000", "2017-09-30": "8770.00000", "2017-06-30": "8022.00000", "2017-03-31": "8057.00000", "2016-12-31": "7754.00000", "2016-09-30": "7618.00000", "2016-06-30": "7955.00000", "2016-03-31": "7743.00000", "2015-12-31": "7497.00000", "2015-09-30": "8128.00000", "2015-06-30": "8799.00000", "2015-03-31": "8968.00000", "2014-12-31": "9556.00000", "2014-09-30": "10167.00000", "2014-06-30": "10873.00000", "2014-03-31": "10525.00000", "2013-12-31": "10883.00000", "2013-09-30": "10718.00000", "2013-06-30": "10264.00000", "2013-03-31": "10674.00000", "2012-12-31": "10618.00000", "2012-09-30": "10442.00000", "2012-06-30": "10665.00000", "2012-03-31": "10655.00000", "2011-12-31": "10333.00000", "2011-09-30": "10551.00000", "2011-06-30": "10999.00000", "2011-03-31": "10805.00000", "2010-12-31": "10323.00000", "2010-09-30": "9952.00000", "2010-06-30": "9089.00000", "2010-03-31": "9005.00000", "2009-12-31": "8938.00000", "2009-09-30": "8706.00000", "2009-06-30": "8660.00000", "2009-03-31": "8212.00000", "2008-12-31": "8402.00000", "2008-09-30": "9113.00000", "2008-06-30": "9754.00000", "2008-03-31": "9480.00000", "2007-12-31": "9174.00000", "2007-09-30": "8772.00000", "2007-06-30": "8703.00000", "2007-03-31": "8346.00000", "2006-12-31": "8206.00000", "2006-09-30": "8154.00000", "2006-06-30": "8096.00000", "2006-03-31": "7947.00000", "2005-12-31": "7617.00000", "2005-09-30": "7400.00000", "2005-06-30": "7318.00000", "2005-03-31": "7611.00000"}, "Total Liabilities And Share Holders Equity": {"2020-12-31": "23678.00000", "2020-09-30": "22882.00000", "2020-06-30": "21730.00000", "2020-03-31": "21711.00000", "2019-12-31": "21101.00000", "2019-09-30": "20497.00000", "2019-06-30": "21317.00000", "2019-03-31": "21071.00000", "2018-12-31": "20429.00000", "2018-09-30": "20390.00000", "2018-06-30": "20487.00000", "2018-03-31": "19785.00000", "2017-12-31": "19858.00000", "2017-09-30": "19589.00000", "2017-06-30": "19402.00000", "2017-03-31": "17277.00000", "2016-12-31": "17471.00000", "2016-09-30": "21732.00000", "2016-06-30": "22082.00000", "2016-03-31": "21764.00000", "2015-12-31": "21552.00000", "2015-09-30": "22088.00000", "2015-06-30": "23464.00000", "2015-03-31": "22968.00000", "2014-12-31": "23724.00000", "2014-09-30": "24177.00000", "2014-06-30": "25115.00000", "2014-03-31": "24346.00000", "2013-12-31": "24124.00000", "2013-09-30": "24711.00000", "2013-06-30": "23513.00000", "2013-03-31": "23724.00000", "2012-12-31": "23771.00000", "2012-09-30": "23818.00000", "2012-06-30": "24326.00000", "2012-03-31": "24134.00000", "2011-12-31": "23444.00000", "2011-09-30": "23861.00000", "2011-06-30": "24104.00000", "2011-03-31": "23535.00000", "2010-12-31": "22703.00000", "2010-09-30": "22843.00000", "2010-06-30": "22958.00000", "2010-03-31": "21720.00000", "2009-12-31": "21489.00000", "2009-09-30": "19763.00000", "2009-06-30": "20324.00000", "2009-03-31": "19991.00000", "2008-12-31": "20522.00000", "2008-09-30": "21040.00000", "2008-06-30": "22196.00000", "2008-03-31": "21450.00000", "2007-12-31": "20854.00000", "2007-09-30": "19680.00000", "2007-06-30": "20075.00000", "2007-03-31": "19532.00000", "2006-12-31": "19103.00000", "2006-09-30": "18672.00000", "2006-06-30": "18384.00000", "2006-03-31": "17209.00000", "2005-12-31": "16626.00000", "2005-09-30": "17227.00000", "2005-06-30": "17144.00000", "2005-03-31": "17263.00000"}}, "cash flow statement": {"Net Income/Loss": {"2020-09-30": "1990.00000", "2019-09-30": "2328.00000", "2018-09-30": "2224.00000", "2017-09-30": "1550.00000", "2016-09-30": "1664.00000", "2015-09-30": "2733.00000", "2014-09-30": "2184.00000", "2013-09-30": "2066.00000", "2012-09-30": "2024.00000", "2011-09-30": "2530.00000", "2010-09-30": "2217.00000", "2009-09-30": "1771.00000", "2008-09-30": "2486.00000", "2007-09-30": "2136.00000", "2006-09-30": "1845.00000", "2005-09-30": "1422.00000"}, "Total Depreciation And Amortization - Cash Flow": {"2020-09-30": "854.00000", "2019-09-30": "822.00000", "2018-09-30": "758.00000", "2017-09-30": "636.00000", "2016-09-30": "568.00000", "2015-09-30": "573.00000", "2014-09-30": "569.00000", "2013-09-30": "1315.00000", "2012-09-30": "1351.00000", "2011-09-30": "886.00000", "2010-09-30": "816.00000", "2009-09-30": "727.00000", "2008-09-30": "707.00000", "2007-09-30": "656.00000", "2006-09-30": "607.00000", "2005-09-30": "562.00000"}, "Other Non-Cash Items": {"2020-09-30": "91.00000", "2019-09-30": "6.00000", "2018-09-30": "-7.00000", "2017-09-30": "-434.00000", "2016-09-30": "556.00000", "2015-09-30": "-596.00000", "2014-09-30": "780.00000", "2013-09-30": "226.00000", "2012-09-30": "18.00000", "2011-09-30": "118.00000", "2010-09-30": "-50.00000", "2009-09-30": "-32.00000", "2008-09-30": "122.00000", "2007-09-30": "87.00000", "2006-09-30": "212.00000", "2005-09-30": "93.00000"}, "Total Non-Cash Items": {"2020-09-30": "945.00000", "2019-09-30": "828.00000", "2018-09-30": "751.00000", "2017-09-30": "202.00000", "2016-09-30": "1124.00000", "2015-09-30": "-23.00000", "2014-09-30": "1349.00000", "2013-09-30": "1541.00000", "2012-09-30": "1369.00000", "2011-09-30": "1004.00000", "2010-09-30": "766.00000", "2009-09-30": "695.00000", "2008-09-30": "829.00000", "2007-09-30": "743.00000", "2006-09-30": "819.00000", "2005-09-30": "655.00000"}, "Change In Accounts Receivable": {"2020-09-30": "207.00000", "2019-09-30": "51.00000", "2018-09-30": "-175.00000", "2017-09-30": "-25.00000", "2016-09-30": "162.00000", "2015-09-30": "241.00000", "2014-09-30": "-163.00000", "2013-09-30": "-84.00000", "2012-09-30": "-536.00000", "2011-09-30": "-475.00000", "2010-09-30": "-341.00000", "2009-09-30": "1011.00000", "2008-09-30": "-293.00000", "2007-09-30": "-349.00000", "2006-09-30": "-246.00000", "2005-09-30": "-261.00000"}, "Change In Inventories": {"2020-09-30": "-6.00000", "2019-09-30": "-87.00000", "2018-09-30": "17.00000", "2017-09-30": "32.00000", "2016-09-30": "58.00000", "2015-09-30": "-11.00000", "2014-09-30": "-103.00000", "2013-09-30": "83.00000", "2012-09-30": "-49.00000", "2011-09-30": "12.00000", "2010-09-30": "-160.00000", "2009-09-30": "580.00000", "2008-09-30": "-90.00000", "2007-09-30": "96.00000", "2006-09-30": "-274.00000", "2005-09-30": "8.00000"}, "Change In Accounts Payable": {"2020-09-30": "-196.00000", "2019-09-30": "-37.00000", "2018-09-30": "115.00000", "2017-09-30": "135.00000", "2016-09-30": "-22.00000", "2015-09-30": "-256.00000", "2014-09-30": "232.00000", "2013-09-30": "14.00000", "2012-09-30": "143.00000", "2011-09-30": "194.00000", "2010-09-30": "498.00000", "2009-09-30": "-709.00000", "2008-09-30": "199.00000", "2007-09-30": "104.00000", "2006-09-30": "324.00000", "2005-09-30": "161.00000"}, "Change In Assets/Liabilities": {"2020-09-30": "33.00000", "2019-09-30": "-87.00000", "2018-09-30": "-42.00000", "2017-09-30": "-12.00000", "2016-09-30": "-4.00000", "2015-09-30": "-140.00000", "2014-09-30": "61.00000", "2013-09-30": "-32.00000", "2012-09-30": "19.00000", "2011-09-30": "41.00000", "2010-09-30": "-69.00000", "2009-09-30": "42.00000", "2008-09-30": "19.00000", "2007-09-30": "36.00000", "2006-09-30": "36.00000", "2005-09-30": "-44.00000"}, "Total Change In Assets/Liabilities": {"2020-09-30": "148.00000", "2019-09-30": "-150.00000", "2018-09-30": "-83.00000", "2017-09-30": "160.00000", "2016-09-30": "93.00000", "2015-09-30": "-181.00000", "2014-09-30": "159.00000", "2013-09-30": "42.00000", "2012-09-30": "-340.00000", "2011-09-30": "-301.00000", "2010-09-30": "309.00000", "2009-09-30": "620.00000", "2008-09-30": "-22.00000", "2007-09-30": "137.00000", "2006-09-30": "-152.00000", "2005-09-30": "110.00000"}, "Cash Flow From Operating Activities": {"2020-09-30": "3083.00000", "2019-09-30": "3006.00000", "2018-09-30": "2892.00000", "2017-09-30": "1912.00000", "2016-09-30": "2881.00000", "2015-09-30": "2529.00000", "2014-09-30": "3692.00000", "2013-09-30": "3649.00000", "2012-09-30": "3053.00000", "2011-09-30": "3233.00000", "2010-09-30": "3292.00000", "2009-09-30": "3086.00000", "2008-09-30": "3293.00000", "2007-09-30": "3016.00000", "2006-09-30": "2512.00000", "2005-09-30": "2187.00000"}, "Net Change In Property, Plant, And Equipment": {"2020-09-30": "-538.00000", "2019-09-30": "-594.00000", "2018-09-30": "-617.00000", "2017-09-30": "-476.00000", "2016-09-30": "-447.00000", "2015-09-30": "-588.00000", "2014-09-30": "-651.00000", "2013-09-30": "-678.00000", "2012-09-30": "-665.00000", "2011-09-30": "-647.00000", "2010-09-30": "-524.00000", "2009-09-30": "-531.00000", "2008-09-30": "-714.00000", "2007-09-30": "-681.00000", "2006-09-30": "-601.00000", "2005-09-30": "-518.00000"}, "Net Change In Intangible Assets": {"2020-09-30": "", "2019-09-30": "", "2018-09-30": "", "2017-09-30": "", "2016-09-30": "", "2015-09-30": "", "2014-09-30": "", "2013-09-30": "", "2012-09-30": "", "2011-09-30": "", "2010-09-30": "", "2009-09-30": "", "2008-09-30": "", "2007-09-30": "", "2006-09-30": "", "2005-09-30": ""}, "Net Acquisitions/Divestitures": {"2020-09-30": "-126.00000", "2019-09-30": "-455.00000", "2018-09-30": "-2002.00000", "2017-09-30": "-2951.00000", "2016-09-30": "-132.00000", "2015-09-30": "1488.00000", "2014-09-30": "-247.00000", "2013-09-30": "-16.00000", "2012-09-30": "-62.00000", "2011-09-30": "-129.00000", "2010-09-30": "-1997.00000", "2009-09-30": "-772.00000", "2008-09-30": "-360.00000", "2007-09-30": "-295.00000", "2006-09-30": "-752.00000", "2005-09-30": "-366.00000"}, "Net Change In Short-term Investments": {"2020-09-30": "", "2019-09-30": "", "2018-09-30": "", "2017-09-30": "", "2016-09-30": "", "2015-09-30": "", "2014-09-30": "", "2013-09-30": "", "2012-09-30": "", "2011-09-30": "", "2010-09-30": "", "2009-09-30": "", "2008-09-30": "", "2007-09-30": "", "2006-09-30": "", "2005-09-30": ""}, "Net Change In Long-Term Investments": {"2020-09-30": "", "2019-09-30": "", "2018-09-30": "", "2017-09-30": "", "2016-09-30": "", "2015-09-30": "", "2014-09-30": "", "2013-09-30": "", "2012-09-30": "", "2011-09-30": "", "2010-09-30": "", "2009-09-30": "", "2008-09-30": "", "2007-09-30": "", "2006-09-30": "", "2005-09-30": ""}, "Net Change In Investments - Total": {"2020-09-30": "", "2019-09-30": "", "2018-09-30": "", "2017-09-30": "", "2016-09-30": "", "2015-09-30": "", "2014-09-30": "", "2013-09-30": "", "2012-09-30": "", "2011-09-30": "", "2010-09-30": "", "2009-09-30": "", "2008-09-30": "", "2007-09-30": "", "2006-09-30": "", "2005-09-30": ""}, "Investing Activities - Other": {"2020-09-30": "-76.00000", "2019-09-30": "-125.00000", "2018-09-30": "-101.00000", "2017-09-30": "4941.00000", "2016-09-30": "-47.00000", "2015-09-30": "-309.00000", "2014-09-30": "-261.00000", "2013-09-30": "-95.00000", "2012-09-30": "-79.00000", "2011-09-30": "-72.00000", "2010-09-30": "4.00000", "2009-09-30": "-6.00000", "2008-09-30": "2.00000", "2007-09-30": "106.00000", "2006-09-30": "137.00000", "2005-09-30": "-12.00000"}, "Cash Flow From Investing Activities": {"2020-09-30": "-740.00000", "2019-09-30": "-1174.00000", "2018-09-30": "-2720.00000", "2017-09-30": "1514.00000", "2016-09-30": "-626.00000", "2015-09-30": "591.00000", "2014-09-30": "-1159.00000", "2013-09-30": "-789.00000", "2012-09-30": "-806.00000", "2011-09-30": "-848.00000", "2010-09-30": "-2517.00000", "2009-09-30": "-1309.00000", "2008-09-30": "-1072.00000", "2007-09-30": "-870.00000", "2006-09-30": "-1216.00000", "2005-09-30": "-896.00000"}, "Net Long-Term Debt": {"2020-09-30": "1730.00000", "2019-09-30": "1035.00000", "2018-09-30": "-241.00000", "2017-09-30": "-254.00000", "2016-09-30": "-254.00000", "2015-09-30": "496.00000", "2014-09-30": "-328.00000", "2013-09-30": "-25.00000", "2012-09-30": "-258.00000", "2011-09-30": "-56.00000", "2010-09-30": "-82.00000", "2009-09-30": "568.00000", "2008-09-30": "139.00000", "2007-09-30": "491.00000", "2006-09-30": "-260.00000", "2005-09-30": "-374.00000"}, "Net Current Debt": {"2020-09-30": "-90.00000", "2019-09-30": "-6.00000", "2018-09-30": "343.00000", "2017-09-30": "-1725.00000", "2016-09-30": "56.00000", "2015-09-30": "345.00000", "2014-09-30": "622.00000", "2013-09-30": "374.00000", "2012-09-30": "348.00000", "2011-09-30": "185.00000", "2010-09-30": "398.00000", "2009-09-30": "-684.00000", "2008-09-30": "521.00000", "2007-09-30": "-800.00000", "2006-09-30": "89.00000", "2005-09-30": "320.00000"}, "Debt Issuance/Retirement Net - Total": {"2020-09-30": "1640.00000", "2019-09-30": "1029.00000", "2018-09-30": "102.00000", "2017-09-30": "-1979.00000", "2016-09-30": "-198.00000", "2015-09-30": "841.00000", "2014-09-30": "294.00000", "2013-09-30": "349.00000", "2012-09-30": "90.00000", "2011-09-30": "129.00000", "2010-09-30": "316.00000", "2009-09-30": "-116.00000", "2008-09-30": "660.00000", "2007-09-30": "-309.00000", "2006-09-30": "-171.00000", "2005-09-30": "-54.00000"}, "Net Common Equity Issued/Repurchased": {"2020-09-30": "-942.00000", "2019-09-30": "-1250.00000", "2018-09-30": "-1000.00000", "2017-09-30": "-400.00000", "2016-09-30": "-601.00000", "2015-09-30": "-2501.00000", "2014-09-30": "-1048.00000", "2013-09-30": "-1110.00000", "2012-09-30": "-797.00000", "2011-09-30": "-935.00000", "2010-09-30": "-100.00000", "2009-09-30": "-718.00000", "2008-09-30": "-1120.00000", "2007-09-30": "-853.00000", "2006-09-30": "-862.00000", "2005-09-30": "-668.00000"}, "Net Total Equity Issued/Repurchased": {"2020-09-30": "-942.00000", "2019-09-30": "-1250.00000", "2018-09-30": "-1000.00000", "2017-09-30": "-400.00000", "2016-09-30": "-601.00000", "2015-09-30": "-2501.00000", "2014-09-30": "-1048.00000", "2013-09-30": "-1110.00000", "2012-09-30": "-797.00000", "2011-09-30": "-935.00000", "2010-09-30": "-100.00000", "2009-09-30": "-718.00000", "2008-09-30": "-1120.00000", "2007-09-30": "-853.00000", "2006-09-30": "-862.00000", "2005-09-30": "-668.00000"}, "Total Common And Preferred Stock Dividends Paid": {"2020-09-30": "-1209.00000", "2019-09-30": "-1209.00000", "2018-09-30": "-1229.00000", "2017-09-30": "-1239.00000", "2016-09-30": "-1227.00000", "2015-09-30": "-1269.00000", "2014-09-30": "-1210.00000", "2013-09-30": "-1181.00000", "2012-09-30": "-1171.00000", "2011-09-30": "-1039.00000", "2010-09-30": "-1009.00000", "2009-09-30": "-998.00000", "2008-09-30": "-940.00000", "2007-09-30": "-837.00000", "2006-09-30": "-730.00000", "2005-09-30": "-694.00000"}, "Financial Activities - Other": {"2020-09-30": "2.00000", "2019-09-30": "39.00000", "2018-09-30": "35.00000", "2017-09-30": "27.00000", "2016-09-30": "-19.00000", "2015-09-30": "-19.00000", "2014-09-30": "-595.00000", "2013-09-30": "9.00000", "2012-09-30": "-21.00000", "2011-09-30": "-42.00000", "2010-09-30": "67.00000", "2009-09-30": "-116.00000", "2008-09-30": "-54.00000", "2007-09-30": "5.00000", "2006-09-30": "32.00000", "2005-09-30": "15.00000"}, "Cash Flow From Financial Activities": {"2020-09-30": "-509.00000", "2019-09-30": "-1391.00000", "2018-09-30": "-2092.00000", "2017-09-30": "-3591.00000", "2016-09-30": "-2045.00000", "2015-09-30": "-2948.00000", "2014-09-30": "-2559.00000", "2013-09-30": "-1933.00000", "2012-09-30": "-1899.00000", "2011-09-30": "-1887.00000", "2010-09-30": "-726.00000", "2009-09-30": "-1948.00000", "2008-09-30": "-1454.00000", "2007-09-30": "-1994.00000", "2006-09-30": "-1731.00000", "2005-09-30": "-1401.00000"}, "Net Cash Flow": {"2020-09-30": "1821.00000", "2019-09-30": "401.00000", "2018-09-30": "-1969.00000", "2017-09-30": "-120.00000", "2016-09-30": "128.00000", "2015-09-30": "-95.00000", "2014-09-30": "-126.00000", "2013-09-30": "908.00000", "2012-09-30": "315.00000", "2011-09-30": "460.00000", "2010-09-30": "32.00000", "2009-09-30": "-217.00000", "2008-09-30": "769.00000", "2007-09-30": "198.00000", "2006-09-30": "-423.00000", "2005-09-30": "-113.00000"}, "Stock-Based Compensation": {"2020-09-30": "110.00000", "2019-09-30": "120.00000", "2018-09-30": "216.00000", "2017-09-30": "110.00000", "2016-09-30": "", "2015-09-30": "", "2014-09-30": "", "2013-09-30": "", "2012-09-30": "", "2011-09-30": "", "2010-09-30": "", "2009-09-30": "", "2008-09-30": "", "2007-09-30": "", "2006-09-30": "", "2005-09-30": ""}, "Common Stock Dividends Paid": {"2020-09-30": "-1209.00000", "2019-09-30": "-1209.00000", "2018-09-30": "-1229.00000", "2017-09-30": "-1239.00000", "2016-09-30": "-1227.00000", "2015-09-30": "-1269.00000", "2014-09-30": "-1210.00000", "2013-09-30": "-1181.00000", "2012-09-30": "-1171.00000", "2011-09-30": "-1039.00000", "2010-09-30": "-1009.00000", "2009-09-30": "-998.00000", "2008-09-30": "-940.00000", "2007-09-30": "-837.00000", "2006-09-30": "-730.00000", "2005-09-30": "-694.00000"}}, "cash flow statement, quarterly": {"Net Income/Loss": {"2020-12-31": "452.00000", "2020-09-30": 730, "2020-06-30": 407, "2020-03-31": 524, "2019-12-31": "329.00000", "2019-09-30": 724, "2019-06-30": 612, "2019-03-31": 525, "2018-12-31": "467.00000", "2018-09-30": 622, "2018-06-30": 719, "2018-03-31": 489, "2017-12-31": "394.00000", "2017-09-30": 510, "2017-06-30": 425, "2017-03-31": 300, "2016-12-31": "315.00000", "2016-09-30": 445, "2016-06-30": 489, "2016-03-31": 377, "2015-12-31": "353.00000", "2015-09-30": 651, "2015-06-30": 574, "2015-03-31": 979, "2014-12-31": "529.00000", "2014-09-30": 415, "2014-06-30": 738, "2014-03-31": 554, "2013-12-31": "477.00000", "2013-09-30": 808, "2013-06-30": 214, "2013-03-31": 578, "2012-12-31": "466.00000", "2012-09-30": 300, "2012-06-30": 787, "2012-03-31": 556, "2011-12-31": "381.00000", "2011-09-30": 774, "2011-06-30": 698, "2011-03-31": 567, "2010-12-31": "491.00000", "2010-09-30": 761, "2010-06-30": 601, "2010-03-31": 418, "2009-12-31": "437.00000", "2009-09-30": 520, "2009-06-30": 398, "2009-03-31": 382, "2008-12-31": "471.00000", "2008-09-30": 762, "2008-06-30": 612, "2008-03-31": 547, "2007-12-31": "565.00000", "2007-09-30": 623, "2007-06-30": 574, "2007-03-31": 494, "2006-12-31": "445.00000", "2006-09-30": 526, "2006-06-30": 486, "2006-03-31": 434, "2005-12-31": "399.00000", "2005-09-30": 419, "2005-06-30": 358, "2005-03-31": 645}, "Total Depreciation And Amortization - Cash Flow": {"2020-12-31": "244.00000", "2020-09-30": 223, "2020-06-30": 209, "2020-03-31": 211, "2019-12-31": "211.00000", "2019-09-30": 213, "2019-06-30": 203, "2019-03-31": 204, "2018-12-31": "202.00000", "2018-09-30": 201, "2018-06-30": 179, "2018-03-31": 191, "2017-12-31": "187.00000", "2017-09-30": 182, "2017-06-30": 171, "2017-03-31": 140, "2016-12-31": "143.00000", "2016-09-30": 142, "2016-06-30": 140, "2016-03-31": 142, "2015-12-31": "144.00000", "2015-09-30": -40, "2015-06-30": 201, "2015-03-31": 205, "2014-12-31": "207.00000", "2014-09-30": -54, "2014-06-30": 204, "2014-03-31": 210, "2013-12-31": "209.00000", "2013-09-30": 228, "2013-06-30": 676, "2013-03-31": 205, "2012-12-31": "206.00000", "2012-09-30": 734, "2012-06-30": 211, "2012-03-31": 202, "2011-12-31": "204.00000", "2011-09-30": 236, "2011-06-30": 215, "2011-03-31": 216, "2010-12-31": "219.00000", "2010-09-30": 211, "2010-06-30": 203, "2010-03-31": 206, "2009-12-31": "196.00000", "2009-09-30": 185, "2009-06-30": 184, "2009-03-31": 182, "2008-12-31": "176.00000", "2008-09-30": 177, "2008-06-30": 180, "2008-03-31": 179, "2007-12-31": "171.00000", "2007-09-30": 165, "2007-06-30": 163, "2007-03-31": 167, "2006-12-31": "161.00000", "2006-09-30": 153, "2006-06-30": 160, "2006-03-31": 153, "2005-12-31": "141.00000", "2005-09-30": 142, "2005-06-30": 144, "2005-03-31": 276}, "Other Non-Cash Items": {"2020-12-31": "41.00000", "2020-09-30": 42, "2020-06-30": 52, "2020-03-31": -67, "2019-12-31": "64.00000", "2019-09-30": 65, "2019-06-30": -47, "2019-03-31": 24, "2018-12-31": "-36.00000", "2018-09-30": -2, "2018-06-30": -51, "2018-03-31": 20, "2017-12-31": "26.00000", "2017-09-30": 18, "2017-06-30": -90, "2017-03-31": -280, "2016-12-31": "-82.00000", "2016-09-30": 198, "2016-06-30": 68, "2016-03-31": 145, "2015-12-31": "145.00000", "2015-09-30": 141, "2015-06-30": -276, "2015-03-31": -488, "2014-12-31": "27.00000", "2014-09-30": 731, "2014-06-30": -40, "2014-03-31": 30, "2013-12-31": "59.00000", "2013-09-30": 109, "2013-06-30": 22, "2013-03-31": 9, "2012-12-31": "86.00000", "2012-09-30": 1, "2012-06-30": -18, "2012-03-31": -7, "2011-12-31": "42.00000", "2011-09-30": 77, "2011-06-30": 12, "2011-03-31": -13, "2010-12-31": "42.00000", "2010-09-30": 17, "2010-06-30": -96, "2010-03-31": -10, "2009-12-31": "39.00000", "2009-09-30": 96, "2009-06-30": -90, "2009-03-31": -26, "2008-12-31": "-12.00000", "2008-09-30": 32, "2008-06-30": 62, "2008-03-31": 34, "2007-12-31": "-6.00000", "2007-09-30": 36, "2007-06-30": -21, "2007-03-31": 24, "2006-12-31": "48.00000", "2006-09-30": 124, "2006-06-30": -29, "2006-03-31": 75, "2005-12-31": "42.00000", "2005-09-30": 49, "2005-06-30": -21, "2005-03-31": 65}, "Total Non-Cash Items": {"2020-12-31": "285.00000", "2020-09-30": 265, "2020-06-30": 261, "2020-03-31": 144, "2019-12-31": "275.00000", "2019-09-30": 278, "2019-06-30": 156, "2019-03-31": 228, "2018-12-31": "166.00000", "2018-09-30": 199, "2018-06-30": 128, "2018-03-31": 211, "2017-12-31": "213.00000", "2017-09-30": 200, "2017-06-30": 81, "2017-03-31": -140, "2016-12-31": "61.00000", "2016-09-30": 340, "2016-06-30": 208, "2016-03-31": 287, "2015-12-31": "289.00000", "2015-09-30": 101, "2015-06-30": -75, "2015-03-31": -283, "2014-12-31": "234.00000", "2014-09-30": 677, "2014-06-30": 164, "2014-03-31": 240, "2013-12-31": "268.00000", "2013-09-30": 337, "2013-06-30": 698, "2013-03-31": 214, "2012-12-31": "292.00000", "2012-09-30": 735, "2012-06-30": 193, "2012-03-31": 195, "2011-12-31": "246.00000", "2011-09-30": 313, "2011-06-30": 227, "2011-03-31": 203, "2010-12-31": "261.00000", "2010-09-30": 228, "2010-06-30": 107, "2010-03-31": 196, "2009-12-31": "235.00000", "2009-09-30": 281, "2009-06-30": 94, "2009-03-31": 156, "2008-12-31": "164.00000", "2008-09-30": 209, "2008-06-30": 242, "2008-03-31": 213, "2007-12-31": "165.00000", "2007-09-30": 201, "2007-06-30": 142, "2007-03-31": 191, "2006-12-31": "209.00000", "2006-09-30": 277, "2006-06-30": 131, "2006-03-31": 228, "2005-12-31": "183.00000", "2005-09-30": 191, "2005-06-30": 123, "2005-03-31": 341}, "Change In Accounts Receivable": {"2020-12-31": "232.00000", "2020-09-30": -249, "2020-06-30": 173, "2020-03-31": 2, "2019-12-31": "281.00000", "2019-09-30": -127, "2019-06-30": 3, "2019-03-31": -117, "2018-12-31": "292.00000", "2018-09-30": -202, "2018-06-30": -53, "2018-03-31": -108, "2017-12-31": "188.00000", "2017-09-30": -144, "2017-06-30": -71, "2017-03-31": -22, "2016-12-31": "212.00000", "2016-09-30": -91, "2016-06-30": -59, "2016-03-31": -46, "2015-12-31": "358.00000", "2015-09-30": -232, "2015-06-30": 65, "2015-03-31": -26, "2014-12-31": "434.00000", "2014-09-30": -270, "2014-06-30": -191, "2014-03-31": -148, "2013-12-31": "446.00000", "2013-09-30": -288, "2013-06-30": -214, "2013-03-31": -29, "2012-12-31": "447.00000", "2012-09-30": -357, "2012-06-30": -366, "2012-03-31": -239, "2011-12-31": "426.00000", "2011-09-30": -181, "2011-06-30": -176, "2011-03-31": -185, "2010-12-31": "67.00000", "2010-09-30": -113, "2010-06-30": -222, "2010-03-31": -63, "2009-12-31": "57.00000", "2009-09-30": 172, "2009-06-30": 219, "2009-03-31": 181, "2008-12-31": "439.00000", "2008-09-30": -96, "2008-06-30": -227, "2008-03-31": -113, "2007-12-31": "143.00000", "2007-09-30": -97, "2007-06-30": -147, "2007-03-31": -172, "2006-12-31": "67.00000", "2006-09-30": -21, "2006-06-30": -135, "2006-03-31": -114, "2005-12-31": "24.00000", "2005-09-30": -84, "2005-06-30": -80, "2005-03-31": -97}, "Change In Inventories": {"2020-12-31": "-37.00000", "2020-09-30": 212, "2020-06-30": -2, "2020-03-31": -49, "2019-12-31": "-167.00000", "2019-09-30": 130, "2019-06-30": -12, "2019-03-31": -35, "2018-12-31": "-170.00000", "2018-09-30": 150, "2018-06-30": 39, "2018-03-31": -23, "2017-12-31": "-149.00000", "2017-09-30": 157, "2017-06-30": 12, "2017-03-31": -34, "2016-12-31": "-103.00000", "2016-09-30": 142, "2016-06-30": -6, "2016-03-31": -10, "2015-12-31": "-68.00000", "2015-09-30": 254, "2015-06-30": -14, "2015-03-31": -56, "2014-12-31": "-195.00000", "2014-09-30": 151, "2014-06-30": -19, "2014-03-31": -74, "2013-12-31": "-161.00000", "2013-09-30": 279, "2013-06-30": 6, "2013-03-31": -31, "2012-12-31": "-171.00000", "2012-09-30": 255, "2012-06-30": -8, "2012-03-31": -57, "2011-12-31": "-239.00000", "2011-09-30": 252, "2011-06-30": -76, "2011-03-31": -67, "2010-12-31": "-97.00000", "2010-09-30": 75, "2010-06-30": -72, "2010-03-31": -141, "2009-12-31": "-22.00000", "2009-09-30": 252, "2009-06-30": 282, "2009-03-31": 210, "2008-12-31": "-164.00000", "2008-09-30": 115, "2008-06-30": -2, "2008-03-31": -33, "2007-12-31": "-170.00000", "2007-09-30": 117, "2007-06-30": 101, "2007-03-31": 52, "2006-12-31": "-174.00000", "2006-09-30": -5, "2006-06-30": -60, "2006-03-31": -84, "2005-12-31": "-125.00000", "2005-09-30": 66, "2005-06-30": 53, "2005-03-31": -111}, "Change In Accounts Payable": {"2020-12-31": "-37.00000", "2020-09-30": 243, "2020-06-30": -149, "2020-03-31": -65, "2019-12-31": "-225.00000", "2019-09-30": 119, "2019-06-30": 55, "2019-03-31": 36, "2018-12-31": "-247.00000", "2018-09-30": 212, "2018-06-30": 64, "2018-03-31": -32, "2017-12-31": "-129.00000", "2017-09-30": 142, "2017-06-30": 93, "2017-03-31": 19, "2016-12-31": "-119.00000", "2016-09-30": 71, "2016-06-30": 32, "2016-03-31": 75, "2015-12-31": "-200.00000", "2015-09-30": 31, "2015-06-30": 23, "2015-03-31": -33, "2014-12-31": "-277.00000", "2014-09-30": 179, "2014-06-30": 128, "2014-03-31": 76, "2013-12-31": "-151.00000", "2013-09-30": 77, "2013-06-30": 176, "2013-03-31": 17, "2012-12-31": "-256.00000", "2012-09-30": 135, "2012-06-30": 239, "2012-03-31": 88, "2011-12-31": "-319.00000", "2011-09-30": 69, "2011-06-30": 134, "2011-03-31": 174, "2010-12-31": "-183.00000", "2010-09-30": 191, "2010-06-30": 147, "2010-03-31": 188, "2009-12-31": "-28.00000", "2009-09-30": 91, "2009-06-30": -117, "2009-03-31": -259, "2008-12-31": "-424.00000", "2008-09-30": 174, "2008-06-30": 145, "2008-03-31": 124, "2007-12-31": "-244.00000", "2007-09-30": 226, "2007-06-30": 90, "2007-03-31": 15, "2006-12-31": "-227.00000", "2006-09-30": 264, "2006-06-30": 64, "2006-03-31": 86, "2005-12-31": "-90.00000", "2005-09-30": 219, "2005-06-30": -14, "2005-03-31": -44}, "Change In Assets/Liabilities": {"2020-12-31": "18.00000", "2020-09-30": -7, "2020-06-30": 8, "2020-03-31": 0, "2019-12-31": "32.00000", "2019-09-30": -13, "2019-06-30": 8, "2019-03-31": -73, "2018-12-31": "-9.00000", "2018-09-30": -27, "2018-06-30": -3, "2018-03-31": -26, "2017-12-31": "14.00000", "2017-09-30": 12, "2017-06-30": -35, "2017-03-31": 1, "2016-12-31": "10.00000", "2016-09-30": -24, "2016-06-30": 20, "2016-03-31": -18, "2015-12-31": "18.00000", "2015-09-30": 37, "2015-06-30": -137, "2015-03-31": -23, "2014-12-31": "-17.00000", "2014-09-30": 106, "2014-06-30": -57, "2014-03-31": -13, "2013-12-31": "25.00000", "2013-09-30": -2, "2013-06-30": -21, "2013-03-31": 4, "2012-12-31": "-13.00000", "2012-09-30": 93, "2012-06-30": -73, "2012-03-31": -35, "2011-12-31": "34.00000", "2011-09-30": -14, "2011-06-30": -4, "2011-03-31": -23, "2010-12-31": "82.00000", "2010-09-30": -2, "2010-06-30": -50, "2010-03-31": 4, "2009-12-31": "-21.00000", "2009-09-30": 26, "2009-06-30": 40, "2009-03-31": 61, "2008-12-31": "-85.00000", "2008-09-30": 20, "2008-06-30": -57, "2008-03-31": -18, "2007-12-31": "74.00000", "2007-09-30": 84, "2007-06-30": -27, "2007-03-31": -27, "2006-12-31": "6.00000", "2006-09-30": 10, "2006-06-30": 8, "2006-03-31": -37, "2005-12-31": "55.00000", "2005-09-30": -37, "2005-06-30": -4, "2005-03-31": -3}, "Total Change In Assets/Liabilities": {"2020-12-31": "71.00000", "2020-09-30": 234, "2020-06-30": 174, "2020-03-31": -80, "2019-12-31": "-180.00000", "2019-09-30": 202, "2019-06-30": 178, "2019-03-31": -220, "2018-12-31": "-310.00000", "2018-09-30": 203, "2018-06-30": 77, "2018-03-31": -203, "2017-12-31": "-160.00000", "2017-09-30": 144, "2017-06-30": 142, "2017-03-31": 12, "2016-12-31": "-138.00000", "2016-09-30": 172, "2016-06-30": 21, "2016-03-31": 55, "2015-12-31": "-155.00000", "2015-09-30": 349, "2015-06-30": 0, "2015-03-31": -338, "2014-12-31": "-192.00000", "2014-09-30": 316, "2014-06-30": 116, "2014-03-31": -219, "2013-12-31": "-54.00000", "2013-09-30": 301, "2013-06-30": 78, "2013-03-31": -218, "2012-12-31": "-119.00000", "2012-09-30": 276, "2012-06-30": -134, "2012-03-31": -189, "2011-12-31": "-293.00000", "2011-09-30": 168, "2011-06-30": -22, "2011-03-31": -17, "2010-12-31": "-430.00000", "2010-09-30": 281, "2010-06-30": -5, "2010-03-31": 18, "2009-12-31": "15.00000", "2009-09-30": 551, "2009-06-30": 424, "2009-03-31": -39, "2008-12-31": "-316.00000", "2008-09-30": 324, "2008-06-30": -27, "2008-03-31": -12, "2007-12-31": "-307.00000", "2007-09-30": 418, "2007-06-30": 183, "2007-03-31": -137, "2006-12-31": "-327.00000", "2006-09-30": 221, "2006-06-30": 3, "2006-03-31": -113, "2005-12-31": "-263.00000", "2005-09-30": 269, "2005-06-30": 125, "2005-03-31": -284}, "Cash Flow From Operating Activities": {"2020-12-31": "808.00000", "2020-09-30": 1229, "2020-06-30": 842, "2020-03-31": 588, "2019-12-31": "424.00000", "2019-09-30": 1204, "2019-06-30": 946, "2019-03-31": 533, "2018-12-31": "323.00000", "2018-09-30": 1024, "2018-06-30": 924, "2018-03-31": 497, "2017-12-31": "447.00000", "2017-09-30": 854, "2017-06-30": 648, "2017-03-31": 172, "2016-12-31": "238.00000", "2016-09-30": 957, "2016-06-30": 718, "2016-03-31": 719, "2015-12-31": "487.00000", "2015-09-30": 1101, "2015-06-30": 499, "2015-03-31": 358, "2014-12-31": "571.00000", "2014-09-30": 1408, "2014-06-30": 1018, "2014-03-31": 575, "2013-12-31": "691.00000", "2013-09-30": 1446, "2013-06-30": 990, "2013-03-31": 574, "2012-12-31": "639.00000", "2012-09-30": 1311, "2012-06-30": 846, "2012-03-31": 562, "2011-12-31": "334.00000", "2011-09-30": 1255, "2011-06-30": 903, "2011-03-31": 753, "2010-12-31": "322.00000", "2010-09-30": 1270, "2010-06-30": 703, "2010-03-31": 632, "2009-12-31": "687.00000", "2009-09-30": 1352, "2009-06-30": 916, "2009-03-31": 499, "2008-12-31": "319.00000", "2008-09-30": 1295, "2008-06-30": 827, "2008-03-31": 748, "2007-12-31": "423.00000", "2007-09-30": 1242, "2007-06-30": 899, "2007-03-31": 548, "2006-12-31": "327.00000", "2006-09-30": 1024, "2006-06-30": 620, "2006-03-31": 549, "2005-12-31": "319.00000", "2005-09-30": 879, "2005-06-30": 606, "2005-03-31": 702}, "Net Change In Property, Plant, And Equipment": {"2020-12-31": "-122.00000", "2020-09-30": -209, "2020-06-30": -104, "2020-03-31": -111, "2019-12-31": "-114.00000", "2019-09-30": -199, "2019-06-30": -121, "2019-03-31": -119, "2018-12-31": "-155.00000", "2018-09-30": -303, "2018-06-30": -120, "2018-03-31": -98, "2017-12-31": "-96.00000", "2017-09-30": -176, "2017-06-30": -106, "2017-03-31": -94, "2016-12-31": "-100.00000", "2016-09-30": -146, "2016-06-30": -91, "2016-03-31": -86, "2015-12-31": "-124.00000", "2015-09-30": -72, "2015-06-30": -157, "2015-03-31": -152, "2014-12-31": "-207.00000", "2014-09-30": -78, "2014-06-30": -176, "2014-03-31": -161, "2013-12-31": "-236.00000", "2013-09-30": -241, "2013-06-30": -140, "2013-03-31": -97, "2012-12-31": "-200.00000", "2012-09-30": -237, "2012-06-30": -141, "2012-03-31": -157, "2011-12-31": "-130.00000", "2011-09-30": -244, "2011-06-30": -195, "2011-03-31": -126, "2010-12-31": "-82.00000", "2010-09-30": -224, "2010-06-30": -122, "2010-03-31": -89, "2009-12-31": "-89.00000", "2009-09-30": -143, "2009-06-30": -116, "2009-03-31": -140, "2008-12-31": "-132.00000", "2008-09-30": -253, "2008-06-30": -155, "2008-03-31": -179, "2007-12-31": "-127.00000", "2007-09-30": -261, "2007-06-30": -144, "2007-03-31": -155, "2006-12-31": "-121.00000", "2006-09-30": -247, "2006-06-30": -140, "2006-03-31": -113, "2005-12-31": "-101.00000", "2005-09-30": -168, "2005-06-30": -118, "2005-03-31": -232}, "Net Change In Intangible Assets": {"2020-12-31": "", "2020-09-30": 0, "2020-06-30": 0, "2020-03-31": 0, "2019-12-31": "", "2019-09-30": 0, "2019-06-30": 0, "2019-03-31": 0, "2018-12-31": "", "2018-09-30": 0, "2018-06-30": 0, "2018-03-31": 0, "2017-12-31": "", "2017-09-30": 0, "2017-06-30": 0, "2017-03-31": 0, "2016-12-31": "", "2016-09-30": 0, "2016-06-30": 0, "2016-03-31": 0, "2015-12-31": "", "2015-09-30": 0, "2015-06-30": 0, "2015-03-31": 0, "2014-12-31": "", "2014-09-30": 0, "2014-06-30": 0, "2014-03-31": 0, "2013-12-31": "", "2013-09-30": 0, "2013-06-30": 0, "2013-03-31": 0, "2012-12-31": "", "2012-09-30": 0, "2012-06-30": 0, "2012-03-31": 0, "2011-12-31": "", "2011-09-30": 0, "2011-06-30": 0, "2011-03-31": 0, "2010-12-31": "", "2010-09-30": 0, "2010-06-30": 0, "2010-03-31": 0, "2009-12-31": "", "2009-09-30": 0, "2009-06-30": 0, "2009-03-31": 0, "2008-12-31": "", "2008-09-30": 0, "2008-06-30": 0, "2008-03-31": 0, "2007-12-31": "", "2007-09-30": 0, "2007-06-30": 0, "2007-03-31": 0, "2006-12-31": "", "2006-09-30": 0, "2006-06-30": 0, "2006-03-31": 0, "2005-12-31": "", "2005-09-30": 0, "2005-06-30": 0, "2005-03-31": 0}, "Net Acquisitions/Divestitures": {"2020-12-31": "-1611.00000", "2020-09-30": -12, "2020-06-30": -18, "2020-03-31": -96, "2019-12-31": "", "2019-09-30": -80, "2019-06-30": -137, "2019-03-31": -165, "2018-12-31": "-73.00000", "2018-09-30": -1455, "2018-06-30": 2, "2018-03-31": -271, "2017-12-31": "-278.00000", "2017-09-30": 0, "2017-06-30": -2935, "2017-03-31": 0, "2016-12-31": "-16.00000", "2016-09-30": -70, "2016-06-30": -51, "2016-03-31": -5, "2015-12-31": "-6.00000", "2015-09-30": 339, "2015-06-30": -97, "2015-03-31": 1389, "2014-12-31": "-143.00000", "2014-09-30": 99, "2014-06-30": -38, "2014-03-31": 0, "2013-12-31": "-308.00000", "2013-09-30": 1, "2013-06-30": -20, "2013-03-31": 0, "2012-12-31": "3.00000", "2012-09-30": 116, "2012-06-30": -11, "2012-03-31": -167, "2011-12-31": "", "2011-09-30": 99, "2011-06-30": -42, "2011-03-31": -147, "2010-12-31": "-39.00000", "2010-09-30": -625, "2010-06-30": -32, "2010-03-31": -39, "2009-12-31": "-1301.00000", "2009-09-30": -37, "2009-06-30": -302, "2009-03-31": -162, "2008-12-31": "-271.00000", "2008-09-30": 52, "2008-06-30": 28, "2008-03-31": -63, "2007-12-31": "-377.00000", "2007-09-30": -108, "2007-06-30": -15, "2007-03-31": -172, "2006-12-31": "", "2006-09-30": -44, "2006-06-30": -439, "2006-03-31": -212, "2005-12-31": "-57.00000", "2005-09-30": -174, "2005-06-30": -95, "2005-03-31": -97}, "Net Change In Short-term Investments": {"2020-12-31": "", "2020-09-30": 0, "2020-06-30": 0, "2020-03-31": 0, "2019-12-31": "", "2019-09-30": 0, "2019-06-30": 0, "2019-03-31": 0, "2018-12-31": "", "2018-09-30": 0, "2018-06-30": 0, "2018-03-31": 0, "2017-12-31": "", "2017-09-30": 0, "2017-06-30": 0, "2017-03-31": 0, "2016-12-31": "", "2016-09-30": 0, "2016-06-30": 0, "2016-03-31": 0, "2015-12-31": "", "2015-09-30": 0, "2015-06-30": 0, "2015-03-31": 0, "2014-12-31": "", "2014-09-30": 0, "2014-06-30": 0, "2014-03-31": 0, "2013-12-31": "", "2013-09-30": 0, "2013-06-30": 0, "2013-03-31": 0, "2012-12-31": "", "2012-09-30": 0, "2012-06-30": 0, "2012-03-31": 0, "2011-12-31": "", "2011-09-30": 0, "2011-06-30": 0, "2011-03-31": 0, "2010-12-31": "", "2010-09-30": 0, "2010-06-30": 0, "2010-03-31": 0, "2009-12-31": "", "2009-09-30": 0, "2009-06-30": 0, "2009-03-31": 0, "2008-12-31": "", "2008-09-30": 0, "2008-06-30": 0, "2008-03-31": 0, "2007-12-31": "", "2007-09-30": 0, "2007-06-30": 0, "2007-03-31": 0, "2006-12-31": "", "2006-09-30": 0, "2006-06-30": 0, "2006-03-31": 0, "2005-12-31": "", "2005-09-30": 0, "2005-06-30": 0, "2005-03-31": 0}, "Net Change In Long-Term Investments": {"2020-12-31": "", "2020-09-30": 0, "2020-06-30": 0, "2020-03-31": 0, "2019-12-31": "", "2019-09-30": 0, "2019-06-30": 0, "2019-03-31": 0, "2018-12-31": "", "2018-09-30": 0, "2018-06-30": 0, "2018-03-31": 0, "2017-12-31": "", "2017-09-30": 0, "2017-06-30": 0, "2017-03-31": 0, "2016-12-31": "", "2016-09-30": 0, "2016-06-30": 0, "2016-03-31": 0, "2015-12-31": "", "2015-09-30": 0, "2015-06-30": 0, "2015-03-31": 0, "2014-12-31": "", "2014-09-30": 0, "2014-06-30": 0, "2014-03-31": 0, "2013-12-31": "", "2013-09-30": 0, "2013-06-30": 0, "2013-03-31": 0, "2012-12-31": "", "2012-09-30": 0, "2012-06-30": 0, "2012-03-31": 0, "2011-12-31": "", "2011-09-30": 0, "2011-06-30": 0, "2011-03-31": 0, "2010-12-31": "", "2010-09-30": 0, "2010-06-30": 0, "2010-03-31": 0, "2009-12-31": "", "2009-09-30": 0, "2009-06-30": 0, "2009-03-31": 0, "2008-12-31": "", "2008-09-30": 0, "2008-06-30": 0, "2008-03-31": 0, "2007-12-31": "", "2007-09-30": 0, "2007-06-30": 0, "2007-03-31": 0, "2006-12-31": "", "2006-09-30": 0, "2006-06-30": 0, "2006-03-31": 0, "2005-12-31": "", "2005-09-30": 0, "2005-06-30": 0, "2005-03-31": 0}, "Net Change In Investments - Total": {"2020-12-31": "", "2020-09-30": 0, "2020-06-30": 0, "2020-03-31": 0, "2019-12-31": "", "2019-09-30": 0, "2019-06-30": 0, "2019-03-31": 0, "2018-12-31": "", "2018-09-30": 0, "2018-06-30": 0, "2018-03-31": 0, "2017-12-31": "", "2017-09-30": 0, "2017-06-30": 0, "2017-03-31": 0, "2016-12-31": "", "2016-09-30": 0, "2016-06-30": 0, "2016-03-31": 0, "2015-12-31": "", "2015-09-30": 0, "2015-06-30": 0, "2015-03-31": 0, "2014-12-31": "", "2014-09-30": 0, "2014-06-30": 0, "2014-03-31": 0, "2013-12-31": "", "2013-09-30": 0, "2013-06-30": 0, "2013-03-31": 0, "2012-12-31": "", "2012-09-30": 0, "2012-06-30": 0, "2012-03-31": 0, "2011-12-31": "", "2011-09-30": 0, "2011-06-30": 0, "2011-03-31": 0, "2010-12-31": "", "2010-09-30": 0, "2010-06-30": 0, "2010-03-31": 0, "2009-12-31": "", "2009-09-30": 0, "2009-06-30": 0, "2009-03-31": 0, "2008-12-31": "", "2008-09-30": 0, "2008-06-30": 0, "2008-03-31": 0, "2007-12-31": "", "2007-09-30": 0, "2007-06-30": 0, "2007-03-31": 0, "2006-12-31": "", "2006-09-30": 0, "2006-06-30": 0, "2006-03-31": 0, "2005-12-31": "", "2005-09-30": 0, "2005-06-30": 0, "2005-03-31": 0}, "Investing Activities - Other": {"2020-12-31": "13.00000", "2020-09-30": -11, "2020-06-30": -23, "2020-03-31": -25, "2019-12-31": "-17.00000", "2019-09-30": -34, "2019-06-30": -26, "2019-03-31": -34, "2018-12-31": "-31.00000", "2018-09-30": -30, "2018-06-30": -29, "2018-03-31": -24, "2017-12-31": "-18.00000", "2017-09-30": -1, "2017-06-30": -59, "2017-03-31": 1127, "2016-12-31": "3874.00000", "2016-09-30": -37, "2016-06-30": -43, "2016-03-31": 66, "2015-12-31": "-33.00000", "2015-09-30": -223, "2015-06-30": 0, "2015-03-31": -60, "2014-12-31": "-26.00000", "2014-09-30": -154, "2014-06-30": -52, "2014-03-31": -44, "2013-12-31": "-11.00000", "2013-09-30": -19, "2013-06-30": -28, "2013-03-31": -26, "2012-12-31": "-22.00000", "2012-09-30": -39, "2012-06-30": 3, "2012-03-31": -33, "2011-12-31": "-10.00000", "2011-09-30": -30, "2011-06-30": -9, "2011-03-31": -17, "2010-12-31": "-16.00000", "2010-09-30": -13, "2010-06-30": -14, "2010-03-31": -7, "2009-12-31": "38.00000", "2009-09-30": -24, "2009-06-30": -19, "2009-03-31": 49, "2008-12-31": "-12.00000", "2008-09-30": -140, "2008-06-30": -26, "2008-03-31": -15, "2007-12-31": "183.00000", "2007-09-30": 34, "2007-06-30": -14, "2007-03-31": 43, "2006-12-31": "43.00000", "2006-09-30": 109, "2006-06-30": 15, "2006-03-31": 18, "2005-12-31": "-5.00000", "2005-09-30": 9, "2005-06-30": -5, "2005-03-31": -16}, "Cash Flow From Investing Activities": {"2020-12-31": "-1720.00000", "2020-09-30": -232, "2020-06-30": -145, "2020-03-31": -232, "2019-12-31": "-131.00000", "2019-09-30": -313, "2019-06-30": -284, "2019-03-31": -318, "2018-12-31": "-259.00000", "2018-09-30": -1788, "2018-06-30": -147, "2018-03-31": -393, "2017-12-31": "-392.00000", "2017-09-30": -177, "2017-06-30": -3100, "2017-03-31": 1033, "2016-12-31": "3758.00000", "2016-09-30": -253, "2016-06-30": -185, "2016-03-31": -25, "2015-12-31": "-163.00000", "2015-09-30": 44, "2015-06-30": -254, "2015-03-31": 1177, "2014-12-31": "-376.00000", "2014-09-30": -133, "2014-06-30": -266, "2014-03-31": -205, "2013-12-31": "-555.00000", "2013-09-30": -259, "2013-06-30": -188, "2013-03-31": -123, "2012-12-31": "-219.00000", "2012-09-30": -160, "2012-06-30": -149, "2012-03-31": -357, "2011-12-31": "-140.00000", "2011-09-30": -175, "2011-06-30": -246, "2011-03-31": -290, "2010-12-31": "-137.00000", "2010-09-30": -862, "2010-06-30": -168, "2010-03-31": -135, "2009-12-31": "-1352.00000", "2009-09-30": -204, "2009-06-30": -437, "2009-03-31": -253, "2008-12-31": "-415.00000", "2008-09-30": -341, "2008-06-30": -153, "2008-03-31": -257, "2007-12-31": "-321.00000", "2007-09-30": -335, "2007-06-30": -173, "2007-03-31": -284, "2006-12-31": "-78.00000", "2006-09-30": -182, "2006-06-30": -564, "2006-03-31": -307, "2005-12-31": "-163.00000", "2005-09-30": -333, "2005-06-30": -218, "2005-03-31": -345}, "Net Long-Term Debt": {"2020-12-31": "-301.00000", "2020-09-30": 744, "2020-06-30": 1488, "2020-03-31": 0, "2019-12-31": "-502.00000", "2019-09-30": -1, "2019-06-30": 307, "2019-03-31": 1132, "2018-12-31": "-403.00000", "2018-09-30": 10, "2018-06-30": 0, "2018-03-31": 0, "2017-12-31": "-251.00000", "2017-09-30": -1, "2017-06-30": -1, "2017-03-31": -1, "2016-12-31": "-251.00000", "2016-09-30": -2, "2016-06-30": 1, "2016-03-31": -2, "2015-12-31": "-251.00000", "2015-09-30": 0, "2015-06-30": 747, "2015-03-31": 0, "2014-12-31": "-251.00000", "2014-09-30": -6, "2014-06-30": -1, "2014-03-31": -7, "2013-12-31": "-314.00000", "2013-09-30": -3, "2013-06-30": -251, "2013-03-31": 493, "2012-12-31": "-264.00000", "2012-09-30": -3, "2012-06-30": -6, "2012-03-31": 1, "2011-12-31": "-250.00000", "2011-09-30": -2, "2011-06-30": 0, "2011-03-31": -24, "2010-12-31": "-30.00000", "2010-09-30": -633, "2010-06-30": 5, "2010-03-31": -14, "2009-12-31": "560.00000", "2009-09-30": -6, "2009-06-30": 512, "2009-03-31": 246, "2008-12-31": "-184.00000", "2008-09-30": -251, "2008-06-30": -8, "2008-03-31": 398, "2007-12-31": "", "2007-09-30": -2, "2007-06-30": 248, "2007-03-31": -2, "2006-12-31": "247.00000", "2006-09-30": -5, "2006-06-30": -3, "2006-03-31": 2, "2005-12-31": "-254.00000", "2005-09-30": 243, "2005-06-30": -601, "2005-03-31": -16}, "Net Current Debt": {"2020-12-31": "340.00000", "2020-09-30": -565, "2020-06-30": -2034, "2020-03-31": 1755, "2019-12-31": "754.00000", "2019-09-30": -433, "2019-06-30": -424, "2019-03-31": -750, "2018-12-31": "1601.00000", "2018-09-30": -1238, "2018-06-30": 799, "2018-03-31": -279, "2017-12-31": "1061.00000", "2017-09-30": -499, "2017-06-30": 1092, "2017-03-31": -3, "2016-12-31": "-2315.00000", "2016-09-30": -636, "2016-06-30": -12, "2016-03-31": -157, "2015-12-31": "861.00000", "2015-09-30": -600, "2015-06-30": 91, "2015-03-31": -145, "2014-12-31": "999.00000", "2014-09-30": -511, "2014-06-30": 43, "2014-03-31": 703, "2013-12-31": "387.00000", "2013-09-30": 101, "2013-06-30": 252, "2013-03-31": -403, "2012-12-31": "424.00000", "2012-09-30": -554, "2012-06-30": 11, "2012-03-31": 225, "2011-12-31": "666.00000", "2011-09-30": -13, "2011-06-30": 91, "2011-03-31": -9, "2010-12-31": "116.00000", "2010-09-30": -1349, "2010-06-30": 1022, "2010-03-31": 63, "2009-12-31": "662.00000", "2009-09-30": -724, "2009-06-30": -846, "2009-03-31": -82, "2008-12-31": "968.00000", "2008-09-30": -253, "2008-06-30": 86, "2008-03-31": -362, "2007-12-31": "1050.00000", "2007-09-30": -809, "2007-06-30": -389, "2007-03-31": 128, "2006-12-31": "270.00000", "2006-09-30": -83, "2006-06-30": 483, "2006-03-31": -49, "2005-12-31": "-262.00000", "2005-09-30": -752, "2005-06-30": 658, "2005-03-31": 414}, "Debt Issuance/Retirement Net - Total": {"2020-12-31": "39.00000", "2020-09-30": 179, "2020-06-30": -546, "2020-03-31": 1755, "2019-12-31": "252.00000", "2019-09-30": -434, "2019-06-30": -117, "2019-03-31": 382, "2018-12-31": "1198.00000", "2018-09-30": -1228, "2018-06-30": 799, "2018-03-31": -279, "2017-12-31": "810.00000", "2017-09-30": -500, "2017-06-30": 1091, "2017-03-31": -4, "2016-12-31": "-2566.00000", "2016-09-30": -638, "2016-06-30": -11, "2016-03-31": -159, "2015-12-31": "610.00000", "2015-09-30": -600, "2015-06-30": 838, "2015-03-31": -145, "2014-12-31": "748.00000", "2014-09-30": -517, "2014-06-30": 42, "2014-03-31": 696, "2013-12-31": "73.00000", "2013-09-30": 98, "2013-06-30": 1, "2013-03-31": 90, "2012-12-31": "160.00000", "2012-09-30": -557, "2012-06-30": 5, "2012-03-31": 226, "2011-12-31": "416.00000", "2011-09-30": -15, "2011-06-30": 91, "2011-03-31": -33, "2010-12-31": "86.00000", "2010-09-30": -1982, "2010-06-30": 1027, "2010-03-31": 49, "2009-12-31": "1222.00000", "2009-09-30": -730, "2009-06-30": -334, "2009-03-31": 164, "2008-12-31": "784.00000", "2008-09-30": -504, "2008-06-30": 78, "2008-03-31": 36, "2007-12-31": "1050.00000", "2007-09-30": -811, "2007-06-30": -141, "2007-03-31": 126, "2006-12-31": "517.00000", "2006-09-30": -88, "2006-06-30": 480, "2006-03-31": -47, "2005-12-31": "-516.00000", "2005-09-30": -509, "2005-06-30": 57, "2005-03-31": 398}, "Net Common Equity Issued/Repurchased": {"2020-12-31": "-13.00000", "2020-09-30": 0, "2020-06-30": 0, "2020-03-31": -813, "2019-12-31": "-129.00000", "2019-09-30": -250, "2019-06-30": 0, "2019-03-31": -214, "2018-12-31": "-786.00000", "2018-09-30": 0, "2018-06-30": -250, "2018-03-31": -250, "2017-12-31": "-500.00000", "2017-09-30": 0, "2017-06-30": -280, "2017-03-31": -120, "2016-12-31": "", "2016-09-30": -46, "2016-06-30": 0, "2016-03-31": -48, "2015-12-31": "-507.00000", "2015-09-30": -460, "2015-06-30": -690, "2015-03-31": -842, "2014-12-31": "-509.00000", "2014-09-30": -265, "2014-06-30": -187, "2014-03-31": -206, "2013-12-31": "-390.00000", "2013-09-30": -537, "2013-06-30": -302, "2013-03-31": -158, "2012-12-31": "-113.00000", "2012-09-30": -270, "2012-06-30": -198, "2012-03-31": -85, "2011-12-31": "-244.00000", "2011-09-30": -440, "2011-06-30": -319, "2011-03-31": -125, "2010-12-31": "-51.00000", "2010-09-30": -29, "2010-06-30": -47, "2010-03-31": -24, "2009-12-31": "", "2009-09-30": 0, "2009-06-30": 0, "2009-03-31": -285, "2008-12-31": "-433.00000", "2008-09-30": -393, "2008-06-30": -244, "2008-03-31": -289, "2007-12-31": "-194.00000", "2007-09-30": -225, "2007-06-30": -150, "2007-03-31": -195, "2006-12-31": "-283.00000", "2006-09-30": -451, "2006-06-30": -300, "2006-03-31": -70, "2005-12-31": "-41.00000", "2005-09-30": -199, "2005-06-30": -242, "2005-03-31": -227}, "Net Total Equity Issued/Repurchased": {"2020-12-31": "-13.00000", "2020-09-30": 0, "2020-06-30": 0, "2020-03-31": -813, "2019-12-31": "-129.00000", "2019-09-30": -250, "2019-06-30": 0, "2019-03-31": -214, "2018-12-31": "-786.00000", "2018-09-30": 0, "2018-06-30": -250, "2018-03-31": -250, "2017-12-31": "-500.00000", "2017-09-30": 0, "2017-06-30": -280, "2017-03-31": -120, "2016-12-31": "", "2016-09-30": -46, "2016-06-30": 0, "2016-03-31": -48, "2015-12-31": "-507.00000", "2015-09-30": -460, "2015-06-30": -690, "2015-03-31": -842, "2014-12-31": "-509.00000", "2014-09-30": -265, "2014-06-30": -187, "2014-03-31": -206, "2013-12-31": "-390.00000", "2013-09-30": -537, "2013-06-30": -302, "2013-03-31": -158, "2012-12-31": "-113.00000", "2012-09-30": -270, "2012-06-30": -198, "2012-03-31": -85, "2011-12-31": "-244.00000", "2011-09-30": -440, "2011-06-30": -319, "2011-03-31": -125, "2010-12-31": "-51.00000", "2010-09-30": -29, "2010-06-30": -47, "2010-03-31": -24, "2009-12-31": "", "2009-09-30": 0, "2009-06-30": 0, "2009-03-31": -285, "2008-12-31": "-433.00000", "2008-09-30": -393, "2008-06-30": -244, "2008-03-31": -289, "2007-12-31": "-194.00000", "2007-09-30": -225, "2007-06-30": -150, "2007-03-31": -195, "2006-12-31": "-283.00000", "2006-09-30": -451, "2006-06-30": -300, "2006-03-31": -70, "2005-12-31": "-41.00000", "2005-09-30": -199, "2005-06-30": -242, "2005-03-31": -227}, "Total Common And Preferred Stock Dividends Paid": {"2020-12-31": "-303.00000", "2020-09-30": -299, "2020-06-30": -299, "2020-03-31": -306, "2019-12-31": "-305.00000", "2019-09-30": -300, "2019-06-30": -302, "2019-03-31": -302, "2018-12-31": "-305.00000", "2018-09-30": -305, "2018-06-30": -306, "2018-03-31": -307, "2017-12-31": "-311.00000", "2017-09-30": -309, "2017-06-30": -309, "2017-03-31": -310, "2016-12-31": "-311.00000", "2016-09-30": -305, "2016-06-30": -306, "2016-03-31": -306, "2015-12-31": "-310.00000", "2015-09-30": -309, "2015-06-30": -313, "2015-03-31": -321, "2014-12-31": "-326.00000", "2014-09-30": -300, "2014-06-30": -304, "2014-03-31": -302, "2013-12-31": "-304.00000", "2013-09-30": -293, "2013-06-30": -295, "2013-03-31": -296, "2012-12-31": "-297.00000", "2012-09-30": -290, "2012-06-30": -293, "2012-03-31": -294, "2011-12-31": "-294.00000", "2011-09-30": -258, "2011-06-30": -259, "2011-03-31": -261, "2010-12-31": "-261.00000", "2010-09-30": -253, "2010-06-30": -252, "2010-03-31": -253, "2009-12-31": "-251.00000", "2009-09-30": -249, "2009-06-30": -247, "2009-03-31": -250, "2008-12-31": "-252.00000", "2008-09-30": -232, "2008-06-30": -235, "2008-03-31": -236, "2007-12-31": "-237.00000", "2007-09-30": -208, "2007-06-30": -208, "2007-03-31": -210, "2006-12-31": "-211.00000", "2006-09-30": -180, "2006-06-30": -183, "2006-03-31": -184, "2005-12-31": "-183.00000", "2005-09-30": -172, "2005-06-30": -173, "2005-03-31": -349}, "Financial Activities - Other": {"2020-12-31": "42.00000", "2020-09-30": -26, "2020-06-30": -11, "2020-03-31": 19, "2019-12-31": "20.00000", "2019-09-30": 18, "2019-06-30": -8, "2019-03-31": 38, "2018-12-31": "-9.00000", "2018-09-30": 1, "2018-06-30": 40, "2018-03-31": 24, "2017-12-31": "-30.00000", "2017-09-30": -5, "2017-06-30": 3, "2017-03-31": 72, "2016-12-31": "-43.00000", "2016-09-30": -6, "2016-06-30": -8, "2016-03-31": -1, "2015-12-31": "-4.00000", "2015-09-30": -7, "2015-06-30": 8, "2015-03-31": 39, "2014-12-31": "-59.00000", "2014-09-30": -2, "2014-06-30": 18, "2014-03-31": -557, "2013-12-31": "-54.00000", "2013-09-30": -3, "2013-06-30": -2, "2013-03-31": 22, "2012-12-31": "-8.00000", "2012-09-30": 16, "2012-06-30": -8, "2012-03-31": 19, "2011-12-31": "-48.00000", "2011-09-30": -10, "2011-06-30": 1, "2011-03-31": 22, "2010-12-31": "-55.00000", "2010-09-30": -42, "2010-06-30": 60, "2010-03-31": 64, "2009-12-31": "-15.00000", "2009-09-30": -22, "2009-06-30": -51, "2009-03-31": -8, "2008-12-31": "-35.00000", "2008-09-30": -9, "2008-06-30": 0, "2008-03-31": 16, "2007-12-31": "-61.00000", "2007-09-30": -2, "2007-06-30": 1, "2007-03-31": 12, "2006-12-31": "-6.00000", "2006-09-30": -6, "2006-06-30": 23, "2006-03-31": 32, "2005-12-31": "-17.00000", "2005-09-30": 5, "2005-06-30": -5, "2005-03-31": 15}, "Cash Flow From Financial Activities": {"2020-12-31": "-235.00000", "2020-09-30": -146, "2020-06-30": -856, "2020-03-31": 655, "2019-12-31": "-162.00000", "2019-09-30": -966, "2019-06-30": -427, "2019-03-31": -96, "2018-12-31": "98.00000", "2018-09-30": -1532, "2018-06-30": 283, "2018-03-31": -812, "2017-12-31": "-31.00000", "2017-09-30": -814, "2017-06-30": 505, "2017-03-31": -362, "2016-12-31": "-2920.00000", "2016-09-30": -995, "2016-06-30": -325, "2016-03-31": -514, "2015-12-31": "-211.00000", "2015-09-30": -1376, "2015-06-30": -157, "2015-03-31": -1269, "2014-12-31": "-146.00000", "2014-09-30": -1084, "2014-06-30": -431, "2014-03-31": -369, "2013-12-31": "-675.00000", "2013-09-30": -735, "2013-06-30": -598, "2013-03-31": -342, "2012-12-31": "-258.00000", "2012-09-30": -1101, "2012-06-30": -494, "2012-03-31": -134, "2011-12-31": "-170.00000", "2011-09-30": -723, "2011-06-30": -486, "2011-03-31": -397, "2010-12-31": "-281.00000", "2010-09-30": -2306, "2010-06-30": 788, "2010-03-31": -164, "2009-12-31": "956.00000", "2009-09-30": -1001, "2009-06-30": -632, "2009-03-31": -379, "2008-12-31": "64.00000", "2008-09-30": -1138, "2008-06-30": -401, "2008-03-31": -473, "2007-12-31": "558.00000", "2007-09-30": -1246, "2007-06-30": -498, "2007-03-31": -267, "2006-12-31": "17.00000", "2006-09-30": -725, "2006-06-30": 20, "2006-03-31": -269, "2005-12-31": "-757.00000", "2005-09-30": -875, "2005-06-30": -363, "2005-03-31": -163}, "Net Cash Flow": {"2020-12-31": "-1118.00000", "2020-09-30": 865, "2020-06-30": -133, "2020-03-31": 948, "2019-12-31": "141.00000", "2019-09-30": -109, "2019-06-30": 219, "2019-03-31": 136, "2018-12-31": "155.00000", "2018-09-30": -2318, "2018-06-30": 967, "2018-03-31": -652, "2017-12-31": "34.00000", "2017-09-30": -78, "2017-06-30": -1899, "2017-03-31": 888, "2016-12-31": "969.00000", "2016-09-30": -334, "2016-06-30": 194, "2016-03-31": 213, "2015-12-31": "55.00000", "2015-09-30": -339, "2015-06-30": 137, "2015-03-31": 134, "2014-12-31": "-27.00000", "2014-09-30": 100, "2014-06-30": 325, "2014-03-31": -13, "2013-12-31": "-538.00000", "2013-09-30": 465, "2013-06-30": 195, "2013-03-31": 88, "2012-12-31": "160.00000", "2012-09-30": 75, "2012-06-30": 139, "2012-03-31": 77, "2011-12-31": "24.00000", "2011-09-30": 271, "2011-06-30": 188, "2011-03-31": 100, "2010-12-31": "-99.00000", "2010-09-30": -1832, "2010-06-30": 1265, "2010-03-31": 319, "2009-12-31": "280.00000", "2009-09-30": 178, "2009-06-30": -125, "2009-03-31": -161, "2008-12-31": "-109.00000", "2008-09-30": -280, "2008-06-30": 290, "2008-03-31": 61, "2007-12-31": "698.00000", "2007-09-30": -323, "2007-06-30": 237, "2007-03-31": 4, "2006-12-31": "280.00000", "2006-09-30": 115, "2006-06-30": 91, "2006-03-31": -20, "2005-12-31": "-609.00000", "2005-09-30": -331, "2005-06-30": -42, "2005-03-31": 260}, "Stock-Based Compensation": {"2020-12-31": "64.00000", "2020-09-30": 41, "2020-06-30": 51, "2020-03-31": -38, "2019-12-31": "56.00000", "2019-09-30": 37, "2019-06-30": 31, "2019-03-31": 59, "2018-12-31": "-7.00000", "2018-09-30": 216, "2018-06-30": 0, "2018-03-31": 0, "2017-12-31": "", "2017-09-30": 110, "2017-06-30": 0, "2017-03-31": 0, "2016-12-31": "", "2016-09-30": 0, "2016-06-30": 0, "2016-03-31": 0, "2015-12-31": "", "2015-09-30": 0, "2015-06-30": 0, "2015-03-31": 0, "2014-12-31": "", "2014-09-30": 0, "2014-06-30": 0, "2014-03-31": 0, "2013-12-31": "", "2013-09-30": 0, "2013-06-30": 0, "2013-03-31": 0, "2012-12-31": "", "2012-09-30": 0, "2012-06-30": 0, "2012-03-31": 0, "2011-12-31": "", "2011-09-30": 0, "2011-06-30": 0, "2011-03-31": 0, "2010-12-31": "", "2010-09-30": 0, "2010-06-30": 0, "2010-03-31": 0, "2009-12-31": "", "2009-09-30": 0, "2009-06-30": 0, "2009-03-31": 0, "2008-12-31": "", "2008-09-30": 0, "2008-06-30": 0, "2008-03-31": 0, "2007-12-31": "", "2007-09-30": 0, "2007-06-30": 0, "2007-03-31": 0, "2006-12-31": "", "2006-09-30": 0, "2006-06-30": 0, "2006-03-31": 0, "2005-12-31": "", "2005-09-30": 0, "2005-06-30": 0, "2005-03-31": 0}, "Common Stock Dividends Paid": {"2020-12-31": "-303.00000", "2020-09-30": -299, "2020-06-30": -299, "2020-03-31": -306, "2019-12-31": "-305.00000", "2019-09-30": -300, "2019-06-30": -302, "2019-03-31": -302, "2018-12-31": "-305.00000", "2018-09-30": -305, "2018-06-30": -306, "2018-03-31": -307, "2017-12-31": "-311.00000", "2017-09-30": -309, "2017-06-30": -309, "2017-03-31": -310, "2016-12-31": "-311.00000", "2016-09-30": -305, "2016-06-30": -306, "2016-03-31": -306, "2015-12-31": "-310.00000", "2015-09-30": -309, "2015-06-30": -313, "2015-03-31": -321, "2014-12-31": "-326.00000", "2014-09-30": -300, "2014-06-30": -304, "2014-03-31": -302, "2013-12-31": "-304.00000", "2013-09-30": -293, "2013-06-30": -295, "2013-03-31": -296, "2012-12-31": "-297.00000", "2012-09-30": -290, "2012-06-30": -293, "2012-03-31": -294, "2011-12-31": "-294.00000", "2011-09-30": -258, "2011-06-30": -259, "2011-03-31": -261, "2010-12-31": "-261.00000", "2010-09-30": -253, "2010-06-30": -252, "2010-03-31": -253, "2009-12-31": "-251.00000", "2009-09-30": -249, "2009-06-30": -247, "2009-03-31": -250, "2008-12-31": "-252.00000", "2008-09-30": -232, "2008-06-30": -235, "2008-03-31": -236, "2007-12-31": "-237.00000", "2007-09-30": -208, "2007-06-30": -208, "2007-03-31": -210, "2006-12-31": "-211.00000", "2006-09-30": -180, "2006-06-30": -183, "2006-03-31": -184, "2005-12-31": "-183.00000", "2005-09-30": -172, "2005-06-30": -173, "2005-03-31": -349}}, "financial ratios": {"Current Ratio": {"2020-09-30": "1.52220", "2019-09-30": "1.19460", "2018-09-30": "1.07380", "2017-09-30": "1.63570", "2016-09-30": "1.24380", "2015-09-30": "1.28830", "2014-09-30": "1.28540", "2013-09-30": "1.44250", "2012-09-30": "1.41960", "2011-09-30": "1.44550", "2010-09-30": "1.42980", "2009-09-30": "1.54420", "2008-09-30": "1.41960", "2007-09-30": "1.45420", "2006-09-30": "1.36400", "2005-09-30": "1.38650"}, "Long-term Debt / Capital": {"2020-09-30": "0.42820", "2019-09-30": "0.34080", "2018-09-30": "0.25870", "2017-09-30": "0.30200", "2016-09-30": "0.34720", "2015-09-30": "0.34540", "2014-09-30": "0.25930", "2013-09-30": "0.27450", "2012-09-30": "0.26610", "2011-09-30": "0.29070", "2010-09-30": "0.31540", "2009-09-30": "0.31470", "2008-09-30": "0.26570", "2007-09-30": "0.27770", "2006-09-30": "0.27730", "2005-09-30": "0.29710"}, "Debt/Equity Ratio": {"2020-09-30": "0.88620", "2019-09-30": "0.69150", "2018-09-30": "0.52950", "2017-09-30": "0.53090", "2016-09-30": "0.87100", "2015-09-30": "0.84170", "2014-09-30": "0.59250", "2013-09-30": "0.52640", "2012-09-30": "0.50690", "2011-09-30": "0.49290", "2010-09-30": "0.50900", "2009-09-30": "0.52550", "2008-09-30": "0.49580", "2007-09-30": "0.43050", "2006-09-30": "0.49370", "2005-09-30": "0.55380"}, "Gross Margin": {"2020-09-30": "41.75750", "2019-09-30": "42.53760", "2018-09-30": "42.69300", "2017-09-30": "42.13180", "2016-09-30": "43.12080", "2015-09-30": "43.12880", "2014-09-30": "43.77150", "2013-09-30": "40.34210", "2012-09-30": "40.01310", "2011-09-30": "39.45590", "2010-09-30": "39.57410", "2009-09-30": "37.60820", "2008-09-30": "37.63210", "2007-09-30": "36.44210", "2006-09-30": "36.12550", "2005-09-30": "35.72960"}, "Operating Margin": {"2020-09-30": "18.01010", "2019-09-30": "18.27780", "2018-09-30": "18.16980", "2017-09-30": "18.50110", "2016-09-30": "19.26730", "2015-09-30": "26.53700", "2014-09-30": "20.28990", "2013-09-30": "15.30670", "2012-09-30": "15.32030", "2011-09-30": "17.38090", "2010-09-30": "16.67860", "2009-09-30": "15.64020", "2008-09-30": "16.93820", "2007-09-30": "15.79690", "2006-09-30": "15.47080", "2005-09-30": "14.95520"}, "EBIT Margin": {"2020-09-30": "18.01010", "2019-09-30": "18.27780", "2018-09-30": "18.16980", "2017-09-30": "18.50110", "2016-09-30": "19.26730", "2015-09-30": "26.53700", "2014-09-30": "20.28990", "2013-09-30": "15.30670", "2012-09-30": "15.32030", "2011-09-30": "17.38090", "2010-09-30": "16.67860", "2009-09-30": "15.64020", "2008-09-30": "16.93820", "2007-09-30": "15.79690", "2006-09-30": "15.47080", "2005-09-30": "14.95520"}, "EBITDA Margin": {"2020-09-30": "23.09800", "2019-09-30": "22.75200", "2018-09-30": "22.52410", "2017-09-30": "22.66770", "2016-09-30": "23.17860", "2015-09-30": "30.06340", "2014-09-30": "23.49860", "2013-09-30": "20.63720", "2012-09-30": "20.85450", "2011-09-30": "21.03870", "2010-09-30": "20.55710", "2009-09-30": "19.25680", "2008-09-30": "19.91500", "2007-09-30": "18.76100", "2006-09-30": "18.54670", "2005-09-30": "18.20280"}, "Pre-Tax Profit Margin": {"2020-09-30": "13.91120", "2019-09-30": "15.56170", "2018-09-30": "15.32050", "2017-09-30": "15.29740", "2016-09-30": "15.94820", "2015-09-30": "23.42910", "2014-09-30": "17.99470", "2013-09-30": "12.95550", "2012-09-30": "12.76010", "2011-09-30": "14.99050", "2010-09-30": "13.68410", "2009-09-30": "12.18780", "2008-09-30": "15.34670", "2007-09-30": "13.97590", "2006-09-30": "13.54520", "2005-09-30": "12.41840"}, "Net Profit Margin": {"2020-09-30": "11.70690", "2019-09-30": "12.55170", "2018-09-30": "12.65510", "2017-09-30": "9.94500", "2016-09-30": "11.25880", "2015-09-30": "16.67800", "2014-09-30": "12.10740", "2013-09-30": "8.12360", "2012-09-30": "8.06160", "2011-09-30": "10.23860", "2010-09-30": "10.28570", "2009-09-30": "8.57630", "2008-09-30": "10.15540", "2007-09-30": "9.65160", "2006-09-30": "9.34930", "2005-09-30": "8.21730"}, "Asset Turnover": {"2020-09-30": "0.73350", "2019-09-30": "0.89630", "2018-09-30": "0.85380", "2017-09-30": "0.77920", "2016-09-30": "0.66820", "2015-09-30": "0.73560", "2014-09-30": "0.73350", "2013-09-30": "0.99830", "2012-09-30": "1.02490", "2011-09-30": "1.01510", "2010-09-30": "0.92100", "2009-09-30": "1.01720", "2008-09-30": "1.12890", "2007-09-30": "1.12450", "2006-09-30": "1.05690", "2005-09-30": "1.00450"}, "Inventory Turnover Ratio": {"2020-09-30": "5.07050", "2019-09-30": "5.61540", "2018-09-30": "5.50250", "2017-09-30": "5.20810", "2016-09-30": "6.83770", "2015-09-30": "7.30510", "2014-09-30": "4.84740", "2013-09-30": "7.76620", "2012-09-30": "6.89130", "2011-09-30": "6.98330", "2010-09-30": "6.03940", "2009-09-30": "6.76120", "2008-09-30": "6.30880", "2007-09-30": "6.31610", "2006-09-30": "5.67280", "2005-09-30": "6.13460"}, "Receiveable Turnover": {"2020-09-30": "5.99040", "2019-09-30": "6.15480", "2018-09-30": "5.75850", "2017-09-30": "4.96880", "2016-09-30": "5.37650", "2015-09-30": "5.66170", "2014-09-30": "3.53320", "2013-09-30": "5.13080", "2012-09-30": "4.89910", "2011-09-30": "5.38030", "2010-09-30": "5.27430", "2009-09-30": "5.54840", "2008-09-30": "5.14310", "2007-09-30": "5.19510", "2006-09-30": "5.31050", "2005-09-30": "5.31480"}, "Days Sales In Receivables": {"2020-09-30": "60.93120", "2019-09-30": "59.30360", "2018-09-30": "63.38440", "2017-09-30": "73.45910", "2016-09-30": "67.88770", "2015-09-30": "64.46860", "2014-09-30": "103.30650", "2013-09-30": "71.13870", "2012-09-30": "74.50410", "2011-09-30": "67.84040", "2010-09-30": "69.20410", "2009-09-30": "65.78430", "2008-09-30": "70.96840", "2007-09-30": "70.25890", "2006-09-30": "68.73110", "2005-09-30": "68.67610"}, "ROE - Return On Equity": {"2020-09-30": "23.55870", "2019-09-30": "28.13970", "2018-09-30": "24.73860", "2017-09-30": "19.09920", "2016-09-30": "21.25230", "2015-09-30": "31.25000", "2014-09-30": "22.01240", "2013-09-30": "19.27600", "2012-09-30": "19.38330", "2011-09-30": "23.73240", "2010-09-30": "20.40800", "2009-09-30": "20.23890", "2008-09-30": "27.65280", "2007-09-30": "24.27040", "2006-09-30": "22.55340", "2005-09-30": "19.21620"}, "Return On Tangible Equity": {"2020-09-30": "-263.57610", "2019-09-30": "-265.14810", "2018-09-30": "-1029.63000", "2017-09-30": "107.09720", "2016-09-30": "57.67720", "2015-09-30": "75.97970", "2014-09-30": "172.68520", "2013-09-30": "134.41770", "2012-09-30": "350.17300", "2011-09-30": "-1324.86800", "2010-09-30": "-237.82200", "2009-09-30": "364.04960", "2008-09-30": "98.78480", "2007-09-30": "90.21190", "2006-09-30": "85.89440", "2005-09-30": "74.02390"}, "ROA - Return On Assets": {"2020-09-30": "8.69680", "2019-09-30": "11.35780", "2018-09-30": "10.90730", "2017-09-30": "8.55070", "2016-09-30": "7.44980", "2015-09-30": "11.49950", "2014-09-30": "9.25670", "2013-09-30": "8.36060", "2012-09-30": "8.49780", "2011-09-30": "10.49410", "2010-09-30": "8.89110", "2009-09-30": "8.91570", "2008-09-30": "11.97720", "2007-09-30": "10.81810", "2006-09-30": "9.84900", "2005-09-30": "8.25450"}, "ROI - Return On Investment": {"2020-09-30": "13.47050", "2019-09-30": "18.54980", "2018-09-30": "18.33920", "2017-09-30": "13.33170", "2016-09-30": "13.87440", "2015-09-30": "20.45580", "2014-09-30": "16.30480", "2013-09-30": "13.98500", "2012-09-30": "14.22450", "2011-09-30": "16.83360", "2010-09-30": "13.97030", "2009-09-30": "13.86970", "2008-09-30": "20.30620", "2007-09-30": "17.53130", "2006-09-30": "16.30030", "2005-09-30": "13.50680"}, "Book Value Per Share": {"2020-09-30": "14.12540", "2019-09-30": "13.54010", "2018-09-30": "14.28800", "2017-09-30": "13.66680", "2016-09-30": "11.85140", "2015-09-30": "12.41660", "2014-09-30": "14.59510", "2013-09-30": "15.16710", "2012-09-30": "14.42040", "2011-09-30": "14.27980", "2010-09-30": "13.22190", "2009-09-30": "11.57910", "2008-09-30": "11.81640", "2007-09-30": "11.12590", "2006-09-30": "12.42920", "2005-09-30": "9.01010"}, "Operating Cash Flow Per Share": {"2020-09-30": 0.2387, "2019-09-30": 0.2915, "2018-09-30": 1.5805, "2017-09-30": -1.4825, "2016-09-30": 0.7158, "2015-09-30": -1.5052, "2014-09-30": 0.1959, "2013-09-30": 0.8917, "2012-09-30": -0.1346, "2011-09-30": -0.0581, "2010-09-30": 0.2812, "2009-09-30": -0.104, "2008-09-30": 0.4198, "2007-09-30": 0.705, "2006-09-30": 0.436, "2005-09-30": 2.6107}, "Free Cash Flow Per Share": {"2020-09-30": 0.3089, "2019-09-30": 0.3056, "2018-09-30": 1.3491, "2017-09-30": -1.5312, "2016-09-30": 0.8939, "2015-09-30": -1.4498, "2014-09-30": 0.2092, "2013-09-30": 0.8591, "2012-09-30": -0.1813, "2011-09-30": -0.2245, "2010-09-30": 0.2889, "2009-09-30": 0.1006, "2008-09-30": 0.3624, "2007-09-30": 0.5868, "2006-09-30": 0.3254, "2005-09-30": 1.9924}}, "financial ratios, quarterly": {"Current Ratio": {"2020-12-31": "1.20470", "2020-09-30": "1.52220", "2020-06-30": "1.31650", "2020-03-31": "1.01160", "2019-12-31": "1.13500", "2019-09-30": "1.19460", "2019-06-30": "1.18210", "2019-03-31": "1.06520", "2018-12-31": "0.88300", "2018-09-30": "1.07380", "2018-06-30": "1.23320", "2018-03-31": "1.29940", "2017-12-31": "1.31650", "2017-09-30": "1.63570", "2017-06-30": "1.59290", "2017-03-31": "2.50490", "2016-12-31": "2.14110", "2016-09-30": "1.24380", "2016-06-30": "1.22750", "2016-03-31": "1.21160", "2015-12-31": "1.18190", "2015-09-30": "1.28830", "2015-06-30": "1.28060", "2015-03-31": "1.17950", "2014-12-31": "1.18090", "2014-09-30": "1.28540", "2014-06-30": "1.26720", "2014-03-31": "1.30270", "2013-12-31": "1.40670", "2013-09-30": "1.44250", "2013-06-30": "1.51170", "2013-03-31": "1.53360", "2012-12-31": "1.40030", "2012-09-30": "1.41960", "2012-06-30": "1.35250", "2012-03-31": "1.37820", "2011-12-31": "1.38890", "2011-09-30": "1.44550", "2011-06-30": "1.47160", "2011-03-31": "1.48260", "2010-12-31": "1.48300", "2010-09-30": "1.42980", "2010-06-30": "1.37220", "2010-03-31": "1.41820", "2009-12-31": "1.38900", "2009-09-30": "1.54420", "2009-06-30": "1.54580", "2009-03-31": "1.36740", "2008-12-31": "1.29950", "2008-09-30": "1.41960", "2008-06-30": "1.43320", "2008-03-31": "1.43260", "2007-12-31": "1.40360", "2007-09-30": "1.45420", "2007-06-30": "1.47320", "2007-03-31": "1.38070", "2006-12-31": "1.40170", "2006-09-30": "1.36400", "2006-06-30": "1.37560", "2006-03-31": "1.55550", "2005-12-31": "1.53430", "2005-09-30": "1.38650", "2005-06-30": "1.34340", "2005-03-31": "1.39930"}, "Long-term Debt / Capital": {"2020-12-31": "0.39730", "2020-09-30": "0.42820", "2020-06-30": "0.41110", "2020-03-31": "0.34370", "2019-12-31": "0.32200", "2019-09-30": "0.34080", "2019-06-30": "0.33000", "2019-03-31": "0.30640", "2018-12-31": "0.24190", "2018-09-30": "0.25870", "2018-06-30": "0.26980", "2018-03-31": "0.28220", "2017-12-31": "0.28690", "2017-09-30": "0.30200", "2017-06-30": "0.32130", "2017-03-31": "0.32140", "2016-12-31": "0.32980", "2016-09-30": "0.34720", "2016-06-30": "0.33800", "2016-03-31": "0.34410", "2015-12-31": "0.35030", "2015-09-30": "0.34540", "2015-06-30": "0.32780", "2015-03-31": "0.26730", "2014-12-31": "0.25610", "2014-09-30": "0.25930", "2014-06-30": "0.24690", "2014-03-31": "0.26710", "2013-12-31": "0.26050", "2013-09-30": "0.27450", "2013-06-30": "0.28340", "2013-03-31": "0.27550", "2012-12-31": "0.25010", "2012-09-30": "0.26610", "2012-06-30": "0.26210", "2012-03-31": "0.27380", "2011-12-31": "0.28110", "2011-09-30": "0.29070", "2011-06-30": "0.28350", "2011-03-31": "0.28720", "2010-12-31": "0.29660", "2010-09-30": "0.31540", "2010-06-30": "0.33540", "2010-03-31": "0.33720", "2009-12-31": "0.33770", "2009-09-30": "0.31470", "2009-06-30": "0.34010", "2009-03-31": "0.31040", "2008-12-31": "0.27790", "2008-09-30": "0.26570", "2008-06-30": "0.25270", "2008-03-31": "0.26040", "2007-12-31": "0.25840", "2007-09-30": "0.27770", "2007-06-30": "0.29390", "2007-03-31": "0.28790", "2006-12-31": "0.29140", "2006-09-30": "0.27730", "2006-06-30": "0.27890", "2006-03-31": "0.28270", "2005-12-31": "0.29110", "2005-09-30": "0.29710", "2005-06-30": "0.28230", "2005-03-31": "0.27460"}, "Debt/Equity Ratio": {"2020-12-31": "0.85120", "2020-09-30": "0.88620", "2020-06-30": "0.91710", "2020-03-31": "1.01820", "2019-12-31": "0.70950", "2019-09-30": "0.69150", "2019-06-30": "0.70570", "2019-03-31": "0.73930", "2018-12-31": "0.72030", "2018-09-30": "0.52950", "2018-06-30": "0.70780", "2018-03-31": "0.60790", "2017-12-31": "0.65190", "2017-09-30": "0.53090", "2017-06-30": "0.64320", "2017-03-31": "0.50490", "2016-12-31": "0.52480", "2016-09-30": "0.87100", "2016-06-30": "0.91540", "2016-03-31": "0.94200", "2015-12-31": "0.99400", "2015-09-30": "0.84170", "2015-06-30": "0.84880", "2015-03-31": "0.73930", "2014-12-31": "0.70880", "2014-09-30": "0.59250", "2014-06-30": "0.60150", "2014-03-31": "0.61730", "2013-12-31": "0.53220", "2013-09-30": "0.52640", "2013-06-30": "0.54020", "2013-03-31": "0.51940", "2012-12-31": "0.51370", "2012-09-30": "0.50690", "2012-06-30": "0.54840", "2012-03-31": "0.54870", "2011-12-31": "0.54380", "2011-09-30": "0.49290", "2011-06-30": "0.47410", "2011-03-31": "0.47420", "2010-12-31": "0.49910", "2010-09-30": "0.50900", "2010-06-30": "0.75650", "2010-03-31": "0.64960", "2009-12-31": "0.64870", "2009-09-30": "0.52550", "2009-06-30": "0.61210", "2009-03-31": "0.65980", "2008-12-31": "0.62790", "2008-09-30": "0.49580", "2008-06-30": "0.51570", "2008-03-31": "0.52180", "2007-12-31": "0.53340", "2007-09-30": "0.43050", "2007-06-30": "0.52590", "2007-03-31": "0.56600", "2006-12-31": "0.55350", "2006-09-30": "0.49370", "2006-06-30": "0.50840", "2006-03-31": "0.44600", "2005-12-31": "0.47010", "2005-09-30": "0.55380", "2005-06-30": "0.61510", "2005-03-31": "0.58470"}, "Gross Margin": {"2020-12-31": "41.40830", "2020-09-30": "41.29000", "2020-06-30": "41.33880", "2020-03-31": "42.04710", "2019-12-31": "42.37530", "2019-09-30": "42.80830", "2019-06-30": "42.71990", "2019-03-31": "42.12250", "2018-12-31": "42.46440", "2018-09-30": "42.12360", "2018-06-30": "43.58170", "2018-03-31": "42.77310", "2017-12-31": "42.29560", "2017-09-30": "41.28520", "2017-06-30": "41.54490", "2017-03-31": "43.56460", "2016-12-31": "42.44400", "2016-09-30": "43.56560", "2016-06-30": "43.35870", "2016-03-31": "43.08470", "2015-12-31": "42.37340", "2015-09-30": "-136.09960", "2015-06-30": "40.59600", "2015-03-31": "40.11110", "2014-12-31": "40.80900", "2014-09-30": "16433.33000", "2014-06-30": "41.79340", "2014-03-31": "41.20790", "2013-12-31": "39.88580", "2013-09-30": "41.16270", "2013-06-30": "40.47920", "2013-03-31": "39.81540", "2012-12-31": "39.74430", "2012-09-30": "41.02990", "2012-06-30": "40.53050", "2012-03-31": "39.46610", "2011-12-31": "38.70790", "2011-09-30": "39.57220", "2011-06-30": "39.72650", "2011-03-31": "39.39190", "2010-12-31": "39.07860", "2010-09-30": "39.90760", "2010-06-30": "39.94830", "2010-03-31": "39.63260", "2009-12-31": "38.69100", "2009-09-30": "41.89400", "2009-06-30": "36.10290", "2009-03-31": "36.11170", "2008-12-31": "36.86060", "2008-09-30": "40.30140", "2008-06-30": "36.73870", "2008-03-31": "37.22400", "2007-12-31": "36.41300", "2007-09-30": "37.80860", "2007-06-30": "36.29590", "2007-03-31": "35.94740", "2006-12-31": "35.53750", "2006-09-30": "38.03010", "2006-06-30": "35.57600", "2006-03-31": "35.73780", "2005-12-31": "35.02640", "2005-09-30": "35.94660", "2005-06-30": "35.83430", "2005-03-31": "35.53350"}, "Operating Margin": {"2020-12-31": "17.42370", "2020-09-30": "20.53530", "2020-06-30": "17.47570", "2020-03-31": "18.42860", "2019-12-31": "15.32160", "2019-09-30": "20.49890", "2019-06-30": "18.68060", "2019-03-31": "17.06780", "2018-12-31": "16.49390", "2018-09-30": "17.96240", "2018-06-30": "19.83840", "2018-03-31": "18.40870", "2017-12-31": "16.22120", "2017-09-30": "19.05300", "2017-06-30": "18.49470", "2017-03-31": "19.27810", "2016-12-31": "16.88430", "2016-09-30": "21.82100", "2016-06-30": "20.16880", "2016-03-31": "18.55270", "2015-12-31": "16.03240", "2015-09-30": "-676.76350", "2015-06-30": "17.40870", "2015-03-31": "15.70370", "2014-12-31": "15.66140", "2014-09-30": "19700.00000", "2014-06-30": "19.23320", "2014-03-31": "17.22300", "2013-12-31": "14.12770", "2013-09-30": "19.77390", "2013-06-30": "10.54540", "2013-03-31": "15.88930", "2012-12-31": "14.64070", "2012-09-30": "11.52240", "2012-06-30": "19.89510", "2012-03-31": "16.50620", "2011-12-31": "13.20400", "2011-09-30": "18.82350", "2011-06-30": "18.05030", "2011-03-31": "16.92860", "2010-12-31": "15.39300", "2010-09-30": "17.44560", "2010-06-30": "18.38660", "2010-03-31": "15.34420", "2009-12-31": "15.20300", "2009-09-30": "19.38350", "2009-06-30": "14.71220", "2009-03-31": "14.11440", "2008-12-31": "14.82920", "2008-09-30": "19.76950", "2008-06-30": "16.62610", "2008-03-31": "16.43700", "2007-12-31": "14.96380", "2007-09-30": "17.04430", "2007-06-30": "16.30280", "2007-03-31": "15.38750", "2006-12-31": "14.19520", "2006-09-30": "16.84580", "2006-06-30": "15.69870", "2006-03-31": "15.02470", "2005-12-31": "14.13810", "2005-09-30": "16.06720", "2005-06-30": "15.52070", "2005-03-31": "14.40740"}, "EBIT Margin": {"2020-12-31": "17.42370", "2020-09-30": "20.53530", "2020-06-30": "17.47570", "2020-03-31": "18.42860", "2019-12-31": "15.32160", "2019-09-30": "20.49890", "2019-06-30": "18.68060", "2019-03-31": "17.06780", "2018-12-31": "16.49390", "2018-09-30": "17.96240", "2018-06-30": "19.83840", "2018-03-31": "18.40870", "2017-12-31": "16.22120", "2017-09-30": "19.05300", "2017-06-30": "18.49470", "2017-03-31": "19.27810", "2016-12-31": "16.88430", "2016-09-30": "21.82100", "2016-06-30": "20.16880", "2016-03-31": "18.55270", "2015-12-31": "16.03240", "2015-09-30": "-676.76350", "2015-06-30": "17.40870", "2015-03-31": "15.70370", "2014-12-31": "15.66140", "2014-09-30": "19700.00000", "2014-06-30": "19.23320", "2014-03-31": "17.22300", "2013-12-31": "14.12770", "2013-09-30": "19.77390", "2013-06-30": "10.54540", "2013-03-31": "15.88930", "2012-12-31": "14.64070", "2012-09-30": "11.52240", "2012-06-30": "19.89510", "2012-03-31": "16.50620", "2011-12-31": "13.20400", "2011-09-30": "18.82350", "2011-06-30": "18.05030", "2011-03-31": "16.92860", "2010-12-31": "15.39300", "2010-09-30": "17.44560", "2010-06-30": "18.38660", "2010-03-31": "15.34420", "2009-12-31": "15.20300", "2009-09-30": "19.38350", "2009-06-30": "14.71220", "2009-03-31": "14.11440", "2008-12-31": "14.82920", "2008-09-30": "19.76950", "2008-06-30": "16.62610", "2008-03-31": "16.43700", "2007-12-31": "14.96380", "2007-09-30": "17.04430", "2007-06-30": "16.30280", "2007-03-31": "15.38750", "2006-12-31": "14.19520", "2006-09-30": "16.84580", "2006-06-30": "15.69870", "2006-03-31": "15.02470", "2005-12-31": "14.13810", "2005-09-30": "16.06720", "2005-06-30": "15.52070", "2005-03-31": "14.40740"}, "EBITDA Margin": {"2020-12-31": "", "2020-09-30": "", "2020-06-30": "", "2020-03-31": "", "2019-12-31": "", "2019-09-30": "", "2019-06-30": "", "2019-03-31": "", "2018-12-31": "", "2018-09-30": "", "2018-06-30": "", "2018-03-31": "", "2017-12-31": "", "2017-09-30": "", "2017-06-30": "", "2017-03-31": "", "2016-12-31": "", "2016-09-30": "", "2016-06-30": "", "2016-03-31": "", "2015-12-31": "", "2015-09-30": "", "2015-06-30": "", "2015-03-31": "", "2014-12-31": "", "2014-09-30": "", "2014-06-30": "", "2014-03-31": "", "2013-12-31": "", "2013-09-30": "", "2013-06-30": "", "2013-03-31": "", "2012-12-31": "", "2012-09-30": "", "2012-06-30": "", "2012-03-31": "", "2011-12-31": "", "2011-09-30": "", "2011-06-30": "", "2011-03-31": "", "2010-12-31": "", "2010-09-30": "", "2010-06-30": "", "2010-03-31": "", "2009-12-31": "", "2009-09-30": "", "2009-06-30": "", "2009-03-31": "", "2008-12-31": "", "2008-09-30": "", "2008-06-30": "", "2008-03-31": "", "2007-12-31": "", "2007-09-30": "", "2007-06-30": "", "2007-03-31": "", "2006-12-31": "", "2006-09-30": "", "2006-06-30": "", "2006-03-31": "", "2005-12-31": "", "2005-09-30": "", "2005-06-30": "", "2005-03-31": ""}, "Pre-Tax Profit Margin": {"2020-12-31": "13.53040", "2020-09-30": "16.78370", "2020-06-30": "11.70160", "2020-03-31": "16.55450", "2019-12-31": "10.19030", "2019-09-30": "16.61640", "2019-06-30": "16.37490", "2019-03-31": "14.77020", "2018-12-31": "14.25130", "2018-09-30": "15.09820", "2018-06-30": "17.23520", "2018-03-31": "15.48960", "2017-12-31": "13.18130", "2017-09-30": "15.44530", "2017-06-30": "15.37510", "2017-03-31": "15.80860", "2016-12-31": "14.42790", "2016-09-30": "17.14140", "2016-06-30": "17.85520", "2016-03-31": "15.42330", "2015-12-31": "13.00570", "2015-09-30": "-266.39000", "2015-06-30": "14.46480", "2015-03-31": "29.70370", "2014-12-31": "13.69250", "2014-09-30": "21966.67000", "2014-06-30": "16.98350", "2014-03-31": "14.05710", "2013-12-31": "11.46990", "2013-09-30": "17.33710", "2013-06-30": "8.05490", "2013-03-31": "13.94300", "2012-12-31": "12.11960", "2012-09-30": "8.85070", "2012-06-30": "17.81310", "2012-03-31": "13.75230", "2011-12-31": "10.41630", "2011-09-30": "16.69980", "2011-06-30": "15.77610", "2011-03-31": "14.22960", "2010-12-31": "12.88170", "2010-09-30": "14.34690", "2010-06-30": "15.93130", "2010-03-31": "12.13410", "2009-12-31": "11.95110", "2009-09-30": "14.59300", "2009-06-30": "10.86230", "2009-03-31": "10.96910", "2008-12-31": "12.57620", "2008-09-30": "18.68790", "2008-06-30": "14.40320", "2008-03-31": "14.47780", "2007-12-31": "14.00360", "2007-09-30": "15.18430", "2007-06-30": "14.24120", "2007-03-31": "13.58920", "2006-12-31": "12.67080", "2006-09-30": "14.93060", "2006-06-30": "13.68600", "2006-03-31": "12.88130", "2005-12-31": "12.53300", "2005-09-30": "13.33190", "2005-06-30": "13.39310", "2005-03-31": "11.78140"}, "Net Profit Margin": {"2020-12-31": "10.69450", "2020-09-30": "15.86220", "2020-06-30": "10.19420", "2020-03-31": "12.42190", "2019-12-31": "7.85350", "2019-09-30": "14.42370", "2019-06-30": "12.89500", "2019-03-31": "11.37860", "2018-12-31": "11.21290", "2018-09-30": "12.62280", "2018-06-30": "15.97850", "2018-03-31": "11.34650", "2017-12-31": "10.27250", "2017-09-30": "11.36420", "2017-06-30": "10.22530", "2017-03-31": "8.17010", "2016-12-31": "9.60820", "2016-09-30": "11.13940", "2016-06-30": "13.03760", "2016-03-31": "10.31010", "2015-12-31": "10.45850", "2015-09-30": "-268.87970", "2015-06-30": "10.24900", "2015-03-31": "18.01850", "2014-12-31": "9.39680", "2014-09-30": "13666.67000", "2014-06-30": "11.53360", "2014-03-31": "9.41160", "2013-12-31": "8.24120", "2013-09-30": "11.67060", "2013-06-30": "3.05800", "2013-03-31": "9.41280", "2012-12-31": "8.17580", "2012-09-30": "4.20900", "2012-06-30": "11.87540", "2012-03-31": "9.20760", "2011-12-31": "6.98810", "2011-09-30": "11.62720", "2011-06-30": "10.86200", "2011-03-31": "9.49780", "2010-12-31": "8.67210", "2010-09-30": "12.82320", "2010-06-30": "10.79930", "2010-03-31": "8.17690", "2009-12-31": "8.80280", "2009-09-30": "11.22200", "2009-06-30": "7.60170", "2009-03-31": "7.33240", "2008-12-31": "8.45800", "2008-09-30": "12.19860", "2008-06-30": "9.31790", "2008-03-31": "9.08190", "2007-12-31": "10.23550", "2007-09-30": "10.53430", "2007-06-30": "9.94460", "2007-03-31": "9.15830", "2006-12-31": "8.81010", "2006-09-30": "10.27950", "2006-06-30": "9.31570", "2006-03-31": "8.94480", "2005-12-31": "8.77310", "2005-09-30": "9.02430", "2005-06-30": "8.01790", "2005-03-31": "8.23280"}, "Asset Turnover": {"2020-12-31": "0.17570", "2020-09-30": "0.19920", "2020-06-30": "0.18010", "2020-03-31": "0.19170", "2019-12-31": "0.19670", "2019-09-30": "0.24250", "2019-06-30": "0.21970", "2019-03-31": "0.21690", "2018-12-31": "0.20300", "2018-09-30": "0.23970", "2018-06-30": "0.21750", "2018-03-31": "0.21470", "2017-12-31": "0.19220", "2017-09-30": "0.22640", "2017-06-30": "0.20820", "2017-03-31": "0.20690", "2016-12-31": "0.18410", "2016-09-30": "0.18090", "2016-06-30": "0.16640", "2016-03-31": "0.16440", "2015-12-31": "0.15480", "2015-09-30": "-0.01090", "2015-06-30": "0.23450", "2015-03-31": "0.23510", "2014-12-31": "0.23550", "2014-09-30": "0.00010", "2014-06-30": "0.25130", "2014-03-31": "0.23870", "2013-12-31": "0.23240", "2013-09-30": "0.27570", "2013-06-30": "0.26980", "2013-03-31": "0.25120", "2012-12-31": "0.23360", "2012-09-30": "0.28130", "2012-06-30": "0.26650", "2012-03-31": "0.24530", "2011-12-31": "0.22650", "2011-09-30": "0.27430", "2011-06-30": "0.26090", "2011-03-31": "0.24870", "2010-12-31": "0.24380", "2010-09-30": "0.25570", "2010-06-30": "0.23600", "2010-03-31": "0.22800", "2009-12-31": "0.22470", "2009-09-30": "0.22820", "2009-06-30": "0.25050", "2009-03-31": "0.25450", "2008-12-31": "0.26390", "2008-09-30": "0.26810", "2008-06-30": "0.29590", "2008-03-31": "0.28080", "2007-12-31": "0.26470", "2007-09-30": "0.30050", "2007-06-30": "0.28750", "2007-03-31": "0.27620", "2006-12-31": "0.26440", "2006-09-30": "0.27400", "2006-06-30": "0.28380", "2006-03-31": "0.28190", "2005-12-31": "0.27350", "2005-09-30": "0.26950", "2005-06-30": "0.26040", "2005-03-31": "0.24490"}, "Inventory Turnover Ratio": {"2020-12-31": "1.21110", "2020-09-30": "1.38800", "2020-06-30": "1.09230", "2020-03-31": "1.17200", "2019-12-31": "1.15890", "2019-09-30": "1.51220", "2019-06-30": "1.30180", "2019-03-31": "1.27590", "2018-12-31": "1.20510", "2018-09-30": "1.56040", "2018-06-30": "1.39280", "2018-03-31": "1.28150", "2017-12-31": "1.19350", "2017-09-30": "1.53540", "2017-06-30": "1.24850", "2017-03-31": "1.51540", "2016-12-31": "1.44840", "2016-09-30": "1.83690", "2016-06-30": "1.06770", "2016-03-31": "1.04460", "2015-12-31": "1.01050", "2015-09-30": "-0.44980", "2015-06-30": "1.52470", "2015-03-31": "1.53490", "2014-12-31": "1.55920", "2014-09-30": "-0.23820", "2014-06-30": "1.63070", "2014-03-31": "1.53020", "2013-12-31": "1.55870", "2013-09-30": "2.11500", "2013-06-30": "1.63890", "2013-03-31": "1.54150", "2012-12-31": "1.44970", "2012-09-30": "1.85930", "2012-06-30": "1.62910", "2012-03-31": "1.49170", "2011-12-31": "1.40440", "2011-09-30": "1.88330", "2011-06-30": "1.56480", "2011-03-31": "1.52670", "2010-12-31": "1.52790", "2010-09-30": "1.66750", "2010-06-30": "1.53880", "2010-03-31": "1.44100", "2009-12-31": "1.51330", "2009-09-30": "1.41240", "2009-06-30": "1.57760", "2009-03-31": "1.44000", "2008-12-31": "1.38420", "2008-09-30": "1.43400", "2008-06-30": "1.62180", "2008-03-31": "1.49330", "2007-12-31": "1.41530", "2007-09-30": "1.65150", "2007-06-30": "1.59250", "2007-03-31": "1.44680", "2006-12-31": "1.35100", "2006-09-30": "1.42710", "2006-06-30": "1.51940", "2006-03-31": "1.51140", "2005-12-31": "1.52160", "2005-09-30": "1.64040", "2005-06-30": "1.55790", "2005-03-31": "1.42890"}, "Receiveable Turnover": {"2020-12-31": "1.56900", "2020-09-30": "1.62670", "2020-06-30": "1.55810", "2020-03-31": "1.57590", "2019-12-31": "1.52270", "2019-09-30": "1.66530", "2019-06-30": "1.61460", "2019-03-31": "1.56990", "2018-12-31": "1.51740", "2018-09-30": "1.61690", "2018-06-30": "1.47210", "2018-03-31": "1.39650", "2017-12-31": "1.32450", "2017-09-30": "1.44370", "2017-06-30": "1.38040", "2017-03-31": "1.44170", "2016-12-31": "1.32560", "2016-09-30": "1.45580", "2016-06-30": "0.91530", "2016-03-31": "0.92390", "2015-12-31": "0.86860", "2015-09-30": "-0.08400", "2015-06-30": "1.28820", "2015-03-31": "1.25610", "2014-12-31": "1.26860", "2014-09-30": "0.00060", "2014-06-30": "1.32270", "2014-03-31": "1.27370", "2013-12-31": "1.26570", "2013-09-30": "1.41680", "2013-06-30": "1.34260", "2013-03-31": "1.30730", "2012-12-31": "1.21880", "2012-09-30": "1.34460", "2012-06-30": "1.40930", "2012-03-31": "1.37050", "2011-12-31": "1.31410", "2011-09-30": "1.45380", "2011-06-30": "1.41530", "2011-03-31": "1.38360", "2010-12-31": "1.39910", "2010-09-30": "1.46430", "2010-06-30": "1.42820", "2010-03-31": "1.35550", "2009-12-31": "1.32270", "2009-09-30": "1.24450", "2009-06-30": "1.36850", "2009-03-31": "1.35400", "2008-12-31": "1.35140", "2008-09-30": "1.22130", "2008-06-30": "1.40850", "2008-03-31": "1.37610", "2007-12-31": "1.28490", "2007-09-30": "1.38830", "2007-06-30": "1.41370", "2007-03-31": "1.38730", "2006-12-31": "1.37520", "2006-09-30": "1.37700", "2006-06-30": "1.42230", "2006-03-31": "1.42540", "2005-12-31": "1.41150", "2005-09-30": "1.42600", "2005-06-30": "1.42290", "2005-03-31": "1.33980"}, "Days Sales In Receivables": {"2020-12-31": "57.36120", "2020-09-30": "55.32690", "2020-06-30": "57.76190", "2020-03-31": "57.10960", "2019-12-31": "59.10380", "2019-09-30": "54.04350", "2019-06-30": "55.74080", "2019-03-31": "57.32820", "2018-12-31": "59.31280", "2018-09-30": "55.66080", "2018-06-30": "61.13780", "2018-03-31": "64.44920", "2017-12-31": "67.94810", "2017-09-30": "62.34050", "2017-06-30": "65.19930", "2017-03-31": "62.42590", "2016-12-31": "67.89180", "2016-09-30": "61.82350", "2016-06-30": "98.32880", "2016-03-31": "97.41830", "2015-12-31": "103.62000", "2015-09-30": "-1071.78400", "2015-06-30": "69.86740", "2015-03-31": "71.65000", "2014-12-31": "70.94330", "2014-09-30": "", "2014-06-30": "68.04180", "2014-03-31": "70.65900", "2013-12-31": "71.10420", "2013-09-30": "63.52320", "2013-06-30": "67.03180", "2013-03-31": "68.84400", "2012-12-31": "73.84120", "2012-09-30": "66.93580", "2012-06-30": "63.86340", "2012-03-31": "65.67160", "2011-12-31": "68.48750", "2011-09-30": "61.90680", "2011-06-30": "63.59260", "2011-03-31": "65.04780", "2010-12-31": "64.32520", "2010-09-30": "61.46380", "2010-06-30": "63.01830", "2010-03-31": "66.39610", "2009-12-31": "68.04060", "2009-09-30": "72.31540", "2009-06-30": "65.76310", "2009-03-31": "66.46940", "2008-12-31": "66.59830", "2008-09-30": "73.69150", "2008-06-30": "63.89620", "2008-03-31": "65.40430", "2007-12-31": "70.04350", "2007-09-30": "64.82920", "2007-06-30": "63.66420", "2007-03-31": "64.87210", "2006-12-31": "65.44650", "2006-09-30": "65.35860", "2006-06-30": "63.27780", "2006-03-31": "63.14100", "2005-12-31": "63.75990", "2005-09-30": "63.11440", "2005-06-30": "63.25200", "2005-03-31": "67.17530"}, "ROE - Return On Equity": {"2020-12-31": "5.05650", "2020-09-30": "8.64210", "2020-06-30": "5.16630", "2020-03-31": "6.92850", "2019-12-31": "3.88930", "2019-09-30": "8.75140", "2019-06-30": "6.95140", "2019-03-31": "6.12460", "2018-12-31": "5.64280", "2018-09-30": "6.91880", "2018-06-30": "8.49880", "2018-03-31": "5.72800", "2017-12-31": "4.69720", "2017-09-30": "5.72410", "2017-06-30": "5.22310", "2017-03-31": "4.76600", "2016-12-31": "4.77170", "2016-09-30": "6.37960", "2016-06-30": "5.66940", "2016-03-31": "4.84310", "2015-12-31": "4.09500", "2015-09-30": "5.63480", "2015-06-30": "6.52350", "2015-03-31": "10.91660", "2014-12-31": "5.53580", "2014-09-30": "4.61300", "2014-06-30": "6.78750", "2014-03-31": "5.26370", "2013-12-31": "4.38300", "2013-09-30": "7.53870", "2013-06-30": "2.08500", "2013-03-31": "5.41500", "2012-12-31": "4.38880", "2012-09-30": "2.87300", "2012-06-30": "7.37930", "2012-03-31": "5.21820", "2011-12-31": "3.68720", "2011-09-30": "7.08940", "2011-06-30": "6.34600", "2011-03-31": "5.24760", "2010-12-31": "4.75640", "2010-09-30": "5.86820", "2010-06-30": "6.56840", "2010-03-31": "4.67520", "2009-12-31": "4.79970", "2009-09-30": "5.86950", "2009-06-30": "4.59580", "2009-03-31": "4.65170", "2008-12-31": "5.60580", "2008-09-30": "8.29580", "2008-06-30": "6.63320", "2008-03-31": "6.30800", "2007-12-31": "5.65730", "2007-09-30": "7.04510", "2007-06-30": "6.58390", "2007-03-31": "5.90700", "2006-12-31": "5.42290", "2006-09-30": "6.37720", "2006-06-30": "6.00300", "2006-03-31": "5.46120", "2005-12-31": "5.23830", "2005-09-30": "5.66220", "2005-06-30": "4.89200", "2005-03-31": "4.57230"}, "Return On Tangible Equity": {"2020-12-31": "-21.63720", "2020-09-30": "-96.68870", "2020-06-30": "-32.98220", "2020-03-31": "-36.01380", "2019-12-31": "-47.95920", "2019-09-30": "-82.46010", "2019-06-30": "-141.99540", "2019-03-31": "-82.28840", "2018-12-31": "-51.54530", "2018-09-30": "-287.96300", "2018-06-30": "128.85300", "2018-03-31": "95.32160", "2017-12-31": "60.24470", "2017-09-30": "32.09720", "2017-06-30": "48.83450", "2017-03-31": "11.64700", "2016-12-31": "12.27600", "2016-09-30": "17.31390", "2016-06-30": "-366.66670", "2016-03-31": "-111.60710", "2015-12-31": "-53.76530", "2015-09-30": "13.70030", "2015-06-30": "195.23810", "2015-03-31": "161.01970", "2014-12-31": "54.70530", "2014-09-30": "36.18830", "2014-06-30": "62.12120", "2014-03-31": "65.95240", "2013-12-31": "40.66500", "2013-09-30": "52.56990", "2013-06-30": "20.34220", "2013-03-31": "61.95070", "2012-12-31": "61.96810", "2012-09-30": "51.90310", "2012-06-30": "1124.28600", "2012-03-31": "-378.23130", "2011-12-31": "-134.62900", "2011-09-30": "-395.76720", "2011-06-30": "-1424.49000", "2011-03-31": "-230.48780", "2010-12-31": "-111.84510", "2010-09-30": "-68.38410", "2010-06-30": "39.98660", "2010-03-31": "30.61820", "2009-12-31": "33.23010", "2009-09-30": "105.57850", "2009-06-30": "23.63420", "2009-03-31": "23.93480", "2008-12-31": "25.51460", "2008-09-30": "29.63540", "2008-06-30": "21.27590", "2008-03-31": "21.19070", "2007-12-31": "20.12410", "2007-09-30": "26.18640", "2007-06-30": "23.73650", "2007-03-31": "23.40930", "2006-12-31": "20.90180", "2006-09-30": "24.28770", "2006-06-30": "23.24250", "2006-03-31": "18.77980", "2005-12-31": "18.64490", "2005-09-30": "21.81160", "2005-06-30": "18.04440", "2005-03-31": "15.78230"}, "ROA - Return On Assets": {"2020-12-31": "1.90890", "2020-09-30": "3.19030", "2020-06-30": "1.87300", "2020-03-31": "2.41350", "2019-12-31": "1.55920", "2019-09-30": "3.53220", "2019-06-30": "2.87090", "2019-03-31": "2.49160", "2018-12-31": "2.28600", "2018-09-30": "3.05050", "2018-06-30": "3.50950", "2018-03-31": "2.47160", "2017-12-31": "1.98410", "2017-09-30": "2.56270", "2017-06-30": "2.15960", "2017-03-31": "2.22260", "2016-12-31": "2.11780", "2016-09-30": "2.23630", "2016-06-30": "2.04240", "2016-03-31": "1.72300", "2015-12-31": "1.42450", "2015-09-30": "2.07350", "2015-06-30": "2.44630", "2015-03-31": "4.26250", "2014-12-31": "2.22980", "2014-09-30": "1.93990", "2014-06-30": "2.93850", "2014-03-31": "2.27550", "2013-12-31": "1.97730", "2013-09-30": "3.26980", "2013-06-30": "0.91010", "2013-03-31": "2.43640", "2012-12-31": "1.96040", "2012-09-30": "1.25960", "2012-06-30": "3.23520", "2012-03-31": "2.30380", "2011-12-31": "1.62510", "2011-09-30": "3.13480", "2011-06-30": "2.89580", "2011-03-31": "2.40920", "2010-12-31": "2.16270", "2010-09-30": "2.55660", "2010-06-30": "2.60040", "2010-03-31": "1.93830", "2009-12-31": "1.99640", "2009-09-30": "2.58560", "2009-06-30": "1.95830", "2009-03-31": "1.91090", "2008-12-31": "2.29510", "2008-09-30": "3.59320", "2008-06-30": "2.91490", "2008-03-31": "2.78790", "2007-12-31": "2.48870", "2007-09-30": "3.14020", "2007-06-30": "2.85430", "2007-03-31": "2.52410", "2006-12-31": "2.32950", "2006-09-30": "2.78490", "2006-06-30": "2.64360", "2006-03-31": "2.52190", "2005-12-31": "2.39990", "2005-09-30": "2.43220", "2005-06-30": "2.08820", "2005-03-31": "2.01590"}, "ROI - Return On Investment": {"2020-12-31": "3.04770", "2020-09-30": "4.94140", "2020-06-30": "3.04230", "2020-03-31": "4.54740", "2019-12-31": "2.63690", "2019-09-30": "5.76890", "2019-06-30": "4.65750", "2019-03-31": "4.24830", "2018-12-31": "4.27770", "2018-09-30": "5.12910", "2018-06-30": "6.20580", "2018-03-31": "4.11130", "2017-12-31": "3.34950", "2017-09-30": "3.99550", "2017-06-30": "3.54510", "2017-03-31": "3.23420", "2016-12-31": "3.19820", "2016-09-30": "4.16490", "2016-06-30": "3.75300", "2016-03-31": "3.17660", "2015-12-31": "2.66030", "2015-09-30": "3.68850", "2015-06-30": "4.38540", "2015-03-31": "7.99840", "2014-12-31": "4.11830", "2014-09-30": "3.41690", "2014-06-30": "5.11150", "2014-03-31": "3.85770", "2013-12-31": "3.24120", "2013-09-30": "5.46940", "2013-06-30": "1.49410", "2013-03-31": "3.92320", "2012-12-31": "3.29100", "2012-09-30": "2.10840", "2012-06-30": "5.44490", "2012-03-31": "3.78930", "2011-12-31": "2.65060", "2011-09-30": "5.02860", "2011-06-30": "4.54660", "2011-03-31": "3.74060", "2010-12-31": "3.34580", "2010-09-30": "4.01710", "2010-06-30": "4.36560", "2010-03-31": "3.09880", "2009-12-31": "3.17870", "2009-09-30": "4.02240", "2009-06-30": "3.03260", "2009-03-31": "3.20790", "2008-12-31": "4.04780", "2008-09-30": "6.09190", "2008-06-30": "4.95710", "2008-03-31": "4.66530", "2007-12-31": "4.19530", "2007-09-30": "5.08890", "2007-06-30": "4.64870", "2007-03-31": "4.20610", "2006-12-31": "3.84250", "2006-09-30": "4.60910", "2006-06-30": "4.32850", "2006-03-31": "3.91730", "2005-12-31": "3.71340", "2005-09-30": "3.97990", "2005-06-30": "3.51080", "2005-03-31": "3.31680"}, "Book Value Per Share": {"2020-12-31": "14.90330", "2020-09-30": "14.12540", "2020-06-30": "13.18270", "2020-03-31": "12.65770", "2019-12-31": "13.83090", "2019-09-30": "13.54010", "2019-06-30": "14.31310", "2019-03-31": "13.94280", "2018-12-31": "13.43940", "2018-09-30": "14.28800", "2018-06-30": "13.46250", "2018-03-31": "13.51790", "2017-12-31": "13.22570", "2017-09-30": "13.66680", "2017-06-30": "12.53500", "2017-03-31": "12.50350", "2016-12-31": "12.02740", "2016-09-30": "11.85140", "2016-06-30": "12.36400", "2016-03-31": "12.03710", "2015-12-31": "11.65760", "2015-09-30": "12.41660", "2015-06-30": "13.26530", "2015-03-31": "13.30840", "2014-12-31": "13.87590", "2014-09-30": "14.59510", "2014-06-30": "15.55170", "2014-03-31": "15.00210", "2013-12-31": "15.45030", "2013-09-30": "15.16710", "2013-06-30": "14.33860", "2013-03-31": "14.81040", "2012-12-31": "14.69330", "2012-09-30": "14.42040", "2012-06-30": "14.62270", "2012-03-31": "14.52420", "2011-12-31": "14.06350", "2011-09-30": "14.27980", "2011-06-30": "14.72700", "2011-03-31": "14.35760", "2010-12-31": "13.68890", "2010-09-30": "13.22190", "2010-06-30": "12.07630", "2010-03-31": "11.95400", "2009-12-31": "11.87860", "2009-09-30": "11.57910", "2009-06-30": "11.52360", "2009-03-31": "10.92890", "2008-12-31": "11.06980", "2008-09-30": "11.81640", "2008-06-30": "12.53150", "2008-03-31": "12.11690", "2007-12-31": "11.64750", "2007-09-30": "11.12590", "2007-06-30": "10.97920", "2007-03-31": "10.49460", "2006-12-31": "10.26990", "2006-09-30": "12.42920", "2006-06-30": "9.92890", "2006-03-31": "9.66370", "2005-12-31": "9.26230", "2005-09-30": "9.01010", "2005-06-30": "8.85760", "2005-03-31": "9.13250"}, "Operating Cash Flow Per Share": {"2020-12-31": "1.34240", "2020-09-30": 1.9924, "2020-06-30": 1.4337, "2020-03-31": 0.9659, "2019-12-31": "0.69040", "2019-09-30": 1.9326, "2019-06-30": 1.5262, "2019-03-31": 0.8704, "2018-12-31": "0.51450", "2018-09-30": 1.6007, "2018-06-30": 1.4672, "2018-03-31": 0.7864, "2017-12-31": "0.69790", "2017-09-30": 1.3283, "2017-06-30": 1.0075, "2017-03-31": 0.2665, "2016-12-31": "0.36940", "2016-09-30": 1.4722, "2016-06-30": 1.1114, "2016-03-31": 1.1242, "2015-12-31": "0.74640", "2015-09-30": 1.6036, "2015-06-30": 0.7768, "2015-03-31": 0.5361, "2014-12-31": "0.82190", "2014-09-30": 1.9961, "2014-06-30": 1.4523, "2014-03-31": 0.8193, "2013-12-31": "0.97590", "2013-09-30": 1.9973, "2013-06-30": 1.378, "2013-03-31": 0.7933, "2012-12-31": "0.87910", "2012-09-30": 1.7837, "2012-06-30": 1.1562, "2012-03-31": 0.7637, "2011-12-31": "0.45240", "2011-09-30": 1.6648, "2011-06-30": 1.2063, "2011-03-31": 0.9948, "2010-12-31": "0.42470", "2010-09-30": 1.6801, "2010-06-30": 0.9271, "2010-03-31": 0.8353, "2009-12-31": "0.90620", "2009-09-30": 1.7699, "2009-06-30": 1.2169, "2009-03-31": 0.6653, "2008-12-31": "0.41540", "2008-09-30": 1.6353, "2008-06-30": 1.0577, "2008-03-31": 0.9474, "2007-12-31": "0.53110", "2007-09-30": 1.54, "2007-06-30": 1.1246, "2007-03-31": 0.6826, "2006-12-31": "0.40450", "2006-09-30": 1.2448, "2006-06-30": 0.7549, "2006-03-31": 0.6614, "2005-12-31": "0.38560", "2005-09-30": 1.045, "2005-06-30": 0.7318, "2005-03-31": 0.8339}, "Free Cash Flow Per Share": {"2020-12-31": "1.13970", "2020-09-30": 1.6538, "2020-06-30": 1.2536, "2020-03-31": 0.7833, "2019-12-31": "0.50480", "2019-09-30": 1.6136, "2019-06-30": 1.3314, "2019-03-31": 0.674, "2018-12-31": "0.26760", "2018-09-30": 1.1256, "2018-06-30": 1.2762, "2018-03-31": 0.6312, "2017-12-31": "0.54800", "2017-09-30": 1.0545, "2017-06-30": 0.8424, "2017-03-31": 0.1208, "2016-12-31": "0.21420", "2016-09-30": 1.2476, "2016-06-30": 0.9706, "2016-03-31": 0.9886, "2015-12-31": "0.55630", "2015-09-30": 1.5058, "2015-06-30": 0.5302, "2015-03-31": 0.3092, "2014-12-31": "0.52400", "2014-09-30": 1.8862, "2014-06-30": 1.2005, "2014-03-31": 0.5897, "2013-12-31": "0.64260", "2013-09-30": 1.6645, "2013-06-30": 1.1824, "2013-03-31": 0.659, "2012-12-31": "0.60390", "2012-09-30": 1.4612, "2012-06-30": 0.963, "2012-03-31": 0.5502, "2011-12-31": "0.27630", "2011-09-30": 1.3412, "2011-06-30": 0.9459, "2011-03-31": 0.8283, "2010-12-31": "0.31660", "2010-09-30": 1.3838, "2010-06-30": 0.7662, "2010-03-31": 0.7177, "2009-12-31": "0.78880", "2009-09-30": 1.5841, "2009-06-30": 1.0621, "2009-03-31": 0.4779, "2008-12-31": "0.24350", "2008-09-30": 1.316, "2008-06-30": 0.8588, "2008-03-31": 0.7206, "2007-12-31": "0.37160", "2007-09-30": 1.2165, "2007-06-30": 0.9439, "2007-03-31": 0.4894, "2006-12-31": "0.25480", "2006-09-30": 0.9446, "2006-06-30": 0.5843, "2006-03-31": 0.5254, "2005-12-31": "0.26350", "2005-09-30": 0.8456, "2005-06-30": 0.5885, "2005-03-31": 0.5583}}, "revenue": {"Emerson Electric Annual Revenue (Millions of US $)": {"2020": "$16,785", "2019": "$18,372", "2018": "$17,408", "2017": "$15,264", "2016": "$14,522", "2015": "$16,249", "2014": "$17,733", "2013": "$24,669", "2012": "$24,412", "2011": "$24,222", "2010": "$21,039", "2009": "$20,102", "2008": "$23,751", "2007": "$22,131", "2006": "$19,734", "2005": "$17,305"}, "Emerson Electric Quarterly Revenue (Millions of US $)": {"2020-12-31": "$4,161", "2020-09-30": "$4,558", "2020-06-30": "$3,914", "2020-03-31": "$4,162", "2019-12-31": "$4,151", "2019-09-30": "$4,971", "2019-06-30": "$4,684", "2019-03-31": "$4,570", "2018-12-31": "$4,147", "2018-09-30": "$4,888", "2018-06-30": "$4,456", "2018-03-31": "$4,248", "2017-12-31": "$3,816", "2017-09-30": "$4,435", "2017-06-30": "$4,039", "2017-03-31": "$3,574", "2016-12-31": "$3,216", "2016-09-30": "$3,932", "2016-06-30": "$3,674", "2016-03-31": "$3,579", "2015-12-31": "$3,337", "2015-09-30": "$-241", "2015-06-30": "$5,503", "2015-03-31": "$5,400", "2014-12-31": "$5,587", "2014-09-30": "$3", "2014-06-30": "$6,312", "2014-03-31": "$5,812", "2013-12-31": "$5,606", "2013-09-30": "$6,812", "2013-06-30": "$6,344", "2013-03-31": "$5,960", "2012-12-31": "$5,553", "2012-09-30": "$6,700", "2012-06-30": "$6,484", "2012-03-31": "$5,919", "2011-12-31": "$5,309", "2011-09-30": "$6,545", "2011-06-30": "$6,288", "2011-03-31": "$5,854", "2010-12-31": "$5,535", "2010-09-30": "$5,841", "2010-06-30": "$5,417", "2010-03-31": "$4,953", "2009-12-31": "$4,828", "2009-09-30": "$4,509", "2009-06-30": "$5,091", "2009-03-31": "$5,087", "2008-12-31": "$5,415", "2008-09-30": "$5,640", "2008-06-30": "$6,568", "2008-03-31": "$6,023", "2007-12-31": "$5,520", "2007-09-30": "$5,914", "2007-06-30": "$5,772", "2007-03-31": "$5,394", "2006-12-31": "$5,051", "2006-09-30": "$5,117", "2006-06-30": "$5,217", "2006-03-31": "$4,852", "2005-12-31": "$4,548", "2005-09-30": "$4,643", "2005-06-30": "$4,465", "2005-03-31": "$4,227"}}, "gross-profit": {"Emerson Electric Annual Gross Profit (Millions of US $)": {"2020": "$7,009", "2019": "$7,815", "2018": "$7,432", "2017": "$6,431", "2016": "$6,262", "2015": "$7,008", "2014": "$7,762", "2013": "$9,952", "2012": "$9,768", "2011": "$9,557", "2010": "$8,326", "2009": "$7,560", "2008": "$8,938", "2007": "$8,065", "2006": "$7,129", "2005": "$6,183"}, "Emerson Electric Quarterly Gross Profit (Millions of US $)": {"2020-12-31": "$1,723", "2020-09-30": "$1,882", "2020-06-30": "$1,618", "2020-03-31": "$1,750", "2019-12-31": "$1,759", "2019-09-30": "$2,128", "2019-06-30": "$2,001", "2019-03-31": "$1,925", "2018-12-31": "$1,761", "2018-09-30": "$2,059", "2018-06-30": "$1,942", "2018-03-31": "$1,817", "2017-12-31": "$1,614", "2017-09-30": "$1,831", "2017-06-30": "$1,678", "2017-03-31": "$1,557", "2016-12-31": "$1,365", "2016-09-30": "$1,713", "2016-06-30": "$1,593", "2016-03-31": "$1,542", "2015-12-31": "$1,414", "2015-09-30": "$328", "2015-06-30": "$2,234", "2015-03-31": "$2,166", "2014-12-31": "$2,280", "2014-09-30": "$493", "2014-06-30": "$2,638", "2014-03-31": "$2,395", "2013-12-31": "$2,236", "2013-09-30": "$2,804", "2013-06-30": "$2,568", "2013-03-31": "$2,373", "2012-12-31": "$2,207", "2012-09-30": "$2,749", "2012-06-30": "$2,628", "2012-03-31": "$2,336", "2011-12-31": "$2,055", "2011-09-30": "$2,590", "2011-06-30": "$2,498", "2011-03-31": "$2,306", "2010-12-31": "$2,163", "2010-09-30": "$2,331", "2010-06-30": "$2,164", "2010-03-31": "$1,963", "2009-12-31": "$1,868", "2009-09-30": "$1,889", "2009-06-30": "$1,838", "2009-03-31": "$1,837", "2008-12-31": "$1,996", "2008-09-30": "$2,273", "2008-06-30": "$2,413", "2008-03-31": "$2,242", "2007-12-31": "$2,010", "2007-09-30": "$2,236", "2007-06-30": "$2,095", "2007-03-31": "$1,939", "2006-12-31": "$1,795", "2006-09-30": "$1,946", "2006-06-30": "$1,856", "2006-03-31": "$1,734", "2005-12-31": "$1,593", "2005-09-30": "$1,669", "2005-06-30": "$1,600", "2005-03-31": "$1,502"}}, "operating-income": {"Emerson Electric Annual Operating Income (Millions of US $)": {"2020": "$3,023", "2019": "$3,358", "2018": "$3,163", "2017": "$2,824", "2016": "$2,798", "2015": "$4,312", "2014": "$3,598", "2013": "$3,776", "2012": "$3,740", "2011": "$4,210", "2010": "$3,509", "2009": "$3,144", "2008": "$4,023", "2007": "$3,496", "2006": "$3,053", "2005": "$2,588"}, "Emerson Electric Quarterly Operating Income (Millions of US $)": {"2020-12-31": "$725", "2020-09-30": "$936", "2020-06-30": "$684", "2020-03-31": "$767", "2019-12-31": "$636", "2019-09-30": "$1,019", "2019-06-30": "$875", "2019-03-31": "$780", "2018-12-31": "$684", "2018-09-30": "$878", "2018-06-30": "$884", "2018-03-31": "$782", "2017-12-31": "$619", "2017-09-30": "$845", "2017-06-30": "$747", "2017-03-31": "$689", "2016-12-31": "$543", "2016-09-30": "$858", "2016-06-30": "$741", "2016-03-31": "$664", "2015-12-31": "$535", "2015-09-30": "$1,631", "2015-06-30": "$958", "2015-03-31": "$848", "2014-12-31": "$875", "2014-09-30": "$591", "2014-06-30": "$1,214", "2014-03-31": "$1,001", "2013-12-31": "$792", "2013-09-30": "$1,347", "2013-06-30": "$669", "2013-03-31": "$947", "2012-12-31": "$813", "2012-09-30": "$772", "2012-06-30": "$1,290", "2012-03-31": "$977", "2011-12-31": "$701", "2011-09-30": "$1,232", "2011-06-30": "$1,135", "2011-03-31": "$991", "2010-12-31": "$852", "2010-09-30": "$1,019", "2010-06-30": "$996", "2010-03-31": "$760", "2009-12-31": "$734", "2009-09-30": "$874", "2009-06-30": "$749", "2009-03-31": "$718", "2008-12-31": "$803", "2008-09-30": "$1,115", "2008-06-30": "$1,092", "2008-03-31": "$990", "2007-12-31": "$826", "2007-09-30": "$1,008", "2007-06-30": "$941", "2007-03-31": "$830", "2006-12-31": "$717", "2006-09-30": "$862", "2006-06-30": "$819", "2006-03-31": "$729", "2005-12-31": "$643", "2005-09-30": "$746", "2005-06-30": "$693", "2005-03-31": "$609"}}, "ebitda": {"Emerson Electric Annual EBITDA (Millions of US $)": {"2020": "$3,877", "2019": "$4,180", "2018": "$3,921", "2017": "$3,460", "2016": "$3,366", "2015": "$4,885", "2014": "$4,167", "2013": "$5,091", "2012": "$5,091", "2011": "$5,096", "2010": "$4,325", "2009": "$3,871", "2008": "$4,730", "2007": "$4,152", "2006": "$3,660", "2005": "$3,150"}, "Emerson Electric Quarterly EBITDA (Millions of US $)": {"2020-12-31": "$969", "2020-09-30": "$1,159", "2020-06-30": "$893", "2020-03-31": "$978", "2019-12-31": "$847", "2019-09-30": "$1,232", "2019-06-30": "$1,078", "2019-03-31": "$984", "2018-12-31": "$886", "2018-09-30": "$1,079", "2018-06-30": "$1,063", "2018-03-31": "$973", "2017-12-31": "$806", "2017-09-30": "$1,027", "2017-06-30": "$918", "2017-03-31": "$829", "2016-12-31": "$686", "2016-09-30": "$1,000", "2016-06-30": "$881", "2016-03-31": "$806", "2015-12-31": "$679", "2015-09-30": "$1,591", "2015-06-30": "$1,159", "2015-03-31": "$1,053", "2014-12-31": "$1,082", "2014-09-30": "$537", "2014-06-30": "$1,418", "2014-03-31": "$1,211", "2013-12-31": "$1,001", "2013-09-30": "$1,575", "2013-06-30": "$1,345", "2013-03-31": "$1,152", "2012-12-31": "$1,019", "2012-09-30": "$1,506", "2012-06-30": "$1,501", "2012-03-31": "$1,179", "2011-12-31": "$905", "2011-09-30": "$1,468", "2011-06-30": "$1,350", "2011-03-31": "$1,207", "2010-12-31": "$1,071", "2010-09-30": "$1,230", "2010-06-30": "$1,199", "2010-03-31": "$966", "2009-12-31": "$930", "2009-09-30": "$1,059", "2009-06-30": "$933", "2009-03-31": "$900", "2008-12-31": "$979", "2008-09-30": "$1,292", "2008-06-30": "$1,272", "2008-03-31": "$1,169", "2007-12-31": "$997", "2007-09-30": "$1,173", "2007-06-30": "$1,104", "2007-03-31": "$997", "2006-12-31": "$878", "2006-09-30": "$1,015", "2006-06-30": "$979", "2006-03-31": "$882", "2005-12-31": "$784", "2005-09-30": "$888", "2005-06-30": "$837", "2005-03-31": "$748"}}, "net-income": {"Emerson Electric Annual Net Income (Millions of US $)": {"2020": "$1,965", "2019": "$2,306", "2018": "$2,203", "2017": "$1,518", "2016": "$1,635", "2015": "$2,710", "2014": "$2,147", "2013": "$2,004", "2012": "$1,968", "2011": "$2,480", "2010": "$2,164", "2009": "$1,724", "2008": "$2,412", "2007": "$2,136", "2006": "$1,845", "2005": "$1,422"}, "Emerson Electric Quarterly Net Income (Millions of US $)": {"2020-12-31": "$445", "2020-09-30": "$723", "2020-06-30": "$399", "2020-03-31": "$517", "2019-12-31": "$326", "2019-09-30": "$717", "2019-06-30": "$604", "2019-03-31": "$520", "2018-12-31": "$465", "2018-09-30": "$617", "2018-06-30": "$712", "2018-03-31": "$482", "2017-12-31": "$392", "2017-09-30": "$504", "2017-06-30": "$413", "2017-03-31": "$292", "2016-12-31": "$309", "2016-09-30": "$438", "2016-06-30": "$479", "2016-03-31": "$369", "2015-12-31": "$349", "2015-09-30": "$648", "2015-06-30": "$564", "2015-03-31": "$973", "2014-12-31": "$525", "2014-09-30": "$410", "2014-06-30": "$728", "2014-03-31": "$547", "2013-12-31": "$462", "2013-09-30": "$795", "2013-06-30": "$194", "2013-03-31": "$561", "2012-12-31": "$454", "2012-09-30": "$282", "2012-06-30": "$770", "2012-03-31": "$545", "2011-12-31": "$371", "2011-09-30": "$761", "2011-06-30": "$683", "2011-03-31": "$556", "2010-12-31": "$480", "2010-09-30": "$749", "2010-06-30": "$585", "2010-03-31": "$405", "2009-12-31": "$425", "2009-09-30": "$506", "2009-06-30": "$387", "2009-03-31": "$373", "2008-12-31": "$458", "2008-09-30": "$688", "2008-06-30": "$612", "2008-03-31": "$547", "2007-12-31": "$565", "2007-09-30": "$623", "2007-06-30": "$574", "2007-03-31": "$494", "2006-12-31": "$445", "2006-09-30": "$526", "2006-06-30": "$486", "2006-03-31": "$434", "2005-12-31": "$399", "2005-09-30": "$419", "2005-06-30": "$358", "2005-03-31": "$348"}}, "eps-earnings-per-share-diluted": {"Emerson Electric Annual EPS": {"2020": "$3.24", "2019": "$3.71", "2018": "$3.46", "2017": "$2.35", "2016": "$2.52", "2015": "$3.99", "2014": "$3.03", "2013": "$2.76", "2012": "$2.67", "2011": "$3.27", "2010": "$2.84", "2009": "$2.27", "2008": "$3.06", "2007": "$2.66", "2006": "$2.24", "2005": "$1.70"}, "Emerson Electric Quarterly EPS": {"2020-12-31": "$0.74", "2020-09-30": "$1.20", "2020-06-30": "$0.67", "2020-03-31": "$0.84", "2019-12-31": "$0.53", "2019-09-30": "$1.16", "2019-06-30": "$0.97", "2019-03-31": "$0.84", "2018-12-31": "$0.74", "2018-09-30": "$0.97", "2018-06-30": "$1.12", "2018-03-31": "$0.76", "2017-12-31": "$0.61", "2017-09-30": "$0.78", "2017-06-30": "$0.64", "2017-03-31": "$0.45", "2016-12-31": "$0.48", "2016-09-30": "$0.68", "2016-06-30": "$0.74", "2016-03-31": "$0.57", "2015-12-31": "$0.53", "2015-09-30": "$0.98", "2015-06-30": "$0.84", "2015-03-31": "$1.42", "2014-12-31": "$0.75", "2014-09-30": "$0.58", "2014-06-30": "$1.03", "2014-03-31": "$0.77", "2013-12-31": "$0.65", "2013-09-30": "$1.10", "2013-06-30": "$0.27", "2013-03-31": "$0.77", "2012-12-31": "$0.62", "2012-09-30": "$0.39", "2012-06-30": "$1.04", "2012-03-31": "$0.74", "2011-12-31": "$0.50", "2011-09-30": "$1.01", "2011-06-30": "$0.90", "2011-03-31": "$0.73", "2010-12-31": "$0.63", "2010-09-30": "$0.98", "2010-06-30": "$0.77", "2010-03-31": "$0.53", "2009-12-31": "$0.56", "2009-09-30": "$0.67", "2009-06-30": "$0.51", "2009-03-31": "$0.49", "2008-12-31": "$0.60", "2008-09-30": "$0.88", "2008-06-30": "$0.78", "2008-03-31": "$0.69", "2007-12-31": "$0.71", "2007-09-30": "$0.78", "2007-06-30": "$0.72", "2007-03-31": "$0.61", "2006-12-31": "$0.55", "2006-09-30": "$0.65", "2006-06-30": "$0.59", "2006-03-31": "$0.52", "2005-12-31": "$0.48", "2005-09-30": "$0.51", "2005-06-30": "$0.43", "2005-03-31": "$0.42"}}, "shares-outstanding": {"Emerson Electric Annual Shares Outstanding (Millions of Shares)": {"2020": "607", "2019": "621", "2018": "635", "2017": "643", "2016": "647", "2015": "677", "2014": "704", "2013": "723", "2012": "735", "2011": "754", "2010": "757", "2009": "759", "2008": "789", "2007": "804", "2006": "825", "2005": "838"}, "Emerson Electric Quarterly Shares Outstanding (Millions of Shares)": {"2020-12-31": "602", "2020-09-30": "607", "2020-06-30": "600", "2020-03-31": "611", "2019-12-31": "614", "2019-09-30": "621", "2019-06-30": "619", "2019-03-31": "618", "2018-12-31": "628", "2018-09-30": "635", "2018-06-30": "633", "2018-03-31": "636", "2017-12-31": "641", "2017-09-30": "643", "2017-06-30": "644", "2017-03-31": "645", "2016-12-31": "644", "2016-09-30": "647", "2016-06-30": "645", "2016-03-31": "645", "2015-12-31": "653", "2015-09-30": "677", "2015-06-30": "669", "2015-03-31": "684", "2014-12-31": "695", "2014-09-30": "704", "2014-06-30": "703", "2014-03-31": "705", "2013-12-31": "708", "2013-09-30": "723", "2013-06-30": "722", "2013-03-31": "725", "2012-12-31": "727", "2012-09-30": "735", "2012-06-30": "734", "2012-03-31": "737", "2011-12-31": "738", "2011-09-30": "754", "2011-06-30": "753", "2011-03-31": "757", "2010-12-31": "758", "2010-09-30": "757", "2010-06-30": "758", "2010-03-31": "757", "2009-12-31": "758", "2009-09-30": "759", "2009-06-30": "755", "2009-03-31": "757", "2008-12-31": "768", "2008-09-30": "789", "2008-06-30": "788", "2008-03-31": "792", "2007-12-31": "797", "2007-09-30": "804", "2007-06-30": "802", "2007-03-31": "805", "2006-12-31": "809", "2006-09-30": "825", "2006-06-30": "826", "2006-03-31": "829", "2005-12-31": "827", "2005-09-30": "838", "2005-06-30": "835", "2005-03-31": "842"}}, "total-assets": {"Emerson Electric Annual Total Assets (Millions of US $)": {"2020": "$22,882", "2019": "$20,497", "2018": "$20,390", "2017": "$19,589", "2016": "$21,732", "2015": "$22,088", "2014": "$24,177", "2013": "$24,711", "2012": "$23,818", "2011": "$23,861", "2010": "$22,843", "2009": "$19,763", "2008": "$21,040", "2007": "$19,680", "2006": "$18,672", "2005": "$17,227"}, "Emerson Electric Quarterly Total Assets (Millions of US $)": {"2020-12-31": "$23,678", "2020-09-30": "$22,882", "2020-06-30": "$21,730", "2020-03-31": "$21,711", "2019-12-31": "$21,101", "2019-09-30": "$20,497", "2019-06-30": "$21,317", "2019-03-31": "$21,071", "2018-12-31": "$20,429", "2018-09-30": "$20,390", "2018-06-30": "$20,487", "2018-03-31": "$19,785", "2017-12-31": "$19,858", "2017-09-30": "$19,589", "2017-06-30": "$19,402", "2017-03-31": "$17,277", "2016-12-31": "$17,471", "2016-09-30": "$21,732", "2016-06-30": "$22,082", "2016-03-31": "$21,764", "2015-12-31": "$21,552", "2015-09-30": "$22,088", "2015-06-30": "$23,464", "2015-03-31": "$22,968", "2014-12-31": "$23,724", "2014-09-30": "$24,177", "2014-06-30": "$25,115", "2014-03-31": "$24,346", "2013-12-31": "$24,124", "2013-09-30": "$24,711", "2013-06-30": "$23,513", "2013-03-31": "$23,724", "2012-12-31": "$23,771", "2012-09-30": "$23,818", "2012-06-30": "$24,326", "2012-03-31": "$24,134", "2011-12-31": "$23,444", "2011-09-30": "$23,861", "2011-06-30": "$24,104", "2011-03-31": "$23,535", "2010-12-31": "$22,703", "2010-09-30": "$22,843", "2010-06-30": "$22,958", "2010-03-31": "$21,720", "2009-12-31": "$21,489", "2009-09-30": "$19,763", "2009-06-30": "$20,324", "2009-03-31": "$19,991", "2008-12-31": "$20,522", "2008-09-30": "$21,040", "2008-06-30": "$22,196", "2008-03-31": "$21,450", "2007-12-31": "$20,854", "2007-09-30": "$19,680", "2007-06-30": "$20,075", "2007-03-31": "$19,532", "2006-12-31": "$19,103", "2006-09-30": "$18,672", "2006-06-30": "$18,384", "2006-03-31": "$17,209", "2005-12-31": "$16,626", "2005-09-30": "$17,227", "2005-06-30": "$17,144", "2005-03-31": "$17,263"}}, "cash-on-hand": {"Emerson Electric Annual Cash on Hand (Millions of US $)": {"2020": "$3,315", "2019": "$1,494", "2018": "$1,093", "2017": "$3,062", "2016": "$3,182", "2015": "$3,054", "2014": "$3,149", "2013": "$3,275", "2012": "$2,367", "2011": "$2,052", "2010": "$1,592", "2009": "$1,560", "2008": "$1,777", "2007": "$1,008", "2006": "$810", "2005": "$1,233"}, "Emerson Electric Quarterly Cash on Hand (Millions of US $)": {"2020-12-31": "$2,197", "2020-09-30": "$3,315", "2020-06-30": "$2,450", "2020-03-31": "$2,583", "2019-12-31": "$1,635", "2019-09-30": "$1,494", "2019-06-30": "$1,603", "2019-03-31": "$1,384", "2018-12-31": "$1,248", "2018-09-30": "$1,093", "2018-06-30": "$3,411", "2018-03-31": "$2,444", "2017-12-31": "$3,096", "2017-09-30": "$3,062", "2017-06-30": "$3,140", "2017-03-31": "$5,039", "2016-12-31": "$4,151", "2016-09-30": "$3,182", "2016-06-30": "$3,516", "2016-03-31": "$3,322", "2015-12-31": "$3,109", "2015-09-30": "$3,054", "2015-06-30": "$3,393", "2015-03-31": "$3,256", "2014-12-31": "$3,122", "2014-09-30": "$3,149", "2014-06-30": "$3,049", "2014-03-31": "$2,724", "2013-12-31": "$2,737", "2013-09-30": "$3,275", "2013-06-30": "$2,810", "2013-03-31": "$2,615", "2012-12-31": "$2,527", "2012-09-30": "$2,367", "2012-06-30": "$2,292", "2012-03-31": "$2,153", "2011-12-31": "$2,076", "2011-09-30": "$2,052", "2011-06-30": "$1,781", "2011-03-31": "$1,593", "2010-12-31": "$1,493", "2010-09-30": "$1,592", "2010-06-30": "$3,424", "2010-03-31": "$2,159", "2009-12-31": "$1,840", "2009-09-30": "$1,560", "2009-06-30": "$1,382", "2009-03-31": "$1,507", "2008-12-31": "$1,668", "2008-09-30": "$1,777", "2008-06-30": "$2,057", "2008-03-31": "$1,767", "2007-12-31": "$1,706", "2007-09-30": "$1,008", "2007-06-30": "$1,331", "2007-03-31": "$1,094", "2006-12-31": "$1,090", "2006-09-30": "$810", "2006-06-30": "$695", "2006-03-31": "$604", "2005-12-31": "$624", "2005-09-30": "$1,233", "2005-06-30": "$1,564", "2005-03-31": "$1,606"}}, "long-term-debt": {"Emerson Electric Annual Long Term Debt (Millions of US $)": {"2020": "$6,326", "2019": "$4,277", "2018": "$3,137", "2017": "$3,794", "2016": "$4,051", "2015": "$4,289", "2014": "$3,559", "2013": "$4,055", "2012": "$3,787", "2011": "$4,324", "2010": "$4,586", "2009": "$3,998", "2008": "$3,297", "2007": "$3,372", "2006": "$3,128", "2005": "$3,128"}, "Emerson Electric Quarterly Long Term Debt (Millions of US $)": {"2020-12-31": "$5,892", "2020-09-30": "$6,326", "2020-06-30": "$5,500", "2020-03-31": "$3,960", "2019-12-31": "$4,018", "2019-09-30": "$4,277", "2019-06-30": "$4,336", "2019-03-31": "$3,786", "2018-12-31": "$2,641", "2018-09-30": "$3,137", "2018-06-30": "$3,126", "2018-03-31": "$3,357", "2017-12-31": "$3,375", "2017-09-30": "$3,794", "2017-06-30": "$3,797", "2017-03-31": "$3,816", "2016-12-31": "$3,815", "2016-09-30": "$4,051", "2016-06-30": "$4,062", "2016-03-31": "$4,062", "2015-12-31": "$4,043", "2015-09-30": "$4,289", "2015-06-30": "$4,290", "2015-03-31": "$3,272", "2014-12-31": "$3,289", "2014-09-30": "$3,559", "2014-06-30": "$3,565", "2014-03-31": "$3,836", "2013-12-31": "$3,834", "2013-09-30": "$4,055", "2013-06-30": "$4,059", "2013-03-31": "$4,059", "2012-12-31": "$3,542", "2012-09-30": "$3,787", "2012-06-30": "$3,789", "2012-03-31": "$4,018", "2011-12-31": "$4,041", "2011-09-30": "$4,324", "2011-06-30": "$4,353", "2011-03-31": "$4,353", "2010-12-31": "$4,352", "2010-09-30": "$4,586", "2010-06-30": "$4,586", "2010-03-31": "$4,581", "2009-12-31": "$4,558", "2009-09-30": "$3,998", "2009-06-30": "$4,464", "2009-03-31": "$3,696", "2008-12-31": "$3,234", "2008-09-30": "$3,297", "2008-06-30": "$3,298", "2008-03-31": "$3,338", "2007-12-31": "$3,197", "2007-09-30": "$3,372", "2007-06-30": "$3,623", "2007-03-31": "$3,375", "2006-12-31": "$3,375", "2006-09-30": "$3,128", "2006-06-30": "$3,132", "2006-03-31": "$3,132", "2005-12-31": "$3,128", "2005-09-30": "$3,128", "2005-06-30": "$2,879", "2005-03-31": "$2,881"}}, "total-liabilities": {"Emerson Electric Annual Total Liabilities (Millions of US $)": {"2020": "$14,435", "2019": "$12,224", "2018": "$11,400", "2017": "$10,819", "2016": "$14,114", "2015": "$13,960", "2014": "$14,010", "2013": "$13,993", "2012": "$13,376", "2011": "$13,310", "2010": "$12,891", "2009": "$11,057", "2008": "$11,927", "2007": "$10,908", "2006": "$10,518", "2005": "$9,827"}, "Emerson Electric Quarterly Total Liabilities (Millions of US $)": {"2020-12-31": "$14,739", "2020-09-30": "$14,435", "2020-06-30": "$13,852", "2020-03-31": "$14,148", "2019-12-31": "$12,642", "2019-09-30": "$12,224", "2019-06-30": "$12,513", "2019-03-31": "$12,499", "2018-12-31": "$12,153", "2018-09-30": "$11,400", "2018-06-30": "$12,027", "2018-03-31": "$11,248", "2017-12-31": "$11,470", "2017-09-30": "$10,819", "2017-06-30": "$11,380", "2017-03-31": "$9,220", "2016-12-31": "$9,717", "2016-09-30": "$14,114", "2016-06-30": "$14,127", "2016-03-31": "$14,021", "2015-12-31": "$14,055", "2015-09-30": "$13,960", "2015-06-30": "$14,665", "2015-03-31": "$14,000", "2014-12-31": "$14,168", "2014-09-30": "$14,010", "2014-06-30": "$14,242", "2014-03-31": "$13,821", "2013-12-31": "$13,241", "2013-09-30": "$13,993", "2013-06-30": "$13,249", "2013-03-31": "$13,050", "2012-12-31": "$13,153", "2012-09-30": "$13,376", "2012-06-30": "$13,661", "2012-03-31": "$13,479", "2011-12-31": "$13,111", "2011-09-30": "$13,310", "2011-06-30": "$13,105", "2011-03-31": "$12,730", "2010-12-31": "$12,380", "2010-09-30": "$12,891", "2010-06-30": "$13,869", "2010-03-31": "$12,715", "2009-12-31": "$12,551", "2009-09-30": "$11,057", "2009-06-30": "$11,664", "2009-03-31": "$11,779", "2008-12-31": "$12,120", "2008-09-30": "$11,927", "2008-06-30": "$12,442", "2008-03-31": "$11,970", "2007-12-31": "$11,680", "2007-09-30": "$10,908", "2007-06-30": "$11,372", "2007-03-31": "$11,186", "2006-12-31": "$10,897", "2006-09-30": "$10,518", "2006-06-30": "$10,288", "2006-03-31": "$9,262", "2005-12-31": "$9,009", "2005-09-30": "$9,827", "2005-06-30": "$9,826", "2005-03-31": "$9,652"}}, "total-share-holder-equity": {"Emerson Electric Annual Share Holder Equity (Millions of US $)": {"2020": "$8,447", "2019": "$8,273", "2018": "$8,990", "2017": "$8,770", "2016": "$7,618", "2015": "$8,128", "2014": "$10,167", "2013": "$10,718", "2012": "$10,442", "2011": "$10,551", "2010": "$9,952", "2009": "$8,706", "2008": "$9,113", "2007": "$8,772", "2006": "$8,154", "2005": "$7,400"}, "Emerson Electric Quarterly Share Holder Equity (Millions of US $)": {"2020-12-31": "$8,939", "2020-09-30": "$8,447", "2020-06-30": "$7,878", "2020-03-31": "$7,563", "2019-12-31": "$8,459", "2019-09-30": "$8,273", "2019-06-30": "$8,804", "2019-03-31": "$8,572", "2018-12-31": "$8,276", "2018-09-30": "$8,990", "2018-06-30": "$8,460", "2018-03-31": "$8,537", "2017-12-31": "$8,388", "2017-09-30": "$8,770", "2017-06-30": "$8,022", "2017-03-31": "$8,057", "2016-12-31": "$7,754", "2016-09-30": "$7,618", "2016-06-30": "$7,955", "2016-03-31": "$7,743", "2015-12-31": "$7,497", "2015-09-30": "$8,128", "2015-06-30": "$8,799", "2015-03-31": "$8,968", "2014-12-31": "$9,556", "2014-09-30": "$10,167", "2014-06-30": "$10,873", "2014-03-31": "$10,525", "2013-12-31": "$10,883", "2013-09-30": "$10,718", "2013-06-30": "$10,264", "2013-03-31": "$10,674", "2012-12-31": "$10,618", "2012-09-30": "$10,442", "2012-06-30": "$10,665", "2012-03-31": "$10,655", "2011-12-31": "$10,333", "2011-09-30": "$10,551", "2011-06-30": "$10,999", "2011-03-31": "$10,805", "2010-12-31": "$10,323", "2010-09-30": "$9,952", "2010-06-30": "$9,089", "2010-03-31": "$9,005", "2009-12-31": "$8,938", "2009-09-30": "$8,706", "2009-06-30": "$8,660", "2009-03-31": "$8,212", "2008-12-31": "$8,402", "2008-09-30": "$9,113", "2008-06-30": "$9,754", "2008-03-31": "$9,480", "2007-12-31": "$9,174", "2007-09-30": "$8,772", "2007-06-30": "$8,703", "2007-03-31": "$8,346", "2006-12-31": "$8,206", "2006-09-30": "$8,154", "2006-06-30": "$8,096", "2006-03-31": "$7,947", "2005-12-31": "$7,617", "2005-09-30": "$7,400", "2005-06-30": "$7,318", "2005-03-31": "$7,611"}}, "profit-margins": {"current": "12.41%"}, "gross margin": {"2020-12-31": "41.52%", "2020-09-30": "41.76%", "2020-06-30": "42.19%", "2020-03-31": "42.51%", "2019-12-31": "42.52%", "2019-09-30": "42.54%", "2019-06-30": "42.35%", "2019-03-31": "42.56%", "2018-12-31": "42.73%", "2018-09-30": "42.69%", "2018-06-30": "42.49%", "2018-03-31": "41.96%", "2017-12-31": "42.11%", "2017-09-30": "42.13%", "2017-06-30": "42.77%", "2017-03-31": "43.26%", "2016-12-31": "43.14%", "2016-09-30": "43.12%", "2016-06-30": "47.13%", "2016-03-31": "45.31%", "2015-12-31": "43.87%", "2015-09-30": "43.13%", "2015-06-30": "43.49%", "2015-03-31": "43.79%", "2014-12-31": "44.07%", "2014-09-30": "43.77%", "2014-06-30": "41.04%", "2014-03-31": "40.71%", "2013-12-31": "40.37%", "2013-09-30": "40.34%", "2013-06-30": "40.30%", "2013-03-31": "40.32%", "2012-12-31": "40.23%", "2012-09-30": "40.01%", "2012-06-30": "39.61%", "2012-03-31": "39.40%", "2011-12-31": "39.38%", "2011-09-30": "39.46%", "2011-06-30": "39.54%", "2011-03-31": "39.58%", "2010-12-31": "39.64%", "2010-09-30": "39.57%", "2010-06-30": "40.01%", "2010-03-31": "39.00%", "2009-12-31": "38.08%", "2009-09-30": "37.61%", "2009-06-30": "37.41%", "2009-03-31": "37.51%", "2008-12-31": "37.74%", "2008-09-30": "37.63%", "2008-06-30": "37.05%", "2008-03-31": "36.95%", "2007-12-31": "36.64%", "2007-09-30": "36.44%", "2007-06-30": "36.44%", "2007-03-31": "36.27%", "2006-12-31": "36.23%", "2006-09-30": "36.13%", "2006-06-30": "35.58%", "2006-03-31": "35.64%", "2005-12-31": "35.59%"}, "operating margin": {"2020-12-31": "18.53%", "2020-09-30": "18.01%", "2020-06-30": "18.06%", "2020-03-31": "18.35%", "2019-12-31": "18.01%", "2019-09-30": "18.28%", "2019-06-30": "17.59%", "2019-03-31": "17.86%", "2018-12-31": "18.20%", "2018-09-30": "18.17%", "2018-06-30": "18.46%", "2018-03-31": "18.10%", "2017-12-31": "18.28%", "2017-09-30": "18.50%", "2017-06-30": "19.22%", "2017-03-31": "19.67%", "2016-12-31": "19.48%", "2016-09-30": "19.27%", "2016-06-30": "34.51%", "2016-03-31": "31.11%", "2015-12-31": "28.37%", "2015-09-30": "26.54%", "2015-06-30": "19.84%", "2015-03-31": "20.39%", "2014-12-31": "20.78%", "2014-09-30": "20.29%", "2014-06-30": "17.74%", "2014-03-31": "15.50%", "2013-12-31": "15.19%", "2013-09-30": "15.31%", "2013-06-30": "13.03%", "2013-03-31": "15.48%", "2012-12-31": "15.62%", "2012-09-30": "15.32%", "2012-06-30": "17.31%", "2012-03-31": "16.81%", "2011-12-31": "16.92%", "2011-09-30": "17.38%", "2011-06-30": "17.00%", "2011-03-31": "17.04%", "2010-12-31": "16.68%", "2010-09-30": "16.68%", "2010-06-30": "17.07%", "2010-03-31": "16.08%", "2009-12-31": "15.76%", "2009-09-30": "15.64%", "2009-06-30": "15.94%", "2009-03-31": "16.42%", "2008-12-31": "16.92%", "2008-09-30": "16.94%", "2008-06-30": "16.30%", "2008-03-31": "16.21%", "2007-12-31": "15.95%", "2007-09-30": "15.80%", "2007-06-30": "15.70%", "2007-03-31": "15.53%", "2006-12-31": "15.45%", "2006-09-30": "15.47%", "2006-06-30": "15.25%", "2006-03-31": "15.19%", "2005-12-31": "15.05%"}, "ebitda margin": {"2020-12-31": "23.81%", "2020-09-30": "23.10%", "2020-06-30": "22.97%", "2020-03-31": "23.01%", "2019-12-31": "22.53%", "2019-09-30": "22.75%", "2019-06-30": "22.02%", "2019-03-31": "22.21%", "2018-12-31": "22.55%", "2018-09-30": "22.52%", "2018-06-30": "22.82%", "2018-03-31": "22.52%", "2017-12-31": "22.57%", "2017-09-30": "22.67%", "2017-06-30": "23.26%", "2017-03-31": "23.59%", "2016-12-31": "23.42%", "2016-09-30": "23.18%", "2016-06-30": "38.24%", "2016-03-31": "34.78%", "2015-12-31": "32.02%", "2015-09-30": "30.06%", "2015-06-30": "23.23%", "2015-03-31": "23.64%", "2014-12-31": "23.98%", "2014-09-30": "23.50%", "2014-06-30": "21.21%", "2014-03-31": "20.88%", "2013-12-31": "20.52%", "2013-09-30": "20.64%", "2013-06-30": "20.45%", "2013-03-31": "20.97%", "2012-12-31": "21.11%", "2012-09-30": "20.85%", "2012-06-30": "20.83%", "2012-03-31": "20.37%", "2011-12-31": "20.55%", "2011-09-30": "21.04%", "2011-06-30": "20.66%", "2011-03-31": "20.78%", "2010-12-31": "20.54%", "2010-09-30": "20.56%", "2010-06-30": "21.08%", "2010-03-31": "20.06%", "2009-12-31": "19.58%", "2009-09-30": "19.26%", "2009-06-30": "19.33%", "2009-03-31": "19.56%", "2008-12-31": "19.93%", "2008-09-30": "19.91%", "2008-06-30": "19.19%", "2008-03-31": "19.13%", "2007-12-31": "18.90%", "2007-09-30": "18.76%", "2007-06-30": "18.72%", "2007-03-31": "18.62%", "2006-12-31": "18.55%", "2006-09-30": "18.55%", "2006-06-30": "18.34%", "2006-03-31": "18.32%", "2005-12-31": "18.21%"}, "pre tax profit margin": {"2020-12-31": "14.74%", "2020-09-30": "13.91%", "2020-06-30": "13.93%", "2020-03-31": "15.05%", "2019-12-31": "14.64%", "2019-09-30": "15.56%", "2019-06-30": "15.15%", "2019-03-31": "15.35%", "2018-12-31": "15.53%", "2018-09-30": "15.32%", "2018-06-30": "15.42%", "2018-03-31": "14.92%", "2017-12-31": "14.96%", "2017-09-30": "15.30%", "2017-06-30": "15.74%", "2017-03-31": "16.39%", "2016-12-31": "16.29%", "2016-09-30": "15.95%", "2016-06-30": "22.07%", "2016-03-31": "19.90%", "2015-12-31": "24.83%", "2015-09-30": "23.43%", "2015-06-30": "23.19%", "2015-03-31": "23.70%", "2014-12-31": "18.70%", "2014-09-30": "17.99%", "2014-06-30": "15.13%", "2014-03-31": "12.83%", "2013-12-31": "12.81%", "2013-09-30": "12.96%", "2013-06-30": "10.62%", "2013-03-31": "13.17%", "2012-12-31": "13.12%", "2012-09-30": "12.76%", "2012-06-30": "14.90%", "2012-03-31": "14.35%", "2011-12-31": "14.46%", "2011-09-30": "14.99%", "2011-06-30": "14.35%", "2011-03-31": "14.34%", "2010-12-31": "13.86%", "2010-09-30": "13.68%", "2010-06-30": "13.70%", "2010-03-31": "12.33%", "2009-12-31": "12.02%", "2009-09-30": "12.19%", "2009-06-30": "13.40%", "2009-03-31": "14.26%", "2008-12-31": "15.03%", "2008-09-30": "15.35%", "2008-06-30": "14.52%", "2008-03-31": "14.49%", "2007-12-31": "14.27%", "2007-09-30": "13.98%", "2007-06-30": "13.87%", "2007-03-31": "13.72%", "2006-12-31": "13.55%", "2006-09-30": "13.55%", "2006-06-30": "13.13%", "2006-03-31": "13.03%", "2005-12-31": "12.78%"}, "net profit margin": {"2020-12-31": "12.41%", "2020-09-30": "11.71%", "2020-06-30": "11.39%", "2020-03-31": "12.04%", "2019-12-31": "11.79%", "2019-09-30": "12.55%", "2019-06-30": "12.06%", "2019-03-31": "12.81%", "2018-12-31": "12.83%", "2018-09-30": "12.66%", "2018-06-30": "12.33%", "2018-03-31": "10.83%", "2017-12-31": "10.09%", "2017-09-30": "9.94%", "2017-06-30": "9.84%", "2017-03-31": "10.54%", "2016-12-31": "11.08%", "2016-09-30": "11.26%", "2016-06-30": "17.83%", "2016-03-31": "15.85%", "2015-12-31": "18.10%", "2015-09-30": "16.68%", "2015-06-30": "14.99%", "2015-03-31": "15.24%", "2014-12-31": "12.48%", "2014-09-30": "12.11%", "2014-06-30": "10.32%", "2014-03-31": "8.13%", "2013-12-31": "8.14%", "2013-09-30": "8.12%", "2013-06-30": "6.07%", "2013-03-31": "8.37%", "2012-12-31": "8.32%", "2012-09-30": "8.06%", "2012-06-30": "10.09%", "2012-03-31": "9.81%", "2011-12-31": "9.88%", "2011-09-30": "10.24%", "2011-06-30": "10.49%", "2011-03-31": "10.46%", "2010-12-31": "10.20%", "2010-09-30": "10.29%", "2010-06-30": "9.75%", "2010-03-31": "8.89%", "2009-12-31": "8.67%", "2009-09-30": "8.58%", "2009-06-30": "8.98%", "2009-03-31": "9.38%", "2008-12-31": "9.75%", "2008-09-30": "10.16%", "2008-06-30": "9.77%", "2008-03-31": "9.94%", "2007-12-31": "9.98%", "2007-09-30": "9.65%", "2007-06-30": "9.56%", "2007-03-31": "9.39%", "2006-12-31": "9.34%", "2006-09-30": "9.35%", "2006-06-30": "9.02%", "2006-03-31": "8.70%", "2005-12-31": "8.52%"}, "pe ratio": {"current": "23.79", "2021-02-05": "31.77", "2020-12-31": "29.66", "2020-09-30": "20.10", "2020-06-30": "19.12", "2020-03-31": "13.30", "2019-12-31": "21.14", "2019-09-30": "17.37", "2019-06-30": "18.11", "2019-03-31": "17.69", "2018-12-31": "15.67", "2018-09-30": "20.69", "2018-06-30": "19.64", "2018-03-31": "22.58", "2017-12-31": "25.75", "2017-09-30": "24.30", "2017-06-30": "23.89", "2017-03-31": "22.78", "2016-12-31": "20.04", "2016-09-30": "19.02", "2016-06-30": "16.12", "2016-03-31": "16.09", "2015-12-31": "10.85", "2015-09-30": "9.37", "2015-06-30": "12.95", "2015-03-31": "12.46", "2014-12-31": "16.28", "2014-09-30": "16.92", "2014-06-30": "15.21", "2014-03-31": "19.36", "2013-12-31": "20.21", "2013-09-30": "18.71", "2013-06-30": "21.10", "2013-03-31": "15.60", "2012-12-31": "14.84", "2012-09-30": "14.02", "2012-06-30": "10.89", "2012-03-31": "12.64", "2011-12-31": "11.23", "2011-09-30": "9.49", "2011-06-30": "12.94", "2011-03-31": "13.91", "2010-12-31": "14.47", "2010-09-30": "13.57", "2010-06-30": "12.55", "2010-03-31": "16.01", "2009-12-31": "13.69", "2009-09-30": "11.97", "2009-06-30": "8.81", "2009-03-31": "6.97", "2008-12-31": "8.26", "2008-09-30": "9.11", "2008-06-30": "11.35", "2008-03-31": "11.93", "2007-12-31": "13.43", "2007-09-30": "13.30", "2007-06-30": "12.25", "2007-03-31": "11.83", "2006-12-31": "12.47"}, "price sales": {"2021-02-05": "3.10", "2020-12-31": "2.89", "2020-09-30": "2.36", "2020-06-30": "2.18", "2020-03-31": "1.60", "2019-12-31": "2.49", "2019-09-30": "2.18", "2019-06-30": "2.18", "2019-03-31": "2.26", "2018-12-31": "2.01", "2018-09-30": "2.62", "2018-06-30": "2.42", "2018-03-31": "2.44", "2017-12-31": "2.59", "2017-09-30": "2.41", "2017-06-30": "2.35", "2017-03-31": "2.40", "2016-12-31": "2.22", "2016-09-30": "2.14", "2016-06-30": "2.84", "2016-03-31": "2.53", "2015-12-31": "1.96", "2015-09-30": "1.57", "2015-06-30": "1.92", "2015-03-31": "1.89", "2014-12-31": "2.02", "2014-09-30": "2.04", "2014-06-30": "1.56", "2014-03-31": "1.57", "2013-12-31": "1.64", "2013-09-30": "1.52", "2013-06-30": "1.28", "2013-03-31": "1.30", "2012-12-31": "1.23", "2012-09-30": "1.13", "2012-06-30": "1.09", "2012-03-31": "1.23", "2011-12-31": "1.10", "2011-09-30": "0.97", "2011-06-30": "1.35", "2011-03-31": "1.45", "2010-12-31": "1.47", "2010-09-30": "1.39", "2010-06-30": "1.22", "2010-03-31": "1.42", "2009-12-31": "1.18", "2009-09-30": "1.08", "2009-06-30": "0.83", "2009-03-31": "0.68", "2008-12-31": "0.84", "2008-09-30": "0.93", "2008-06-30": "1.11", "2008-03-31": "1.19", "2007-12-31": "1.34", "2007-09-30": "1.29", "2007-06-30": "1.17", "2007-03-31": "1.11", "2006-12-31": "1.17"}, "price book": {"current": "5.78", "2021-02-05": "5.78", "2020-12-31": "5.39", "2020-09-30": "4.61", "2020-06-30": "4.64", "2020-03-31": "3.68", "2019-12-31": "5.35", "2019-09-30": "4.76", "2019-06-30": "4.45", "2019-03-31": "4.66", "2018-12-31": "4.19", "2018-09-30": "5.01", "2018-06-30": "4.77", "2018-03-31": "4.66", "2017-12-31": "4.83", "2017-09-30": "4.18", "2017-06-30": "4.29", "2017-03-31": "4.28", "2016-12-31": "4.11", "2016-09-30": "4.04", "2016-06-30": "3.68", "2016-03-31": "3.90", "2015-12-31": "3.51", "2015-09-30": "3.01", "2015-06-30": "3.50", "2015-03-31": "3.54", "2014-12-31": "3.67", "2014-09-30": "3.51", "2014-06-30": "3.47", "2014-03-31": "3.60", "2013-12-31": "3.65", "2013-09-30": "3.41", "2013-06-30": "3.02", "2013-03-31": "2.97", "2012-12-31": "2.82", "2012-09-30": "2.60", "2012-06-30": "2.45", "2012-03-31": "2.74", "2011-12-31": "2.51", "2011-09-30": "2.17", "2011-06-30": "2.85", "2011-03-31": "3.01", "2010-12-31": "3.08", "2010-09-30": "2.91", "2010-06-30": "2.63", "2010-03-31": "3.04", "2009-12-31": "2.57", "2009-09-30": "2.46", "2009-06-30": "1.98", "2009-03-31": "1.82", "2008-12-31": "2.28", "2008-09-30": "2.36", "2008-06-30": "2.68", "2008-03-31": "2.85", "2007-12-31": "3.25", "2007-09-30": "3.18", "2007-06-30": "2.82", "2007-03-31": "2.70", "2006-12-31": "2.81", "2006-09-30": "2.19", "2006-06-30": "2.73", "2006-03-31": "2.78"}, "price fcf": {"2021-02-05": "", "2020-12-31": "$4.83", "2020-09-30": "$4.20", "2020-06-30": "$4.16", "2020-03-31": "$4.23", "2019-12-31": "$4.12", "2019-09-30": "$3.89", "2019-06-30": "$3.40", "2019-03-31": "$3.34", "2018-12-31": "$3.30", "2018-09-30": "$3.58", "2018-06-30": "$3.51", "2018-03-31": "$3.08", "2017-12-31": "$2.57", "2017-09-30": "$2.23", "2017-06-30": "$2.43", "2017-03-31": "$2.55", "2016-12-31": "$3.42", "2016-09-30": "$3.76", "2016-06-30": "$4.02", "2016-03-31": "$3.58", "2015-12-31": "$2.90", "2015-09-30": "$2.87", "2015-06-30": "$3.25", "2015-03-31": "$3.92", "2014-12-31": "$4.20", "2014-09-30": "$4.32", "2014-06-30": "$4.10", "2014-03-31": "$4.08", "2013-12-31": "$4.15", "2013-09-30": "$4.11", "2013-06-30": "$3.91", "2013-03-31": "$3.69", "2012-12-31": "$3.58", "2012-09-30": "$3.25", "2012-06-30": "$3.13", "2012-03-31": "$3.11", "2011-12-31": "$3.39", "2011-09-30": "$3.43", "2011-06-30": "$3.47", "2011-03-31": "$3.29", "2010-12-31": "$3.18", "2010-09-30": "$3.66", "2010-06-30": "$3.86", "2010-03-31": "$4.15", "2009-12-31": "$3.91", "2009-09-30": "$3.37", "2009-06-30": "$3.10", "2009-03-31": "$2.90", "2008-12-31": "$3.14", "2008-09-30": "$3.27", "2008-06-30": "$3.17", "2008-03-31": "$3.25", "2007-12-31": "$3.02", "2007-09-30": "$2.90", "2007-06-30": "$2.63", "2007-03-31": "$2.27", "2006-12-31": "$2.57"}, "net worth": {"value": "$51.67B"}, "current ratio": {"current": "1.21", "2020-12-31": "1.21", "2020-09-30": "1.52", "2020-06-30": "1.32", "2020-03-31": "1.01", "2019-12-31": "1.14", "2019-09-30": "1.20", "2019-06-30": "1.18", "2019-03-31": "1.07", "2018-12-31": "0.88", "2018-09-30": "1.07", "2018-06-30": "1.23", "2018-03-31": "1.30", "2017-12-31": "1.32", "2017-09-30": "1.64", "2017-06-30": "1.59", "2017-03-31": "2.51", "2016-12-31": "2.14", "2016-09-30": "1.24", "2016-06-30": "1.23", "2016-03-31": "1.21", "2015-12-31": "1.18", "2015-09-30": "1.29", "2015-06-30": "1.28", "2015-03-31": "1.18", "2014-12-31": "1.18", "2014-09-30": "1.29", "2014-06-30": "1.27", "2014-03-31": "1.30", "2013-12-31": "1.41", "2013-09-30": "1.44", "2013-06-30": "1.51", "2013-03-31": "1.53", "2012-12-31": "1.40", "2012-09-30": "1.42", "2012-06-30": "1.35", "2012-03-31": "1.38", "2011-12-31": "1.39", "2011-09-30": "1.45", "2011-06-30": "1.47", "2011-03-31": "1.48", "2010-12-31": "1.48", "2010-09-30": "1.43", "2010-06-30": "1.37", "2010-03-31": "1.42", "2009-12-31": "1.39", "2009-09-30": "1.54", "2009-06-30": "1.55", "2009-03-31": "1.37", "2008-12-31": "1.30", "2008-09-30": "1.42", "2008-06-30": "1.43", "2008-03-31": "1.43", "2007-12-31": "1.40", "2007-09-30": "1.45", "2007-06-30": "1.47", "2007-03-31": "1.38", "2006-12-31": "1.40", "2006-09-30": "1.36", "2006-06-30": "1.38", "2006-03-31": "1.56", "2005-12-31": "1.53", "2005-09-30": "1.39", "2005-06-30": "1.34", "2005-03-31": "1.40"}, "quick ratio": {"2020-12-31": "0.89", "2020-09-30": "1.19", "2020-06-30": "0.97", "2020-03-31": "0.75", "2019-12-31": "0.81", "2019-09-30": "0.88", "2019-06-30": "0.85", "2019-03-31": "0.76", "2018-12-31": "0.62", "2018-09-30": "0.78", "2018-06-30": "0.97", "2018-03-31": "0.98", "2017-12-31": "1.02", "2017-09-30": "1.30", "2017-06-30": "1.24", "2017-03-31": "2.15", "2016-12-31": "1.83", "2016-09-30": "1.09", "2016-06-30": "0.99", "2016-03-31": "0.97", "2015-12-31": "0.95", "2015-09-30": "1.13", "2015-06-30": "1.02", "2015-03-31": "0.94", "2014-12-31": "0.94", "2014-09-30": "1.04", "2014-06-30": "1.00", "2014-03-31": "1.02", "2013-12-31": "1.10", "2013-09-30": "1.19", "2013-06-30": "1.18", "2013-03-31": "1.18", "2012-12-31": "1.08", "2012-09-30": "1.12", "2012-06-30": "1.03", "2012-03-31": "1.03", "2011-12-31": "1.03", "2011-09-30": "1.12", "2011-06-30": "1.09", "2011-03-31": "1.09", "2010-12-31": "1.09", "2010-09-30": "1.07", "2010-06-30": "1.08", "2010-03-31": "1.07", "2009-12-31": "1.05", "2009-09-30": "1.17", "2009-06-30": "1.13", "2009-03-31": "0.99", "2008-12-31": "0.94", "2008-09-30": "1.06", "2008-06-30": "1.07", "2008-03-31": "1.05", "2007-12-31": "1.02", "2007-09-30": "1.05", "2007-06-30": "1.07", "2007-03-31": "0.97", "2006-12-31": "0.97", "2006-09-30": "0.95", "2006-06-30": "0.95", "2006-03-31": "1.07", "2005-12-31": "1.06", "2005-09-30": "1.02", "2005-06-30": "0.99", "2005-03-31": "1.03"}, "debt equity ratio": {"current": "0.66", "2020-12-31": "1.65", "2020-09-30": "1.71", "2020-06-30": "1.76", "2020-03-31": "1.87", "2019-12-31": "1.50", "2019-09-30": "1.48", "2019-06-30": "1.42", "2019-03-31": "1.46", "2018-12-31": "1.47", "2018-09-30": "1.27", "2018-06-30": "1.42", "2018-03-31": "1.32", "2017-12-31": "1.37", "2017-09-30": "1.23", "2017-06-30": "1.42", "2017-03-31": "1.14", "2016-12-31": "1.25", "2016-09-30": "1.85", "2016-06-30": "1.78", "2016-03-31": "1.81", "2015-12-31": "1.88", "2015-09-30": "1.72", "2015-06-30": "1.67", "2015-03-31": "1.56", "2014-12-31": "1.48", "2014-09-30": "1.38", "2014-06-30": "1.31", "2014-03-31": "1.31", "2013-12-31": "1.22", "2013-09-30": "1.31", "2013-06-30": "1.29", "2013-03-31": "1.22", "2012-12-31": "1.24", "2012-09-30": "1.28", "2012-06-30": "1.28", "2012-03-31": "1.27", "2011-12-31": "1.27", "2011-09-30": "1.26", "2011-06-30": "1.19", "2011-03-31": "1.18", "2010-12-31": "1.20", "2010-09-30": "1.30", "2010-06-30": "1.53", "2010-03-31": "1.41", "2009-12-31": "1.40", "2009-09-30": "1.27", "2009-06-30": "1.35", "2009-03-31": "1.43", "2008-12-31": "1.44", "2008-09-30": "1.31", "2008-06-30": "1.28", "2008-03-31": "1.26", "2007-12-31": "1.27", "2007-09-30": "1.24", "2007-06-30": "1.31", "2007-03-31": "1.34", "2006-12-31": "1.33", "2006-09-30": "1.29", "2006-06-30": "1.27", "2006-03-31": "1.17", "2005-12-31": "1.18", "2005-09-30": "1.33", "2005-06-30": "1.34", "2005-03-31": "1.27"}, "return on equity": {"2020-12-31": "25.39%", "2020-09-30": "24.30%", "2020-06-30": "24.36%", "2020-03-31": "26.15%", "2019-12-31": "25.41%", "2019-09-30": "27.19%", "2019-06-30": "25.47%", "2019-03-31": "26.99%", "2018-12-31": "26.57%", "2018-09-30": "25.63%", "2018-06-30": "24.48%", "2018-03-31": "21.25%", "2017-12-31": "19.27%", "2017-09-30": "18.62%", "2017-06-30": "18.47%", "2017-03-31": "19.35%", "2016-12-31": "20.53%", "2016-09-30": "21.22%", "2016-06-30": "23.56%", "2016-03-31": "24.00%", "2015-12-31": "30.35%", "2015-09-30": "30.58%", "2015-06-30": "26.38%", "2015-03-31": "26.65%", "2014-12-31": "21.50%", "2014-09-30": "20.23%", "2014-06-30": "23.55%", "2014-03-31": "18.85%", "2013-12-31": "18.92%", "2013-09-30": "18.96%", "2013-06-30": "14.20%", "2013-03-31": "19.50%", "2012-12-31": "19.36%", "2012-09-30": "18.70%", "2012-06-30": "23.19%", "2012-03-31": "22.19%", "2011-12-31": "22.22%", "2011-09-30": "23.24%", "2011-06-30": "23.46%", "2011-03-31": "23.60%", "2010-12-31": "23.13%", "2010-09-30": "23.40%", "2010-06-30": "21.50%", "2010-03-31": "19.52%", "2009-12-31": "19.60%", "2009-09-30": "20.29%", "2009-06-30": "22.17%", "2009-03-31": "24.02%", "2008-12-31": "25.09%", "2008-09-30": "25.71%", "2008-06-30": "25.25%", "2008-03-31": "25.56%", "2007-12-31": "25.79%", "2007-09-30": "25.11%", "2007-06-30": "24.41%", "2007-03-31": "23.79%", "2006-12-31": "23.34%", "2006-09-30": "23.20%", "2006-06-30": "22.38%", "2006-03-31": "21.27%", "2005-12-31": "20.36%"}, "return on assets": {"2020-12-31": "9.26%", "2020-09-30": "8.99%", "2020-06-30": "9.21%", "2020-03-31": "10.23%", "2019-12-31": "10.32%", "2019-09-30": "11.07%", "2019-06-30": "10.60%", "2019-03-31": "11.24%", "2018-12-31": "11.23%", "2018-09-30": "10.94%", "2018-06-30": "10.49%", "2018-03-31": "9.11%", "2017-12-31": "8.41%", "2017-09-30": "8.23%", "2017-06-30": "7.65%", "2017-03-31": "7.73%", "2016-12-31": "7.68%", "2016-09-30": "7.51%", "2016-06-30": "8.44%", "2016-03-31": "8.69%", "2015-12-31": "11.25%", "2015-09-30": "11.75%", "2015-06-30": "10.48%", "2015-03-31": "10.99%", "2014-12-31": "9.08%", "2014-09-30": "8.78%", "2014-06-30": "10.30%", "2014-03-31": "8.27%", "2013-12-31": "8.38%", "2013-09-30": "8.37%", "2013-06-30": "6.29%", "2013-03-31": "8.65%", "2012-12-31": "8.54%", "2012-09-30": "8.22%", "2012-06-30": "10.22%", "2012-03-31": "9.88%", "2011-12-31": "9.99%", "2011-09-30": "10.53%", "2011-06-30": "10.59%", "2011-03-31": "10.30%", "2010-12-31": "9.84%", "2010-09-30": "9.72%", "2010-06-30": "8.94%", "2010-03-31": "8.27%", "2009-12-31": "8.29%", "2009-09-30": "8.56%", "2009-06-30": "9.31%", "2009-03-31": "10.18%", "2008-12-31": "10.82%", "2008-09-30": "11.28%", "2008-06-30": "11.15%", "2008-03-31": "11.26%", "2007-12-31": "11.26%", "2007-09-30": "10.90%", "2007-06-30": "10.54%", "2007-03-31": "10.31%", "2006-12-31": "10.31%", "2006-09-30": "10.41%", "2006-06-30": "10.01%", "2006-03-31": "9.44%", "2005-12-31": "8.93%"}, "return on investments": {"2020-12-31": "22.84%", "2020-09-30": "23.19%", "2020-06-30": "24.88%", "2020-03-31": "26.54%", "2019-12-31": "26.20%", "2019-09-30": "27.43%", "2019-06-30": "26.51%", "2019-03-31": "27.46%", "2018-12-31": "27.75%", "2018-09-30": "26.71%", "2018-06-30": "26.19%", "2018-03-31": "24.92%", "2017-12-31": "24.16%", "2017-09-30": "23.62%", "2017-06-30": "24.18%", "2017-03-31": "24.03%", "2016-12-31": "23.85%", "2016-09-30": "23.80%", "2016-06-30": "29.90%", "2016-03-31": "31.02%", "2015-12-31": "32.24%", "2015-09-30": "34.09%", "2015-06-30": "25.22%", "2015-03-31": "26.50%", "2014-12-31": "26.59%", "2014-09-30": "25.14%", "2014-06-30": "29.88%", "2014-03-31": "26.19%", "2013-12-31": "25.66%", "2013-09-30": "26.05%", "2013-06-30": "22.29%", "2013-03-31": "26.55%", "2012-12-31": "26.79%", "2012-09-30": "25.91%", "2012-06-30": "28.78%", "2012-03-31": "27.30%", "2011-12-31": "27.17%", "2011-09-30": "28.04%", "2011-06-30": "26.77%", "2011-03-31": "26.59%", "2010-12-31": "25.69%", "2010-09-30": "25.38%", "2010-06-30": "25.17%", "2010-03-31": "23.56%", "2009-12-31": "24.01%", "2009-09-30": "25.47%", "2009-06-30": "27.59%", "2009-03-31": "30.43%", "2008-12-31": "32.05%", "2008-09-30": "31.77%", "2008-06-30": "31.09%", "2008-03-31": "30.33%", "2007-12-31": "29.69%", "2007-09-30": "29.27%", "2007-06-30": "28.57%", "2007-03-31": "28.18%", "2006-12-31": "27.69%", "2006-09-30": "27.55%", "2006-06-30": "26.96%", "2006-03-31": "26.43%", "2005-12-31": "25.65%"}, "return on tangible equity": {"2020-12-31": "-150.66%", "2020-09-30": "-190.31%", "2020-06-30": "-184.25%", "2020-03-31": "-250.90%", "2019-12-31": "-329.21%", "2019-09-30": "-323.31%", "2019-06-30": "-402.74%", "2019-03-31": "-770.05%", "2018-12-31": "-17850.98%", "2018-09-30": "583.96%", "2018-06-30": "254.18%", "2018-03-31": "199.61%", "2017-12-31": "100.49%", "2017-09-30": "69.53%", "2017-06-30": "58.22%", "2017-03-31": "67.50%", "2016-12-31": "118.99%", "2016-09-30": "368.04%", "2016-06-30": "319.07%", "2016-03-31": "282.78%", "2015-12-31": "275.88%", "2015-09-30": "207.98%", "2015-06-30": "312.42%", "2015-03-31": "259.77%", "2014-12-31": "206.01%", "2014-09-30": "190.97%", "2014-06-30": "213.76%", "2014-03-31": "173.66%", "2013-12-31": "171.42%", "2013-09-30": "187.55%", "2013-06-30": "179.91%", "2013-03-31": "354.39%", "2012-12-31": "654.75%", "2012-09-30": "3611.01%", "2012-06-30": "-1782.88%", "2012-03-31": "-1413.17%", "2011-12-31": "-1236.51%", "2011-09-30": "-1074.76%", "2011-06-30": "-621.66%", "2011-03-31": "-20608.70%", "2010-12-31": "563.56%", "2010-09-30": "261.91%", "2010-06-30": "165.50%", "2010-03-31": "142.57%", "2009-12-31": "133.81%", "2009-09-30": "122.92%", "2009-06-30": "99.31%", "2009-03-31": "94.35%", "2008-12-31": "89.86%", "2008-09-30": "87.76%", "2008-06-30": "86.91%", "2008-03-31": "90.77%", "2007-12-31": "95.40%", "2007-09-30": "94.84%", "2007-06-30": "92.79%", "2007-03-31": "92.17%", "2006-12-31": "87.22%", "2006-09-30": "84.99%", "2006-06-30": "82.15%", "2006-03-31": "77.07%", "2005-12-31": "73.89%"}, "dividend yield history": {"last payout": "$2.02", "last yield": "2.35%"}}