{"ticker": "EMN", "price": {"title": "Eastman Chemical Historical Annual Stock Price Data", "value": 106.48, "historical": {"2021": {"Average Stock Price": "104.3300", "Year Open": "98.5800", "Year High": "110.0600", "Year Low": "98.3500", "Year Close": "106.4800", "Annual % Change": "6.18%"}, "2020": {"Average Stock Price": "73.9490", "Year Open": "78.6700", "Year High": "104.1500", "Year Low": "38.3900", "Year Close": "100.2800", "Annual % Change": "26.52%"}, "2019": {"Average Stock Price": "75.9816", "Year Open": "73.0900", "Year High": "84.6000", "Year Low": "61.5500", "Year Close": "79.2600", "Annual % Change": "8.41%"}, "2018": {"Average Stock Price": "96.3853", "Year Open": "94.2700", "Year High": "110.8400", "Year Low": "67.6900", "Year Close": "73.1100", "Annual % Change": "-21.08%"}, "2017": {"Average Stock Price": "83.8276", "Year Open": "75.9200", "Year High": "93.4200", "Year Low": "75.9200", "Year Close": "92.6400", "Annual % Change": "23.18%"}, "2016": {"Average Stock Price": "69.6179", "Year Open": "66.6300", "Year High": "78.2100", "Year Low": "58.4300", "Year Close": "75.2100", "Annual % Change": "11.41%"}, "2015": {"Average Stock Price": "73.2743", "Year Open": "76.4800", "Year High": "83.7500", "Year Low": "63.3000", "Year Close": "67.5100", "Annual % Change": "-11.01%"}, "2014": {"Average Stock Price": "82.8427", "Year Open": "80.2800", "Year High": "90.2000", "Year Low": "71.4900", "Year Close": "75.8600", "Annual % Change": "-6.00%"}, "2013": {"Average Stock Price": "73.9771", "Year Open": "69.7800", "Year High": "82.6000", "Year Low": "64.0600", "Year Close": "80.7000", "Annual % Change": "18.59%"}, "2012": {"Average Stock Price": "53.2476", "Year Open": "40.2000", "Year High": "68.0500", "Year Low": "40.0900", "Year Close": "68.0500", "Annual % Change": "74.22%"}, "2011": {"Average Stock Price": "44.4906", "Year Open": "42.6750", "Year High": "54.0750", "Year Low": "33.3050", "Year Close": "39.0600", "Annual % Change": "-7.09%"}, "2010": {"Average Stock Price": "33.1829", "Year Open": "30.8750", "Year High": "42.0400", "Year Low": "25.8150", "Year Close": "42.0400", "Annual % Change": "39.58%"}, "2009": {"Average Stock Price": "21.3499", "Year Open": "16.5200", "Year High": "30.6950", "Year Low": "9.0000", "Year Close": "30.1200", "Annual % Change": "89.97%"}, "2008": {"Average Stock Price": "29.1958", "Year Open": "30.3050", "Year High": "38.7600", "Year Low": "13.4150", "Year Close": "15.8550", "Annual % Change": "-48.09%"}, "2007": {"Average Stock Price": "32.1856", "Year Open": "30.0250", "Year High": "35.6150", "Year Low": "28.9500", "Year Close": "30.5450", "Annual % Change": "3.00%"}, "2006": {"Average Stock Price": "26.8944", "Year Open": "26.1350", "Year High": "30.6150", "Year Low": "23.8500", "Year Close": "29.6550", "Annual % Change": "14.96%"}, "2005": {"Average Stock Price": "27.0306", "Year Open": "28.6500", "Year High": "30.6800", "Year Low": "22.3500", "Year Close": "25.7950", "Annual % Change": "-10.64%"}, "2004": {"Average Stock Price": "22.7064", "Year Open": "19.8000", "Year High": "28.9850", "Year Low": "19.0000", "Year Close": "28.8650", "Annual % Change": "46.04%"}, "2003": {"Average Stock Price": "16.7169", "Year Open": "18.8650", "Year High": "19.7650", "Year Low": "13.9450", "Year Close": "19.7650", "Annual % Change": "7.51%"}, "2002": {"Average Stock Price": "21.1890", "Year Open": "19.5000", "Year High": "24.5200", "Year Low": "17.6750", "Year Close": "18.3850", "Annual % Change": "-5.77%"}, "2001": {"Average Stock Price": "22.3061", "Year Open": "23.7500", "Year High": "27.6250", "Year Low": "15.1250", "Year Close": "19.5100", "Annual % Change": "-19.96%"}, "2000": {"Average Stock Price": "22.1477", "Year Open": "23.2200", "Year High": "27.0650", "Year Low": "17.0950", "Year Close": "24.3750", "Annual % Change": "2.22%"}, "1999": {"Average Stock Price": "23.3978", "Year Open": "22.7200", "Year High": "29.9050", "Year Low": "18.3450", "Year Close": "23.8450", "Annual % Change": "6.43%"}, "1998": {"Average Stock Price": "30.1459", "Year Open": "30.0650", "Year High": "36.4700", "Year Low": "22.0950", "Year Close": "22.4050", "Annual % Change": "-24.76%"}, "1997": {"Average Stock Price": "29.0049", "Year Open": "27.3150", "Year High": "32.2500", "Year Low": "25.5000", "Year Close": "29.7800", "Annual % Change": "7.80%"}, "1996": {"Average Stock Price": "30.6201", "Year Open": "32.2500", "Year High": "37.8125", "Year Low": "25.5625", "Year Close": "27.6250", "Annual % Change": "-11.43%"}, "1995": {"Average Stock Price": "29.7252", "Year Open": "25.1250", "Year High": "34.3750", "Year Low": "24.5000", "Year Close": "31.1900", "Annual % Change": "23.52%"}, "1994": {"Average Stock Price": "23.7108", "Year Open": "23.4400", "Year High": "28.0000", "Year Low": "19.8750", "Year Close": "25.2500", "Annual % Change": "6.32%"}}}, "market cap": {"value": "$14.37B"}, "income statement": {"Revenue": {"2020-12-31": "8473.00000", "2019-12-31": "9273.00000", "2018-12-31": "10151.00000", "2017-12-31": "9549.00000", "2016-12-31": "9008.00000", "2015-12-31": "9648.00000", "2014-12-31": "9527.00000", "2013-12-31": "9350.00000", "2012-12-31": "8102.00000", "2011-12-31": "7178.00000", "2010-12-31": "5842.00000", "2009-12-31": "4396.00000", "2008-12-31": "5936.00000", "2007-12-31": "6830.00000", "2006-12-31": "6779.00000", "2005-12-31": "6460.00000"}, "Cost Of Goods Sold": {"2020-12-31": "6498.00000", "2019-12-31": "7039.00000", "2018-12-31": "7672.00000", "2017-12-31": "7186.00000", "2016-12-31": "6651.00000", "2015-12-31": "7068.00000", "2014-12-31": "7306.00000", "2013-12-31": "6574.00000", "2012-12-31": "6340.00000", "2011-12-31": "5609.00000", "2010-12-31": "4383.00000", "2009-12-31": "3364.00000", "2008-12-31": "4852.00000", "2007-12-31": "5638.00000", "2006-12-31": "5514.00000", "2005-12-31": "5100.00000"}, "Gross Profit": {"2020-12-31": "1975.00000", "2019-12-31": "2234.00000", "2018-12-31": "2479.00000", "2017-12-31": "2363.00000", "2016-12-31": "2357.00000", "2015-12-31": "2580.00000", "2014-12-31": "2221.00000", "2013-12-31": "2776.00000", "2012-12-31": "1762.00000", "2011-12-31": "1569.00000", "2010-12-31": "1459.00000", "2009-12-31": "1032.00000", "2008-12-31": "1084.00000", "2007-12-31": "1192.00000", "2006-12-31": "1265.00000", "2005-12-31": "1360.00000"}, "Research And Development Expenses": {"2020-12-31": "226.00000", "2019-12-31": "234.00000", "2018-12-31": "235.00000", "2017-12-31": "227.00000", "2016-12-31": "223.00000", "2015-12-31": "242.00000", "2014-12-31": "227.00000", "2013-12-31": "193.00000", "2012-12-31": "198.00000", "2011-12-31": "159.00000", "2010-12-31": "152.00000", "2009-12-31": "124.00000", "2008-12-31": "143.00000", "2007-12-31": "156.00000", "2006-12-31": "155.00000", "2005-12-31": "150.00000"}, "SG&A Expenses": {"2020-12-31": "654.00000", "2019-12-31": "691.00000", "2018-12-31": "721.00000", "2017-12-31": "729.00000", "2016-12-31": "707.00000", "2015-12-31": "771.00000", "2014-12-31": "755.00000", "2013-12-31": "645.00000", "2012-12-31": "644.00000", "2011-12-31": "481.00000", "2010-12-31": "434.00000", "2009-12-31": "367.00000", "2008-12-31": "384.00000", "2007-12-31": "420.00000", "2006-12-31": "423.00000", "2005-12-31": "439.00000"}, "Other Operating Income Or Expenses": {"2020-12-31": "", "2019-12-31": "-3.00000", "2018-12-31": "53.00000", "2017-12-31": "-4.00000", "2016-12-31": "4.00000", "2015-12-31": "", "2014-12-31": "", "2013-12-31": "", "2012-12-31": "", "2011-12-31": "", "2010-12-31": "", "2009-12-31": "", "2008-12-31": "16.00000", "2007-12-31": "", "2006-12-31": "68.00000", "2005-12-31": "2.00000"}, "Operating Expenses": {"2020-12-31": "7724.00000", "2019-12-31": "8153.00000", "2018-12-31": "8599.00000", "2017-12-31": "8019.00000", "2016-12-31": "7619.00000", "2015-12-31": "8264.00000", "2014-12-31": "8365.00000", "2013-12-31": "7488.00000", "2012-12-31": "7302.00000", "2011-12-31": "6241.00000", "2010-12-31": "4998.00000", "2009-12-31": "4051.00000", "2008-12-31": "5385.00000", "2007-12-31": "6326.00000", "2006-12-31": "6125.00000", "2005-12-31": "5720.00000"}, "Operating Income": {"2020-12-31": "749.00000", "2019-12-31": "1120.00000", "2018-12-31": "1552.00000", "2017-12-31": "1530.00000", "2016-12-31": "1389.00000", "2015-12-31": "1384.00000", "2014-12-31": "1162.00000", "2013-12-31": "1862.00000", "2012-12-31": "800.00000", "2011-12-31": "937.00000", "2010-12-31": "844.00000", "2009-12-31": "345.00000", "2008-12-31": "551.00000", "2007-12-31": "504.00000", "2006-12-31": "654.00000", "2005-12-31": "740.00000"}, "Total Non-Operating Income/Expense": {"2020-12-31": "-219.00000", "2019-12-31": "-218.00000", "2018-12-31": "-242.00000", "2017-12-31": "-241.00000", "2016-12-31": "-340.00000", "2015-12-31": "-255.00000", "2014-12-31": "-172.00000", "2013-12-31": "-183.00000", "2012-12-31": "-151.00000", "2011-12-31": "-56.00000", "2010-12-31": "-224.00000", "2009-12-31": "-91.00000", "2008-12-31": "-90.00000", "2007-12-31": "-34.00000", "2006-12-31": "-60.00000", "2005-12-31": "23.00000"}, "Pre-Tax Income": {"2020-12-31": "530.00000", "2019-12-31": "902.00000", "2018-12-31": "1310.00000", "2017-12-31": "1289.00000", "2016-12-31": "1049.00000", "2015-12-31": "1129.00000", "2014-12-31": "990.00000", "2013-12-31": "1679.00000", "2012-12-31": "649.00000", "2011-12-31": "881.00000", "2010-12-31": "620.00000", "2009-12-31": "254.00000", "2008-12-31": "461.00000", "2007-12-31": "470.00000", "2006-12-31": "594.00000", "2005-12-31": "763.00000"}, "Income Taxes": {"2020-12-31": "41.00000", "2019-12-31": "140.00000", "2018-12-31": "226.00000", "2017-12-31": "-99.00000", "2016-12-31": "190.00000", "2015-12-31": "275.00000", "2014-12-31": "235.00000", "2013-12-31": "507.00000", "2012-12-31": "206.00000", "2011-12-31": "274.00000", "2010-12-31": "202.00000", "2009-12-31": "100.00000", "2008-12-31": "116.00000", "2007-12-31": "149.00000", "2006-12-31": "167.00000", "2005-12-31": "222.00000"}, "Income After Taxes": {"2020-12-31": "489.00000", "2019-12-31": "762.00000", "2018-12-31": "1084.00000", "2017-12-31": "1388.00000", "2016-12-31": "859.00000", "2015-12-31": "854.00000", "2014-12-31": "755.00000", "2013-12-31": "1172.00000", "2012-12-31": "443.00000", "2011-12-31": "607.00000", "2010-12-31": "418.00000", "2009-12-31": "154.00000", "2008-12-31": "345.00000", "2007-12-31": "321.00000", "2006-12-31": "427.00000", "2005-12-31": "541.00000"}, "Other Income": {"2020-12-31": "", "2019-12-31": "", "2018-12-31": "", "2017-12-31": "", "2016-12-31": "", "2015-12-31": "", "2014-12-31": "", "2013-12-31": "", "2012-12-31": "", "2011-12-31": "", "2010-12-31": "", "2009-12-31": "", "2008-12-31": "", "2007-12-31": "", "2006-12-31": "", "2005-12-31": ""}, "Income From Continuous Operations": {"2020-12-31": "489.00000", "2019-12-31": "762.00000", "2018-12-31": "1084.00000", "2017-12-31": "1388.00000", "2016-12-31": "859.00000", "2015-12-31": "854.00000", "2014-12-31": "755.00000", "2013-12-31": "1172.00000", "2012-12-31": "443.00000", "2011-12-31": "607.00000", "2010-12-31": "418.00000", "2009-12-31": "154.00000", "2008-12-31": "345.00000", "2007-12-31": "321.00000", "2006-12-31": "427.00000", "2005-12-31": "541.00000"}, "Income From Discontinued Operations": {"2020-12-31": "", "2019-12-31": "", "2018-12-31": "", "2017-12-31": "", "2016-12-31": "", "2015-12-31": "", "2014-12-31": "2.00000", "2013-12-31": "0.00000", "2012-12-31": "1.00000", "2011-12-31": "40.00000", "2010-12-31": "9.00000", "2009-12-31": "-18.00000", "2008-12-31": "1.00000", "2007-12-31": "-21.00000", "2006-12-31": "-18.00000", "2005-12-31": "16.00000"}, "Net Income": {"2020-12-31": "478.00000", "2019-12-31": "759.00000", "2018-12-31": "1080.00000", "2017-12-31": "1384.00000", "2016-12-31": "854.00000", "2015-12-31": "848.00000", "2014-12-31": "751.00000", "2013-12-31": "1165.00000", "2012-12-31": "437.00000", "2011-12-31": "646.00000", "2010-12-31": "425.00000", "2009-12-31": "136.00000", "2008-12-31": "346.00000", "2007-12-31": "300.00000", "2006-12-31": "409.00000", "2005-12-31": "557.00000"}, "EBITDA": {"2020-12-31": "1323.00000", "2019-12-31": "1731.00000", "2018-12-31": "2156.00000", "2017-12-31": "2117.00000", "2016-12-31": "1969.00000", "2015-12-31": "1955.00000", "2014-12-31": "1612.00000", "2013-12-31": "2295.00000", "2012-12-31": "1160.00000", "2011-12-31": "1210.00000", "2010-12-31": "1124.00000", "2009-12-31": "619.00000", "2008-12-31": "818.00000", "2007-12-31": "831.00000", "2006-12-31": "962.00000", "2005-12-31": "1044.00000"}, "EBIT": {"2020-12-31": "749.00000", "2019-12-31": "1120.00000", "2018-12-31": "1552.00000", "2017-12-31": "1530.00000", "2016-12-31": "1389.00000", "2015-12-31": "1384.00000", "2014-12-31": "1162.00000", "2013-12-31": "1862.00000", "2012-12-31": "800.00000", "2011-12-31": "937.00000", "2010-12-31": "844.00000", "2009-12-31": "345.00000", "2008-12-31": "551.00000", "2007-12-31": "504.00000", "2006-12-31": "654.00000", "2005-12-31": "740.00000"}, "Basic Shares Outstanding": {"2020-12-31": "135.50000", "2019-12-31": "137.40000", "2018-12-31": "141.20000", "2017-12-31": "144.80000", "2016-12-31": "147.30000", "2015-12-31": "148.60000", "2014-12-31": "149.50000", "2013-12-31": "154.00000", "2012-12-31": "145.50000", "2011-12-31": "139.70000", "2010-12-31": "144.20000", "2009-12-31": "145.00000", "2008-12-31": "150.40000", "2007-12-31": "165.60000", "2006-12-31": "164.20000", "2005-12-31": "161.40000"}, "Shares Outstanding": {"2020-12-31": "136.50000", "2019-12-31": "138.50000", "2018-12-31": "142.90000", "2017-12-31": "146.10000", "2016-12-31": "148.40000", "2015-12-31": "149.80000", "2014-12-31": "151.10000", "2013-12-31": "156.50000", "2012-12-31": "149.10000", "2011-12-31": "143.10000", "2010-12-31": "147.80000", "2009-12-31": "146.80000", "2008-12-31": "152.00000", "2007-12-31": "167.80000", "2006-12-31": "166.40000", "2005-12-31": "163.60000"}, "Basic EPS": {"2020-12-31": "3.53000", "2019-12-31": "5.52000", "2018-12-31": "7.65000", "2017-12-31": "9.56000", "2016-12-31": "5.80000", "2015-12-31": "5.71000", "2014-12-31": "5.03000", "2013-12-31": "7.57000", "2012-12-31": "3.00000", "2011-12-31": "4.63000", "2010-12-31": "2.95000", "2009-12-31": "0.94000", "2008-12-31": "2.29500", "2007-12-31": "1.81500", "2006-12-31": "2.49000", "2005-12-31": "3.45000"}, "EPS - Earnings Per Share": {"2020-12-31": "3.50000", "2019-12-31": "5.48000", "2018-12-31": "7.56000", "2017-12-31": "9.47000", "2016-12-31": "5.75000", "2015-12-31": "5.66000", "2014-12-31": "4.97000", "2013-12-31": "7.44000", "2012-12-31": "2.93000", "2011-12-31": "4.52000", "2010-12-31": "2.88000", "2009-12-31": "0.93000", "2008-12-31": "2.27500", "2007-12-31": "1.79000", "2006-12-31": "2.45500", "2005-12-31": "3.40500"}}, "income statement, quarterly": {"Revenue": {"2020-12-31": "2186.00000", "2020-09-30": "2122.00000", "2020-06-30": "1924.00000", "2020-03-31": "2241.00000", "2019-12-31": "2205.00000", "2019-09-30": "2325.00000", "2019-06-30": "2363.00000", "2019-03-31": "2380.00000", "2018-12-31": "2376.00000", "2018-09-30": "2547.00000", "2018-06-30": "2621.00000", "2018-03-31": "2607.00000", "2017-12-31": "2362.00000", "2017-09-30": "2465.00000", "2017-06-30": "2419.00000", "2017-03-31": "2303.00000", "2016-12-31": "2188.00000", "2016-09-30": "2287.00000", "2016-06-30": "2297.00000", "2016-03-31": "2236.00000", "2015-12-31": "2225.00000", "2015-09-30": "2447.00000", "2015-06-30": "2533.00000", "2015-03-31": "2443.00000", "2014-12-31": "2349.00000", "2014-09-30": "2413.00000", "2014-06-30": "2460.00000", "2014-03-31": "2305.00000", "2013-12-31": "2265.00000", "2013-09-30": "2338.00000", "2013-06-30": "2440.00000", "2013-03-31": "2307.00000", "2012-12-31": "2169.00000", "2012-09-30": "2259.00000", "2012-06-30": "1853.00000", "2012-03-31": "1821.00000", "2011-12-31": "1723.00000", "2011-09-30": "1812.00000", "2011-06-30": "1885.00000", "2011-03-31": "1758.00000", "2010-12-31": "1463.00000", "2010-09-30": "1507.00000", "2010-06-30": "1502.00000", "2010-03-31": "1370.00000", "2009-12-31": "677.00000", "2009-09-30": "1337.00000", "2009-06-30": "1253.00000", "2009-03-31": "1129.00000", "2008-12-31": "556.00000", "2008-09-30": "1819.00000", "2008-06-30": "1834.00000", "2008-03-31": "1727.00000", "2007-12-31": "1737.00000", "2007-09-30": "1692.00000", "2007-06-30": "1764.00000", "2007-03-31": "1637.00000", "2006-12-31": "1081.00000", "2006-09-30": "1966.00000", "2006-06-30": "1929.00000", "2006-03-31": "1803.00000", "2005-12-31": "1130.00000", "2005-09-30": "1816.00000", "2005-06-30": "1752.00000", "2005-03-31": "1762.00000"}, "Cost Of Goods Sold": {"2020-12-31": "1660.00000", "2020-09-30": "1621.00000", "2020-06-30": "1553.00000", "2020-03-31": "1664.00000", "2019-12-31": "1708.00000", "2019-09-30": "1751.00000", "2019-06-30": "1774.00000", "2019-03-31": "1806.00000", "2018-12-31": "1910.00000", "2018-09-30": "1819.00000", "2018-06-30": "1917.00000", "2018-03-31": "2026.00000", "2017-12-31": "1905.00000", "2017-09-30": "1794.00000", "2017-06-30": "1789.00000", "2017-03-31": "1698.00000", "2016-12-31": "1691.00000", "2016-09-30": "1666.00000", "2016-06-30": "1692.00000", "2016-03-31": "1602.00000", "2015-12-31": "1716.00000", "2015-09-30": "1752.00000", "2015-06-30": "1813.00000", "2015-03-31": "1787.00000", "2014-12-31": "2016.00000", "2014-09-30": "1777.00000", "2014-06-30": "1803.00000", "2014-03-31": "1710.00000", "2013-12-31": "1471.00000", "2013-09-30": "1649.00000", "2013-06-30": "1763.00000", "2013-03-31": "1691.00000", "2012-12-31": "1844.00000", "2012-09-30": "1734.00000", "2012-06-30": "1372.00000", "2012-03-31": "1390.00000", "2011-12-31": "1519.00000", "2011-09-30": "1379.00000", "2011-06-30": "1411.00000", "2011-03-31": "1300.00000", "2010-12-31": "1127.00000", "2010-09-30": "1085.00000", "2010-06-30": "1118.00000", "2010-03-31": "1053.00000", "2009-12-31": "412.00000", "2009-09-30": "1009.00000", "2009-06-30": "993.00000", "2009-03-31": "950.00000", "2008-12-31": "452.00000", "2008-09-30": "1497.00000", "2008-06-30": "1513.00000", "2008-03-31": "1390.00000", "2007-12-31": "1447.00000", "2007-09-30": "1385.00000", "2007-06-30": "1455.00000", "2007-03-31": "1351.00000", "2006-12-31": "813.00000", "2006-09-30": "1650.00000", "2006-06-30": "1579.00000", "2006-03-31": "1472.00000", "2005-12-31": "895.00000", "2005-09-30": "1464.00000", "2005-06-30": "1378.00000", "2005-03-31": "1363.00000"}, "Gross Profit": {"2020-12-31": "526.00000", "2020-09-30": "501.00000", "2020-06-30": "371.00000", "2020-03-31": "577.00000", "2019-12-31": "497.00000", "2019-09-30": "574.00000", "2019-06-30": "589.00000", "2019-03-31": "574.00000", "2018-12-31": "466.00000", "2018-09-30": "728.00000", "2018-06-30": "704.00000", "2018-03-31": "581.00000", "2017-12-31": "457.00000", "2017-09-30": "671.00000", "2017-06-30": "630.00000", "2017-03-31": "605.00000", "2016-12-31": "497.00000", "2016-09-30": "621.00000", "2016-06-30": "605.00000", "2016-03-31": "634.00000", "2015-12-31": "509.00000", "2015-09-30": "695.00000", "2015-06-30": "720.00000", "2015-03-31": "656.00000", "2014-12-31": "333.00000", "2014-09-30": "636.00000", "2014-06-30": "657.00000", "2014-03-31": "595.00000", "2013-12-31": "794.00000", "2013-09-30": "689.00000", "2013-06-30": "677.00000", "2013-03-31": "616.00000", "2012-12-31": "325.00000", "2012-09-30": "525.00000", "2012-06-30": "481.00000", "2012-03-31": "431.00000", "2011-12-31": "204.00000", "2011-09-30": "433.00000", "2011-06-30": "474.00000", "2011-03-31": "458.00000", "2010-12-31": "336.00000", "2010-09-30": "422.00000", "2010-06-30": "384.00000", "2010-03-31": "317.00000", "2009-12-31": "265.00000", "2009-09-30": "328.00000", "2009-06-30": "260.00000", "2009-03-31": "179.00000", "2008-12-31": "104.00000", "2008-09-30": "322.00000", "2008-06-30": "321.00000", "2008-03-31": "337.00000", "2007-12-31": "290.00000", "2007-09-30": "307.00000", "2007-06-30": "309.00000", "2007-03-31": "286.00000", "2006-12-31": "268.00000", "2006-09-30": "316.00000", "2006-06-30": "350.00000", "2006-03-31": "331.00000", "2005-12-31": "235.00000", "2005-09-30": "352.00000", "2005-06-30": "374.00000", "2005-03-31": "399.00000"}, "Research And Development Expenses": {"2020-12-31": "57.00000", "2020-09-30": "56.00000", "2020-06-30": "52.00000", "2020-03-31": "61.00000", "2019-12-31": "60.00000", "2019-09-30": "59.00000", "2019-06-30": "57.00000", "2019-03-31": "58.00000", "2018-12-31": "59.00000", "2018-09-30": "60.00000", "2018-06-30": "60.00000", "2018-03-31": "56.00000", "2017-12-31": "53.00000", "2017-09-30": "59.00000", "2017-06-30": "58.00000", "2017-03-31": "57.00000", "2016-12-31": "60.00000", "2016-09-30": "54.00000", "2016-06-30": "55.00000", "2016-03-31": "54.00000", "2015-12-31": "70.00000", "2015-09-30": "59.00000", "2015-06-30": "57.00000", "2015-03-31": "56.00000", "2014-12-31": "62.00000", "2014-09-30": "56.00000", "2014-06-30": "56.00000", "2014-03-31": "53.00000", "2013-12-31": "45.00000", "2013-09-30": "48.00000", "2013-06-30": "51.00000", "2013-03-31": "49.00000", "2012-12-31": "62.00000", "2012-09-30": "52.00000", "2012-06-30": "43.00000", "2012-03-31": "41.00000", "2011-12-31": "44.00000", "2011-09-30": "41.00000", "2011-06-30": "38.00000", "2011-03-31": "36.00000", "2010-12-31": "44.00000", "2010-09-30": "42.00000", "2010-06-30": "33.00000", "2010-03-31": "33.00000", "2009-12-31": "23.00000", "2009-09-30": "33.00000", "2009-06-30": "34.00000", "2009-03-31": "34.00000", "2008-12-31": "23.00000", "2008-09-30": "39.00000", "2008-06-30": "39.00000", "2008-03-31": "42.00000", "2007-12-31": "41.00000", "2007-09-30": "43.00000", "2007-06-30": "38.00000", "2007-03-31": "34.00000", "2006-12-31": "29.00000", "2006-09-30": "40.00000", "2006-06-30": "44.00000", "2006-03-31": "42.00000", "2005-12-31": "30.00000", "2005-09-30": "42.00000", "2005-06-30": "39.00000", "2005-03-31": "39.00000"}, "SG&A Expenses": {"2020-12-31": "174.00000", "2020-09-30": "165.00000", "2020-06-30": "155.00000", "2020-03-31": "160.00000", "2019-12-31": "176.00000", "2019-09-30": "163.00000", "2019-06-30": "165.00000", "2019-03-31": "187.00000", "2018-12-31": "167.00000", "2018-09-30": "175.00000", "2018-06-30": "189.00000", "2018-03-31": "190.00000", "2017-12-31": "189.00000", "2017-09-30": "180.00000", "2017-06-30": "181.00000", "2017-03-31": "179.00000", "2016-12-31": "169.00000", "2016-09-30": "181.00000", "2016-06-30": "174.00000", "2016-03-31": "183.00000", "2015-12-31": "214.00000", "2015-09-30": "183.00000", "2015-06-30": "194.00000", "2015-03-31": "180.00000", "2014-12-31": "244.00000", "2014-09-30": "171.00000", "2014-06-30": "172.00000", "2014-03-31": "168.00000", "2013-12-31": "135.00000", "2013-09-30": "159.00000", "2013-06-30": "180.00000", "2013-03-31": "171.00000", "2012-12-31": "224.00000", "2012-09-30": "173.00000", "2012-06-30": "121.00000", "2012-03-31": "126.00000", "2011-12-31": "141.00000", "2011-09-30": "114.00000", "2011-06-30": "118.00000", "2011-03-31": "108.00000", "2010-12-31": "123.00000", "2010-09-30": "114.00000", "2010-06-30": "102.00000", "2010-03-31": "95.00000", "2009-12-31": "71.00000", "2009-09-30": "104.00000", "2009-06-30": "98.00000", "2009-03-31": "94.00000", "2008-12-31": "60.00000", "2008-09-30": "107.00000", "2008-06-30": "107.00000", "2008-03-31": "110.00000", "2007-12-31": "109.00000", "2007-09-30": "104.00000", "2007-06-30": "109.00000", "2007-03-31": "98.00000", "2006-12-31": "107.00000", "2006-09-30": "105.00000", "2006-06-30": "113.00000", "2006-03-31": "98.00000", "2005-12-31": "100.00000", "2005-09-30": "108.00000", "2005-06-30": "122.00000", "2005-03-31": "109.00000"}, "Other Operating Income Or Expenses": {"2020-12-31": "", "2020-09-30": "-7.00000", "2020-06-30": "", "2020-03-31": "", "2019-12-31": "", "2019-09-30": "-3.00000", "2019-06-30": "", "2019-03-31": "", "2018-12-31": "", "2018-09-30": "", "2018-06-30": "", "2018-03-31": "", "2017-12-31": "", "2017-09-30": "", "2017-06-30": "", "2017-03-31": "", "2016-12-31": "", "2016-09-30": "", "2016-06-30": "", "2016-03-31": "", "2015-12-31": "", "2015-09-30": "", "2015-06-30": "", "2015-03-31": "", "2014-12-31": "", "2014-09-30": "", "2014-06-30": "", "2014-03-31": "", "2013-12-31": "", "2013-09-30": "", "2013-06-30": "", "2013-03-31": "", "2012-12-31": "", "2012-09-30": "", "2012-06-30": "", "2012-03-31": "", "2011-12-31": "", "2011-09-30": "", "2011-06-30": "", "2011-03-31": "", "2010-12-31": "", "2010-09-30": "", "2010-06-30": "", "2010-03-31": "", "2009-12-31": "", "2009-09-30": "", "2009-06-30": "", "2009-03-31": "", "2008-12-31": "", "2008-09-30": "", "2008-06-30": "", "2008-03-31": "", "2007-12-31": "", "2007-09-30": "", "2007-06-30": "", "2007-03-31": "", "2006-12-31": "", "2006-09-30": "", "2006-06-30": "", "2006-03-31": "", "2005-12-31": "", "2005-09-30": "", "2005-06-30": "", "2005-03-31": "2.00000"}, "Operating Expenses": {"2020-12-31": "2112.00000", "2020-09-30": "1879.00000", "2020-06-30": "1871.00000", "2020-03-31": "1869.00000", "2019-12-31": "2140.00000", "2019-09-30": "1958.00000", "2019-06-30": "1993.00000", "2019-03-31": "2062.00000", "2018-12-31": "2191.00000", "2018-09-30": "2024.00000", "2018-06-30": "2140.00000", "2018-03-31": "2244.00000", "2017-12-31": "2110.00000", "2017-09-30": "2005.00000", "2017-06-30": "1998.00000", "2017-03-31": "1906.00000", "2016-12-31": "1930.00000", "2016-09-30": "1931.00000", "2016-06-30": "1921.00000", "2016-03-31": "1837.00000", "2015-12-31": "2053.00000", "2015-09-30": "2015.00000", "2015-06-30": "2064.00000", "2015-03-31": "2132.00000", "2014-12-31": "2322.00000", "2014-09-30": "2075.00000", "2014-06-30": "2024.00000", "2014-03-31": "1944.00000", "2013-12-31": "1703.00000", "2013-09-30": "1859.00000", "2013-06-30": "2012.00000", "2013-03-31": "1914.00000", "2012-12-31": "2213.00000", "2012-09-30": "1996.00000", "2012-06-30": "1536.00000", "2012-03-31": "1557.00000", "2011-12-31": "1704.00000", "2011-09-30": "1541.00000", "2011-06-30": "1552.00000", "2011-03-31": "1444.00000", "2010-12-31": "1320.00000", "2010-09-30": "1241.00000", "2010-06-30": "1256.00000", "2010-03-31": "1181.00000", "2009-12-31": "679.00000", "2009-09-30": "1146.00000", "2009-06-30": "1122.00000", "2009-03-31": "1104.00000", "2008-12-31": "519.00000", "2008-09-30": "1645.00000", "2008-06-30": "1662.00000", "2008-03-31": "1559.00000", "2007-12-31": "1593.00000", "2007-09-30": "1646.00000", "2007-06-30": "1604.00000", "2007-03-31": "1483.00000", "2006-12-31": "959.00000", "2006-09-30": "1808.00000", "2006-06-30": "1739.00000", "2006-03-31": "1619.00000", "2005-12-31": "1035.00000", "2005-09-30": "1618.00000", "2005-06-30": "1549.00000", "2005-03-31": "1518.00000"}, "Operating Income": {"2020-12-31": "74.00000", "2020-09-30": "243.00000", "2020-06-30": "53.00000", "2020-03-31": "372.00000", "2019-12-31": "65.00000", "2019-09-30": "367.00000", "2019-06-30": "370.00000", "2019-03-31": "318.00000", "2018-12-31": "185.00000", "2018-09-30": "523.00000", "2018-06-30": "481.00000", "2018-03-31": "363.00000", "2017-12-31": "252.00000", "2017-09-30": "460.00000", "2017-06-30": "421.00000", "2017-03-31": "397.00000", "2016-12-31": "258.00000", "2016-09-30": "356.00000", "2016-06-30": "376.00000", "2016-03-31": "399.00000", "2015-12-31": "172.00000", "2015-09-30": "432.00000", "2015-06-30": "469.00000", "2015-03-31": "311.00000", "2014-12-31": "27.00000", "2014-09-30": "338.00000", "2014-06-30": "436.00000", "2014-03-31": "361.00000", "2013-12-31": "562.00000", "2013-09-30": "479.00000", "2013-06-30": "428.00000", "2013-03-31": "393.00000", "2012-12-31": "-44.00000", "2012-09-30": "263.00000", "2012-06-30": "317.00000", "2012-03-31": "264.00000", "2011-12-31": "19.00000", "2011-09-30": "271.00000", "2011-06-30": "333.00000", "2011-03-31": "314.00000", "2010-12-31": "143.00000", "2010-09-30": "266.00000", "2010-06-30": "246.00000", "2010-03-31": "189.00000", "2009-12-31": "-2.00000", "2009-09-30": "191.00000", "2009-06-30": "131.00000", "2009-03-31": "25.00000", "2008-12-31": "37.00000", "2008-09-30": "174.00000", "2008-06-30": "172.00000", "2008-03-31": "168.00000", "2007-12-31": "144.00000", "2007-09-30": "46.00000", "2007-06-30": "160.00000", "2007-03-31": "154.00000", "2006-12-31": "122.00000", "2006-09-30": "158.00000", "2006-06-30": "190.00000", "2006-03-31": "184.00000", "2005-12-31": "95.00000", "2005-09-30": "198.00000", "2005-06-30": "203.00000", "2005-03-31": "244.00000"}, "Total Non-Operating Income/Expense": {"2020-12-31": "-49.00000", "2020-09-30": "-53.00000", "2020-06-30": "-54.00000", "2020-03-31": "-56.00000", "2019-12-31": "-56.00000", "2019-09-30": "-54.00000", "2019-06-30": "-54.00000", "2019-03-31": "-54.00000", "2018-12-31": "-114.00000", "2018-09-30": "-64.00000", "2018-06-30": "-51.00000", "2018-03-31": "-13.00000", "2017-12-31": "-66.00000", "2017-09-30": "-57.00000", "2017-06-30": "-62.00000", "2017-03-31": "-56.00000", "2016-12-31": "-145.00000", "2016-09-30": "-67.00000", "2016-06-30": "-52.00000", "2016-03-31": "-76.00000", "2015-12-31": "-55.00000", "2015-09-30": "-79.00000", "2015-06-30": "-66.00000", "2015-03-31": "-55.00000", "2014-12-31": "-56.00000", "2014-09-30": "-40.00000", "2014-06-30": "-37.00000", "2014-03-31": "-39.00000", "2013-12-31": "-44.00000", "2013-09-30": "-45.00000", "2013-06-30": "-46.00000", "2013-03-31": "-48.00000", "2012-12-31": "-42.00000", "2012-09-30": "-42.00000", "2012-06-30": "-48.00000", "2012-03-31": "-19.00000", "2011-12-31": "-13.00000", "2011-09-30": "-17.00000", "2011-06-30": "-13.00000", "2011-03-31": "-13.00000", "2010-12-31": "-138.00000", "2010-09-30": "-22.00000", "2010-06-30": "-32.00000", "2010-03-31": "-32.00000", "2009-12-31": "-22.00000", "2009-09-30": "-21.00000", "2009-06-30": "-25.00000", "2009-03-31": "-23.00000", "2008-12-31": "-30.00000", "2008-09-30": "-26.00000", "2008-06-30": "-19.00000", "2008-03-31": "-15.00000", "2007-12-31": "-5.00000", "2007-09-30": "-6.00000", "2007-06-30": "-9.00000", "2007-03-31": "-14.00000", "2006-12-31": "", "2006-09-30": "-22.00000", "2006-06-30": "-19.00000", "2006-03-31": "-19.00000", "2005-12-31": "-30.00000", "2005-09-30": "-21.00000", "2005-06-30": "101.00000", "2005-03-31": "-27.00000"}, "Pre-Tax Income": {"2020-12-31": "25.00000", "2020-09-30": "190.00000", "2020-06-30": "-1.00000", "2020-03-31": "316.00000", "2019-12-31": "9.00000", "2019-09-30": "313.00000", "2019-06-30": "316.00000", "2019-03-31": "264.00000", "2018-12-31": "71.00000", "2018-09-30": "459.00000", "2018-06-30": "430.00000", "2018-03-31": "350.00000", "2017-12-31": "186.00000", "2017-09-30": "403.00000", "2017-06-30": "359.00000", "2017-03-31": "341.00000", "2016-12-31": "113.00000", "2016-09-30": "289.00000", "2016-06-30": "324.00000", "2016-03-31": "323.00000", "2015-12-31": "117.00000", "2015-09-30": "353.00000", "2015-06-30": "403.00000", "2015-03-31": "256.00000", "2014-12-31": "-29.00000", "2014-09-30": "298.00000", "2014-06-30": "399.00000", "2014-03-31": "322.00000", "2013-12-31": "518.00000", "2013-09-30": "434.00000", "2013-06-30": "382.00000", "2013-03-31": "345.00000", "2012-12-31": "-86.00000", "2012-09-30": "221.00000", "2012-06-30": "269.00000", "2012-03-31": "245.00000", "2011-12-31": "6.00000", "2011-09-30": "254.00000", "2011-06-30": "320.00000", "2011-03-31": "301.00000", "2010-12-31": "5.00000", "2010-09-30": "244.00000", "2010-06-30": "214.00000", "2010-03-31": "157.00000", "2009-12-31": "-24.00000", "2009-09-30": "170.00000", "2009-06-30": "106.00000", "2009-03-31": "2.00000", "2008-12-31": "7.00000", "2008-09-30": "148.00000", "2008-06-30": "153.00000", "2008-03-31": "153.00000", "2007-12-31": "139.00000", "2007-09-30": "40.00000", "2007-06-30": "151.00000", "2007-03-31": "140.00000", "2006-12-31": "122.00000", "2006-09-30": "136.00000", "2006-06-30": "171.00000", "2006-03-31": "165.00000", "2005-12-31": "65.00000", "2005-09-30": "177.00000", "2005-06-30": "304.00000", "2005-03-31": "217.00000"}, "Income Taxes": {"2020-12-31": "-9.00000", "2020-09-30": "25.00000", "2020-06-30": "-31.00000", "2020-03-31": "56.00000", "2019-12-31": "-18.00000", "2019-09-30": "46.00000", "2019-06-30": "57.00000", "2019-03-31": "55.00000", "2018-12-31": "36.00000", "2018-09-30": "46.00000", "2018-06-30": "84.00000", "2018-03-31": "60.00000", "2017-12-31": "-305.00000", "2017-09-30": "79.00000", "2017-06-30": "65.00000", "2017-03-31": "62.00000", "2016-12-31": "-5.00000", "2016-09-30": "56.00000", "2016-06-30": "67.00000", "2016-03-31": "72.00000", "2015-12-31": "-8.00000", "2015-09-30": "95.00000", "2015-06-30": "104.00000", "2015-03-31": "84.00000", "2014-12-31": "-46.00000", "2014-09-30": "86.00000", "2014-06-30": "107.00000", "2014-03-31": "88.00000", "2013-12-31": "169.00000", "2013-09-30": "125.00000", "2013-06-30": "116.00000", "2013-03-31": "97.00000", "2012-12-31": "-34.00000", "2012-09-30": "64.00000", "2012-06-30": "91.00000", "2012-03-31": "85.00000", "2011-12-31": "-7.00000", "2011-09-30": "80.00000", "2011-06-30": "101.00000", "2011-03-31": "100.00000", "2010-12-31": "-5.00000", "2010-09-30": "82.00000", "2010-06-30": "73.00000", "2010-03-31": "52.00000", "2009-12-31": "-10.00000", "2009-09-30": "69.00000", "2009-06-30": "41.00000", "2009-03-31": "", "2008-12-31": "-8.00000", "2008-09-30": "48.00000", "2008-06-30": "38.00000", "2008-03-31": "38.00000", "2007-12-31": "38.00000", "2007-09-30": "15.00000", "2007-06-30": "49.00000", "2007-03-31": "47.00000", "2006-12-31": "9.00000", "2006-09-30": "41.00000", "2006-06-30": "57.00000", "2006-03-31": "60.00000", "2005-12-31": "15.00000", "2005-09-30": "54.00000", "2005-06-30": "98.00000", "2005-03-31": "55.00000"}, "Income After Taxes": {"2020-12-31": "34.00000", "2020-09-30": "165.00000", "2020-06-30": "30.00000", "2020-03-31": "260.00000", "2019-12-31": "27.00000", "2019-09-30": "267.00000", "2019-06-30": "259.00000", "2019-03-31": "209.00000", "2018-12-31": "35.00000", "2018-09-30": "413.00000", "2018-06-30": "346.00000", "2018-03-31": "290.00000", "2017-12-31": "491.00000", "2017-09-30": "324.00000", "2017-06-30": "294.00000", "2017-03-31": "279.00000", "2016-12-31": "118.00000", "2016-09-30": "233.00000", "2016-06-30": "257.00000", "2016-03-31": "251.00000", "2015-12-31": "125.00000", "2015-09-30": "258.00000", "2015-06-30": "299.00000", "2015-03-31": "172.00000", "2014-12-31": "17.00000", "2014-09-30": "212.00000", "2014-06-30": "292.00000", "2014-03-31": "234.00000", "2013-12-31": "349.00000", "2013-09-30": "309.00000", "2013-06-30": "266.00000", "2013-03-31": "248.00000", "2012-12-31": "-52.00000", "2012-09-30": "157.00000", "2012-06-30": "178.00000", "2012-03-31": "160.00000", "2011-12-31": "13.00000", "2011-09-30": "174.00000", "2011-06-30": "219.00000", "2011-03-31": "201.00000", "2010-12-31": "10.00000", "2010-09-30": "162.00000", "2010-06-30": "141.00000", "2010-03-31": "105.00000", "2009-12-31": "-14.00000", "2009-09-30": "101.00000", "2009-06-30": "65.00000", "2009-03-31": "2.00000", "2008-12-31": "15.00000", "2008-09-30": "100.00000", "2008-06-30": "115.00000", "2008-03-31": "115.00000", "2007-12-31": "101.00000", "2007-09-30": "25.00000", "2007-06-30": "102.00000", "2007-03-31": "93.00000", "2006-12-31": "113.00000", "2006-09-30": "95.00000", "2006-06-30": "114.00000", "2006-03-31": "105.00000", "2005-12-31": "50.00000", "2005-09-30": "123.00000", "2005-06-30": "206.00000", "2005-03-31": "162.00000"}, "Other Income": {"2020-12-31": "", "2020-09-30": "", "2020-06-30": "", "2020-03-31": "", "2019-12-31": "", "2019-09-30": "", "2019-06-30": "", "2019-03-31": "", "2018-12-31": "", "2018-09-30": "", "2018-06-30": "", "2018-03-31": "", "2017-12-31": "", "2017-09-30": "", "2017-06-30": "", "2017-03-31": "", "2016-12-31": "", "2016-09-30": "", "2016-06-30": "", "2016-03-31": "", "2015-12-31": "", "2015-09-30": "", "2015-06-30": "", "2015-03-31": "", "2014-12-31": "", "2014-09-30": "", "2014-06-30": "", "2014-03-31": "", "2013-12-31": "", "2013-09-30": "", "2013-06-30": "", "2013-03-31": "", "2012-12-31": "", "2012-09-30": "", "2012-06-30": "", "2012-03-31": "", "2011-12-31": "", "2011-09-30": "", "2011-06-30": "", "2011-03-31": "", "2010-12-31": "", "2010-09-30": "", "2010-06-30": "", "2010-03-31": "", "2009-12-31": "", "2009-09-30": "", "2009-06-30": "", "2009-03-31": "", "2008-12-31": "", "2008-09-30": "", "2008-06-30": "", "2008-03-31": "", "2007-12-31": "", "2007-09-30": "", "2007-06-30": "", "2007-03-31": "", "2006-12-31": "", "2006-09-30": "", "2006-06-30": "", "2006-03-31": "", "2005-12-31": "", "2005-09-30": "", "2005-06-30": "", "2005-03-31": ""}, "Income From Continuous Operations": {"2020-12-31": "34.00000", "2020-09-30": "165.00000", "2020-06-30": "30.00000", "2020-03-31": "260.00000", "2019-12-31": "27.00000", "2019-09-30": "267.00000", "2019-06-30": "259.00000", "2019-03-31": "209.00000", "2018-12-31": "35.00000", "2018-09-30": "413.00000", "2018-06-30": "346.00000", "2018-03-31": "290.00000", "2017-12-31": "491.00000", "2017-09-30": "324.00000", "2017-06-30": "294.00000", "2017-03-31": "279.00000", "2016-12-31": "118.00000", "2016-09-30": "233.00000", "2016-06-30": "257.00000", "2016-03-31": "251.00000", "2015-12-31": "125.00000", "2015-09-30": "258.00000", "2015-06-30": "299.00000", "2015-03-31": "172.00000", "2014-12-31": "17.00000", "2014-09-30": "212.00000", "2014-06-30": "292.00000", "2014-03-31": "234.00000", "2013-12-31": "349.00000", "2013-09-30": "309.00000", "2013-06-30": "266.00000", "2013-03-31": "248.00000", "2012-12-31": "-52.00000", "2012-09-30": "157.00000", "2012-06-30": "178.00000", "2012-03-31": "160.00000", "2011-12-31": "13.00000", "2011-09-30": "174.00000", "2011-06-30": "219.00000", "2011-03-31": "201.00000", "2010-12-31": "10.00000", "2010-09-30": "162.00000", "2010-06-30": "141.00000", "2010-03-31": "105.00000", "2009-12-31": "-14.00000", "2009-09-30": "101.00000", "2009-06-30": "65.00000", "2009-03-31": "2.00000", "2008-12-31": "15.00000", "2008-09-30": "100.00000", "2008-06-30": "115.00000", "2008-03-31": "115.00000", "2007-12-31": "101.00000", "2007-09-30": "25.00000", "2007-06-30": "102.00000", "2007-03-31": "93.00000", "2006-12-31": "113.00000", "2006-09-30": "95.00000", "2006-06-30": "114.00000", "2006-03-31": "105.00000", "2005-12-31": "50.00000", "2005-09-30": "123.00000", "2005-06-30": "206.00000", "2005-03-31": "162.00000"}, "Income From Discontinued Operations": {"2020-12-31": "", "2020-09-30": "", "2020-06-30": "", "2020-03-31": "", "2019-12-31": "", "2019-09-30": "", "2019-06-30": "", "2019-03-31": "", "2018-12-31": "", "2018-09-30": "", "2018-06-30": "", "2018-03-31": "", "2017-12-31": "", "2017-09-30": "", "2017-06-30": "", "2017-03-31": "", "2016-12-31": "", "2016-09-30": "", "2016-06-30": "", "2016-03-31": "", "2015-12-31": "", "2015-09-30": "", "2015-06-30": "", "2015-03-31": "", "2014-12-31": "", "2014-09-30": "0.00000", "2014-06-30": "2.00000", "2014-03-31": "", "2013-12-31": "", "2013-09-30": "0.00000", "2013-06-30": "", "2013-03-31": "", "2012-12-31": "", "2012-09-30": "0.00000", "2012-06-30": "2.00000", "2012-03-31": "-1.00000", "2011-12-31": "", "2011-09-30": "", "2011-06-30": "1.00000", "2011-03-31": "39.00000", "2010-12-31": "-2.00000", "2010-09-30": "8.00000", "2010-06-30": "7.00000", "2010-03-31": "-4.00000", "2009-12-31": "", "2009-09-30": "", "2009-06-30": "", "2009-03-31": "", "2008-12-31": "-17.00000", "2008-09-30": "", "2008-06-30": "", "2008-03-31": "18.00000", "2007-12-31": "-3.00000", "2007-09-30": "-5.00000", "2007-06-30": "3.00000", "2007-03-31": "-16.00000", "2006-12-31": "", "2006-09-30": "", "2006-06-30": "", "2006-03-31": "", "2005-12-31": "", "2005-09-30": "", "2005-06-30": "", "2005-03-31": ""}, "Net Income": {"2020-12-31": "32.00000", "2020-09-30": "161.00000", "2020-06-30": "27.00000", "2020-03-31": "258.00000", "2019-12-31": "26.00000", "2019-09-30": "266.00000", "2019-06-30": "258.00000", "2019-03-31": "209.00000", "2018-12-31": "34.00000", "2018-09-30": "412.00000", "2018-06-30": "344.00000", "2018-03-31": "290.00000", "2017-12-31": "491.00000", "2017-09-30": "323.00000", "2017-06-30": "292.00000", "2017-03-31": "278.00000", "2016-12-31": "116.00000", "2016-09-30": "232.00000", "2016-06-30": "255.00000", "2016-03-31": "251.00000", "2015-12-31": "124.00000", "2015-09-30": "256.00000", "2015-06-30": "297.00000", "2015-03-31": "171.00000", "2014-12-31": "16.00000", "2014-09-30": "210.00000", "2014-06-30": "292.00000", "2014-03-31": "233.00000", "2013-12-31": "346.00000", "2013-09-30": "308.00000", "2013-06-30": "264.00000", "2013-03-31": "247.00000", "2012-12-31": "-54.00000", "2012-09-30": "154.00000", "2012-06-30": "179.00000", "2012-03-31": "158.00000", "2011-12-31": "12.00000", "2011-09-30": "174.00000", "2011-06-30": "220.00000", "2011-03-31": "240.00000", "2010-12-31": "6.00000", "2010-09-30": "170.00000", "2010-06-30": "148.00000", "2010-03-31": "101.00000", "2009-12-31": "-32.00000", "2009-09-30": "101.00000", "2009-06-30": "65.00000", "2009-03-31": "2.00000", "2008-12-31": "-2.00000", "2008-09-30": "100.00000", "2008-06-30": "115.00000", "2008-03-31": "133.00000", "2007-12-31": "98.00000", "2007-09-30": "20.00000", "2007-06-30": "105.00000", "2007-03-31": "77.00000", "2006-12-31": "95.00000", "2006-09-30": "95.00000", "2006-06-30": "114.00000", "2006-03-31": "105.00000", "2005-12-31": "66.00000", "2005-09-30": "123.00000", "2005-06-30": "206.00000", "2005-03-31": "162.00000"}, "EBITDA": {"2020-12-31": "", "2020-09-30": "392.00000", "2020-06-30": "194.00000", "2020-03-31": "511.00000", "2019-12-31": "214.00000", "2019-09-30": "518.00000", "2019-06-30": "526.00000", "2019-03-31": "473.00000", "2018-12-31": "338.00000", "2018-09-30": "674.00000", "2018-06-30": "629.00000", "2018-03-31": "515.00000", "2017-12-31": "399.00000", "2017-09-30": "608.00000", "2017-06-30": "568.00000", "2017-03-31": "542.00000", "2016-12-31": "402.00000", "2016-09-30": "501.00000", "2016-06-30": "520.00000", "2016-03-31": "546.00000", "2015-12-31": "314.00000", "2015-09-30": "574.00000", "2015-06-30": "611.00000", "2015-03-31": "456.00000", "2014-12-31": "149.00000", "2014-09-30": "449.00000", "2014-06-30": "546.00000", "2014-03-31": "468.00000", "2013-12-31": "669.00000", "2013-09-30": "587.00000", "2013-06-30": "536.00000", "2013-03-31": "503.00000", "2012-12-31": "64.00000", "2012-09-30": "375.00000", "2012-06-30": "388.00000", "2012-03-31": "333.00000", "2011-12-31": "88.00000", "2011-09-30": "340.00000", "2011-06-30": "400.00000", "2011-03-31": "382.00000", "2010-12-31": "211.00000", "2010-09-30": "339.00000", "2010-06-30": "316.00000", "2010-03-31": "258.00000", "2009-12-31": "69.00000", "2009-09-30": "260.00000", "2009-06-30": "198.00000", "2009-03-31": "92.00000", "2008-12-31": "105.00000", "2008-09-30": "241.00000", "2008-06-30": "239.00000", "2008-03-31": "233.00000", "2007-12-31": "224.00000", "2007-09-30": "124.00000", "2007-06-30": "245.00000", "2007-03-31": "238.00000", "2006-12-31": "204.00000", "2006-09-30": "234.00000", "2006-06-30": "266.00000", "2006-03-31": "258.00000", "2005-12-31": "170.00000", "2005-09-30": "274.00000", "2005-06-30": "280.00000", "2005-03-31": "320.00000"}, "EBIT": {"2020-12-31": "74.00000", "2020-09-30": "243.00000", "2020-06-30": "53.00000", "2020-03-31": "372.00000", "2019-12-31": "65.00000", "2019-09-30": "367.00000", "2019-06-30": "370.00000", "2019-03-31": "318.00000", "2018-12-31": "185.00000", "2018-09-30": "523.00000", "2018-06-30": "481.00000", "2018-03-31": "363.00000", "2017-12-31": "252.00000", "2017-09-30": "460.00000", "2017-06-30": "421.00000", "2017-03-31": "397.00000", "2016-12-31": "258.00000", "2016-09-30": "356.00000", "2016-06-30": "376.00000", "2016-03-31": "399.00000", "2015-12-31": "172.00000", "2015-09-30": "432.00000", "2015-06-30": "469.00000", "2015-03-31": "311.00000", "2014-12-31": "27.00000", "2014-09-30": "338.00000", "2014-06-30": "436.00000", "2014-03-31": "361.00000", "2013-12-31": "562.00000", "2013-09-30": "479.00000", "2013-06-30": "428.00000", "2013-03-31": "393.00000", "2012-12-31": "-44.00000", "2012-09-30": "263.00000", "2012-06-30": "317.00000", "2012-03-31": "264.00000", "2011-12-31": "19.00000", "2011-09-30": "271.00000", "2011-06-30": "333.00000", "2011-03-31": "314.00000", "2010-12-31": "143.00000", "2010-09-30": "266.00000", "2010-06-30": "246.00000", "2010-03-31": "189.00000", "2009-12-31": "-2.00000", "2009-09-30": "191.00000", "2009-06-30": "131.00000", "2009-03-31": "25.00000", "2008-12-31": "37.00000", "2008-09-30": "174.00000", "2008-06-30": "172.00000", "2008-03-31": "168.00000", "2007-12-31": "144.00000", "2007-09-30": "46.00000", "2007-06-30": "160.00000", "2007-03-31": "154.00000", "2006-12-31": "122.00000", "2006-09-30": "158.00000", "2006-06-30": "190.00000", "2006-03-31": "184.00000", "2005-12-31": "95.00000", "2005-09-30": "198.00000", "2005-06-30": "203.00000", "2005-03-31": "244.00000"}, "Basic Shares Outstanding": {"2020-12-31": "135.60000", "2020-09-30": "135.30000", "2020-06-30": "135.30000", "2020-03-31": "136.00000", "2019-12-31": "137.40000", "2019-09-30": "136.80000", "2019-06-30": "137.80000", "2019-03-31": "139.00000", "2018-12-31": "141.20000", "2018-09-30": "140.60000", "2018-06-30": "141.90000", "2018-03-31": "142.80000", "2017-12-31": "144.80000", "2017-09-30": "144.30000", "2017-06-30": "145.30000", "2017-03-31": "146.20000", "2016-12-31": "147.30000", "2016-09-30": "147.20000", "2016-06-30": "147.80000", "2016-03-31": "147.80000", "2015-12-31": "148.60000", "2015-09-30": "148.60000", "2015-06-30": "148.60000", "2015-03-31": "148.70000", "2014-12-31": "149.50000", "2014-09-30": "148.70000", "2014-06-30": "149.50000", "2014-03-31": "151.40000", "2013-12-31": "154.00000", "2013-09-30": "154.00000", "2013-06-30": "154.40000", "2013-03-31": "154.40000", "2012-12-31": "145.50000", "2012-09-30": "152.90000", "2012-06-30": "138.10000", "2012-03-31": "137.30000", "2011-12-31": "139.70000", "2011-09-30": "139.10000", "2011-06-30": "141.40000", "2011-03-31": "141.40000", "2010-12-31": "144.20000", "2010-09-30": "143.80000", "2010-06-30": "144.60000", "2010-03-31": "144.40000", "2009-12-31": "145.00000", "2009-09-30": "145.20000", "2009-06-30": "145.00000", "2009-03-31": "145.00000", "2008-12-31": "150.40000", "2008-09-30": "148.40000", "2008-06-30": "152.20000", "2008-03-31": "156.40000", "2007-12-31": "165.60000", "2007-09-30": "165.20000", "2007-06-30": "168.40000", "2007-03-31": "167.80000", "2006-12-31": "164.20000", "2006-09-30": "164.20000", "2006-06-30": "163.80000", "2006-03-31": "163.00000", "2005-12-31": "161.40000", "2005-09-30": "162.60000", "2005-06-30": "161.40000", "2005-03-31": "159.00000"}, "Shares Outstanding": {"2020-12-31": "137.00000", "2020-09-30": "136.30000", "2020-06-30": "136.10000", "2020-03-31": "136.50000", "2019-12-31": "138.50000", "2019-09-30": "137.80000", "2019-06-30": "139.10000", "2019-03-31": "140.10000", "2018-12-31": "142.90000", "2018-09-30": "142.40000", "2018-06-30": "144.00000", "2018-03-31": "144.80000", "2017-12-31": "146.10000", "2017-09-30": "145.50000", "2017-06-30": "146.40000", "2017-03-31": "147.20000", "2016-12-31": "148.40000", "2016-09-30": "148.20000", "2016-06-30": "148.90000", "2016-03-31": "148.80000", "2015-12-31": "149.80000", "2015-09-30": "149.80000", "2015-06-30": "149.80000", "2015-03-31": "149.70000", "2014-12-31": "151.10000", "2014-09-30": "150.30000", "2014-06-30": "151.30000", "2014-03-31": "153.00000", "2013-12-31": "156.50000", "2013-09-30": "156.40000", "2013-06-30": "156.70000", "2013-03-31": "156.70000", "2012-12-31": "149.10000", "2012-09-30": "156.40000", "2012-06-30": "141.20000", "2012-03-31": "140.70000", "2011-12-31": "143.10000", "2011-09-30": "142.40000", "2011-06-30": "145.00000", "2011-03-31": "144.60000", "2010-12-31": "147.80000", "2010-09-30": "146.60000", "2010-06-30": "147.00000", "2010-03-31": "146.60000", "2009-12-31": "146.80000", "2009-09-30": "147.00000", "2009-06-30": "146.20000", "2009-03-31": "145.80000", "2008-12-31": "152.00000", "2008-09-30": "150.20000", "2008-06-30": "154.80000", "2008-03-31": "158.40000", "2007-12-31": "167.80000", "2007-09-30": "167.20000", "2007-06-30": "171.00000", "2007-03-31": "170.00000", "2006-12-31": "166.40000", "2006-09-30": "166.20000", "2006-06-30": "166.00000", "2006-03-31": "164.00000", "2005-12-31": "163.60000", "2005-09-30": "164.00000", "2005-06-30": "164.00000", "2005-03-31": "162.00000"}, "Basic EPS": {"2020-12-31": "0.23000", "2020-09-30": "1.19000", "2020-06-30": "0.20000", "2020-03-31": "1.90000", "2019-12-31": "0.20000", "2019-09-30": "1.95000", "2019-06-30": "1.87000", "2019-03-31": "1.50000", "2018-12-31": "0.27000", "2018-09-30": "2.93000", "2018-06-30": "2.42000", "2018-03-31": "2.03000", "2017-12-31": "3.41000", "2017-09-30": "2.24000", "2017-06-30": "2.01000", "2017-03-31": "1.90000", "2016-12-31": "0.80000", "2016-09-30": "1.57000", "2016-06-30": "1.73000", "2016-03-31": "1.70000", "2015-12-31": "0.83000", "2015-09-30": "1.73000", "2015-06-30": "2.00000", "2015-03-31": "1.15000", "2014-12-31": "0.12000", "2014-09-30": "1.41000", "2014-06-30": "1.96000", "2014-03-31": "1.54000", "2013-12-31": "2.26000", "2013-09-30": "2.00000", "2013-06-30": "1.71000", "2013-03-31": "1.60000", "2012-12-31": "-0.46000", "2012-09-30": "1.01000", "2012-06-30": "1.30000", "2012-03-31": "1.15000", "2011-12-31": "0.13000", "2011-09-30": "1.25000", "2011-06-30": "1.55000", "2011-03-31": "1.70000", "2010-12-31": "0.04000", "2010-09-30": "1.19000", "2010-06-30": "1.02500", "2010-03-31": "0.69500", "2009-12-31": "-0.22000", "2009-09-30": "0.70000", "2009-06-30": "0.44500", "2009-03-31": "0.01500", "2008-12-31": "0.01500", "2008-09-30": "0.67500", "2008-06-30": "0.75500", "2008-03-31": "0.85000", "2007-12-31": "0.61500", "2007-09-30": "0.12000", "2007-06-30": "0.62000", "2007-03-31": "0.46000", "2006-12-31": "0.57500", "2006-09-30": "0.58000", "2006-06-30": "0.69500", "2006-03-31": "0.64000", "2005-12-31": "0.40000", "2005-09-30": "0.75500", "2005-06-30": "1.27500", "2005-03-31": "1.02000"}, "EPS - Earnings Per Share": {"2020-12-31": "0.23000", "2020-09-30": "1.18000", "2020-06-30": "0.20000", "2020-03-31": "1.89000", "2019-12-31": "0.21000", "2019-09-30": "1.93000", "2019-06-30": "1.85000", "2019-03-31": "1.49000", "2018-12-31": "0.28000", "2018-09-30": "2.89000", "2018-06-30": "2.39000", "2018-03-31": "2.00000", "2017-12-31": "3.36000", "2017-09-30": "2.22000", "2017-06-30": "2.00000", "2017-03-31": "1.89000", "2016-12-31": "0.79000", "2016-09-30": "1.56000", "2016-06-30": "1.71000", "2016-03-31": "1.69000", "2015-12-31": "0.83000", "2015-09-30": "1.71000", "2015-06-30": "1.98000", "2015-03-31": "1.14000", "2014-12-31": "0.13000", "2014-09-30": "1.39000", "2014-06-30": "1.93000", "2014-03-31": "1.52000", "2013-12-31": "2.21000", "2013-09-30": "1.97000", "2013-06-30": "1.69000", "2013-03-31": "1.57000", "2012-12-31": "-0.45000", "2012-09-30": "0.99000", "2012-06-30": "1.27000", "2012-03-31": "1.12000", "2011-12-31": "0.13000", "2011-09-30": "1.22000", "2011-06-30": "1.51000", "2011-03-31": "1.66000", "2010-12-31": "0.02500", "2010-09-30": "1.16000", "2010-06-30": "1.01000", "2010-03-31": "0.68500", "2009-12-31": "-0.22000", "2009-09-30": "0.69000", "2009-06-30": "0.44500", "2009-03-31": "0.01500", "2008-12-31": "0.03000", "2008-09-30": "0.66500", "2008-06-30": "0.74000", "2008-03-31": "0.84000", "2007-12-31": "0.60500", "2007-09-30": "0.12000", "2007-06-30": "0.61000", "2007-03-31": "0.45500", "2006-12-31": "0.56000", "2006-09-30": "0.57500", "2006-06-30": "0.68500", "2006-03-31": "0.63500", "2005-12-31": "0.40000", "2005-09-30": "0.75000", "2005-06-30": "1.25500", "2005-03-31": "1.00000"}}, "balance sheet": {"Cash On Hand": {"2020-12-31": "", "2019-12-31": "204.00000", "2018-12-31": "226.00000", "2017-12-31": "191.00000", "2016-12-31": "181.00000", "2015-12-31": "293.00000", "2014-12-31": "214.00000", "2013-12-31": "237.00000", "2012-12-31": "249.00000", "2011-12-31": "777.00000", "2010-12-31": "516.00000", "2009-12-31": "793.00000", "2008-12-31": "387.00000", "2007-12-31": "888.00000", "2006-12-31": "939.00000", "2005-12-31": "524.00000"}, "Receivables": {"2020-12-31": "", "2019-12-31": "1375.00000", "2018-12-31": "1483.00000", "2017-12-31": "1386.00000", "2016-12-31": "1211.00000", "2015-12-31": "1038.00000", "2014-12-31": "1200.00000", "2013-12-31": "1088.00000", "2012-12-31": "997.00000", "2011-12-31": "704.00000", "2010-12-31": "676.00000", "2009-12-31": "379.00000", "2008-12-31": "354.00000", "2007-12-31": "658.00000", "2006-12-31": "754.00000", "2005-12-31": "656.00000"}, "Inventory": {"2020-12-31": "", "2019-12-31": "1662.00000", "2018-12-31": "1583.00000", "2017-12-31": "1509.00000", "2016-12-31": "1404.00000", "2015-12-31": "1479.00000", "2014-12-31": "1509.00000", "2013-12-31": "1264.00000", "2012-12-31": "1260.00000", "2011-12-31": "779.00000", "2010-12-31": "608.00000", "2009-12-31": "531.00000", "2008-12-31": "637.00000", "2007-12-31": "539.00000", "2006-12-31": "682.00000", "2005-12-31": "671.00000"}, "Pre-Paid Expenses": {"2020-12-31": "", "2019-12-31": "", "2018-12-31": "", "2017-12-31": "", "2016-12-31": "", "2015-12-31": "", "2014-12-31": "", "2013-12-31": "", "2012-12-31": "", "2011-12-31": "", "2010-12-31": "", "2009-12-31": "", "2008-12-31": "", "2007-12-31": "", "2006-12-31": "", "2005-12-31": ""}, "Other Current Assets": {"2020-12-31": "", "2019-12-31": "80.00000", "2018-12-31": "73.00000", "2017-12-31": "57.00000", "2016-12-31": "70.00000", "2015-12-31": "68.00000", "2014-12-31": "250.00000", "2013-12-31": "251.00000", "2012-12-31": "193.00000", "2011-12-31": "42.00000", "2010-12-31": "247.00000", "2009-12-31": "32.00000", "2008-12-31": "45.00000", "2007-12-31": "208.00000", "2006-12-31": "47.00000", "2005-12-31": "73.00000"}, "Total Current Assets": {"2020-12-31": "", "2019-12-31": "3321.00000", "2018-12-31": "3365.00000", "2017-12-31": "3143.00000", "2016-12-31": "2866.00000", "2015-12-31": "2878.00000", "2014-12-31": "3173.00000", "2013-12-31": "2840.00000", "2012-12-31": "2699.00000", "2011-12-31": "2302.00000", "2010-12-31": "2047.00000", "2009-12-31": "1735.00000", "2008-12-31": "1423.00000", "2007-12-31": "2293.00000", "2006-12-31": "2422.00000", "2005-12-31": "1924.00000"}, "Property, Plant, And Equipment": {"2020-12-31": "", "2019-12-31": "5571.00000", "2018-12-31": "5600.00000", "2017-12-31": "5607.00000", "2016-12-31": "5276.00000", "2015-12-31": "5130.00000", "2014-12-31": "5087.00000", "2013-12-31": "4290.00000", "2012-12-31": "4181.00000", "2011-12-31": "3107.00000", "2010-12-31": "3219.00000", "2009-12-31": "3110.00000", "2008-12-31": "3198.00000", "2007-12-31": "2846.00000", "2006-12-31": "3069.00000", "2005-12-31": "3162.00000"}, "Long-Term Investments": {"2020-12-31": "", "2019-12-31": "", "2018-12-31": "", "2017-12-31": "", "2016-12-31": "", "2015-12-31": "", "2014-12-31": "", "2013-12-31": "", "2012-12-31": "", "2011-12-31": "", "2010-12-31": "", "2009-12-31": "", "2008-12-31": "", "2007-12-31": "", "2006-12-31": "", "2005-12-31": ""}, "Goodwill And Intangible Assets": {"2020-12-31": "", "2019-12-31": "6442.00000", "2018-12-31": "6652.00000", "2017-12-31": "6900.00000", "2016-12-31": "6940.00000", "2015-12-31": "7168.00000", "2014-12-31": "7391.00000", "2013-12-31": "4418.00000", "2012-12-31": "4493.00000", "2011-12-31": "507.00000", "2010-12-31": "375.00000", "2009-12-31": "315.00000", "2008-12-31": "325.00000", "2007-12-31": "316.00000", "2006-12-31": "314.00000", "2005-12-31": "312.00000"}, "Other Long-Term Assets": {"2020-12-31": "", "2019-12-31": "674.00000", "2018-12-31": "378.00000", "2017-12-31": "349.00000", "2016-12-31": "375.00000", "2015-12-31": "404.00000", "2014-12-31": "421.00000", "2013-12-31": "297.00000", "2012-12-31": "337.00000", "2011-12-31": "268.00000", "2010-12-31": "345.00000", "2009-12-31": "355.00000", "2008-12-31": "335.00000", "2007-12-31": "554.00000", "2006-12-31": "327.00000", "2005-12-31": "375.00000"}, "Total Long-Term Assets": {"2020-12-31": "", "2019-12-31": "12687.00000", "2018-12-31": "12630.00000", "2017-12-31": "12856.00000", "2016-12-31": "12591.00000", "2015-12-31": "12702.00000", "2014-12-31": "12899.00000", "2013-12-31": "9005.00000", "2012-12-31": "9011.00000", "2011-12-31": "3882.00000", "2010-12-31": "3939.00000", "2009-12-31": "3780.00000", "2008-12-31": "3858.00000", "2007-12-31": "3716.00000", "2006-12-31": "3710.00000", "2005-12-31": "3849.00000"}, "Total Assets": {"2020-12-31": "0.00000", "2019-12-31": "16008.00000", "2018-12-31": "15995.00000", "2017-12-31": "15999.00000", "2016-12-31": "15457.00000", "2015-12-31": "15580.00000", "2014-12-31": "16072.00000", "2013-12-31": "11845.00000", "2012-12-31": "11710.00000", "2011-12-31": "6184.00000", "2010-12-31": "5986.00000", "2009-12-31": "5515.00000", "2008-12-31": "5281.00000", "2007-12-31": "6009.00000", "2006-12-31": "6132.00000", "2005-12-31": "5773.00000"}, "Total Current Liabilities": {"2020-12-31": "", "2019-12-31": "1789.00000", "2018-12-31": "1851.00000", "2017-12-31": "1982.00000", "2016-12-31": "1795.00000", "2015-12-31": "2056.00000", "2014-12-31": "2022.00000", "2013-12-31": "1470.00000", "2012-12-31": "1364.00000", "2011-12-31": "1114.00000", "2010-12-31": "1070.00000", "2009-12-31": "800.00000", "2008-12-31": "832.00000", "2007-12-31": "1122.00000", "2006-12-31": "1059.00000", "2005-12-31": "1051.00000"}, "Long Term Debt": {"2020-12-31": "", "2019-12-31": "5611.00000", "2018-12-31": "5925.00000", "2017-12-31": "6147.00000", "2016-12-31": "6311.00000", "2015-12-31": "6577.00000", "2014-12-31": "7248.00000", "2013-12-31": "4254.00000", "2012-12-31": "4779.00000", "2011-12-31": "1445.00000", "2010-12-31": "1598.00000", "2009-12-31": "1604.00000", "2008-12-31": "1442.00000", "2007-12-31": "1535.00000", "2006-12-31": "1589.00000", "2005-12-31": "1621.00000"}, "Other Non-Current Liabilities": {"2020-12-31": "", "2019-12-31": "645.00000", "2018-12-31": "532.00000", "2017-12-31": "534.00000", "2016-12-31": "519.00000", "2015-12-31": "701.00000", "2014-12-31": "768.00000", "2013-12-31": "453.00000", "2012-12-31": "501.00000", "2011-12-31": "103.00000", "2010-12-31": "133.00000", "2009-12-31": "119.00000", "2008-12-31": "102.00000", "2007-12-31": "118.00000", "2006-12-31": "102.00000", "2005-12-31": "155.00000"}, "Total Long Term Liabilities": {"2020-12-31": "", "2019-12-31": "8187.00000", "2018-12-31": "8266.00000", "2017-12-31": "8537.00000", "2016-12-31": "9054.00000", "2015-12-31": "9503.00000", "2014-12-31": "10460.00000", "2013-12-31": "6500.00000", "2012-12-31": "7318.00000", "2011-12-31": "3169.00000", "2010-12-31": "3289.00000", "2009-12-31": "3202.00000", "2008-12-31": "2896.00000", "2007-12-31": "2805.00000", "2006-12-31": "3044.00000", "2005-12-31": "3110.00000"}, "Total Liabilities": {"2020-12-31": "", "2019-12-31": "9976.00000", "2018-12-31": "10117.00000", "2017-12-31": "10519.00000", "2016-12-31": "10849.00000", "2015-12-31": "11559.00000", "2014-12-31": "12482.00000", "2013-12-31": "7970.00000", "2012-12-31": "8682.00000", "2011-12-31": "4283.00000", "2010-12-31": "4359.00000", "2009-12-31": "4002.00000", "2008-12-31": "3728.00000", "2007-12-31": "3927.00000", "2006-12-31": "4103.00000", "2005-12-31": "4161.00000"}, "Common Stock Net": {"2020-12-31": "", "2019-12-31": "2.00000", "2018-12-31": "2.00000", "2017-12-31": "2.00000", "2016-12-31": "2.00000", "2015-12-31": "2.00000", "2014-12-31": "2.00000", "2013-12-31": "2.00000", "2012-12-31": "2.00000", "2011-12-31": "2.00000", "2010-12-31": "2.00000", "2009-12-31": "1.00000", "2008-12-31": "1.00000", "2007-12-31": "1.00000", "2006-12-31": "1.00000", "2005-12-31": "1.00000"}, "Retained Earnings (Accumulated Deficit)": {"2020-12-31": "", "2019-12-31": "7965.00000", "2018-12-31": "7573.00000", "2017-12-31": "6802.00000", "2016-12-31": "5721.00000", "2015-12-31": "5146.00000", "2014-12-31": "4545.00000", "2013-12-31": "4012.00000", "2012-12-31": "3038.00000", "2011-12-31": "2760.00000", "2010-12-31": "2879.00000", "2009-12-31": "2571.00000", "2008-12-31": "2563.00000", "2007-12-31": "2349.00000", "2006-12-31": "2186.00000", "2005-12-31": "1923.00000"}, "Comprehensive Income": {"2020-12-31": "", "2019-12-31": "-214.00000", "2018-12-31": "-245.00000", "2017-12-31": "-209.00000", "2016-12-31": "-281.00000", "2015-12-31": "-390.00000", "2014-12-31": "-277.00000", "2013-12-31": "171.00000", "2012-12-31": "123.00000", "2011-12-31": "138.00000", "2010-12-31": "-432.00000", "2009-12-31": "-385.00000", "2008-12-31": "-335.00000", "2007-12-31": "-28.00000", "2006-12-31": "-174.00000", "2005-12-31": "-200.00000"}, "Other Share Holders Equity": {"2020-12-31": "", "2019-12-31": "", "2018-12-31": "", "2017-12-31": "", "2016-12-31": "", "2015-12-31": "", "2014-12-31": "", "2013-12-31": "", "2012-12-31": "", "2011-12-31": "", "2010-12-31": "", "2009-12-31": "", "2008-12-31": "", "2007-12-31": "", "2006-12-31": "", "2005-12-31": ""}, "Share Holder Equity": {"2020-12-31": "", "2019-12-31": "6032.00000", "2018-12-31": "5878.00000", "2017-12-31": "5480.00000", "2016-12-31": "4608.00000", "2015-12-31": "4021.00000", "2014-12-31": "3590.00000", "2013-12-31": "3875.00000", "2012-12-31": "3028.00000", "2011-12-31": "1901.00000", "2010-12-31": "1627.00000", "2009-12-31": "1513.00000", "2008-12-31": "1553.00000", "2007-12-31": "2082.00000", "2006-12-31": "2029.00000", "2005-12-31": "1612.00000"}, "Total Liabilities And Share Holders Equity": {"2020-12-31": "", "2019-12-31": "16008.00000", "2018-12-31": "15995.00000", "2017-12-31": "15999.00000", "2016-12-31": "15457.00000", "2015-12-31": "15580.00000", "2014-12-31": "16072.00000", "2013-12-31": "11845.00000", "2012-12-31": "11710.00000", "2011-12-31": "6184.00000", "2010-12-31": "5986.00000", "2009-12-31": "5515.00000", "2008-12-31": "5281.00000", "2007-12-31": "6009.00000", "2006-12-31": "6132.00000", "2005-12-31": "5773.00000"}}, "balance sheet, quarterly": {"Cash On Hand": {"2020-12-31": "", "2020-09-30": "650.00000", "2020-06-30": "704.00000", "2020-03-31": "680.00000", "2019-12-31": "204.00000", "2019-09-30": "207.00000", "2019-06-30": "186.00000", "2019-03-31": "195.00000", "2018-12-31": "226.00000", "2018-09-30": "193.00000", "2018-06-30": "193.00000", "2018-03-31": "194.00000", "2017-12-31": "191.00000", "2017-09-30": "195.00000", "2017-06-30": "222.00000", "2017-03-31": "197.00000", "2016-12-31": "181.00000", "2016-09-30": "207.00000", "2016-06-30": "240.00000", "2016-03-31": "202.00000", "2015-12-31": "293.00000", "2015-09-30": "309.00000", "2015-06-30": "268.00000", "2015-03-31": "196.00000", "2014-12-31": "214.00000", "2014-09-30": "212.00000", "2014-06-30": "175.00000", "2014-03-31": "185.00000", "2013-12-31": "237.00000", "2013-09-30": "222.00000", "2013-06-30": "234.00000", "2013-03-31": "178.00000", "2012-12-31": "249.00000", "2012-09-30": "237.00000", "2012-06-30": "3000.00000", "2012-03-31": "649.00000", "2011-12-31": "777.00000", "2011-09-30": "649.00000", "2011-06-30": "834.00000", "2011-03-31": "840.00000", "2010-12-31": "516.00000", "2010-09-30": "642.00000", "2010-06-30": "435.00000", "2010-03-31": "483.00000", "2009-12-31": "793.00000", "2009-09-30": "668.00000", "2009-06-30": "450.00000", "2009-03-31": "340.00000", "2008-12-31": "387.00000", "2008-09-30": "337.00000", "2008-06-30": "562.00000", "2008-03-31": "793.00000", "2007-12-31": "888.00000", "2007-09-30": "781.00000", "2007-06-30": "891.00000", "2007-03-31": "833.00000", "2006-12-31": "939.00000", "2006-09-30": "430.00000", "2006-06-30": "497.00000", "2006-03-31": "485.00000", "2005-12-31": "524.00000", "2005-09-30": "286.00000", "2005-06-30": "241.00000", "2005-03-31": "393.00000"}, "Receivables": {"2020-12-31": "", "2020-09-30": "1454.00000", "2020-06-30": "1326.00000", "2020-03-31": "1436.00000", "2019-12-31": "1375.00000", "2019-09-30": "1470.00000", "2019-06-30": "1518.00000", "2019-03-31": "1582.00000", "2018-12-31": "1483.00000", "2018-09-30": "1772.00000", "2018-06-30": "1707.00000", "2018-03-31": "1749.00000", "2017-12-31": "1386.00000", "2017-09-30": "1425.00000", "2017-06-30": "1437.00000", "2017-03-31": "1405.00000", "2016-12-31": "1211.00000", "2016-09-30": "1163.00000", "2016-06-30": "1177.00000", "2016-03-31": "1106.00000", "2015-12-31": "1038.00000", "2015-09-30": "1120.00000", "2015-06-30": "1188.00000", "2015-03-31": "1216.00000", "2014-12-31": "1200.00000", "2014-09-30": "1126.00000", "2014-06-30": "1226.00000", "2014-03-31": "1167.00000", "2013-12-31": "1088.00000", "2013-09-30": "1148.00000", "2013-06-30": "1226.00000", "2013-03-31": "1172.00000", "2012-12-31": "997.00000", "2012-09-30": "1072.00000", "2012-06-30": "802.00000", "2012-03-31": "808.00000", "2011-12-31": "704.00000", "2011-09-30": "806.00000", "2011-06-30": "884.00000", "2011-03-31": "888.00000", "2010-12-31": "676.00000", "2010-09-30": "767.00000", "2010-06-30": "809.00000", "2010-03-31": "774.00000", "2009-12-31": "379.00000", "2009-09-30": "384.00000", "2009-06-30": "483.00000", "2009-03-31": "353.00000", "2008-12-31": "354.00000", "2008-09-30": "647.00000", "2008-06-30": "799.00000", "2008-03-31": "704.00000", "2007-12-31": "658.00000", "2007-09-30": "665.00000", "2007-06-30": "821.00000", "2007-03-31": "788.00000", "2006-12-31": "754.00000", "2006-09-30": "839.00000", "2006-06-30": "843.00000", "2006-03-31": "715.00000", "2005-12-31": "656.00000", "2005-09-30": "768.00000", "2005-06-30": "757.00000", "2005-03-31": "793.00000"}, "Inventory": {"2020-12-31": "", "2020-09-30": "1338.00000", "2020-06-30": "1419.00000", "2020-03-31": "1659.00000", "2019-12-31": "1662.00000", "2019-09-30": "1695.00000", "2019-06-30": "1730.00000", "2019-03-31": "1704.00000", "2018-12-31": "1583.00000", "2018-09-30": "1625.00000", "2018-06-30": "1532.00000", "2018-03-31": "1476.00000", "2017-12-31": "1509.00000", "2017-09-30": "1576.00000", "2017-06-30": "1540.00000", "2017-03-31": "1495.00000", "2016-12-31": "1404.00000", "2016-09-30": "1471.00000", "2016-06-30": "1445.00000", "2016-03-31": "1493.00000", "2015-12-31": "1479.00000", "2015-09-30": "1484.00000", "2015-06-30": "1439.00000", "2015-03-31": "1447.00000", "2014-12-31": "1509.00000", "2014-09-30": "1358.00000", "2014-06-30": "1354.00000", "2014-03-31": "1377.00000", "2013-12-31": "1264.00000", "2013-09-30": "1274.00000", "2013-06-30": "1286.00000", "2013-03-31": "1301.00000", "2012-12-31": "1260.00000", "2012-09-30": "1269.00000", "2012-06-30": "775.00000", "2012-03-31": "768.00000", "2011-12-31": "779.00000", "2011-09-30": "850.00000", "2011-06-30": "748.00000", "2011-03-31": "675.00000", "2010-12-31": "608.00000", "2010-09-30": "652.00000", "2010-06-30": "635.00000", "2010-03-31": "588.00000", "2009-12-31": "531.00000", "2009-09-30": "495.00000", "2009-06-30": "443.00000", "2009-03-31": "561.00000", "2008-12-31": "637.00000", "2008-09-30": "715.00000", "2008-06-30": "669.00000", "2008-03-31": "670.00000", "2007-12-31": "539.00000", "2007-09-30": "646.00000", "2007-06-30": "700.00000", "2007-03-31": "665.00000", "2006-12-31": "682.00000", "2006-09-30": "702.00000", "2006-06-30": "728.00000", "2006-03-31": "683.00000", "2005-12-31": "671.00000", "2005-09-30": "705.00000", "2005-06-30": "740.00000", "2005-03-31": "672.00000"}, "Pre-Paid Expenses": {"2020-12-31": "", "2020-09-30": "", "2020-06-30": "", "2020-03-31": "", "2019-12-31": "", "2019-09-30": "", "2019-06-30": "", "2019-03-31": "", "2018-12-31": "", "2018-09-30": "", "2018-06-30": "", "2018-03-31": "", "2017-12-31": "", "2017-09-30": "", "2017-06-30": "", "2017-03-31": "", "2016-12-31": "", "2016-09-30": "", "2016-06-30": "", "2016-03-31": "", "2015-12-31": "", "2015-09-30": "", "2015-06-30": "", "2015-03-31": "", "2014-12-31": "", "2014-09-30": "", "2014-06-30": "", "2014-03-31": "", "2013-12-31": "", "2013-09-30": "", "2013-06-30": "", "2013-03-31": "", "2012-12-31": "", "2012-09-30": "", "2012-06-30": "", "2012-03-31": "", "2011-12-31": "", "2011-09-30": "", "2011-06-30": "", "2011-03-31": "", "2010-12-31": "", "2010-09-30": "", "2010-06-30": "", "2010-03-31": "", "2009-12-31": "", "2009-09-30": "", "2009-06-30": "", "2009-03-31": "", "2008-12-31": "", "2008-09-30": "", "2008-06-30": "", "2008-03-31": "", "2007-12-31": "", "2007-09-30": "", "2007-06-30": "", "2007-03-31": "", "2006-12-31": "", "2006-09-30": "", "2006-06-30": "", "2006-03-31": "", "2005-12-31": "", "2005-09-30": "", "2005-06-30": "", "2005-03-31": ""}, "Other Current Assets": {"2020-12-31": "", "2020-09-30": "92.00000", "2020-06-30": "77.00000", "2020-03-31": "76.00000", "2019-12-31": "80.00000", "2019-09-30": "68.00000", "2019-06-30": "82.00000", "2019-03-31": "70.00000", "2018-12-31": "73.00000", "2018-09-30": "57.00000", "2018-06-30": "66.00000", "2018-03-31": "64.00000", "2017-12-31": "57.00000", "2017-09-30": "49.00000", "2017-06-30": "63.00000", "2017-03-31": "68.00000", "2016-12-31": "70.00000", "2016-09-30": "59.00000", "2016-06-30": "68.00000", "2016-03-31": "62.00000", "2015-12-31": "68.00000", "2015-09-30": "269.00000", "2015-06-30": "272.00000", "2015-03-31": "307.00000", "2014-12-31": "250.00000", "2014-09-30": "194.00000", "2014-06-30": "231.00000", "2014-03-31": "220.00000", "2013-12-31": "251.00000", "2013-09-30": "123.00000", "2013-06-30": "92.00000", "2013-03-31": "86.00000", "2012-12-31": "193.00000", "2012-09-30": "95.00000", "2012-06-30": "53.00000", "2012-03-31": "39.00000", "2011-12-31": "42.00000", "2011-09-30": "49.00000", "2011-06-30": "42.00000", "2011-03-31": "31.00000", "2010-12-31": "247.00000", "2010-09-30": "40.00000", "2010-06-30": "30.00000", "2010-03-31": "32.00000", "2009-12-31": "32.00000", "2009-09-30": "33.00000", "2009-06-30": "29.00000", "2009-03-31": "49.00000", "2008-12-31": "45.00000", "2008-09-30": "66.00000", "2008-06-30": "102.00000", "2008-03-31": "64.00000", "2007-12-31": "208.00000", "2007-09-30": "205.00000", "2007-06-30": "89.00000", "2007-03-31": "96.00000", "2006-12-31": "47.00000", "2006-09-30": "188.00000", "2006-06-30": "50.00000", "2006-03-31": "46.00000", "2005-12-31": "73.00000", "2005-09-30": "85.00000", "2005-06-30": "99.00000", "2005-03-31": "86.00000"}, "Total Current Assets": {"2020-12-31": "", "2020-09-30": "3534.00000", "2020-06-30": "3526.00000", "2020-03-31": "3851.00000", "2019-12-31": "3321.00000", "2019-09-30": "3440.00000", "2019-06-30": "3516.00000", "2019-03-31": "3551.00000", "2018-12-31": "3365.00000", "2018-09-30": "3647.00000", "2018-06-30": "3498.00000", "2018-03-31": "3483.00000", "2017-12-31": "3143.00000", "2017-09-30": "3245.00000", "2017-06-30": "3262.00000", "2017-03-31": "3165.00000", "2016-12-31": "2866.00000", "2016-09-30": "2900.00000", "2016-06-30": "2930.00000", "2016-03-31": "2863.00000", "2015-12-31": "2878.00000", "2015-09-30": "3182.00000", "2015-06-30": "3167.00000", "2015-03-31": "3166.00000", "2014-12-31": "3173.00000", "2014-09-30": "2890.00000", "2014-06-30": "2986.00000", "2014-03-31": "2949.00000", "2013-12-31": "2840.00000", "2013-09-30": "2767.00000", "2013-06-30": "2838.00000", "2013-03-31": "2737.00000", "2012-12-31": "2699.00000", "2012-09-30": "2673.00000", "2012-06-30": "4630.00000", "2012-03-31": "2264.00000", "2011-12-31": "2302.00000", "2011-09-30": "2354.00000", "2011-06-30": "2508.00000", "2011-03-31": "2434.00000", "2010-12-31": "2047.00000", "2010-09-30": "2101.00000", "2010-06-30": "1909.00000", "2010-03-31": "1877.00000", "2009-12-31": "1735.00000", "2009-09-30": "1580.00000", "2009-06-30": "1405.00000", "2009-03-31": "1303.00000", "2008-12-31": "1423.00000", "2008-09-30": "1765.00000", "2008-06-30": "2132.00000", "2008-03-31": "2231.00000", "2007-12-31": "2293.00000", "2007-09-30": "2297.00000", "2007-06-30": "2501.00000", "2007-03-31": "2382.00000", "2006-12-31": "2422.00000", "2006-09-30": "2159.00000", "2006-06-30": "2118.00000", "2006-03-31": "1929.00000", "2005-12-31": "1924.00000", "2005-09-30": "1844.00000", "2005-06-30": "1837.00000", "2005-03-31": "1944.00000"}, "Property, Plant, And Equipment": {"2020-12-31": "", "2020-09-30": "5489.00000", "2020-06-30": "5478.00000", "2020-03-31": "5498.00000", "2019-12-31": "5571.00000", "2019-09-30": "5534.00000", "2019-06-30": "5550.00000", "2019-03-31": "5576.00000", "2018-12-31": "5600.00000", "2018-09-30": "5570.00000", "2018-06-30": "5570.00000", "2018-03-31": "5632.00000", "2017-12-31": "5607.00000", "2017-09-30": "5485.00000", "2017-06-30": "5403.00000", "2017-03-31": "5321.00000", "2016-12-31": "5276.00000", "2016-09-30": "5197.00000", "2016-06-30": "5162.00000", "2016-03-31": "5185.00000", "2015-12-31": "5130.00000", "2015-09-30": "5045.00000", "2015-06-30": "5011.00000", "2015-03-31": "4957.00000", "2014-12-31": "5087.00000", "2014-09-30": "4352.00000", "2014-06-30": "4343.00000", "2014-03-31": "4301.00000", "2013-12-31": "4290.00000", "2013-09-30": "4217.00000", "2013-06-30": "4177.00000", "2013-03-31": "4154.00000", "2012-12-31": "4181.00000", "2012-09-30": "4113.00000", "2012-06-30": "3135.00000", "2012-03-31": "3136.00000", "2011-12-31": "3107.00000", "2011-09-30": "3058.00000", "2011-06-30": "2919.00000", "2011-03-31": "2886.00000", "2010-12-31": "3219.00000", "2010-09-30": "3166.00000", "2010-06-30": "3155.00000", "2010-03-31": "3167.00000", "2009-12-31": "3110.00000", "2009-09-30": "3273.00000", "2009-06-30": "3272.00000", "2009-03-31": "3228.00000", "2008-12-31": "3198.00000", "2008-09-30": "3093.00000", "2008-06-30": "3035.00000", "2008-03-31": "2907.00000", "2007-12-31": "2846.00000", "2007-09-30": "2963.00000", "2007-06-30": "3040.00000", "2007-03-31": "2994.00000", "2006-12-31": "3069.00000", "2006-09-30": "3056.00000", "2006-06-30": "3209.00000", "2006-03-31": "3176.00000", "2005-12-31": "3162.00000", "2005-09-30": "3134.00000", "2005-06-30": "3110.00000", "2005-03-31": "3142.00000"}, "Long-Term Investments": {"2020-12-31": "", "2020-09-30": "", "2020-06-30": "", "2020-03-31": "", "2019-12-31": "", "2019-09-30": "", "2019-06-30": "", "2019-03-31": "", "2018-12-31": "", "2018-09-30": "", "2018-06-30": "", "2018-03-31": "", "2017-12-31": "", "2017-09-30": "", "2017-06-30": "", "2017-03-31": "", "2016-12-31": "", "2016-09-30": "", "2016-06-30": "", "2016-03-31": "", "2015-12-31": "", "2015-09-30": "", "2015-06-30": "", "2015-03-31": "", "2014-12-31": "", "2014-09-30": "", "2014-06-30": "", "2014-03-31": "", "2013-12-31": "", "2013-09-30": "", "2013-06-30": "", "2013-03-31": "", "2012-12-31": "", "2012-09-30": "", "2012-06-30": "", "2012-03-31": "", "2011-12-31": "", "2011-09-30": "", "2011-06-30": "", "2011-03-31": "", "2010-12-31": "", "2010-09-30": "", "2010-06-30": "", "2010-03-31": "", "2009-12-31": "", "2009-09-30": "", "2009-06-30": "", "2009-03-31": "", "2008-12-31": "", "2008-09-30": "", "2008-06-30": "", "2008-03-31": "", "2007-12-31": "", "2007-09-30": "", "2007-06-30": "", "2007-03-31": "", "2006-12-31": "", "2006-09-30": "", "2006-06-30": "", "2006-03-31": "", "2005-12-31": "", "2005-09-30": "", "2005-06-30": "", "2005-03-31": ""}, "Goodwill And Intangible Assets": {"2020-12-31": "", "2020-09-30": "6245.00000", "2020-06-30": "6242.00000", "2020-03-31": "6379.00000", "2019-12-31": "6442.00000", "2019-09-30": "6498.00000", "2019-06-30": "6574.00000", "2019-03-31": "6607.00000", "2018-12-31": "6652.00000", "2018-09-30": "6740.00000", "2018-06-30": "6792.00000", "2018-03-31": "6889.00000", "2017-12-31": "6900.00000", "2017-09-30": "6924.00000", "2017-06-30": "6940.00000", "2017-03-31": "6918.00000", "2016-12-31": "6940.00000", "2016-09-30": "7017.00000", "2016-06-30": "7105.00000", "2016-03-31": "7164.00000", "2015-12-31": "7168.00000", "2015-09-30": "7200.00000", "2015-06-30": "7251.00000", "2015-03-31": "7240.00000", "2014-12-31": "7391.00000", "2014-09-30": "4524.00000", "2014-06-30": "4582.00000", "2014-03-31": "4374.00000", "2013-12-31": "4418.00000", "2013-09-30": "4435.00000", "2013-06-30": "4440.00000", "2013-03-31": "4477.00000", "2012-12-31": "4493.00000", "2012-09-30": "4249.00000", "2012-06-30": "404.00000", "2012-03-31": "408.00000", "2011-12-31": "507.00000", "2011-09-30": "410.00000", "2011-06-30": "379.00000", "2011-03-31": "378.00000", "2010-12-31": "375.00000", "2010-09-30": "377.00000", "2010-06-30": "376.00000", "2010-03-31": "314.00000", "2009-12-31": "315.00000", "2009-09-30": "326.00000", "2009-06-30": "325.00000", "2009-03-31": "324.00000", "2008-12-31": "325.00000", "2008-09-30": "325.00000", "2008-06-30": "328.00000", "2008-03-31": "318.00000", "2007-12-31": "316.00000", "2007-09-30": "321.00000", "2007-06-30": "315.00000", "2007-03-31": "314.00000", "2006-12-31": "314.00000", "2006-09-30": "313.00000", "2006-06-30": "313.00000", "2006-03-31": "312.00000", "2005-12-31": "312.00000", "2005-09-30": "312.00000", "2005-06-30": "312.00000", "2005-03-31": "340.00000"}, "Other Long-Term Assets": {"2020-12-31": "", "2020-09-30": "741.00000", "2020-06-30": "727.00000", "2020-03-31": "737.00000", "2019-12-31": "674.00000", "2019-09-30": "665.00000", "2019-06-30": "616.00000", "2019-03-31": "627.00000", "2018-12-31": "378.00000", "2018-09-30": "405.00000", "2018-06-30": "400.00000", "2018-03-31": "362.00000", "2017-12-31": "349.00000", "2017-09-30": "370.00000", "2017-06-30": "359.00000", "2017-03-31": "351.00000", "2016-12-31": "375.00000", "2016-09-30": "375.00000", "2016-06-30": "385.00000", "2016-03-31": "404.00000", "2015-12-31": "404.00000", "2015-09-30": "453.00000", "2015-06-30": "457.00000", "2015-03-31": "471.00000", "2014-12-31": "421.00000", "2014-09-30": "369.00000", "2014-06-30": "327.00000", "2014-03-31": "323.00000", "2013-12-31": "297.00000", "2013-09-30": "308.00000", "2013-06-30": "307.00000", "2013-03-31": "319.00000", "2012-12-31": "337.00000", "2012-09-30": "610.00000", "2012-06-30": "397.00000", "2012-03-31": "383.00000", "2011-12-31": "268.00000", "2011-09-30": "361.00000", "2011-06-30": "308.00000", "2011-03-31": "311.00000", "2010-12-31": "345.00000", "2010-09-30": "345.00000", "2010-06-30": "359.00000", "2010-03-31": "290.00000", "2009-12-31": "355.00000", "2009-09-30": "375.00000", "2009-06-30": "354.00000", "2009-03-31": "342.00000", "2008-12-31": "335.00000", "2008-09-30": "346.00000", "2008-06-30": "335.00000", "2008-03-31": "350.00000", "2007-12-31": "554.00000", "2007-09-30": "364.00000", "2007-06-30": "384.00000", "2007-03-31": "426.00000", "2006-12-31": "327.00000", "2006-09-30": "538.00000", "2006-06-30": "362.00000", "2006-03-31": "365.00000", "2005-12-31": "375.00000", "2005-09-30": "281.00000", "2005-06-30": "310.00000", "2005-03-31": "573.00000"}, "Total Long-Term Assets": {"2020-12-31": "", "2020-09-30": "12475.00000", "2020-06-30": "12447.00000", "2020-03-31": "12614.00000", "2019-12-31": "12687.00000", "2019-09-30": "12697.00000", "2019-06-30": "12740.00000", "2019-03-31": "12810.00000", "2018-12-31": "12630.00000", "2018-09-30": "12715.00000", "2018-06-30": "12762.00000", "2018-03-31": "12883.00000", "2017-12-31": "12856.00000", "2017-09-30": "12779.00000", "2017-06-30": "12702.00000", "2017-03-31": "12590.00000", "2016-12-31": "12591.00000", "2016-09-30": "12589.00000", "2016-06-30": "12652.00000", "2016-03-31": "12753.00000", "2015-12-31": "12702.00000", "2015-09-30": "12698.00000", "2015-06-30": "12719.00000", "2015-03-31": "12668.00000", "2014-12-31": "12899.00000", "2014-09-30": "9245.00000", "2014-06-30": "9252.00000", "2014-03-31": "8998.00000", "2013-12-31": "9005.00000", "2013-09-30": "8960.00000", "2013-06-30": "8924.00000", "2013-03-31": "8950.00000", "2012-12-31": "9011.00000", "2012-09-30": "8972.00000", "2012-06-30": "3936.00000", "2012-03-31": "3927.00000", "2011-12-31": "3882.00000", "2011-09-30": "3829.00000", "2011-06-30": "3606.00000", "2011-03-31": "3575.00000", "2010-12-31": "3939.00000", "2010-09-30": "3888.00000", "2010-06-30": "3890.00000", "2010-03-31": "3771.00000", "2009-12-31": "3780.00000", "2009-09-30": "3974.00000", "2009-06-30": "3951.00000", "2009-03-31": "3894.00000", "2008-12-31": "3858.00000", "2008-09-30": "3764.00000", "2008-06-30": "3698.00000", "2008-03-31": "3575.00000", "2007-12-31": "3716.00000", "2007-09-30": "3648.00000", "2007-06-30": "3739.00000", "2007-03-31": "3734.00000", "2006-12-31": "3710.00000", "2006-09-30": "3907.00000", "2006-06-30": "3884.00000", "2006-03-31": "3853.00000", "2005-12-31": "3849.00000", "2005-09-30": "3727.00000", "2005-06-30": "3732.00000", "2005-03-31": "4055.00000"}, "Total Assets": {"2020-12-31": "0.00000", "2020-09-30": "16009.00000", "2020-06-30": "15973.00000", "2020-03-31": "16465.00000", "2019-12-31": "16008.00000", "2019-09-30": "16137.00000", "2019-06-30": "16256.00000", "2019-03-31": "16361.00000", "2018-12-31": "15995.00000", "2018-09-30": "16362.00000", "2018-06-30": "16260.00000", "2018-03-31": "16366.00000", "2017-12-31": "15999.00000", "2017-09-30": "16024.00000", "2017-06-30": "15964.00000", "2017-03-31": "15755.00000", "2016-12-31": "15457.00000", "2016-09-30": "15489.00000", "2016-06-30": "15582.00000", "2016-03-31": "15616.00000", "2015-12-31": "15580.00000", "2015-09-30": "15880.00000", "2015-06-30": "15886.00000", "2015-03-31": "15834.00000", "2014-12-31": "16072.00000", "2014-09-30": "12135.00000", "2014-06-30": "12238.00000", "2014-03-31": "11947.00000", "2013-12-31": "11845.00000", "2013-09-30": "11727.00000", "2013-06-30": "11762.00000", "2013-03-31": "11687.00000", "2012-12-31": "11710.00000", "2012-09-30": "11645.00000", "2012-06-30": "8566.00000", "2012-03-31": "6191.00000", "2011-12-31": "6184.00000", "2011-09-30": "6183.00000", "2011-06-30": "6114.00000", "2011-03-31": "6009.00000", "2010-12-31": "5986.00000", "2010-09-30": "5989.00000", "2010-06-30": "5799.00000", "2010-03-31": "5648.00000", "2009-12-31": "5515.00000", "2009-09-30": "5554.00000", "2009-06-30": "5356.00000", "2009-03-31": "5197.00000", "2008-12-31": "5281.00000", "2008-09-30": "5529.00000", "2008-06-30": "5830.00000", "2008-03-31": "5806.00000", "2007-12-31": "6009.00000", "2007-09-30": "5945.00000", "2007-06-30": "6240.00000", "2007-03-31": "6116.00000", "2006-12-31": "6132.00000", "2006-09-30": "6066.00000", "2006-06-30": "6002.00000", "2006-03-31": "5782.00000", "2005-12-31": "5773.00000", "2005-09-30": "5571.00000", "2005-06-30": "5569.00000", "2005-03-31": "5999.00000"}, "Total Current Liabilities": {"2020-12-31": "", "2020-09-30": "1789.00000", "2020-06-30": "1878.00000", "2020-03-31": "2315.00000", "2019-12-31": "1789.00000", "2019-09-30": "2080.00000", "2019-06-30": "2226.00000", "2019-03-31": "2352.00000", "2018-12-31": "1851.00000", "2018-09-30": "2153.00000", "2018-06-30": "2068.00000", "2018-03-31": "2029.00000", "2017-12-31": "1982.00000", "2017-09-30": "1771.00000", "2017-06-30": "1596.00000", "2017-03-31": "1637.00000", "2016-12-31": "1795.00000", "2016-09-30": "2206.00000", "2016-06-30": "2189.00000", "2016-03-31": "1847.00000", "2015-12-31": "2056.00000", "2015-09-30": "1800.00000", "2015-06-30": "1821.00000", "2015-03-31": "1764.00000", "2014-12-31": "2022.00000", "2014-09-30": "1398.00000", "2014-06-30": "1274.00000", "2014-03-31": "1259.00000", "2013-12-31": "1470.00000", "2013-09-30": "1323.00000", "2013-06-30": "1309.00000", "2013-03-31": "1293.00000", "2012-12-31": "1364.00000", "2012-09-30": "1464.00000", "2012-06-30": "899.00000", "2012-03-31": "997.00000", "2011-12-31": "1114.00000", "2011-09-30": "1201.00000", "2011-06-30": "1192.00000", "2011-03-31": "1055.00000", "2010-12-31": "1070.00000", "2010-09-30": "940.00000", "2010-06-30": "886.00000", "2010-03-31": "870.00000", "2009-12-31": "800.00000", "2009-09-30": "828.00000", "2009-06-30": "717.00000", "2009-03-31": "769.00000", "2008-12-31": "832.00000", "2008-09-30": "1019.00000", "2008-06-30": "1107.00000", "2008-03-31": "1108.00000", "2007-12-31": "1122.00000", "2007-09-30": "1074.00000", "2007-06-30": "1100.00000", "2007-03-31": "993.00000", "2006-12-31": "1059.00000", "2006-09-30": "1059.00000", "2006-06-30": "1053.00000", "2006-03-31": "997.00000", "2005-12-31": "1051.00000", "2005-09-30": "1025.00000", "2005-06-30": "1074.00000", "2005-03-31": "1064.00000"}, "Long Term Debt": {"2020-12-31": "", "2020-09-30": "5495.00000", "2020-06-30": "5431.00000", "2020-03-31": "5399.00000", "2019-12-31": "5611.00000", "2019-09-30": "5567.00000", "2019-06-30": "5624.00000", "2019-03-31": "5602.00000", "2018-12-31": "5925.00000", "2018-09-30": "5898.00000", "2018-06-30": "6033.00000", "2018-03-31": "6311.00000", "2017-12-31": "6147.00000", "2017-09-30": "6325.00000", "2017-06-30": "6669.00000", "2017-03-31": "6578.00000", "2016-12-31": "6311.00000", "2016-09-30": "5933.00000", "2016-06-30": "6082.00000", "2016-03-31": "6565.00000", "2015-12-31": "6577.00000", "2015-09-30": "7029.00000", "2015-06-30": "7072.00000", "2015-03-31": "7293.00000", "2014-12-31": "7248.00000", "2014-09-30": "4563.00000", "2014-06-30": "4773.00000", "2014-03-31": "4635.00000", "2013-12-31": "4254.00000", "2013-09-30": "4429.00000", "2013-06-30": "4679.00000", "2013-03-31": "4779.00000", "2012-12-31": "4779.00000", "2012-09-30": "4865.00000", "2012-06-30": "3830.00000", "2012-03-31": "1444.00000", "2011-12-31": "1445.00000", "2011-09-30": "1445.00000", "2011-06-30": "1446.00000", "2011-03-31": "1596.00000", "2010-12-31": "1598.00000", "2010-09-30": "1602.00000", "2010-06-30": "1605.00000", "2010-03-31": "1603.00000", "2009-12-31": "1604.00000", "2009-09-30": "1440.00000", "2009-06-30": "1440.00000", "2009-03-31": "1437.00000", "2008-12-31": "1442.00000", "2008-09-30": "1436.00000", "2008-06-30": "1440.00000", "2008-03-31": "1557.00000", "2007-12-31": "1535.00000", "2007-09-30": "1522.00000", "2007-06-30": "1507.00000", "2007-03-31": "1595.00000", "2006-12-31": "1589.00000", "2006-09-30": "1586.00000", "2006-06-30": "1581.00000", "2006-03-31": "1587.00000", "2005-12-31": "1621.00000", "2005-09-30": "1436.00000", "2005-06-30": "1449.00000", "2005-03-31": "2055.00000"}, "Other Non-Current Liabilities": {"2020-12-31": "", "2020-09-30": "702.00000", "2020-06-30": "683.00000", "2020-03-31": "667.00000", "2019-12-31": "645.00000", "2019-09-30": "639.00000", "2019-06-30": "680.00000", "2019-03-31": "681.00000", "2018-12-31": "532.00000", "2018-09-30": "471.00000", "2018-06-30": "528.00000", "2018-03-31": "541.00000", "2017-12-31": "534.00000", "2017-09-30": "491.00000", "2017-06-30": "519.00000", "2017-03-31": "535.00000", "2016-12-31": "519.00000", "2016-09-30": "573.00000", "2016-06-30": "568.00000", "2016-03-31": "686.00000", "2015-12-31": "701.00000", "2015-09-30": "711.00000", "2015-06-30": "696.00000", "2015-03-31": "744.00000", "2014-12-31": "768.00000", "2014-09-30": "380.00000", "2014-06-30": "388.00000", "2014-03-31": "398.00000", "2013-12-31": "453.00000", "2013-09-30": "478.00000", "2013-06-30": "477.00000", "2013-03-31": "483.00000", "2012-12-31": "501.00000", "2012-09-30": "591.00000", "2012-06-30": "103.00000", "2012-03-31": "107.00000", "2011-12-31": "103.00000", "2011-09-30": "144.00000", "2011-06-30": "132.00000", "2011-03-31": "133.00000", "2010-12-31": "133.00000", "2010-09-30": "142.00000", "2010-06-30": "130.00000", "2010-03-31": "120.00000", "2009-12-31": "119.00000", "2009-09-30": "117.00000", "2009-06-30": "114.00000", "2009-03-31": "107.00000", "2008-12-31": "102.00000", "2008-09-30": "109.00000", "2008-06-30": "127.00000", "2008-03-31": "121.00000", "2007-12-31": "118.00000", "2007-09-30": "139.00000", "2007-06-30": "179.00000", "2007-03-31": "155.00000", "2006-12-31": "102.00000", "2006-09-30": "197.00000", "2006-06-30": "162.00000", "2006-03-31": "149.00000", "2005-12-31": "155.00000", "2005-09-30": "191.00000", "2005-06-30": "185.00000", "2005-03-31": "184.00000"}, "Total Long Term Liabilities": {"2020-12-31": "", "2020-09-30": "8064.00000", "2020-06-30": "7997.00000", "2020-03-31": "7958.00000", "2019-12-31": "8187.00000", "2019-09-30": "7960.00000", "2019-06-30": "8084.00000", "2019-03-31": "8090.00000", "2018-12-31": "8266.00000", "2018-09-30": "8214.00000", "2018-06-30": "8418.00000", "2018-03-31": "8717.00000", "2017-12-31": "8537.00000", "2017-09-30": "9154.00000", "2017-06-30": "9478.00000", "2017-03-31": "9391.00000", "2016-12-31": "9054.00000", "2016-09-30": "8767.00000", "2016-06-30": "8940.00000", "2016-03-31": "9484.00000", "2015-12-31": "9503.00000", "2015-09-30": "10124.00000", "2015-06-30": "10220.00000", "2015-03-31": "10548.00000", "2014-12-31": "10460.00000", "2014-09-30": "6758.00000", "2014-06-30": "7005.00000", "2014-03-31": "6880.00000", "2013-12-31": "6500.00000", "2013-09-30": "6735.00000", "2013-06-30": "7080.00000", "2013-03-31": "7206.00000", "2012-12-31": "7318.00000", "2012-09-30": "7171.00000", "2012-06-30": "5544.00000", "2012-03-31": "3169.00000", "2011-12-31": "3169.00000", "2011-09-30": "3073.00000", "2011-06-30": "3015.00000", "2011-03-31": "3137.00000", "2010-12-31": "3289.00000", "2010-09-30": "3239.00000", "2010-06-30": "3236.00000", "2010-03-31": "3209.00000", "2009-12-31": "3202.00000", "2009-09-30": "3081.00000", "2009-06-30": "3064.00000", "2009-03-31": "2905.00000", "2008-12-31": "2896.00000", "2008-09-30": "2690.00000", "2008-06-30": "2711.00000", "2008-03-31": "2802.00000", "2007-12-31": "2805.00000", "2007-09-30": "2880.00000", "2007-06-30": "2970.00000", "2007-03-31": "3018.00000", "2006-12-31": "3044.00000", "2006-09-30": "3105.00000", "2006-06-30": "3097.00000", "2006-03-31": "3068.00000", "2005-12-31": "3110.00000", "2005-09-30": "2951.00000", "2005-06-30": "2988.00000", "2005-03-31": "3590.00000"}, "Total Liabilities": {"2020-12-31": "", "2020-09-30": "9853.00000", "2020-06-30": "9875.00000", "2020-03-31": "10273.00000", "2019-12-31": "9976.00000", "2019-09-30": "10040.00000", "2019-06-30": "10310.00000", "2019-03-31": "10442.00000", "2018-12-31": "10117.00000", "2018-09-30": "10367.00000", "2018-06-30": "10486.00000", "2018-03-31": "10746.00000", "2017-12-31": "10519.00000", "2017-09-30": "10925.00000", "2017-06-30": "11074.00000", "2017-03-31": "11028.00000", "2016-12-31": "10849.00000", "2016-09-30": "10973.00000", "2016-06-30": "11129.00000", "2016-03-31": "11331.00000", "2015-12-31": "11559.00000", "2015-09-30": "11924.00000", "2015-06-30": "12041.00000", "2015-03-31": "12312.00000", "2014-12-31": "12482.00000", "2014-09-30": "8156.00000", "2014-06-30": "8279.00000", "2014-03-31": "8139.00000", "2013-12-31": "7970.00000", "2013-09-30": "8058.00000", "2013-06-30": "8389.00000", "2013-03-31": "8499.00000", "2012-12-31": "8682.00000", "2012-09-30": "8635.00000", "2012-06-30": "6443.00000", "2012-03-31": "4166.00000", "2011-12-31": "4283.00000", "2011-09-30": "4274.00000", "2011-06-30": "4207.00000", "2011-03-31": "4192.00000", "2010-12-31": "4359.00000", "2010-09-30": "4179.00000", "2010-06-30": "4122.00000", "2010-03-31": "4079.00000", "2009-12-31": "4002.00000", "2009-09-30": "3909.00000", "2009-06-30": "3781.00000", "2009-03-31": "3674.00000", "2008-12-31": "3728.00000", "2008-09-30": "3709.00000", "2008-06-30": "3818.00000", "2008-03-31": "3910.00000", "2007-12-31": "3927.00000", "2007-09-30": "3954.00000", "2007-06-30": "4070.00000", "2007-03-31": "4011.00000", "2006-12-31": "4103.00000", "2006-09-30": "4164.00000", "2006-06-30": "4150.00000", "2006-03-31": "4065.00000", "2005-12-31": "4161.00000", "2005-09-30": "3976.00000", "2005-06-30": "4062.00000", "2005-03-31": "4654.00000"}, "Common Stock Net": {"2020-12-31": "", "2020-09-30": "2.00000", "2020-06-30": "2.00000", "2020-03-31": "2.00000", "2019-12-31": "2.00000", "2019-09-30": "2.00000", "2019-06-30": "2.00000", "2019-03-31": "2.00000", "2018-12-31": "2.00000", "2018-09-30": "2.00000", "2018-06-30": "2.00000", "2018-03-31": "2.00000", "2017-12-31": "2.00000", "2017-09-30": "2.00000", "2017-06-30": "2.00000", "2017-03-31": "2.00000", "2016-12-31": "2.00000", "2016-09-30": "2.00000", "2016-06-30": "2.00000", "2016-03-31": "2.00000", "2015-12-31": "2.00000", "2015-09-30": "2.00000", "2015-06-30": "2.00000", "2015-03-31": "2.00000", "2014-12-31": "2.00000", "2014-09-30": "2.00000", "2014-06-30": "2.00000", "2014-03-31": "2.00000", "2013-12-31": "2.00000", "2013-09-30": "2.00000", "2013-06-30": "2.00000", "2013-03-31": "2.00000", "2012-12-31": "2.00000", "2012-09-30": "2.00000", "2012-06-30": "2.00000", "2012-03-31": "2.00000", "2011-12-31": "2.00000", "2011-09-30": "2.00000", "2011-06-30": "1.00000", "2011-03-31": "1.00000", "2010-12-31": "2.00000", "2010-09-30": "1.00000", "2010-06-30": "1.00000", "2010-03-31": "1.00000", "2009-12-31": "1.00000", "2009-09-30": "1.00000", "2009-06-30": "1.00000", "2009-03-31": "1.00000", "2008-12-31": "1.00000", "2008-09-30": "1.00000", "2008-06-30": "1.00000", "2008-03-31": "1.00000", "2007-12-31": "1.00000", "2007-09-30": "1.00000", "2007-06-30": "1.00000", "2007-03-31": "1.00000", "2006-12-31": "1.00000", "2006-09-30": "1.00000", "2006-06-30": "1.00000", "2006-03-31": "1.00000", "2005-12-31": "1.00000", "2005-09-30": "1.00000", "2005-06-30": "1.00000", "2005-03-31": "1.00000"}, "Retained Earnings (Accumulated Deficit)": {"2020-12-31": "", "2020-09-30": "8142.00000", "2020-06-30": "8071.00000", "2020-03-31": "8133.00000", "2019-12-31": "7965.00000", "2019-09-30": "8029.00000", "2019-06-30": "7848.00000", "2019-03-31": "7675.00000", "2018-12-31": "7573.00000", "2018-09-30": "7626.00000", "2018-06-30": "7292.00000", "2018-03-31": "7026.00000", "2017-12-31": "6802.00000", "2017-09-30": "6391.00000", "2017-06-30": "6142.00000", "2017-03-31": "5925.00000", "2016-12-31": "5721.00000", "2016-09-30": "5680.00000", "2016-06-30": "5517.00000", "2016-03-31": "5330.00000", "2015-12-31": "5146.00000", "2015-09-30": "5090.00000", "2015-06-30": "4893.00000", "2015-03-31": "4656.00000", "2014-12-31": "4545.00000", "2014-09-30": "4588.00000", "2014-06-30": "4431.00000", "2014-03-31": "4191.00000", "2013-12-31": "4012.00000", "2013-09-30": "3718.00000", "2013-06-30": "3456.00000", "2013-03-31": "3239.00000", "2012-12-31": "3038.00000", "2012-09-30": "3139.00000", "2012-06-30": "3024.00000", "2012-03-31": "2882.00000", "2011-12-31": "2760.00000", "2011-09-30": "3372.00000", "2011-06-30": "3244.00000", "2011-03-31": "3066.00000", "2010-12-31": "2879.00000", "2010-09-30": "2894.00000", "2010-06-30": "2756.00000", "2010-03-31": "2640.00000", "2009-12-31": "2571.00000", "2009-09-30": "2635.00000", "2009-06-30": "2566.00000", "2009-03-31": "2533.00000", "2008-12-31": "2563.00000", "2008-09-30": "2598.00000", "2008-06-30": "2529.00000", "2008-03-31": "2448.00000", "2007-12-31": "2349.00000", "2007-09-30": "2286.00000", "2007-06-30": "2302.00000", "2007-03-31": "2234.00000", "2006-12-31": "2186.00000", "2006-09-30": "2129.00000", "2006-06-30": "2070.00000", "2006-03-31": "1992.00000", "2005-12-31": "1923.00000", "2005-09-30": "1893.00000", "2005-06-30": "1806.00000", "2005-03-31": "1636.00000"}, "Comprehensive Income": {"2020-12-31": "", "2020-09-30": "-243.00000", "2020-06-30": "-209.00000", "2020-03-31": "-197.00000", "2019-12-31": "-214.00000", "2019-09-30": "-203.00000", "2019-06-30": "-235.00000", "2019-03-31": "-194.00000", "2018-12-31": "-245.00000", "2018-09-30": "-194.00000", "2018-06-30": "-193.00000", "2018-03-31": "-212.00000", "2017-12-31": "-209.00000", "2017-09-30": "-238.00000", "2017-06-30": "-286.00000", "2017-03-31": "-306.00000", "2016-12-31": "-281.00000", "2016-09-30": "-348.00000", "2016-06-30": "-311.00000", "2016-03-31": "-305.00000", "2015-12-31": "-390.00000", "2015-09-30": "-446.00000", "2015-06-30": "-363.00000", "2015-03-31": "-441.00000", "2014-12-31": "-277.00000", "2014-09-30": "78.00000", "2014-06-30": "173.00000", "2014-03-31": "168.00000", "2013-12-31": "171.00000", "2013-09-30": "147.00000", "2013-06-30": "90.00000", "2013-03-31": "85.00000", "2012-12-31": "123.00000", "2012-09-30": "109.00000", "2012-06-30": "90.00000", "2012-03-31": "153.00000", "2011-12-31": "138.00000", "2011-09-30": "-447.00000", "2011-06-30": "-423.00000", "2011-03-31": "-417.00000", "2010-12-31": "-432.00000", "2010-09-30": "-392.00000", "2010-06-30": "-389.00000", "2010-03-31": "-388.00000", "2009-12-31": "-385.00000", "2009-09-30": "-326.00000", "2009-06-30": "-321.00000", "2009-03-31": "-336.00000", "2008-12-31": "-335.00000", "2008-09-30": "-92.00000", "2008-06-30": "-58.00000", "2008-03-31": "-82.00000", "2007-12-31": "-28.00000", "2007-09-30": "-129.00000", "2007-06-30": "-165.00000", "2007-03-31": "-169.00000", "2006-12-31": "-174.00000", "2006-09-30": "-164.00000", "2006-06-30": "-150.00000", "2006-03-31": "-180.00000", "2005-12-31": "-200.00000", "2005-09-30": "-168.00000", "2005-06-30": "-168.00000", "2005-03-31": "-115.00000"}, "Other Share Holders Equity": {"2020-12-31": "", "2020-09-30": "", "2020-06-30": "", "2020-03-31": "", "2019-12-31": "", "2019-09-30": "", "2019-06-30": "", "2019-03-31": "", "2018-12-31": "", "2018-09-30": "", "2018-06-30": "", "2018-03-31": "", "2017-12-31": "", "2017-09-30": "", "2017-06-30": "", "2017-03-31": "", "2016-12-31": "", "2016-09-30": "", "2016-06-30": "", "2016-03-31": "", "2015-12-31": "", "2015-09-30": "", "2015-06-30": "", "2015-03-31": "", "2014-12-31": "", "2014-09-30": "", "2014-06-30": "", "2014-03-31": "", "2013-12-31": "", "2013-09-30": "", "2013-06-30": "", "2013-03-31": "", "2012-12-31": "", "2012-09-30": "", "2012-06-30": "", "2012-03-31": "", "2011-12-31": "", "2011-09-30": "", "2011-06-30": "", "2011-03-31": "", "2010-12-31": "", "2010-09-30": "", "2010-06-30": "", "2010-03-31": "", "2009-12-31": "", "2009-09-30": "", "2009-06-30": "", "2009-03-31": "", "2008-12-31": "", "2008-09-30": "", "2008-06-30": "", "2008-03-31": "", "2007-12-31": "", "2007-09-30": "", "2007-06-30": "", "2007-03-31": "", "2006-12-31": "", "2006-09-30": "", "2006-06-30": "", "2006-03-31": "", "2005-12-31": "", "2005-09-30": "", "2005-06-30": "", "2005-03-31": ""}, "Share Holder Equity": {"2020-12-31": "", "2020-09-30": "6156.00000", "2020-06-30": "6098.00000", "2020-03-31": "6192.00000", "2019-12-31": "6032.00000", "2019-09-30": "6097.00000", "2019-06-30": "5946.00000", "2019-03-31": "5919.00000", "2018-12-31": "5878.00000", "2018-09-30": "5995.00000", "2018-06-30": "5774.00000", "2018-03-31": "5620.00000", "2017-12-31": "5480.00000", "2017-09-30": "5099.00000", "2017-06-30": "4890.00000", "2017-03-31": "4727.00000", "2016-12-31": "4608.00000", "2016-09-30": "4516.00000", "2016-06-30": "4453.00000", "2016-03-31": "4285.00000", "2015-12-31": "4021.00000", "2015-09-30": "3956.00000", "2015-06-30": "3845.00000", "2015-03-31": "3522.00000", "2014-12-31": "3590.00000", "2014-09-30": "3979.00000", "2014-06-30": "3959.00000", "2014-03-31": "3808.00000", "2013-12-31": "3875.00000", "2013-09-30": "3669.00000", "2013-06-30": "3373.00000", "2013-03-31": "3188.00000", "2012-12-31": "3028.00000", "2012-09-30": "3010.00000", "2012-06-30": "2123.00000", "2012-03-31": "2025.00000", "2011-12-31": "1901.00000", "2011-09-30": "1909.00000", "2011-06-30": "1907.00000", "2011-03-31": "1817.00000", "2010-12-31": "1627.00000", "2010-09-30": "1810.00000", "2010-06-30": "1677.00000", "2010-03-31": "1569.00000", "2009-12-31": "1513.00000", "2009-09-30": "1645.00000", "2009-06-30": "1575.00000", "2009-03-31": "1523.00000", "2008-12-31": "1553.00000", "2008-09-30": "1820.00000", "2008-06-30": "2012.00000", "2008-03-31": "1896.00000", "2007-12-31": "2082.00000", "2007-09-30": "1991.00000", "2007-06-30": "2170.00000", "2007-03-31": "2105.00000", "2006-12-31": "2029.00000", "2006-09-30": "1902.00000", "2006-06-30": "1852.00000", "2006-03-31": "1717.00000", "2005-12-31": "1612.00000", "2005-09-30": "1595.00000", "2005-06-30": "1507.00000", "2005-03-31": "1345.00000"}, "Total Liabilities And Share Holders Equity": {"2020-12-31": "", "2020-09-30": "16009.00000", "2020-06-30": "15973.00000", "2020-03-31": "16465.00000", "2019-12-31": "16008.00000", "2019-09-30": "16137.00000", "2019-06-30": "16256.00000", "2019-03-31": "16361.00000", "2018-12-31": "15995.00000", "2018-09-30": "16362.00000", "2018-06-30": "16260.00000", "2018-03-31": "16366.00000", "2017-12-31": "15999.00000", "2017-09-30": "16024.00000", "2017-06-30": "15964.00000", "2017-03-31": "15755.00000", "2016-12-31": "15457.00000", "2016-09-30": "15489.00000", "2016-06-30": "15582.00000", "2016-03-31": "15616.00000", "2015-12-31": "15580.00000", "2015-09-30": "15880.00000", "2015-06-30": "15886.00000", "2015-03-31": "15834.00000", "2014-12-31": "16072.00000", "2014-09-30": "12135.00000", "2014-06-30": "12238.00000", "2014-03-31": "11947.00000", "2013-12-31": "11845.00000", "2013-09-30": "11727.00000", "2013-06-30": "11762.00000", "2013-03-31": "11687.00000", "2012-12-31": "11710.00000", "2012-09-30": "11645.00000", "2012-06-30": "8566.00000", "2012-03-31": "6191.00000", "2011-12-31": "6184.00000", "2011-09-30": "6183.00000", "2011-06-30": "6114.00000", "2011-03-31": "6009.00000", "2010-12-31": "5986.00000", "2010-09-30": "5989.00000", "2010-06-30": "5799.00000", "2010-03-31": "5648.00000", "2009-12-31": "5515.00000", "2009-09-30": "5554.00000", "2009-06-30": "5356.00000", "2009-03-31": "5197.00000", "2008-12-31": "5281.00000", "2008-09-30": "5529.00000", "2008-06-30": "5830.00000", "2008-03-31": "5806.00000", "2007-12-31": "6009.00000", "2007-09-30": "5945.00000", "2007-06-30": "6240.00000", "2007-03-31": "6116.00000", "2006-12-31": "6132.00000", "2006-09-30": "6066.00000", "2006-06-30": "6002.00000", "2006-03-31": "5782.00000", "2005-12-31": "5773.00000", "2005-09-30": "5571.00000", "2005-06-30": "5569.00000", "2005-03-31": "5999.00000"}}, "cash flow statement": {"Net Income/Loss": {"2020-12-31": "489.00000", "2019-12-31": "762.00000", "2018-12-31": "1084.00000", "2017-12-31": "1388.00000", "2016-12-31": "859.00000", "2015-12-31": "854.00000", "2014-12-31": "757.00000", "2013-12-31": "1172.00000", "2012-12-31": "444.00000", "2011-12-31": "647.00000", "2010-12-31": "427.00000", "2009-12-31": "136.00000", "2008-12-31": "346.00000", "2007-12-31": "300.00000", "2006-12-31": "409.00000", "2005-12-31": "557.00000"}, "Total Depreciation And Amortization - Cash Flow": {"2020-12-31": "574.00000", "2019-12-31": "611.00000", "2018-12-31": "604.00000", "2017-12-31": "587.00000", "2016-12-31": "580.00000", "2015-12-31": "571.00000", "2014-12-31": "450.00000", "2013-12-31": "433.00000", "2012-12-31": "360.00000", "2011-12-31": "273.00000", "2010-12-31": "280.00000", "2009-12-31": "274.00000", "2008-12-31": "267.00000", "2007-12-31": "327.00000", "2006-12-31": "308.00000", "2005-12-31": "304.00000"}, "Other Non-Cash Items": {"2020-12-31": "210.00000", "2019-12-31": "157.00000", "2018-12-31": "-72.00000", "2017-12-31": "-461.00000", "2016-12-31": "39.00000", "2015-12-31": "183.00000", "2014-12-31": "301.00000", "2013-12-31": "-91.00000", "2012-12-31": "270.00000", "2011-12-31": "-33.00000", "2010-12-31": "219.00000", "2009-12-31": "364.00000", "2008-12-31": "-84.00000", "2007-12-31": "121.00000", "2006-12-31": "-5.00000", "2005-12-31": ""}, "Total Non-Cash Items": {"2020-12-31": "784.00000", "2019-12-31": "768.00000", "2018-12-31": "532.00000", "2017-12-31": "126.00000", "2016-12-31": "619.00000", "2015-12-31": "754.00000", "2014-12-31": "751.00000", "2013-12-31": "342.00000", "2012-12-31": "630.00000", "2011-12-31": "240.00000", "2010-12-31": "499.00000", "2009-12-31": "638.00000", "2008-12-31": "183.00000", "2007-12-31": "448.00000", "2006-12-31": "303.00000", "2005-12-31": "304.00000"}, "Change In Accounts Receivable": {"2020-12-31": "-31.00000", "2019-12-31": "170.00000", "2018-12-31": "16.00000", "2017-12-31": "-53.00000", "2016-12-31": "-29.00000", "2015-12-31": "114.00000", "2014-12-31": "19.00000", "2013-12-31": "-38.00000", "2012-12-31": "48.00000", "2011-12-31": "-73.00000", "2010-12-31": "-358.00000", "2009-12-31": "2.00000", "2008-12-31": "261.00000", "2007-12-31": "-28.00000", "2006-12-31": "-82.00000", "2005-12-31": "60.00000"}, "Change In Inventories": {"2020-12-31": "291.00000", "2019-12-31": "-80.00000", "2018-12-31": "-224.00000", "2017-12-31": "-71.00000", "2016-12-31": "54.00000", "2015-12-31": "-26.00000", "2014-12-31": "-61.00000", "2013-12-31": "-6.00000", "2012-12-31": "38.00000", "2011-12-31": "-156.00000", "2010-12-31": "-160.00000", "2009-12-31": "100.00000", "2008-12-31": "-95.00000", "2007-12-31": "66.00000", "2006-12-31": "-99.00000", "2005-12-31": "-110.00000"}, "Change In Accounts Payable": {"2020-12-31": "-100.00000", "2019-12-31": "-27.00000", "2018-12-31": "90.00000", "2017-12-31": "123.00000", "2016-12-31": "7.00000", "2015-12-31": "-102.00000", "2014-12-31": "-30.00000", "2013-12-31": "-2.00000", "2012-12-31": "10.00000", "2011-12-31": "-51.00000", "2010-12-31": "152.00000", "2009-12-31": "16.00000", "2008-12-31": "-211.00000", "2007-12-31": "48.00000", "2006-12-31": "53.00000", "2005-12-31": "71.00000"}, "Change In Assets/Liabilities": {"2020-12-31": "22.00000", "2019-12-31": "-89.00000", "2018-12-31": "45.00000", "2017-12-31": "144.00000", "2016-12-31": "-125.00000", "2015-12-31": "30.00000", "2014-12-31": "-3.00000", "2013-12-31": "-171.00000", "2012-12-31": "-42.00000", "2011-12-31": "18.00000", "2010-12-31": "15.00000", "2009-12-31": "-134.00000", "2008-12-31": "169.00000", "2007-12-31": "-102.00000", "2006-12-31": "25.00000", "2005-12-31": "-113.00000"}, "Total Change In Assets/Liabilities": {"2020-12-31": "182.00000", "2019-12-31": "-26.00000", "2018-12-31": "-73.00000", "2017-12-31": "143.00000", "2016-12-31": "-93.00000", "2015-12-31": "16.00000", "2014-12-31": "-75.00000", "2013-12-31": "-217.00000", "2012-12-31": "54.00000", "2011-12-31": "-262.00000", "2010-12-31": "-351.00000", "2009-12-31": "-16.00000", "2008-12-31": "124.00000", "2007-12-31": "-16.00000", "2006-12-31": "-103.00000", "2005-12-31": "-92.00000"}, "Cash Flow From Operating Activities": {"2020-12-31": "1455.00000", "2019-12-31": "1504.00000", "2018-12-31": "1543.00000", "2017-12-31": "1657.00000", "2016-12-31": "1385.00000", "2015-12-31": "1624.00000", "2014-12-31": "1433.00000", "2013-12-31": "1297.00000", "2012-12-31": "1128.00000", "2011-12-31": "625.00000", "2010-12-31": "575.00000", "2009-12-31": "758.00000", "2008-12-31": "653.00000", "2007-12-31": "732.00000", "2006-12-31": "609.00000", "2005-12-31": "769.00000"}, "Net Change In Property, Plant, And Equipment": {"2020-12-31": "-383.00000", "2019-12-31": "-425.00000", "2018-12-31": "-523.00000", "2017-12-31": "-635.00000", "2016-12-31": "-585.00000", "2015-12-31": "-648.00000", "2014-12-31": "-580.00000", "2013-12-31": "-483.00000", "2012-12-31": "-470.00000", "2011-12-31": "-466.00000", "2010-12-31": "-250.00000", "2009-12-31": "-288.00000", "2008-12-31": "-307.00000", "2007-12-31": "-327.00000", "2006-12-31": "-83.00000", "2005-12-31": "-304.00000"}, "Net Change In Intangible Assets": {"2020-12-31": "", "2019-12-31": "", "2018-12-31": "", "2017-12-31": "", "2016-12-31": "", "2015-12-31": "", "2014-12-31": "", "2013-12-31": "", "2012-12-31": "", "2011-12-31": "", "2010-12-31": "", "2009-12-31": "", "2008-12-31": "", "2007-12-31": "", "2006-12-31": "", "2005-12-31": ""}, "Net Acquisitions/Divestitures": {"2020-12-31": "-1.00000", "2019-12-31": "-48.00000", "2018-12-31": "-3.00000", "2017-12-31": "-4.00000", "2016-12-31": "-26.00000", "2015-12-31": "-45.00000", "2014-12-31": "-3509.00000", "2013-12-31": "", "2012-12-31": "-2669.00000", "2011-12-31": "-156.00000", "2010-12-31": "-190.00000", "2009-12-31": "-68.00000", "2008-12-31": "", "2007-12-31": "-40.00000", "2006-12-31": "", "2005-12-31": ""}, "Net Change In Short-term Investments": {"2020-12-31": "", "2019-12-31": "", "2018-12-31": "", "2017-12-31": "", "2016-12-31": "", "2015-12-31": "", "2014-12-31": "", "2013-12-31": "31.00000", "2012-12-31": "7.00000", "2011-12-31": "451.00000", "2010-12-31": "0.00000", "2009-12-31": "0.00000", "2008-12-31": "", "2007-12-31": "", "2006-12-31": "", "2005-12-31": "417.00000"}, "Net Change In Long-Term Investments": {"2020-12-31": "", "2019-12-31": "", "2018-12-31": "", "2017-12-31": "", "2016-12-31": "", "2015-12-31": "", "2014-12-31": "", "2013-12-31": "", "2012-12-31": "", "2011-12-31": "", "2010-12-31": "", "2009-12-31": "", "2008-12-31": "-38.00000", "2007-12-31": "", "2006-12-31": "", "2005-12-31": ""}, "Net Change In Investments - Total": {"2020-12-31": "", "2019-12-31": "", "2018-12-31": "", "2017-12-31": "", "2016-12-31": "", "2015-12-31": "", "2014-12-31": "", "2013-12-31": "31.00000", "2012-12-31": "7.00000", "2011-12-31": "451.00000", "2010-12-31": "", "2009-12-31": "", "2008-12-31": "-38.00000", "2007-12-31": "", "2006-12-31": "", "2005-12-31": "417.00000"}, "Investing Activities - Other": {"2020-12-31": "-10.00000", "2019-12-31": "-7.00000", "2018-12-31": "63.00000", "2017-12-31": "-4.00000", "2016-12-31": "-44.00000", "2015-12-31": "", "2014-12-31": "-2.00000", "2013-12-31": "-5.00000", "2012-12-31": "170.00000", "2011-12-31": "29.00000", "2010-12-31": "-2.00000", "2009-12-31": "-13.00000", "2008-12-31": "-31.00000", "2007-12-31": "32.00000", "2006-12-31": "-11.00000", "2005-12-31": "-131.00000"}, "Cash Flow From Investing Activities": {"2020-12-31": "-394.00000", "2019-12-31": "-480.00000", "2018-12-31": "-463.00000", "2017-12-31": "-643.00000", "2016-12-31": "-655.00000", "2015-12-31": "-693.00000", "2014-12-31": "-4091.00000", "2013-12-31": "-457.00000", "2012-12-31": "-2962.00000", "2011-12-31": "-142.00000", "2010-12-31": "-442.00000", "2009-12-31": "-369.00000", "2008-12-31": "-376.00000", "2007-12-31": "-335.00000", "2006-12-31": "-94.00000", "2005-12-31": "-18.00000"}, "Net Long-Term Debt": {"2020-12-31": "-186.00000", "2019-12-31": "-300.00000", "2018-12-31": "-170.00000", "2017-12-31": "-350.00000", "2016-12-31": "-278.00000", "2015-12-31": "-700.00000", "2014-12-31": "3440.00000", "2013-12-31": "-955.00000", "2012-12-31": "1645.00000", "2011-12-31": "-38.00000", "2010-12-31": "-124.00000", "2009-12-31": "147.00000", "2008-12-31": "-175.00000", "2007-12-31": "-17.00000", "2006-12-31": "", "2005-12-31": "-355.00000"}, "Net Current Debt": {"2020-12-31": "-121.00000", "2019-12-31": "-70.00000", "2018-12-31": "-146.00000", "2017-12-31": "-19.00000", "2016-12-31": "-150.00000", "2015-12-31": "195.00000", "2014-12-31": "-190.00000", "2013-12-31": "425.00000", "2012-12-31": "-1.00000", "2011-12-31": "1.00000", "2010-12-31": "2.00000", "2009-12-31": "3.00000", "2008-12-31": "-7.00000", "2007-12-31": "-5.00000", "2006-12-31": "-50.00000", "2005-12-31": "-150.00000"}, "Debt Issuance/Retirement Net - Total": {"2020-12-31": "-307.00000", "2019-12-31": "-370.00000", "2018-12-31": "-316.00000", "2017-12-31": "-369.00000", "2016-12-31": "-428.00000", "2015-12-31": "-505.00000", "2014-12-31": "3250.00000", "2013-12-31": "-530.00000", "2012-12-31": "1644.00000", "2011-12-31": "-37.00000", "2010-12-31": "-122.00000", "2009-12-31": "150.00000", "2008-12-31": "-182.00000", "2007-12-31": "-22.00000", "2006-12-31": "-50.00000", "2005-12-31": "-505.00000"}, "Net Common Equity Issued/Repurchased": {"2020-12-31": "-60.00000", "2019-12-31": "-325.00000", "2018-12-31": "-400.00000", "2017-12-31": "-350.00000", "2016-12-31": "-145.00000", "2015-12-31": "-95.00000", "2014-12-31": "-392.00000", "2013-12-31": "-179.00000", "2012-12-31": "56.00000", "2011-12-31": "-247.00000", "2010-12-31": "-162.00000", "2009-12-31": "-4.00000", "2008-12-31": "-462.00000", "2007-12-31": "-279.00000", "2006-12-31": "93.00000", "2005-12-31": "100.00000"}, "Net Total Equity Issued/Repurchased": {"2020-12-31": "-60.00000", "2019-12-31": "-325.00000", "2018-12-31": "-400.00000", "2017-12-31": "-350.00000", "2016-12-31": "-145.00000", "2015-12-31": "-95.00000", "2014-12-31": "-392.00000", "2013-12-31": "-179.00000", "2012-12-31": "56.00000", "2011-12-31": "-247.00000", "2010-12-31": "-162.00000", "2009-12-31": "-4.00000", "2008-12-31": "-462.00000", "2007-12-31": "-279.00000", "2006-12-31": "93.00000", "2005-12-31": "100.00000"}, "Total Common And Preferred Stock Dividends Paid": {"2020-12-31": "-358.00000", "2019-12-31": "-343.00000", "2018-12-31": "-318.00000", "2017-12-31": "-296.00000", "2016-12-31": "-280.00000", "2015-12-31": "-244.00000", "2014-12-31": "-219.00000", "2013-12-31": "-150.00000", "2012-12-31": "-196.00000", "2011-12-31": "-139.00000", "2010-12-31": "-127.00000", "2009-12-31": "-128.00000", "2008-12-31": "-135.00000", "2007-12-31": "-147.00000", "2006-12-31": "-144.00000", "2005-12-31": "-142.00000"}, "Financial Activities - Other": {"2020-12-31": "21.00000", "2019-12-31": "-5.00000", "2018-12-31": "-6.00000", "2017-12-31": "9.00000", "2016-12-31": "15.00000", "2015-12-31": "", "2014-12-31": "", "2013-12-31": "", "2012-12-31": "", "2011-12-31": "", "2010-12-31": "", "2009-12-31": "", "2008-12-31": "", "2007-12-31": "", "2006-12-31": "", "2005-12-31": ""}, "Cash Flow From Financial Activities": {"2020-12-31": "-704.00000", "2019-12-31": "-1043.00000", "2018-12-31": "-1040.00000", "2017-12-31": "-1006.00000", "2016-12-31": "-838.00000", "2015-12-31": "-844.00000", "2014-12-31": "2639.00000", "2013-12-31": "-859.00000", "2012-12-31": "1504.00000", "2011-12-31": "-423.00000", "2010-12-31": "-411.00000", "2009-12-31": "18.00000", "2008-12-31": "-779.00000", "2007-12-31": "-448.00000", "2006-12-31": "-101.00000", "2005-12-31": "-547.00000"}, "Net Cash Flow": {"2020-12-31": "360.00000", "2019-12-31": "-22.00000", "2018-12-31": "35.00000", "2017-12-31": "10.00000", "2016-12-31": "-112.00000", "2015-12-31": "79.00000", "2014-12-31": "-23.00000", "2013-12-31": "-12.00000", "2012-12-31": "-328.00000", "2011-12-31": "61.00000", "2010-12-31": "-277.00000", "2009-12-31": "406.00000", "2008-12-31": "-501.00000", "2007-12-31": "-51.00000", "2006-12-31": "415.00000", "2005-12-31": "199.00000"}, "Stock-Based Compensation": {"2020-12-31": "", "2019-12-31": "", "2018-12-31": "", "2017-12-31": "", "2016-12-31": "", "2015-12-31": "", "2014-12-31": "", "2013-12-31": "", "2012-12-31": "", "2011-12-31": "", "2010-12-31": "", "2009-12-31": "", "2008-12-31": "", "2007-12-31": "", "2006-12-31": "", "2005-12-31": ""}, "Common Stock Dividends Paid": {"2020-12-31": "-358.00000", "2019-12-31": "-343.00000", "2018-12-31": "-318.00000", "2017-12-31": "-296.00000", "2016-12-31": "-280.00000", "2015-12-31": "-244.00000", "2014-12-31": "-219.00000", "2013-12-31": "-150.00000", "2012-12-31": "-196.00000", "2011-12-31": "-139.00000", "2010-12-31": "-127.00000", "2009-12-31": "-128.00000", "2008-12-31": "-135.00000", "2007-12-31": "-147.00000", "2006-12-31": "-144.00000", "2005-12-31": "-142.00000"}}, "cash flow statement, quarterly": {"Net Income/Loss": {"2020-12-31": 34, "2020-09-30": 165, "2020-06-30": 30, "2020-03-31": "260.00000", "2019-12-31": 27, "2019-09-30": 267, "2019-06-30": 259, "2019-03-31": "209.00000", "2018-12-31": 35, "2018-09-30": 413, "2018-06-30": 346, "2018-03-31": "290.00000", "2017-12-31": 491, "2017-09-30": 324, "2017-06-30": 294, "2017-03-31": "279.00000", "2016-12-31": 118, "2016-09-30": 233, "2016-06-30": 257, "2016-03-31": "251.00000", "2015-12-31": 125, "2015-09-30": 258, "2015-06-30": 299, "2015-03-31": "172.00000", "2014-12-31": 17, "2014-09-30": 212, "2014-06-30": 294, "2014-03-31": "234.00000", "2013-12-31": 349, "2013-09-30": 309, "2013-06-30": 266, "2013-03-31": "248.00000", "2012-12-31": -52, "2012-09-30": 157, "2012-06-30": 180, "2012-03-31": "159.00000", "2011-12-31": 13, "2011-09-30": 174, "2011-06-30": 220, "2011-03-31": "240.00000", "2010-12-31": 8, "2010-09-30": 170, "2010-06-30": 148, "2010-03-31": "101.00000", "2009-12-31": -32, "2009-09-30": 101, "2009-06-30": 65, "2009-03-31": "2.00000", "2008-12-31": -2, "2008-09-30": 100, "2008-06-30": 115, "2008-03-31": "133.00000", "2007-12-31": 98, "2007-09-30": 20, "2007-06-30": 105, "2007-03-31": "77.00000", "2006-12-31": 95, "2006-09-30": 95, "2006-06-30": 114, "2006-03-31": "105.00000", "2005-12-31": 66, "2005-09-30": 123, "2005-06-30": 206, "2005-03-31": "162.00000"}, "Total Depreciation And Amortization - Cash Flow": {"2020-12-31": 145, "2020-09-30": 149, "2020-06-30": 141, "2020-03-31": "139.00000", "2019-12-31": 149, "2019-09-30": 151, "2019-06-30": 156, "2019-03-31": "155.00000", "2018-12-31": 153, "2018-09-30": 151, "2018-06-30": 148, "2018-03-31": "152.00000", "2017-12-31": 147, "2017-09-30": 148, "2017-06-30": 147, "2017-03-31": "145.00000", "2016-12-31": 144, "2016-09-30": 145, "2016-06-30": 144, "2016-03-31": "147.00000", "2015-12-31": 142, "2015-09-30": 142, "2015-06-30": 142, "2015-03-31": "145.00000", "2014-12-31": 122, "2014-09-30": 111, "2014-06-30": 110, "2014-03-31": "107.00000", "2013-12-31": 107, "2013-09-30": 108, "2013-06-30": 108, "2013-03-31": "110.00000", "2012-12-31": 108, "2012-09-30": 112, "2012-06-30": 71, "2012-03-31": "69.00000", "2011-12-31": 69, "2011-09-30": 69, "2011-06-30": 67, "2011-03-31": "68.00000", "2010-12-31": 68, "2010-09-30": 73, "2010-06-30": 70, "2010-03-31": "69.00000", "2009-12-31": 71, "2009-09-30": 69, "2009-06-30": 67, "2009-03-31": "67.00000", "2008-12-31": 68, "2008-09-30": 67, "2008-06-30": 67, "2008-03-31": "65.00000", "2007-12-31": 80, "2007-09-30": 78, "2007-06-30": 85, "2007-03-31": "84.00000", "2006-12-31": 82, "2006-09-30": 76, "2006-06-30": 76, "2006-03-31": "74.00000", "2005-12-31": 75, "2005-09-30": 76, "2005-06-30": 77, "2005-03-31": "76.00000"}, "Other Non-Cash Items": {"2020-12-31": 161, "2020-09-30": 6, "2020-06-30": 148, "2020-03-31": "-105.00000", "2019-12-31": 256, "2019-09-30": 0, "2019-06-30": 10, "2019-03-31": "-109.00000", "2018-12-31": 67, "2018-09-30": 23, "2018-06-30": -10, "2018-03-31": "-152.00000", "2017-12-31": -465, "2017-09-30": 58, "2017-06-30": 35, "2017-03-31": "-89.00000", "2016-12-31": 81, "2016-09-30": 37, "2016-06-30": 44, "2016-03-31": "-123.00000", "2015-12-31": 174, "2015-09-30": 11, "2015-06-30": -4, "2015-03-31": "2.00000", "2014-12-31": 282, "2014-09-30": 53, "2014-06-30": 31, "2014-03-31": "-65.00000", "2013-12-31": -39, "2013-09-30": -53, "2013-06-30": 57, "2013-03-31": "-56.00000", "2012-12-31": 288, "2012-09-30": 40, "2012-06-30": 27, "2012-03-31": "-85.00000", "2011-12-31": 165, "2011-09-30": 43, "2011-06-30": 47, "2011-03-31": "-288.00000", "2010-12-31": 167, "2010-09-30": 40, "2010-06-30": -4, "2010-03-31": "16.00000", "2009-12-31": 199, "2009-09-30": 25, "2009-06-30": 153, "2009-03-31": "-13.00000", "2008-12-31": -16, "2008-09-30": 3, "2008-06-30": -9, "2008-03-31": "-62.00000", "2007-12-31": 9, "2007-09-30": 108, "2007-06-30": -3, "2007-03-31": "7.00000", "2006-12-31": -69, "2006-09-30": 27, "2006-06-30": 9, "2006-03-31": "28.00000", "2005-12-31": -4, "2005-09-30": 63, "2005-06-30": -49, "2005-03-31": "-10.00000"}, "Total Non-Cash Items": {"2020-12-31": 306, "2020-09-30": 155, "2020-06-30": 289, "2020-03-31": "34.00000", "2019-12-31": 405, "2019-09-30": 151, "2019-06-30": 166, "2019-03-31": "46.00000", "2018-12-31": 220, "2018-09-30": 174, "2018-06-30": 138, "2018-03-31": "", "2017-12-31": -318, "2017-09-30": 206, "2017-06-30": 182, "2017-03-31": "56.00000", "2016-12-31": 225, "2016-09-30": 182, "2016-06-30": 188, "2016-03-31": "24.00000", "2015-12-31": 316, "2015-09-30": 153, "2015-06-30": 138, "2015-03-31": "147.00000", "2014-12-31": 404, "2014-09-30": 164, "2014-06-30": 141, "2014-03-31": "42.00000", "2013-12-31": 68, "2013-09-30": 55, "2013-06-30": 165, "2013-03-31": "54.00000", "2012-12-31": 396, "2012-09-30": 152, "2012-06-30": 98, "2012-03-31": "-16.00000", "2011-12-31": 234, "2011-09-30": 112, "2011-06-30": 114, "2011-03-31": "-220.00000", "2010-12-31": 235, "2010-09-30": 113, "2010-06-30": 66, "2010-03-31": "85.00000", "2009-12-31": 270, "2009-09-30": 94, "2009-06-30": 220, "2009-03-31": "54.00000", "2008-12-31": 52, "2008-09-30": 70, "2008-06-30": 58, "2008-03-31": "3.00000", "2007-12-31": 89, "2007-09-30": 186, "2007-06-30": 82, "2007-03-31": "91.00000", "2006-12-31": 13, "2006-09-30": 103, "2006-06-30": 85, "2006-03-31": "102.00000", "2005-12-31": 71, "2005-09-30": 139, "2005-06-30": 28, "2005-03-31": "66.00000"}, "Change In Accounts Receivable": {"2020-12-31": 59, "2020-09-30": -163, "2020-06-30": 145, "2020-03-31": "-72.00000", "2019-12-31": 220, "2019-09-30": 30, "2019-06-30": 69, "2019-03-31": "-149.00000", "2018-12-31": 245, "2018-09-30": -16, "2018-06-30": 10, "2018-03-31": "-223.00000", "2017-12-31": 135, "2017-09-30": -22, "2017-06-30": -17, "2017-03-31": "-149.00000", "2016-12-31": 76, "2016-09-30": 46, "2016-06-30": -7, "2016-03-31": "-144.00000", "2015-12-31": 168, "2015-09-30": 49, "2015-06-30": -12, "2015-03-31": "-91.00000", "2014-12-31": 137, "2014-09-30": 73, "2014-06-30": -73, "2014-03-31": "-118.00000", "2013-12-31": 81, "2013-09-30": 95, "2013-06-30": -59, "2013-03-31": "-155.00000", "2012-12-31": 111, "2012-09-30": 40, "2012-06-30": 0, "2012-03-31": "-103.00000", "2011-12-31": 74, "2011-09-30": 65, "2011-06-30": 17, "2011-03-31": "-229.00000", "2010-12-31": 39, "2010-09-30": 36, "2010-06-30": -19, "2010-03-31": "-414.00000", "2009-12-31": 37, "2009-09-30": 17, "2009-06-30": -57, "2009-03-31": "5.00000", "2008-12-31": 277, "2008-09-30": 72, "2008-06-30": -48, "2008-03-31": "-40.00000", "2007-12-31": -50, "2007-09-30": 81, "2007-06-30": -30, "2007-03-31": "-29.00000", "2006-12-31": 107, "2006-09-30": -33, "2006-06-30": -101, "2006-03-31": "-55.00000", "2005-12-31": 95, "2005-09-30": 3, "2005-06-30": 18, "2005-03-31": "-56.00000"}, "Change In Inventories": {"2020-12-31": -25, "2020-09-30": 95, "2020-06-30": 239, "2020-03-31": "-18.00000", "2019-12-31": 42, "2019-09-30": 26, "2019-06-30": -26, "2019-03-31": "-122.00000", "2018-12-31": 37, "2018-09-30": -103, "2018-06-30": -78, "2018-03-31": "-80.00000", "2017-12-31": 72, "2017-09-30": -35, "2017-06-30": -26, "2017-03-31": "-82.00000", "2016-12-31": 42, "2016-09-30": -29, "2016-06-30": 43, "2016-03-31": "-2.00000", "2015-12-31": -3, "2015-09-30": -66, "2015-06-30": 22, "2015-03-31": "21.00000", "2014-12-31": 15, "2014-09-30": -22, "2014-06-30": 62, "2014-03-31": "-116.00000", "2013-12-31": 8, "2013-09-30": 21, "2013-06-30": 18, "2013-03-31": "-53.00000", "2012-12-31": 8, "2012-09-30": 32, "2012-06-30": -16, "2012-03-31": "14.00000", "2011-12-31": 69, "2011-09-30": -104, "2011-06-30": -72, "2011-03-31": "-49.00000", "2010-12-31": -60, "2010-09-30": -10, "2010-06-30": -32, "2010-03-31": "-58.00000", "2009-12-31": -41, "2009-09-30": -50, "2009-06-30": 121, "2009-03-31": "70.00000", "2008-12-31": 75, "2008-09-30": -55, "2008-06-30": 1, "2008-03-31": "-116.00000", "2007-12-31": 65, "2007-09-30": 19, "2007-06-30": -33, "2007-03-31": "15.00000", "2006-12-31": 35, "2006-09-30": -85, "2006-06-30": -40, "2006-03-31": "-9.00000", "2005-12-31": 31, "2005-09-30": 32, "2005-06-30": -79, "2005-03-31": "-94.00000"}, "Change In Accounts Payable": {"2020-12-31": 113, "2020-09-30": 130, "2020-06-30": -239, "2020-03-31": "-104.00000", "2019-12-31": 156, "2019-09-30": -95, "2019-06-30": -46, "2019-03-31": "-42.00000", "2018-12-31": 83, "2018-09-30": 17, "2018-06-30": -18, "2018-03-31": "8.00000", "2017-12-31": 143, "2017-09-30": 8, "2017-06-30": -2, "2017-03-31": "-26.00000", "2016-12-31": 73, "2016-09-30": 10, "2016-06-30": -14, "2016-03-31": "-62.00000", "2015-12-31": 37, "2015-09-30": -30, "2015-06-30": -1, "2015-03-31": "-108.00000", "2014-12-31": -18, "2014-09-30": 32, "2014-06-30": -23, "2014-03-31": "-21.00000", "2013-12-31": 65, "2013-09-30": -35, "2013-06-30": -5, "2013-03-31": "-27.00000", "2012-12-31": -3, "2012-09-30": 44, "2012-06-30": -11, "2012-03-31": "-20.00000", "2011-12-31": -85, "2011-09-30": -36, "2011-06-30": 62, "2011-03-31": "8.00000", "2010-12-31": 96, "2010-09-30": -34, "2010-06-30": -4, "2010-03-31": "94.00000", "2009-12-31": 24, "2009-09-30": 47, "2009-06-30": -38, "2009-03-31": "-17.00000", "2008-12-31": -162, "2008-09-30": -59, "2008-06-30": 57, "2008-03-31": "-47.00000", "2007-12-31": 111, "2007-09-30": 0, "2007-06-30": 17, "2007-03-31": "-80.00000", "2006-12-31": 3, "2006-09-30": -9, "2006-06-30": 95, "2006-03-31": "-36.00000", "2005-12-31": 76, "2005-09-30": -27, "2005-06-30": 6, "2005-03-31": "16.00000"}, "Change In Assets/Liabilities": {"2020-12-31": -81, "2020-09-30": 60, "2020-06-30": -28, "2020-03-31": "71.00000", "2019-12-31": -179, "2019-09-30": 37, "2019-06-30": 0, "2019-03-31": "53.00000", "2018-12-31": 120, "2018-09-30": -90, "2018-06-30": 45, "2018-03-31": "-30.00000", "2017-12-31": 123, "2017-09-30": 47, "2017-06-30": 0, "2017-03-31": "-26.00000", "2016-12-31": -144, "2016-09-30": 8, "2016-06-30": 27, "2016-03-31": "-16.00000", "2015-12-31": -69, "2015-09-30": 4, "2015-06-30": 145, "2015-03-31": "-50.00000", "2014-12-31": -71, "2014-09-30": 101, "2014-06-30": 18, "2014-03-31": "-51.00000", "2013-12-31": -68, "2013-09-30": -18, "2013-06-30": -23, "2013-03-31": "-62.00000", "2012-12-31": -20, "2012-09-30": -72, "2012-06-30": 65, "2012-03-31": "-15.00000", "2011-12-31": 47, "2011-09-30": 1, "2011-06-30": -134, "2011-03-31": "104.00000", "2010-12-31": -40, "2010-09-30": 41, "2010-06-30": 47, "2010-03-31": "-33.00000", "2009-12-31": -168, "2009-09-30": 122, "2009-06-30": -56, "2009-03-31": "-32.00000", "2008-12-31": 120, "2008-09-30": 86, "2008-06-30": -51, "2008-03-31": "14.00000", "2007-12-31": 8, "2007-09-30": 6, "2007-06-30": 24, "2007-03-31": "-140.00000", "2006-12-31": 123, "2006-09-30": -1, "2006-06-30": -27, "2006-03-31": "-70.00000", "2005-12-31": 53, "2005-09-30": -104, "2005-06-30": -71, "2005-03-31": "9.00000"}, "Total Change In Assets/Liabilities": {"2020-12-31": 66, "2020-09-30": 122, "2020-06-30": 117, "2020-03-31": "-123.00000", "2019-12-31": 239, "2019-09-30": -2, "2019-06-30": -3, "2019-03-31": "-260.00000", "2018-12-31": 485, "2018-09-30": -192, "2018-06-30": -41, "2018-03-31": "-325.00000", "2017-12-31": 473, "2017-09-30": -2, "2017-06-30": -45, "2017-03-31": "-283.00000", "2016-12-31": 47, "2016-09-30": 35, "2016-06-30": 49, "2016-03-31": "-224.00000", "2015-12-31": 133, "2015-09-30": -43, "2015-06-30": 154, "2015-03-31": "-228.00000", "2014-12-31": 63, "2014-09-30": 184, "2014-06-30": -16, "2014-03-31": "-306.00000", "2013-12-31": 86, "2013-09-30": 63, "2013-06-30": -69, "2013-03-31": "-297.00000", "2012-12-31": 96, "2012-09-30": 44, "2012-06-30": 38, "2012-03-31": "-124.00000", "2011-12-31": 105, "2011-09-30": -74, "2011-06-30": -127, "2011-03-31": "-166.00000", "2010-12-31": 35, "2010-09-30": 33, "2010-06-30": -8, "2010-03-31": "-411.00000", "2009-12-31": -148, "2009-09-30": 136, "2009-06-30": -30, "2009-03-31": "26.00000", "2008-12-31": 310, "2008-09-30": 44, "2008-06-30": -41, "2008-03-31": "-189.00000", "2007-12-31": 134, "2007-09-30": 106, "2007-06-30": -22, "2007-03-31": "-234.00000", "2006-12-31": 268, "2006-09-30": -128, "2006-06-30": -73, "2006-03-31": "-170.00000", "2005-12-31": 255, "2005-09-30": -96, "2005-06-30": -126, "2005-03-31": "-125.00000"}, "Cash Flow From Operating Activities": {"2020-12-31": 406, "2020-09-30": 442, "2020-06-30": 436, "2020-03-31": "171.00000", "2019-12-31": 671, "2019-09-30": 416, "2019-06-30": 422, "2019-03-31": "-5.00000", "2018-12-31": 740, "2018-09-30": 395, "2018-06-30": 443, "2018-03-31": "-35.00000", "2017-12-31": 646, "2017-09-30": 528, "2017-06-30": 431, "2017-03-31": "52.00000", "2016-12-31": 390, "2016-09-30": 450, "2016-06-30": 494, "2016-03-31": "51.00000", "2015-12-31": 574, "2015-09-30": 368, "2015-06-30": 591, "2015-03-31": "91.00000", "2014-12-31": 484, "2014-09-30": 560, "2014-06-30": 419, "2014-03-31": "-30.00000", "2013-12-31": 503, "2013-09-30": 427, "2013-06-30": 362, "2013-03-31": "5.00000", "2012-12-31": 440, "2012-09-30": 353, "2012-06-30": 316, "2012-03-31": "19.00000", "2011-12-31": 352, "2011-09-30": 212, "2011-06-30": 207, "2011-03-31": "-146.00000", "2010-12-31": 278, "2010-09-30": 316, "2010-06-30": 206, "2010-03-31": "-225.00000", "2009-12-31": 90, "2009-09-30": 331, "2009-06-30": 255, "2009-03-31": "82.00000", "2008-12-31": 360, "2008-09-30": 214, "2008-06-30": 132, "2008-03-31": "-53.00000", "2007-12-31": 321, "2007-09-30": 312, "2007-06-30": 165, "2007-03-31": "-66.00000", "2006-12-31": 376, "2006-09-30": 70, "2006-06-30": 126, "2006-03-31": "37.00000", "2005-12-31": 392, "2005-09-30": 166, "2005-06-30": 108, "2005-03-31": "103.00000"}, "Net Change In Property, Plant, And Equipment": {"2020-12-31": -105, "2020-09-30": -82, "2020-06-30": -97, "2020-03-31": "-99.00000", "2019-12-31": -117, "2019-09-30": -110, "2019-06-30": -92, "2019-03-31": "-106.00000", "2018-12-31": -142, "2018-09-30": -137, "2018-06-30": -116, "2018-03-31": "-128.00000", "2017-12-31": -197, "2017-09-30": -160, "2017-06-30": -146, "2017-03-31": "-132.00000", "2016-12-31": -210, "2016-09-30": -182, "2016-06-30": -89, "2016-03-31": "-104.00000", "2015-12-31": -226, "2015-09-30": -160, "2015-06-30": -141, "2015-03-31": "-121.00000", "2014-12-31": -185, "2014-09-30": -152, "2014-06-30": -120, "2014-03-31": "-123.00000", "2013-12-31": -175, "2013-09-30": -125, "2013-06-30": -95, "2013-03-31": "-88.00000", "2012-12-31": -176, "2012-09-30": -114, "2012-06-30": -95, "2012-03-31": "-85.00000", "2011-12-31": -126, "2011-09-30": -129, "2011-06-30": -729, "2011-03-31": "518.00000", "2010-12-31": -112, "2010-09-30": -59, "2010-06-30": -50, "2010-03-31": "-29.00000", "2009-12-31": -39, "2009-09-30": -66, "2009-06-30": -71, "2009-03-31": "-112.00000", "2008-12-31": -202, "2008-09-30": -150, "2008-06-30": -143, "2008-03-31": "188.00000", "2007-12-31": -16, "2007-09-30": -151, "2007-06-30": -69, "2007-03-31": "-91.00000", "2006-12-31": 196, "2006-09-30": -102, "2006-06-30": -95, "2006-03-31": "-82.00000", "2005-12-31": -72, "2005-09-30": -102, "2005-06-30": -77, "2005-03-31": "-53.00000"}, "Net Change In Intangible Assets": {"2020-12-31": 0, "2020-09-30": 0, "2020-06-30": 0, "2020-03-31": "", "2019-12-31": 0, "2019-09-30": 0, "2019-06-30": 0, "2019-03-31": "", "2018-12-31": 0, "2018-09-30": 0, "2018-06-30": 0, "2018-03-31": "", "2017-12-31": 0, "2017-09-30": 0, "2017-06-30": 0, "2017-03-31": "", "2016-12-31": 0, "2016-09-30": 0, "2016-06-30": 0, "2016-03-31": "", "2015-12-31": 0, "2015-09-30": 0, "2015-06-30": 0, "2015-03-31": "", "2014-12-31": 0, "2014-09-30": 0, "2014-06-30": 0, "2014-03-31": "", "2013-12-31": 0, "2013-09-30": 0, "2013-06-30": 0, "2013-03-31": "", "2012-12-31": 0, "2012-09-30": 0, "2012-06-30": 0, "2012-03-31": "", "2011-12-31": 0, "2011-09-30": 0, "2011-06-30": 0, "2011-03-31": "", "2010-12-31": 0, "2010-09-30": 0, "2010-06-30": 0, "2010-03-31": "", "2009-12-31": 0, "2009-09-30": 0, "2009-06-30": 0, "2009-03-31": "", "2008-12-31": 0, "2008-09-30": 0, "2008-06-30": 0, "2008-03-31": "", "2007-12-31": 0, "2007-09-30": 0, "2007-06-30": 0, "2007-03-31": "", "2006-12-31": 0, "2006-09-30": 0, "2006-06-30": 0, "2006-03-31": "", "2005-12-31": 0, "2005-09-30": 0, "2005-06-30": 0, "2005-03-31": ""}, "Net Acquisitions/Divestitures": {"2020-12-31": -1, "2020-09-30": 0, "2020-06-30": 0, "2020-03-31": "", "2019-12-31": 0, "2019-09-30": -29, "2019-06-30": 0, "2019-03-31": "-19.00000", "2018-12-31": -3, "2018-09-30": 0, "2018-06-30": 0, "2018-03-31": "", "2017-12-31": -14, "2017-09-30": 14, "2017-06-30": 0, "2017-03-31": "-4.00000", "2016-12-31": -41, "2016-09-30": 37, "2016-06-30": -1, "2016-03-31": "-21.00000", "2015-12-31": 0, "2015-09-30": -45, "2015-06-30": 0, "2015-03-31": "", "2014-12-31": -3184, "2014-09-30": -42, "2014-06-30": -283, "2014-03-31": "", "2013-12-31": 0, "2013-09-30": 0, "2013-06-30": 0, "2013-03-31": "", "2012-12-31": -1, "2012-09-30": -2658, "2012-06-30": 0, "2012-03-31": "-10.00000", "2011-12-31": -2, "2011-09-30": -154, "2011-06-30": 0, "2011-03-31": "", "2010-12-31": -1, "2010-09-30": 0, "2010-06-30": -171, "2010-03-31": "-18.00000", "2009-12-31": -68, "2009-09-30": 36, "2009-06-30": -36, "2009-03-31": "", "2008-12-31": 38, "2008-09-30": -6, "2008-06-30": -32, "2008-03-31": "", "2007-12-31": -28, "2007-09-30": 1, "2007-06-30": -13, "2007-03-31": "", "2006-12-31": 0, "2006-09-30": 0, "2006-06-30": 0, "2006-03-31": "", "2005-12-31": 0, "2005-09-30": 0, "2005-06-30": 0, "2005-03-31": ""}, "Net Change In Short-term Investments": {"2020-12-31": 0, "2020-09-30": 0, "2020-06-30": 0, "2020-03-31": "", "2019-12-31": 0, "2019-09-30": 0, "2019-06-30": 0, "2019-03-31": "", "2018-12-31": 0, "2018-09-30": 0, "2018-06-30": 0, "2018-03-31": "", "2017-12-31": 0, "2017-09-30": 0, "2017-06-30": 0, "2017-03-31": "", "2016-12-31": 0, "2016-09-30": 0, "2016-06-30": 0, "2016-03-31": "", "2015-12-31": 0, "2015-09-30": 0, "2015-06-30": 0, "2015-03-31": "", "2014-12-31": 0, "2014-09-30": 0, "2014-06-30": 0, "2014-03-31": "", "2013-12-31": 31, "2013-09-30": 0, "2013-06-30": 0, "2013-03-31": "", "2012-12-31": 7, "2012-09-30": 0, "2012-06-30": 0, "2012-03-31": "0.00000", "2011-12-31": 0, "2011-09-30": 651, "2011-06-30": 0, "2011-03-31": "-200.00000", "2010-12-31": 0, "2010-09-30": -11, "2010-06-30": 11, "2010-03-31": "", "2009-12-31": 0, "2009-09-30": 0, "2009-06-30": 0, "2009-03-31": "", "2008-12-31": 0, "2008-09-30": 0, "2008-06-30": 0, "2008-03-31": "", "2007-12-31": 0, "2007-09-30": 0, "2007-06-30": 0, "2007-03-31": "", "2006-12-31": 0, "2006-09-30": 0, "2006-06-30": 0, "2006-03-31": "", "2005-12-31": 0, "2005-09-30": 0, "2005-06-30": 417, "2005-03-31": ""}, "Net Change In Long-Term Investments": {"2020-12-31": 0, "2020-09-30": 0, "2020-06-30": 0, "2020-03-31": "", "2019-12-31": 0, "2019-09-30": 0, "2019-06-30": 0, "2019-03-31": "", "2018-12-31": 0, "2018-09-30": 0, "2018-06-30": 0, "2018-03-31": "", "2017-12-31": 0, "2017-09-30": 0, "2017-06-30": 0, "2017-03-31": "", "2016-12-31": 0, "2016-09-30": 0, "2016-06-30": 0, "2016-03-31": "", "2015-12-31": 0, "2015-09-30": 0, "2015-06-30": 0, "2015-03-31": "", "2014-12-31": 0, "2014-09-30": 0, "2014-06-30": 0, "2014-03-31": "", "2013-12-31": 0, "2013-09-30": 0, "2013-06-30": 0, "2013-03-31": "", "2012-12-31": 0, "2012-09-30": 0, "2012-06-30": 0, "2012-03-31": "", "2011-12-31": 0, "2011-09-30": 0, "2011-06-30": 0, "2011-03-31": "", "2010-12-31": 0, "2010-09-30": 0, "2010-06-30": 0, "2010-03-31": "", "2009-12-31": 52, "2009-09-30": -52, "2009-06-30": 20, "2009-03-31": "-20.00000", "2008-12-31": -38, "2008-09-30": 6, "2008-06-30": -6, "2008-03-31": "", "2007-12-31": 0, "2007-09-30": 0, "2007-06-30": 0, "2007-03-31": "", "2006-12-31": 0, "2006-09-30": 0, "2006-06-30": 0, "2006-03-31": "", "2005-12-31": 0, "2005-09-30": 0, "2005-06-30": 0, "2005-03-31": ""}, "Net Change In Investments - Total": {"2020-12-31": 0, "2020-09-30": 0, "2020-06-30": 0, "2020-03-31": "", "2019-12-31": 0, "2019-09-30": 0, "2019-06-30": 0, "2019-03-31": "", "2018-12-31": 0, "2018-09-30": 0, "2018-06-30": 0, "2018-03-31": "", "2017-12-31": 0, "2017-09-30": 0, "2017-06-30": 0, "2017-03-31": "", "2016-12-31": 0, "2016-09-30": 0, "2016-06-30": 0, "2016-03-31": "", "2015-12-31": 0, "2015-09-30": 0, "2015-06-30": 0, "2015-03-31": "", "2014-12-31": 0, "2014-09-30": 0, "2014-06-30": 0, "2014-03-31": "", "2013-12-31": 31, "2013-09-30": 0, "2013-06-30": 0, "2013-03-31": "", "2012-12-31": 7, "2012-09-30": 0, "2012-06-30": 0, "2012-03-31": "", "2011-12-31": 0, "2011-09-30": 651, "2011-06-30": 0, "2011-03-31": "-200.00000", "2010-12-31": 0, "2010-09-30": -11, "2010-06-30": 11, "2010-03-31": "", "2009-12-31": 52, "2009-09-30": -52, "2009-06-30": 20, "2009-03-31": "-20.00000", "2008-12-31": -38, "2008-09-30": 6, "2008-06-30": -6, "2008-03-31": "", "2007-12-31": 0, "2007-09-30": 0, "2007-06-30": 0, "2007-03-31": "", "2006-12-31": 0, "2006-09-30": 0, "2006-06-30": 0, "2006-03-31": "", "2005-12-31": 0, "2005-09-30": 0, "2005-06-30": 417, "2005-03-31": ""}, "Investing Activities - Other": {"2020-12-31": -6, "2020-09-30": 1, "2020-06-30": -3, "2020-03-31": "-2.00000", "2019-12-31": -3, "2019-09-30": -2, "2019-06-30": -2, "2019-03-31": "", "2018-12-31": -3, "2018-09-30": 1, "2018-06-30": 15, "2018-03-31": "50.00000", "2017-12-31": -2, "2017-09-30": -1, "2017-06-30": -1, "2017-03-31": "", "2016-12-31": -45, "2016-09-30": -2, "2016-06-30": 4, "2016-03-31": "-1.00000", "2015-12-31": 0, "2015-09-30": 3, "2015-06-30": -2, "2015-03-31": "-1.00000", "2014-12-31": -4, "2014-09-30": 0, "2014-06-30": -2, "2014-03-31": "4.00000", "2013-12-31": -5, "2013-09-30": 8, "2013-06-30": -13, "2013-03-31": "5.00000", "2012-12-31": 3, "2012-09-30": -4, "2012-06-30": 86, "2012-03-31": "85.00000", "2011-12-31": 2, "2011-09-30": -611, "2011-06-30": 649, "2011-03-31": "-11.00000", "2010-12-31": -6, "2010-09-30": 4, "2010-06-30": 0, "2010-03-31": "", "2009-12-31": -1, "2009-09-30": -5, "2009-06-30": -31, "2009-03-31": "24.00000", "2008-12-31": -29, "2008-09-30": -1, "2008-06-30": 5, "2008-03-31": "-6.00000", "2007-12-31": 8, "2007-09-30": -3, "2007-06-30": 27, "2007-03-31": "", "2006-12-31": -11, "2006-09-30": -10, "2006-06-30": 4, "2006-03-31": "6.00000", "2005-12-31": -176, "2005-09-30": -3, "2005-06-30": 46, "2005-03-31": "2.00000"}, "Cash Flow From Investing Activities": {"2020-12-31": -112, "2020-09-30": -81, "2020-06-30": -100, "2020-03-31": "-101.00000", "2019-12-31": -120, "2019-09-30": -141, "2019-06-30": -94, "2019-03-31": "-125.00000", "2018-12-31": -148, "2018-09-30": -136, "2018-06-30": -101, "2018-03-31": "-78.00000", "2017-12-31": -213, "2017-09-30": -147, "2017-06-30": -147, "2017-03-31": "-136.00000", "2016-12-31": -296, "2016-09-30": -147, "2016-06-30": -86, "2016-03-31": "-126.00000", "2015-12-31": -226, "2015-09-30": -202, "2015-06-30": -143, "2015-03-31": "-122.00000", "2014-12-31": -3373, "2014-09-30": -194, "2014-06-30": -405, "2014-03-31": "-119.00000", "2013-12-31": -149, "2013-09-30": -117, "2013-06-30": -108, "2013-03-31": "-83.00000", "2012-12-31": -167, "2012-09-30": -2776, "2012-06-30": -9, "2012-03-31": "-10.00000", "2011-12-31": -126, "2011-09-30": -243, "2011-06-30": -80, "2011-03-31": "307.00000", "2010-12-31": -119, "2010-09-30": -66, "2010-06-30": -210, "2010-03-31": "-47.00000", "2009-12-31": -56, "2009-09-30": -87, "2009-06-30": -118, "2009-03-31": "-108.00000", "2008-12-31": -231, "2008-09-30": -151, "2008-06-30": -176, "2008-03-31": "182.00000", "2007-12-31": -36, "2007-09-30": -153, "2007-06-30": -55, "2007-03-31": "-91.00000", "2006-12-31": 185, "2006-09-30": -112, "2006-06-30": -91, "2006-03-31": "-76.00000", "2005-12-31": -248, "2005-09-30": -105, "2005-06-30": 386, "2005-03-31": "-51.00000"}, "Net Long-Term Debt": {"2020-12-31": -185, "2020-09-30": -250, "2020-06-30": 249, "2020-03-31": "", "2019-12-31": -250, "2019-09-30": 0, "2019-06-30": 0, "2019-03-31": "-50.00000", "2018-12-31": 33, "2018-09-30": -125, "2018-06-30": -178, "2018-03-31": "100.00000", "2017-12-31": -200, "2017-09-30": -400, "2017-06-30": 0, "2017-03-31": "250.00000", "2016-12-31": -128, "2016-09-30": -150, "2016-06-30": 10, "2016-03-31": "-10.00000", "2015-12-31": -275, "2015-09-30": -50, "2015-06-30": -375, "2015-03-31": "", "2014-12-31": 2950, "2014-09-30": 0, "2014-06-30": 365, "2014-03-31": "125.00000", "2013-12-31": -300, "2013-09-30": -250, "2013-06-30": -205, "2013-03-31": "-200.00000", "2012-12-31": -200, "2012-09-30": -320, "2012-06-30": 2160, "2012-03-31": "5.00000", "2011-12-31": -36, "2011-09-30": 0, "2011-06-30": -2, "2011-03-31": "", "2010-12-31": -120, "2010-09-30": -4, "2010-06-30": 0, "2010-03-31": "", "2009-12-31": 163, "2009-09-30": -14, "2009-06-30": -2, "2009-03-31": "", "2008-12-31": 0, "2008-09-30": 0, "2008-06-30": -175, "2008-03-31": "", "2007-12-31": -6, "2007-09-30": -11, "2007-06-30": 0, "2007-03-31": "", "2006-12-31": 0, "2006-09-30": 0, "2006-06-30": 0, "2006-03-31": "", "2005-12-31": 189, "2005-09-30": 0, "2005-06-30": -544, "2005-03-31": ""}, "Net Current Debt": {"2020-12-31": -135, "2020-09-30": -83, "2020-06-30": -442, "2020-03-31": "539.00000", "2019-12-31": -219, "2019-09-30": -90, "2019-06-30": -131, "2019-03-31": "370.00000", "2018-12-31": -485, "2018-09-30": 71, "2018-06-30": 69, "2018-03-31": "199.00000", "2017-12-31": -90, "2017-09-30": 166, "2017-06-30": -95, "2017-03-31": "", "2016-12-31": 105, "2016-09-30": -47, "2016-06-30": -290, "2016-03-31": "82.00000", "2015-12-31": 38, "2015-09-30": 0, "2015-06-30": 64, "2015-03-31": "93.00000", "2014-12-31": -5, "2014-09-30": -211, "2014-06-30": -231, "2014-03-31": "257.00000", "2013-12-31": 125, "2013-09-30": 0, "2013-06-30": 100, "2013-03-31": "200.00000", "2012-12-31": 0, "2012-09-30": 0, "2012-06-30": 0, "2012-03-31": "-1.00000", "2011-12-31": 0, "2011-09-30": 0, "2011-06-30": 0, "2011-03-31": "1.00000", "2010-12-31": 1, "2010-09-30": 0, "2010-06-30": -1, "2010-03-31": "2.00000", "2009-12-31": -20, "2009-09-30": 14, "2009-06-30": 3, "2009-03-31": "6.00000", "2008-12-31": -49, "2008-09-30": -21, "2008-06-30": 15, "2008-03-31": "48.00000", "2007-12-31": -58, "2007-09-30": -22, "2007-06-30": 2, "2007-03-31": "73.00000", "2006-12-31": -83, "2006-09-30": 10, "2006-06-30": -12, "2006-03-31": "35.00000", "2005-12-31": -66, "2005-09-30": 20, "2005-06-30": -110, "2005-03-31": "6.00000"}, "Debt Issuance/Retirement Net - Total": {"2020-12-31": -320, "2020-09-30": -333, "2020-06-30": -193, "2020-03-31": "539.00000", "2019-12-31": -469, "2019-09-30": -90, "2019-06-30": -131, "2019-03-31": "320.00000", "2018-12-31": -452, "2018-09-30": -54, "2018-06-30": -109, "2018-03-31": "299.00000", "2017-12-31": -290, "2017-09-30": -234, "2017-06-30": -95, "2017-03-31": "250.00000", "2016-12-31": -23, "2016-09-30": -197, "2016-06-30": -280, "2016-03-31": "72.00000", "2015-12-31": -237, "2015-09-30": -50, "2015-06-30": -311, "2015-03-31": "93.00000", "2014-12-31": 2945, "2014-09-30": -211, "2014-06-30": 134, "2014-03-31": "382.00000", "2013-12-31": -175, "2013-09-30": -250, "2013-06-30": -105, "2013-03-31": "", "2012-12-31": -200, "2012-09-30": -320, "2012-06-30": 2160, "2012-03-31": "4.00000", "2011-12-31": -36, "2011-09-30": 0, "2011-06-30": -2, "2011-03-31": "1.00000", "2010-12-31": -119, "2010-09-30": -4, "2010-06-30": -1, "2010-03-31": "2.00000", "2009-12-31": 143, "2009-09-30": 0, "2009-06-30": 1, "2009-03-31": "6.00000", "2008-12-31": -49, "2008-09-30": -21, "2008-06-30": -160, "2008-03-31": "48.00000", "2007-12-31": -64, "2007-09-30": -33, "2007-06-30": 2, "2007-03-31": "73.00000", "2006-12-31": -83, "2006-09-30": 10, "2006-06-30": -12, "2006-03-31": "35.00000", "2005-12-31": 123, "2005-09-30": 20, "2005-06-30": -654, "2005-03-31": "6.00000"}, "Net Common Equity Issued/Repurchased": {"2020-12-31": 0, "2020-09-30": 0, "2020-06-30": -30, "2020-03-31": "-30.00000", "2019-12-31": 0, "2019-09-30": -75, "2019-06-30": -125, "2019-03-31": "-125.00000", "2018-12-31": -25, "2018-09-30": -125, "2018-06-30": -150, "2018-03-31": "-100.00000", "2017-12-31": -75, "2017-09-30": -100, "2017-06-30": -102, "2017-03-31": "-73.00000", "2016-12-31": -41, "2016-09-30": -67, "2016-06-30": -17, "2016-03-31": "-20.00000", "2015-12-31": -67, "2015-09-30": -9, "2015-06-30": -4, "2015-03-31": "-15.00000", "2014-12-31": -4, "2014-09-30": -58, "2014-06-30": -102, "2014-03-31": "-228.00000", "2013-12-31": -121, "2013-09-30": -27, "2013-06-30": -45, "2013-03-31": "14.00000", "2012-12-31": 24, "2012-09-30": 17, "2012-06-30": 0, "2012-03-31": "15.00000", "2011-12-31": -22, "2011-09-30": -123, "2011-06-30": -98, "2011-03-31": "-4.00000", "2010-12-31": -135, "2010-09-30": -7, "2010-06-30": -12, "2010-03-31": "-8.00000", "2009-12-31": -19, "2009-09-30": 6, "2009-06-30": 4, "2009-03-31": "5.00000", "2008-12-31": 1, "2008-09-30": -232, "2008-06-30": 7, "2008-03-31": "-238.00000", "2007-12-31": -79, "2007-09-30": -202, "2007-06-30": -14, "2007-03-31": "16.00000", "2006-12-31": 68, "2006-09-30": 1, "2006-06-30": 23, "2006-03-31": "1.00000", "2005-12-31": 9, "2005-09-30": 1, "2005-06-30": 44, "2005-03-31": "46.00000"}, "Net Total Equity Issued/Repurchased": {"2020-12-31": 0, "2020-09-30": 0, "2020-06-30": -30, "2020-03-31": "-30.00000", "2019-12-31": 0, "2019-09-30": -75, "2019-06-30": -125, "2019-03-31": "-125.00000", "2018-12-31": -25, "2018-09-30": -125, "2018-06-30": -150, "2018-03-31": "-100.00000", "2017-12-31": -75, "2017-09-30": -100, "2017-06-30": -102, "2017-03-31": "-73.00000", "2016-12-31": -41, "2016-09-30": -67, "2016-06-30": -17, "2016-03-31": "-20.00000", "2015-12-31": -67, "2015-09-30": -9, "2015-06-30": -4, "2015-03-31": "-15.00000", "2014-12-31": -4, "2014-09-30": -58, "2014-06-30": -102, "2014-03-31": "-228.00000", "2013-12-31": -121, "2013-09-30": -27, "2013-06-30": -45, "2013-03-31": "14.00000", "2012-12-31": 24, "2012-09-30": 17, "2012-06-30": 0, "2012-03-31": "15.00000", "2011-12-31": -22, "2011-09-30": -123, "2011-06-30": -98, "2011-03-31": "-4.00000", "2010-12-31": -135, "2010-09-30": -7, "2010-06-30": -12, "2010-03-31": "-8.00000", "2009-12-31": -19, "2009-09-30": 6, "2009-06-30": 4, "2009-03-31": "5.00000", "2008-12-31": 1, "2008-09-30": -232, "2008-06-30": 7, "2008-03-31": "-238.00000", "2007-12-31": -79, "2007-09-30": -202, "2007-06-30": -14, "2007-03-31": "16.00000", "2006-12-31": 68, "2006-09-30": 1, "2006-06-30": 23, "2006-03-31": "1.00000", "2005-12-31": 9, "2005-09-30": 1, "2005-06-30": 44, "2005-03-31": "46.00000"}, "Total Common And Preferred Stock Dividends Paid": {"2020-12-31": -89, "2020-09-30": -90, "2020-06-30": -89, "2020-03-31": "-90.00000", "2019-12-31": -85, "2019-09-30": -85, "2019-06-30": -86, "2019-03-31": "-87.00000", "2018-12-31": -78, "2018-09-30": -78, "2018-06-30": -82, "2018-03-31": "-80.00000", "2017-12-31": -68, "2017-09-30": -78, "2017-06-30": -75, "2017-03-31": "-75.00000", "2016-12-31": -68, "2016-09-30": -72, "2016-06-30": -72, "2016-03-31": "-68.00000", "2015-12-31": -59, "2015-09-30": -63, "2015-06-30": -61, "2015-03-31": "-61.00000", "2014-12-31": -51, "2014-09-30": -53, "2014-06-30": -59, "2014-03-31": "-56.00000", "2013-12-31": -46, "2013-09-30": -50, "2013-06-30": -50, "2013-03-31": "-4.00000", "2012-12-31": -85, "2012-09-30": -39, "2012-06-30": -36, "2012-03-31": "-36.00000", "2011-12-31": -39, "2011-09-30": -33, "2011-06-30": -33, "2011-03-31": "-34.00000", "2010-12-31": -31, "2010-09-30": -32, "2010-06-30": -32, "2010-03-31": "-32.00000", "2009-12-31": -32, "2009-09-30": -32, "2009-06-30": -32, "2009-03-31": "-32.00000", "2008-12-31": -32, "2008-09-30": -34, "2008-06-30": -34, "2008-03-31": "-35.00000", "2007-12-31": -35, "2007-09-30": -37, "2007-06-30": -37, "2007-03-31": "-38.00000", "2006-12-31": -36, "2006-09-30": -36, "2006-06-30": -36, "2006-03-31": "-36.00000", "2005-12-31": -36, "2005-09-30": -36, "2005-06-30": -35, "2005-03-31": "-35.00000"}, "Financial Activities - Other": {"2020-12-31": 27, "2020-09-30": 7, "2020-06-30": -2, "2020-03-31": "-11.00000", "2019-12-31": -2, "2019-09-30": 0, "2019-06-30": 3, "2019-03-31": "-6.00000", "2018-12-31": -3, "2018-09-30": -2, "2018-06-30": 2, "2018-03-31": "-3.00000", "2017-12-31": -5, "2017-09-30": 2, "2017-06-30": 12, "2017-03-31": "", "2016-12-31": 15, "2016-09-30": 0, "2016-06-30": 0, "2016-03-31": "", "2015-12-31": 0, "2015-09-30": 0, "2015-06-30": 0, "2015-03-31": "", "2014-12-31": 0, "2014-09-30": 0, "2014-06-30": 0, "2014-03-31": "", "2013-12-31": 0, "2013-09-30": 0, "2013-06-30": 0, "2013-03-31": "", "2012-12-31": 0, "2012-09-30": 0, "2012-06-30": 0, "2012-03-31": "", "2011-12-31": 0, "2011-09-30": 0, "2011-06-30": 0, "2011-03-31": "", "2010-12-31": 0, "2010-09-30": 0, "2010-06-30": 0, "2010-03-31": "", "2009-12-31": 0, "2009-09-30": 0, "2009-06-30": 0, "2009-03-31": "", "2008-12-31": 0, "2008-09-30": 0, "2008-06-30": 0, "2008-03-31": "", "2007-12-31": 0, "2007-09-30": 0, "2007-06-30": 0, "2007-03-31": "", "2006-12-31": 0, "2006-09-30": 0, "2006-06-30": 0, "2006-03-31": "", "2005-12-31": 0, "2005-09-30": 0, "2005-06-30": 0, "2005-03-31": ""}, "Cash Flow From Financial Activities": {"2020-12-31": -382, "2020-09-30": -416, "2020-06-30": -314, "2020-03-31": "408.00000", "2019-12-31": -556, "2019-09-30": -250, "2019-06-30": -339, "2019-03-31": "102.00000", "2018-12-31": -558, "2018-09-30": -259, "2018-06-30": -339, "2018-03-31": "116.00000", "2017-12-31": -438, "2017-09-30": -410, "2017-06-30": -260, "2017-03-31": "102.00000", "2016-12-31": -117, "2016-09-30": -336, "2016-06-30": -369, "2016-03-31": "-16.00000", "2015-12-31": -363, "2015-09-30": -122, "2015-06-30": -376, "2015-03-31": "17.00000", "2014-12-31": 2890, "2014-09-30": -322, "2014-06-30": -27, "2014-03-31": "98.00000", "2013-12-31": -342, "2013-09-30": -327, "2013-06-30": -200, "2013-03-31": "10.00000", "2012-12-31": -261, "2012-09-30": -342, "2012-06-30": 2124, "2012-03-31": "-17.00000", "2011-12-31": -97, "2011-09-30": -156, "2011-06-30": -133, "2011-03-31": "-37.00000", "2010-12-31": -285, "2010-09-30": -43, "2010-06-30": -45, "2010-03-31": "-38.00000", "2009-12-31": 92, "2009-09-30": -26, "2009-06-30": -27, "2009-03-31": "-21.00000", "2008-12-31": -80, "2008-09-30": -287, "2008-06-30": -187, "2008-03-31": "-225.00000", "2007-12-31": -178, "2007-09-30": -272, "2007-06-30": -49, "2007-03-31": "51.00000", "2006-12-31": -51, "2006-09-30": -25, "2006-06-30": -25, "2006-03-31": "", "2005-12-31": 96, "2005-09-30": -15, "2005-06-30": -645, "2005-03-31": "17.00000"}, "Net Cash Flow": {"2020-12-31": -86, "2020-09-30": -54, "2020-06-30": 24, "2020-03-31": "476.00000", "2019-12-31": -3, "2019-09-30": 21, "2019-06-30": -9, "2019-03-31": "-31.00000", "2018-12-31": 33, "2018-09-30": 0, "2018-06-30": -1, "2018-03-31": "3.00000", "2017-12-31": -4, "2017-09-30": -27, "2017-06-30": 25, "2017-03-31": "16.00000", "2016-12-31": -26, "2016-09-30": -33, "2016-06-30": 38, "2016-03-31": "-91.00000", "2015-12-31": -16, "2015-09-30": 41, "2015-06-30": 72, "2015-03-31": "-18.00000", "2014-12-31": 2, "2014-09-30": 37, "2014-06-30": -10, "2014-03-31": "-52.00000", "2013-12-31": 15, "2013-09-30": -12, "2013-06-30": 56, "2013-03-31": "-71.00000", "2012-12-31": 12, "2012-09-30": -2763, "2012-06-30": 2431, "2012-03-31": "-8.00000", "2011-12-31": 129, "2011-09-30": -186, "2011-06-30": -6, "2011-03-31": "124.00000", "2010-12-31": -126, "2010-09-30": 207, "2010-06-30": -48, "2010-03-31": "-310.00000", "2009-12-31": 125, "2009-09-30": 218, "2009-06-30": 110, "2009-03-31": "-47.00000", "2008-12-31": 50, "2008-09-30": -225, "2008-06-30": -231, "2008-03-31": "-95.00000", "2007-12-31": 107, "2007-09-30": -110, "2007-06-30": 58, "2007-03-31": "-106.00000", "2006-12-31": 509, "2006-09-30": -67, "2006-06-30": 12, "2006-03-31": "-39.00000", "2005-12-31": 238, "2005-09-30": 45, "2005-06-30": -152, "2005-03-31": "68.00000"}, "Stock-Based Compensation": {"2020-12-31": 0, "2020-09-30": 0, "2020-06-30": 0, "2020-03-31": "", "2019-12-31": 0, "2019-09-30": 0, "2019-06-30": 0, "2019-03-31": "", "2018-12-31": 0, "2018-09-30": 0, "2018-06-30": 0, "2018-03-31": "", "2017-12-31": 0, "2017-09-30": 0, "2017-06-30": 0, "2017-03-31": "", "2016-12-31": 0, "2016-09-30": 0, "2016-06-30": 0, "2016-03-31": "", "2015-12-31": 0, "2015-09-30": 0, "2015-06-30": 0, "2015-03-31": "", "2014-12-31": 0, "2014-09-30": 0, "2014-06-30": 0, "2014-03-31": "", "2013-12-31": 0, "2013-09-30": 0, "2013-06-30": 0, "2013-03-31": "", "2012-12-31": 0, "2012-09-30": 0, "2012-06-30": 0, "2012-03-31": "", "2011-12-31": 0, "2011-09-30": 0, "2011-06-30": 0, "2011-03-31": "", "2010-12-31": 0, "2010-09-30": 0, "2010-06-30": 0, "2010-03-31": "", "2009-12-31": 0, "2009-09-30": 0, "2009-06-30": 0, "2009-03-31": "", "2008-12-31": 0, "2008-09-30": 0, "2008-06-30": 0, "2008-03-31": "", "2007-12-31": 0, "2007-09-30": 0, "2007-06-30": 0, "2007-03-31": "", "2006-12-31": 0, "2006-09-30": 0, "2006-06-30": 0, "2006-03-31": "", "2005-12-31": 0, "2005-09-30": 0, "2005-06-30": 0, "2005-03-31": ""}, "Common Stock Dividends Paid": {"2020-12-31": -89, "2020-09-30": -90, "2020-06-30": -89, "2020-03-31": "-90.00000", "2019-12-31": -85, "2019-09-30": -85, "2019-06-30": -86, "2019-03-31": "-87.00000", "2018-12-31": -78, "2018-09-30": -78, "2018-06-30": -82, "2018-03-31": "-80.00000", "2017-12-31": -68, "2017-09-30": -78, "2017-06-30": -75, "2017-03-31": "-75.00000", "2016-12-31": -68, "2016-09-30": -72, "2016-06-30": -72, "2016-03-31": "-68.00000", "2015-12-31": -59, "2015-09-30": -63, "2015-06-30": -61, "2015-03-31": "-61.00000", "2014-12-31": -51, "2014-09-30": -53, "2014-06-30": -59, "2014-03-31": "-56.00000", "2013-12-31": -46, "2013-09-30": -50, "2013-06-30": -50, "2013-03-31": "-4.00000", "2012-12-31": -85, "2012-09-30": -39, "2012-06-30": -36, "2012-03-31": "-36.00000", "2011-12-31": -39, "2011-09-30": -33, "2011-06-30": -33, "2011-03-31": "-34.00000", "2010-12-31": -31, "2010-09-30": -32, "2010-06-30": -32, "2010-03-31": "-32.00000", "2009-12-31": -32, "2009-09-30": -32, "2009-06-30": -32, "2009-03-31": "-32.00000", "2008-12-31": -32, "2008-09-30": -34, "2008-06-30": -34, "2008-03-31": "-35.00000", "2007-12-31": -35, "2007-09-30": -37, "2007-06-30": -37, "2007-03-31": "-38.00000", "2006-12-31": -36, "2006-09-30": -36, "2006-06-30": -36, "2006-03-31": "-36.00000", "2005-12-31": -36, "2005-09-30": -36, "2005-06-30": -35, "2005-03-31": "-35.00000"}}, "financial ratios": {"Current Ratio": {"2019-12-31": "1.85630", "2018-12-31": "1.81790", "2017-12-31": "1.58580", "2016-12-31": "1.59670", "2015-12-31": "1.39980", "2014-12-31": "1.56920", "2013-12-31": "1.93200", "2012-12-31": "1.97870", "2011-12-31": "2.06640", "2010-12-31": "1.91310", "2009-12-31": "2.16880", "2008-12-31": "1.71030", "2007-12-31": "2.04370", "2006-12-31": "2.28710", "2005-12-31": "1.83060"}, "Long-term Debt / Capital": {"2019-12-31": "0.48190", "2018-12-31": "0.50200", "2017-12-31": "0.52870", "2016-12-31": "0.57800", "2015-12-31": "0.62060", "2014-12-31": "0.66880", "2013-12-31": "0.52330", "2012-12-31": "0.61210", "2011-12-31": "0.43190", "2010-12-31": "0.49550", "2009-12-31": "0.51460", "2008-12-31": "0.48150", "2007-12-31": "0.42440", "2006-12-31": "0.43920", "2005-12-31": "0.50140"}, "Debt/Equity Ratio": {"2019-12-31": "0.95860", "2018-12-31": "1.04930", "2017-12-31": "1.19340", "2016-12-31": "1.43100", "2015-12-31": "1.74290", "2014-12-31": "2.10280", "2013-12-31": "1.09780", "2012-12-31": "1.57960", "2011-12-31": "0.84060", "2010-12-31": "0.98590", "2009-12-31": "1.06010", "2008-12-31": "0.93690", "2007-12-31": "0.77190", "2006-12-31": "0.78460", "2005-12-31": "1.00810"}, "Gross Margin": {"2019-12-31": "24.09150", "2018-12-31": "24.42120", "2017-12-31": "24.74610", "2016-12-31": "26.16560", "2015-12-31": "26.74130", "2014-12-31": "23.31270", "2013-12-31": "29.68980", "2012-12-31": "21.74770", "2011-12-31": "21.85850", "2010-12-31": "24.97430", "2009-12-31": "23.47590", "2008-12-31": "18.26150", "2007-12-31": "17.45240", "2006-12-31": "18.66060", "2005-12-31": "21.05260"}, "Operating Margin": {"2019-12-31": "12.07810", "2018-12-31": "15.28910", "2017-12-31": "16.02260", "2016-12-31": "15.41960", "2015-12-31": "14.34490", "2014-12-31": "12.19690", "2013-12-31": "19.91440", "2012-12-31": "9.87410", "2011-12-31": "13.05380", "2010-12-31": "14.44710", "2009-12-31": "7.84800", "2008-12-31": "9.28230", "2007-12-31": "7.37920", "2006-12-31": "9.64740", "2005-12-31": "11.45510"}, "EBIT Margin": {"2019-12-31": "12.07810", "2018-12-31": "15.28910", "2017-12-31": "16.02260", "2016-12-31": "15.41960", "2015-12-31": "14.34490", "2014-12-31": "12.19690", "2013-12-31": "19.91440", "2012-12-31": "9.87410", "2011-12-31": "13.05380", "2010-12-31": "14.44710", "2009-12-31": "7.84800", "2008-12-31": "9.28230", "2007-12-31": "7.37920", "2006-12-31": "9.64740", "2005-12-31": "11.45510"}, "EBITDA Margin": {"2019-12-31": "18.66710", "2018-12-31": "21.23930", "2017-12-31": "22.16990", "2016-12-31": "21.85840", "2015-12-31": "20.26330", "2014-12-31": "16.92030", "2013-12-31": "24.54550", "2012-12-31": "14.31750", "2011-12-31": "16.85710", "2010-12-31": "19.24000", "2009-12-31": "14.08100", "2008-12-31": "13.78030", "2007-12-31": "12.16690", "2006-12-31": "14.19090", "2005-12-31": "16.16100"}, "Pre-Tax Profit Margin": {"2019-12-31": "9.72720", "2018-12-31": "12.90510", "2017-12-31": "13.49880", "2016-12-31": "11.64520", "2015-12-31": "11.70190", "2014-12-31": "10.39150", "2013-12-31": "17.95720", "2012-12-31": "8.01040", "2011-12-31": "12.27360", "2010-12-31": "10.61280", "2009-12-31": "5.77800", "2008-12-31": "7.76620", "2007-12-31": "6.88140", "2006-12-31": "8.76240", "2005-12-31": "11.81120"}, "Net Profit Margin": {"2019-12-31": "8.18510", "2018-12-31": "10.63940", "2017-12-31": "14.49370", "2016-12-31": "9.48050", "2015-12-31": "8.78940", "2014-12-31": "7.88290", "2013-12-31": "12.45990", "2012-12-31": "5.39370", "2011-12-31": "8.99970", "2010-12-31": "7.27490", "2009-12-31": "3.09370", "2008-12-31": "5.82880", "2007-12-31": "4.39240", "2006-12-31": "6.03330", "2005-12-31": "8.62230"}, "Asset Turnover": {"2019-12-31": "0.57930", "2018-12-31": "0.63460", "2017-12-31": "0.59680", "2016-12-31": "0.58280", "2015-12-31": "0.61930", "2014-12-31": "0.59280", "2013-12-31": "0.78940", "2012-12-31": "0.69190", "2011-12-31": "1.16070", "2010-12-31": "0.97590", "2009-12-31": "0.79710", "2008-12-31": "1.12400", "2007-12-31": "1.13660", "2006-12-31": "1.10550", "2005-12-31": "1.11900"}, "Inventory Turnover Ratio": {"2019-12-31": "4.23530", "2018-12-31": "4.84650", "2017-12-31": "4.76210", "2016-12-31": "4.73720", "2015-12-31": "4.77890", "2014-12-31": "4.84160", "2013-12-31": "5.20090", "2012-12-31": "5.03170", "2011-12-31": "7.20030", "2010-12-31": "7.20890", "2009-12-31": "6.33520", "2008-12-31": "7.61700", "2007-12-31": "10.46010", "2006-12-31": "8.08500", "2005-12-31": "7.60060"}, "Receiveable Turnover": {"2019-12-31": "6.74400", "2018-12-31": "6.84490", "2017-12-31": "6.88960", "2016-12-31": "7.43850", "2015-12-31": "9.29480", "2014-12-31": "7.93920", "2013-12-31": "8.59380", "2012-12-31": "8.12640", "2011-12-31": "10.19600", "2010-12-31": "8.64200", "2009-12-31": "11.59890", "2008-12-31": "16.76840", "2007-12-31": "10.37990", "2006-12-31": "8.99070", "2005-12-31": "9.84760"}, "Days Sales In Receivables": {"2019-12-31": "54.12220", "2018-12-31": "53.32430", "2017-12-31": "52.97830", "2016-12-31": "49.06920", "2015-12-31": "39.26930", "2014-12-31": "45.97460", "2013-12-31": "42.47270", "2012-12-31": "44.91550", "2011-12-31": "35.79830", "2010-12-31": "42.23550", "2009-12-31": "31.46840", "2008-12-31": "21.76720", "2007-12-31": "35.16400", "2006-12-31": "40.59740", "2005-12-31": "37.06500"}, "ROE - Return On Equity": {"2019-12-31": "12.63260", "2018-12-31": "18.44170", "2017-12-31": "25.32850", "2016-12-31": "18.64150", "2015-12-31": "21.23850", "2014-12-31": "21.03060", "2013-12-31": "30.24520", "2012-12-31": "14.63010", "2011-12-31": "31.93060", "2010-12-31": "25.69150", "2009-12-31": "10.17850", "2008-12-31": "22.21510", "2007-12-31": "15.41790", "2006-12-31": "21.04490", "2005-12-31": "33.56080"}, "Return On Tangible Equity": {"2019-12-31": "-185.85370", "2018-12-31": "-140.05170", "2017-12-31": "-97.74650", "2016-12-31": "-36.83530", "2015-12-31": "-27.13700", "2014-12-31": "-19.86320", "2013-12-31": "-215.83790", "2012-12-31": "-30.23890", "2011-12-31": "43.54380", "2010-12-31": "33.38660", "2009-12-31": "12.85480", "2008-12-31": "28.09450", "2007-12-31": "18.17670", "2006-12-31": "24.89800", "2005-12-31": "41.61540"}, "ROA - Return On Assets": {"2019-12-31": "4.76010", "2018-12-31": "6.77710", "2017-12-31": "8.67550", "2016-12-31": "5.55740", "2015-12-31": "5.48140", "2014-12-31": "4.69760", "2013-12-31": "9.89450", "2012-12-31": "3.78310", "2011-12-31": "9.81570", "2010-12-31": "6.98300", "2009-12-31": "2.79240", "2008-12-31": "6.53290", "2007-12-31": "5.34200", "2006-12-31": "6.96350", "2005-12-31": "9.37120"}, "ROI - Return On Investment": {"2019-12-31": "6.54470", "2018-12-31": "9.18410", "2017-12-31": "11.93770", "2016-12-31": "7.86700", "2015-12-31": "8.05810", "2014-12-31": "6.96620", "2013-12-31": "14.41750", "2012-12-31": "5.67440", "2011-12-31": "18.14110", "2010-12-31": "12.96120", "2009-12-31": "4.94060", "2008-12-31": "11.51920", "2007-12-31": "8.87480", "2006-12-31": "11.80210", "2005-12-31": "16.73370"}, "Book Value Per Share": {"2019-12-31": "44.37190", "2018-12-31": "42.06780", "2017-12-31": "38.34420", "2016-12-31": "31.46720", "2015-12-31": "27.21270", "2014-12-31": "24.15930", "2013-12-31": "25.42380", "2012-12-31": "19.67580", "2011-12-31": "13.88450", "2010-12-31": "11.51090", "2009-12-31": "10.45110", "2008-12-31": "10.71550", "2007-12-31": "13.06640", "2006-12-31": "12.14530", "2005-12-31": "9.88580"}, "Operating Cash Flow Per Share": {"2019-12-31": 0.0614, "2018-12-31": -0.5438, "2017-12-31": 2.0087, "2016-12-31": -1.5082, "2015-12-31": 1.3573, "2014-12-31": 1.1963, "2013-12-31": 0.7221, "2012-12-31": 3.1978, "2011-12-31": 0.4772, "2010-12-31": -1.2731, "2009-12-31": 0.8674, "2008-12-31": -0.0662, "2007-12-31": 0.7024, "2006-12-31": -1.0406, "2005-12-31": 4.7005}, "Free Cash Flow Per Share": {"2019-12-31": 0.6527, "2018-12-31": 0.1427, "2017-12-31": 1.6044, "2016-12-31": -1.1246, "2015-12-31": 0.8701, "2014-12-31": 0.444, "2013-12-31": 0.7882, "2012-12-31": 3.302, "2011-12-31": -1.0878, "2010-12-31": -1.0027, "2009-12-31": 0.9253, "2008-12-31": -0.1373, "2007-12-31": -0.7475, "2006-12-31": 0.3188, "2005-12-31": 2.8423}}, "financial ratios, quarterly": {"Current Ratio": {"2020-09-30": "1.97540", "2020-06-30": "1.87750", "2020-03-31": "1.66350", "2019-12-31": "1.85630", "2019-09-30": "1.65380", "2019-06-30": "1.57950", "2019-03-31": "1.50980", "2018-12-31": "1.81790", "2018-09-30": "1.69390", "2018-06-30": "1.69150", "2018-03-31": "1.71660", "2017-12-31": "1.58580", "2017-09-30": "1.83230", "2017-06-30": "2.04390", "2017-03-31": "1.93340", "2016-12-31": "1.59670", "2016-09-30": "1.31460", "2016-06-30": "1.33850", "2016-03-31": "1.55010", "2015-12-31": "1.39980", "2015-09-30": "1.76780", "2015-06-30": "1.73920", "2015-03-31": "1.79480", "2014-12-31": "1.56920", "2014-09-30": "2.06720", "2014-06-30": "2.34380", "2014-03-31": "2.34230", "2013-12-31": "1.93200", "2013-09-30": "2.09150", "2013-06-30": "2.16810", "2013-03-31": "2.11680", "2012-12-31": "1.97870", "2012-09-30": "1.82580", "2012-06-30": "5.15020", "2012-03-31": "2.27080", "2011-12-31": "2.06640", "2011-09-30": "1.96000", "2011-06-30": "2.10400", "2011-03-31": "2.30710", "2010-12-31": "1.91310", "2010-09-30": "2.23510", "2010-06-30": "2.15460", "2010-03-31": "2.15750", "2009-12-31": "2.16880", "2009-09-30": "1.90820", "2009-06-30": "1.95960", "2009-03-31": "1.69440", "2008-12-31": "1.71030", "2008-09-30": "1.73210", "2008-06-30": "1.92590", "2008-03-31": "2.01350", "2007-12-31": "2.04370", "2007-09-30": "2.13870", "2007-06-30": "2.27360", "2007-03-31": "2.39880", "2006-12-31": "2.28710", "2006-09-30": "2.03870", "2006-06-30": "2.01140", "2006-03-31": "1.93480", "2005-12-31": "1.83060", "2005-09-30": "1.79900", "2005-06-30": "1.71040", "2005-03-31": "1.82710"}, "Long-term Debt / Capital": {"2020-09-30": "0.47160", "2020-06-30": "0.47110", "2020-03-31": "0.46580", "2019-12-31": "0.48190", "2019-09-30": "0.47730", "2019-06-30": "0.48610", "2019-03-31": "0.48620", "2018-12-31": "0.50200", "2018-09-30": "0.49590", "2018-06-30": "0.51100", "2018-03-31": "0.52900", "2017-12-31": "0.52870", "2017-09-30": "0.55370", "2017-06-30": "0.57700", "2017-03-31": "0.58190", "2016-12-31": "0.57800", "2016-09-30": "0.56780", "2016-06-30": "0.57730", "2016-03-31": "0.60510", "2015-12-31": "0.62060", "2015-09-30": "0.63990", "2015-06-30": "0.64780", "2015-03-31": "0.67430", "2014-12-31": "0.66880", "2014-09-30": "0.53420", "2014-06-30": "0.54660", "2014-03-31": "0.54900", "2013-12-31": "0.52330", "2013-09-30": "0.54690", "2013-06-30": "0.58110", "2013-03-31": "0.59980", "2012-12-31": "0.61210", "2012-09-30": "0.61780", "2012-06-30": "0.64340", "2012-03-31": "0.41630", "2011-12-31": "0.43190", "2011-09-30": "0.43080", "2011-06-30": "0.43130", "2011-03-31": "0.46760", "2010-12-31": "0.49550", "2010-09-30": "0.46950", "2010-06-30": "0.48900", "2010-03-31": "0.50540", "2009-12-31": "0.51460", "2009-09-30": "0.46680", "2009-06-30": "0.47760", "2009-03-31": "0.48550", "2008-12-31": "0.48150", "2008-09-30": "0.44100", "2008-06-30": "0.41710", "2008-03-31": "0.45090", "2007-12-31": "0.42440", "2007-09-30": "0.43320", "2007-06-30": "0.40980", "2007-03-31": "0.43110", "2006-12-31": "0.43920", "2006-09-30": "0.45470", "2006-06-30": "0.46050", "2006-03-31": "0.48030", "2005-12-31": "0.50140", "2005-09-30": "0.47380", "2005-06-30": "0.49020", "2005-03-31": "0.60440"}, "Debt/Equity Ratio": {"2020-09-30": "0.95270", "2020-06-30": "1.00570", "2020-03-31": "1.01650", "2019-12-31": "0.95860", "2019-09-30": "1.01840", "2019-06-30": "1.06880", "2019-03-31": "1.09210", "2018-12-31": "1.04930", "2018-09-30": "1.10530", "2018-06-30": "1.15950", "2018-03-31": "1.22780", "2017-12-31": "1.19340", "2017-09-30": "1.31280", "2017-06-30": "1.40720", "2017-03-31": "1.45610", "2016-12-31": "1.43100", "2016-09-30": "1.46320", "2016-06-30": "1.52800", "2016-03-31": "1.65180", "2015-12-31": "1.74290", "2015-09-30": "1.84020", "2015-06-30": "1.90460", "2015-03-31": "2.17040", "2014-12-31": "2.10280", "2014-09-30": "1.14680", "2014-06-30": "1.20560", "2014-03-31": "1.21720", "2013-12-31": "1.09780", "2013-09-30": "1.20710", "2013-06-30": "1.38720", "2013-03-31": "1.50030", "2012-12-31": "1.57960", "2012-09-30": "1.65610", "2012-06-30": "1.80640", "2012-03-31": "0.78770", "2011-12-31": "0.84060", "2011-09-30": "0.83760", "2011-06-30": "0.83950", "2011-03-31": "0.88220", "2010-12-31": "0.98590", "2010-09-30": "0.88730", "2010-06-30": "0.96060", "2010-03-31": "1.02420", "2009-12-31": "1.06010", "2009-09-30": "0.87600", "2009-06-30": "0.92130", "2009-03-31": "0.95210", "2008-12-31": "0.93690", "2008-09-30": "0.78900", "2008-06-30": "0.71570", "2008-03-31": "0.85920", "2007-12-31": "0.77190", "2007-09-30": "0.80060", "2007-06-30": "0.72760", "2007-03-31": "0.75770", "2006-12-31": "0.78460", "2006-09-30": "0.83540", "2006-06-30": "0.85530", "2006-03-31": "0.92660", "2005-12-31": "1.00810", "2005-09-30": "0.90280", "2005-06-30": "0.96480", "2005-03-31": "1.52860"}, "Gross Margin": {"2020-09-30": "23.60980", "2020-06-30": "19.28280", "2020-03-31": "25.74740", "2019-12-31": "22.53970", "2019-09-30": "24.68820", "2019-06-30": "24.92590", "2019-03-31": "24.11770", "2018-12-31": "19.61280", "2018-09-30": "28.58270", "2018-06-30": "26.86000", "2018-03-31": "22.28620", "2017-12-31": "19.34800", "2017-09-30": "27.22110", "2017-06-30": "26.04380", "2017-03-31": "26.27010", "2016-12-31": "22.71480", "2016-09-30": "27.15350", "2016-06-30": "26.33870", "2016-03-31": "28.35420", "2015-12-31": "22.87640", "2015-09-30": "28.40210", "2015-06-30": "28.42480", "2015-03-31": "26.85220", "2014-12-31": "14.17620", "2014-09-30": "26.35720", "2014-06-30": "26.70730", "2014-03-31": "25.81350", "2013-12-31": "35.05520", "2013-09-30": "29.46960", "2013-06-30": "27.74590", "2013-03-31": "26.70130", "2012-12-31": "14.98390", "2012-09-30": "23.24040", "2012-06-30": "25.95790", "2012-03-31": "23.66830", "2011-12-31": "11.83980", "2011-09-30": "23.89630", "2011-06-30": "25.14590", "2011-03-31": "26.05230", "2010-12-31": "22.96650", "2010-09-30": "28.00270", "2010-06-30": "25.56590", "2010-03-31": "23.13870", "2009-12-31": "39.14330", "2009-09-30": "24.53250", "2009-06-30": "20.75020", "2009-03-31": "15.85470", "2008-12-31": "18.70500", "2008-09-30": "17.70200", "2008-06-30": "17.50270", "2008-03-31": "19.51360", "2007-12-31": "16.69550", "2007-09-30": "18.14420", "2007-06-30": "17.51700", "2007-03-31": "17.47100", "2006-12-31": "24.79190", "2006-09-30": "16.07320", "2006-06-30": "18.14410", "2006-03-31": "18.35830", "2005-12-31": "20.79650", "2005-09-30": "19.38330", "2005-06-30": "21.34700", "2005-03-31": "22.64470"}, "Operating Margin": {"2020-09-30": "11.45150", "2020-06-30": "2.75470", "2020-03-31": "16.59970", "2019-12-31": "2.94780", "2019-09-30": "15.78500", "2019-06-30": "15.65810", "2019-03-31": "13.36140", "2018-12-31": "7.78620", "2018-09-30": "20.53400", "2018-06-30": "18.35180", "2018-03-31": "13.92410", "2017-12-31": "10.66890", "2017-09-30": "18.66130", "2017-06-30": "17.40390", "2017-03-31": "17.23840", "2016-12-31": "11.79160", "2016-09-30": "15.56630", "2016-06-30": "16.36920", "2016-03-31": "17.84440", "2015-12-31": "7.73030", "2015-09-30": "17.65430", "2015-06-30": "18.51560", "2015-03-31": "12.73030", "2014-12-31": "1.14940", "2014-09-30": "14.00750", "2014-06-30": "17.72360", "2014-03-31": "15.66160", "2013-12-31": "24.81240", "2013-09-30": "20.48760", "2013-06-30": "17.54100", "2013-03-31": "17.03510", "2012-12-31": "-2.02860", "2012-09-30": "11.64230", "2012-06-30": "17.10740", "2012-03-31": "14.49750", "2011-12-31": "1.10270", "2011-09-30": "14.95590", "2011-06-30": "17.66580", "2011-03-31": "17.86120", "2010-12-31": "9.77440", "2010-09-30": "17.65100", "2010-06-30": "16.37820", "2010-03-31": "13.79560", "2009-12-31": "-0.29540", "2009-09-30": "14.28570", "2009-06-30": "10.45490", "2009-03-31": "2.21430", "2008-12-31": "6.65470", "2008-09-30": "9.56570", "2008-06-30": "9.37840", "2008-03-31": "9.72790", "2007-12-31": "8.29020", "2007-09-30": "2.71870", "2007-06-30": "9.07030", "2007-03-31": "9.40750", "2006-12-31": "11.28590", "2006-09-30": "8.03660", "2006-06-30": "9.84970", "2006-03-31": "10.20520", "2005-12-31": "8.40710", "2005-09-30": "10.90310", "2005-06-30": "11.58680", "2005-03-31": "13.84790"}, "EBIT Margin": {"2020-09-30": "11.45150", "2020-06-30": "2.75470", "2020-03-31": "16.59970", "2019-12-31": "2.94780", "2019-09-30": "15.78500", "2019-06-30": "15.65810", "2019-03-31": "13.36140", "2018-12-31": "7.78620", "2018-09-30": "20.53400", "2018-06-30": "18.35180", "2018-03-31": "13.92410", "2017-12-31": "10.66890", "2017-09-30": "18.66130", "2017-06-30": "17.40390", "2017-03-31": "17.23840", "2016-12-31": "11.79160", "2016-09-30": "15.56630", "2016-06-30": "16.36920", "2016-03-31": "17.84440", "2015-12-31": "7.73030", "2015-09-30": "17.65430", "2015-06-30": "18.51560", "2015-03-31": "12.73030", "2014-12-31": "1.14940", "2014-09-30": "14.00750", "2014-06-30": "17.72360", "2014-03-31": "15.66160", "2013-12-31": "24.81240", "2013-09-30": "20.48760", "2013-06-30": "17.54100", "2013-03-31": "17.03510", "2012-12-31": "-2.02860", "2012-09-30": "11.64230", "2012-06-30": "17.10740", "2012-03-31": "14.49750", "2011-12-31": "1.10270", "2011-09-30": "14.95590", "2011-06-30": "17.66580", "2011-03-31": "17.86120", "2010-12-31": "9.77440", "2010-09-30": "17.65100", "2010-06-30": "16.37820", "2010-03-31": "13.79560", "2009-12-31": "-0.29540", "2009-09-30": "14.28570", "2009-06-30": "10.45490", "2009-03-31": "2.21430", "2008-12-31": "6.65470", "2008-09-30": "9.56570", "2008-06-30": "9.37840", "2008-03-31": "9.72790", "2007-12-31": "8.29020", "2007-09-30": "2.71870", "2007-06-30": "9.07030", "2007-03-31": "9.40750", "2006-12-31": "11.28590", "2006-09-30": "8.03660", "2006-06-30": "9.84970", "2006-03-31": "10.20520", "2005-12-31": "8.40710", "2005-09-30": "10.90310", "2005-06-30": "11.58680", "2005-03-31": "13.84790"}, "EBITDA Margin": {"2020-09-30": "", "2020-06-30": "", "2020-03-31": "", "2019-12-31": "", "2019-09-30": "", "2019-06-30": "", "2019-03-31": "", "2018-12-31": "", "2018-09-30": "", "2018-06-30": "", "2018-03-31": "", "2017-12-31": "", "2017-09-30": "", "2017-06-30": "", "2017-03-31": "", "2016-12-31": "", "2016-09-30": "", "2016-06-30": "", "2016-03-31": "", "2015-12-31": "", "2015-09-30": "", "2015-06-30": "", "2015-03-31": "", "2014-12-31": "", "2014-09-30": "", "2014-06-30": "", "2014-03-31": "", "2013-12-31": "", "2013-09-30": "", "2013-06-30": "", "2013-03-31": "", "2012-12-31": "", "2012-09-30": "", "2012-06-30": "", "2012-03-31": "", "2011-12-31": "", "2011-09-30": "", "2011-06-30": "", "2011-03-31": "", "2010-12-31": "", "2010-09-30": "", "2010-06-30": "", "2010-03-31": "", "2009-12-31": "", "2009-09-30": "", "2009-06-30": "", "2009-03-31": "", "2008-12-31": "", "2008-09-30": "", "2008-06-30": "", "2008-03-31": "", "2007-12-31": "", "2007-09-30": "", "2007-06-30": "", "2007-03-31": "", "2006-12-31": "", "2006-09-30": "", "2006-06-30": "", "2006-03-31": "", "2005-12-31": "", "2005-09-30": "", "2005-06-30": "", "2005-03-31": ""}, "Pre-Tax Profit Margin": {"2020-09-30": "8.95380", "2020-06-30": "-0.05200", "2020-03-31": "14.10090", "2019-12-31": "0.40820", "2019-09-30": "13.46240", "2019-06-30": "13.37280", "2019-03-31": "11.09240", "2018-12-31": "2.98820", "2018-09-30": "18.02120", "2018-06-30": "16.40600", "2018-03-31": "13.42540", "2017-12-31": "7.87470", "2017-09-30": "16.34890", "2017-06-30": "14.84080", "2017-03-31": "14.80680", "2016-12-31": "5.16450", "2016-09-30": "12.63660", "2016-06-30": "14.10540", "2016-03-31": "14.44540", "2015-12-31": "5.25840", "2015-09-30": "14.42580", "2015-06-30": "15.91000", "2015-03-31": "10.47890", "2014-12-31": "-1.23460", "2014-09-30": "12.34980", "2014-06-30": "16.21950", "2014-03-31": "13.96960", "2013-12-31": "22.86980", "2013-09-30": "18.56290", "2013-06-30": "15.65570", "2013-03-31": "14.95450", "2012-12-31": "-3.96500", "2012-09-30": "9.78310", "2012-06-30": "14.51700", "2012-03-31": "13.45420", "2011-12-31": "0.34820", "2011-09-30": "14.01770", "2011-06-30": "16.97610", "2011-03-31": "17.12170", "2010-12-31": "0.34180", "2010-09-30": "16.19110", "2010-06-30": "14.24770", "2010-03-31": "11.45990", "2009-12-31": "-3.54510", "2009-09-30": "12.71500", "2009-06-30": "8.45970", "2009-03-31": "0.17710", "2008-12-31": "1.25900", "2008-09-30": "8.13630", "2008-06-30": "8.34240", "2008-03-31": "8.85930", "2007-12-31": "8.00230", "2007-09-30": "2.36410", "2007-06-30": "8.56010", "2007-03-31": "8.55220", "2006-12-31": "11.28590", "2006-09-30": "6.91760", "2006-06-30": "8.86470", "2006-03-31": "9.15140", "2005-12-31": "5.75220", "2005-09-30": "9.74670", "2005-06-30": "17.35160", "2005-03-31": "12.31560"}, "Net Profit Margin": {"2020-09-30": "7.58720", "2020-06-30": "1.40330", "2020-03-31": "11.51270", "2019-12-31": "1.17910", "2019-09-30": "11.44090", "2019-06-30": "10.91830", "2019-03-31": "8.78150", "2018-12-31": "1.43100", "2018-09-30": "16.17590", "2018-06-30": "13.12480", "2018-03-31": "11.12390", "2017-12-31": "20.78750", "2017-09-30": "13.10350", "2017-06-30": "12.07110", "2017-03-31": "12.07120", "2016-12-31": "5.30160", "2016-09-30": "10.14430", "2016-06-30": "11.10140", "2016-03-31": "11.22540", "2015-12-31": "5.57300", "2015-09-30": "10.46180", "2015-06-30": "11.72520", "2015-03-31": "6.99960", "2014-12-31": "0.68110", "2014-09-30": "8.70290", "2014-06-30": "11.86990", "2014-03-31": "10.10850", "2013-12-31": "15.27590", "2013-09-30": "13.17370", "2013-06-30": "10.81970", "2013-03-31": "10.70660", "2012-12-31": "-2.48960", "2012-09-30": "6.81720", "2012-06-30": "9.66000", "2012-03-31": "8.67660", "2011-12-31": "0.69650", "2011-09-30": "9.60260", "2011-06-30": "11.67110", "2011-03-31": "13.65190", "2010-12-31": "0.41010", "2010-09-30": "11.28070", "2010-06-30": "9.85350", "2010-03-31": "7.37230", "2009-12-31": "-4.72670", "2009-09-30": "7.55420", "2009-06-30": "5.18760", "2009-03-31": "0.17710", "2008-12-31": "-0.35970", "2008-09-30": "5.49750", "2008-06-30": "6.27040", "2008-03-31": "7.70120", "2007-12-31": "5.64190", "2007-09-30": "1.18200", "2007-06-30": "5.95240", "2007-03-31": "4.70370", "2006-12-31": "8.78820", "2006-09-30": "4.83210", "2006-06-30": "5.90980", "2006-03-31": "5.82360", "2005-12-31": "5.84070", "2005-09-30": "6.77310", "2005-06-30": "11.75800", "2005-03-31": "9.19410"}, "Asset Turnover": {"2020-09-30": "0.13260", "2020-06-30": "0.12050", "2020-03-31": "0.13610", "2019-12-31": "0.13770", "2019-09-30": "0.14410", "2019-06-30": "0.14540", "2019-03-31": "0.14550", "2018-12-31": "0.14850", "2018-09-30": "0.15570", "2018-06-30": "0.16120", "2018-03-31": "0.15930", "2017-12-31": "0.14760", "2017-09-30": "0.15380", "2017-06-30": "0.15150", "2017-03-31": "0.14620", "2016-12-31": "0.14160", "2016-09-30": "0.14770", "2016-06-30": "0.14740", "2016-03-31": "0.14320", "2015-12-31": "0.14280", "2015-09-30": "0.15410", "2015-06-30": "0.15940", "2015-03-31": "0.15430", "2014-12-31": "0.14620", "2014-09-30": "0.19880", "2014-06-30": "0.20100", "2014-03-31": "0.19290", "2013-12-31": "0.19120", "2013-09-30": "0.19940", "2013-06-30": "0.20740", "2013-03-31": "0.19740", "2012-12-31": "0.18520", "2012-09-30": "0.19400", "2012-06-30": "0.21630", "2012-03-31": "0.29410", "2011-12-31": "0.27860", "2011-09-30": "0.29310", "2011-06-30": "0.30830", "2011-03-31": "0.29260", "2010-12-31": "0.24440", "2010-09-30": "0.25160", "2010-06-30": "0.25900", "2010-03-31": "0.24260", "2009-12-31": "0.12280", "2009-09-30": "0.24070", "2009-06-30": "0.23390", "2009-03-31": "0.21720", "2008-12-31": "0.10530", "2008-09-30": "0.32900", "2008-06-30": "0.31460", "2008-03-31": "0.29750", "2007-12-31": "0.28910", "2007-09-30": "0.28460", "2007-06-30": "0.28270", "2007-03-31": "0.26770", "2006-12-31": "0.17630", "2006-09-30": "0.32410", "2006-06-30": "0.32140", "2006-03-31": "0.31180", "2005-12-31": "0.19570", "2005-09-30": "0.32600", "2005-06-30": "0.31460", "2005-03-31": "0.29370"}, "Inventory Turnover Ratio": {"2020-09-30": "1.21150", "2020-06-30": "1.09440", "2020-03-31": "1.00300", "2019-12-31": "1.02770", "2019-09-30": "1.03300", "2019-06-30": "1.02540", "2019-03-31": "1.05990", "2018-12-31": "1.20660", "2018-09-30": "1.11940", "2018-06-30": "1.25130", "2018-03-31": "1.37260", "2017-12-31": "1.26240", "2017-09-30": "1.13830", "2017-06-30": "1.16170", "2017-03-31": "1.13580", "2016-12-31": "1.20440", "2016-09-30": "1.13260", "2016-06-30": "1.17090", "2016-03-31": "1.07300", "2015-12-31": "1.16020", "2015-09-30": "1.18060", "2015-06-30": "1.25990", "2015-03-31": "1.23500", "2014-12-31": "1.33600", "2014-09-30": "1.30850", "2014-06-30": "1.33160", "2014-03-31": "1.24180", "2013-12-31": "1.16380", "2013-09-30": "1.29430", "2013-06-30": "1.37090", "2013-03-31": "1.29980", "2012-12-31": "1.46350", "2012-09-30": "1.36640", "2012-06-30": "1.77030", "2012-03-31": "1.80990", "2011-12-31": "1.94990", "2011-09-30": "1.62240", "2011-06-30": "1.88640", "2011-03-31": "1.92590", "2010-12-31": "1.85360", "2010-09-30": "1.66410", "2010-06-30": "1.76060", "2010-03-31": "1.79080", "2009-12-31": "0.77590", "2009-09-30": "2.03840", "2009-06-30": "2.24150", "2009-03-31": "1.69340", "2008-12-31": "0.70960", "2008-09-30": "2.09370", "2008-06-30": "2.26160", "2008-03-31": "2.07460", "2007-12-31": "2.68460", "2007-09-30": "2.14400", "2007-06-30": "2.07860", "2007-03-31": "2.03160", "2006-12-31": "1.19210", "2006-09-30": "2.35040", "2006-06-30": "2.16900", "2006-03-31": "2.15520", "2005-12-31": "1.33380", "2005-09-30": "2.07660", "2005-06-30": "1.86220", "2005-03-31": "2.02830"}, "Receiveable Turnover": {"2020-09-30": "1.45940", "2020-06-30": "1.45100", "2020-03-31": "1.56060", "2019-12-31": "1.60360", "2019-09-30": "1.58160", "2019-06-30": "1.55670", "2019-03-31": "1.50440", "2018-12-31": "1.60220", "2018-09-30": "1.43740", "2018-06-30": "1.53540", "2018-03-31": "1.49060", "2017-12-31": "1.70420", "2017-09-30": "1.72980", "2017-06-30": "1.68340", "2017-03-31": "1.63910", "2016-12-31": "1.80680", "2016-09-30": "1.96650", "2016-06-30": "1.95160", "2016-03-31": "2.02170", "2015-12-31": "2.14350", "2015-09-30": "2.18480", "2015-06-30": "2.13220", "2015-03-31": "2.00900", "2014-12-31": "1.95750", "2014-09-30": "2.14300", "2014-06-30": "2.00650", "2014-03-31": "1.97520", "2013-12-31": "2.08180", "2013-09-30": "2.03660", "2013-06-30": "1.99020", "2013-03-31": "1.96840", "2012-12-31": "2.17550", "2012-09-30": "2.10730", "2012-06-30": "2.31050", "2012-03-31": "2.25370", "2011-12-31": "2.44740", "2011-09-30": "2.24810", "2011-06-30": "2.13240", "2011-03-31": "1.97970", "2010-12-31": "2.16420", "2010-09-30": "1.96480", "2010-06-30": "1.85660", "2010-03-31": "1.77000", "2009-12-31": "1.78630", "2009-09-30": "3.48180", "2009-06-30": "2.59420", "2009-03-31": "3.19830", "2008-12-31": "1.57060", "2008-09-30": "2.81140", "2008-06-30": "2.29540", "2008-03-31": "2.45310", "2007-12-31": "2.63980", "2007-09-30": "2.54440", "2007-06-30": "2.14860", "2007-03-31": "2.07740", "2006-12-31": "1.43370", "2006-09-30": "2.34330", "2006-06-30": "2.28830", "2006-03-31": "2.52170", "2005-12-31": "1.72260", "2005-09-30": "2.36460", "2005-06-30": "2.31440", "2005-03-31": "2.22190"}, "Days Sales In Receivables": {"2020-09-30": "61.66820", "2020-06-30": "62.02700", "2020-03-31": "57.67070", "2019-12-31": "56.12250", "2019-09-30": "56.90320", "2019-06-30": "57.81630", "2019-03-31": "59.82350", "2018-12-31": "56.17420", "2018-09-30": "62.61480", "2018-06-30": "58.61500", "2018-03-31": "60.37980", "2017-12-31": "52.81120", "2017-09-30": "52.02840", "2017-06-30": "53.46420", "2017-03-31": "54.90670", "2016-12-31": "49.81260", "2016-09-30": "45.76740", "2016-06-30": "46.11670", "2016-03-31": "44.51700", "2015-12-31": "41.98650", "2015-09-30": "41.19330", "2015-06-30": "42.21080", "2015-03-31": "44.79740", "2014-12-31": "45.97700", "2014-09-30": "41.99750", "2014-06-30": "44.85370", "2014-03-31": "45.56620", "2013-12-31": "43.23180", "2013-09-30": "44.19160", "2013-06-30": "45.22130", "2013-03-31": "45.72170", "2012-12-31": "41.36930", "2012-09-30": "42.70920", "2012-06-30": "38.95310", "2012-03-31": "39.93410", "2011-12-31": "36.77310", "2011-09-30": "40.03310", "2011-06-30": "42.20690", "2011-03-31": "45.46080", "2010-12-31": "41.58580", "2010-09-30": "45.80620", "2010-06-30": "48.47540", "2010-03-31": "50.84670", "2009-12-31": "50.38410", "2009-09-30": "25.84890", "2009-06-30": "34.69270", "2009-03-31": "28.14000", "2008-12-31": "57.30220", "2008-09-30": "32.01210", "2008-06-30": "39.20940", "2008-03-31": "36.68790", "2007-12-31": "34.09330", "2007-09-30": "35.37230", "2007-06-30": "41.88780", "2007-03-31": "43.32320", "2006-12-31": "62.77520", "2006-09-30": "38.40790", "2006-06-30": "39.33130", "2006-03-31": "35.69050", "2005-12-31": "52.24780", "2005-09-30": "38.06170", "2005-06-30": "38.88700", "2005-03-31": "40.50510"}, "ROE - Return On Equity": {"2020-09-30": "2.68030", "2020-06-30": "0.49200", "2020-03-31": "4.19900", "2019-12-31": "0.44760", "2019-09-30": "4.37920", "2019-06-30": "4.35590", "2019-03-31": "3.53100", "2018-12-31": "0.59540", "2018-09-30": "6.88910", "2018-06-30": "5.99240", "2018-03-31": "5.16010", "2017-12-31": "8.95990", "2017-09-30": "6.35420", "2017-06-30": "6.01230", "2017-03-31": "5.90230", "2016-12-31": "2.56080", "2016-09-30": "5.15940", "2016-06-30": "5.77140", "2016-03-31": "5.85760", "2015-12-31": "3.10870", "2015-09-30": "6.52170", "2015-06-30": "7.77630", "2015-03-31": "4.88360", "2014-12-31": "0.47350", "2014-09-30": "5.32800", "2014-06-30": "7.37560", "2014-03-31": "6.14500", "2013-12-31": "9.00650", "2013-09-30": "8.42190", "2013-06-30": "7.88620", "2013-03-31": "7.77920", "2012-12-31": "-1.71730", "2012-09-30": "5.21590", "2012-06-30": "8.38440", "2012-03-31": "7.90120", "2011-12-31": "0.68390", "2011-09-30": "9.11470", "2011-06-30": "11.48400", "2011-03-31": "11.06220", "2010-12-31": "0.61460", "2010-09-30": "8.95030", "2010-06-30": "8.40790", "2010-03-31": "6.69220", "2009-12-31": "-0.92530", "2009-09-30": "6.13980", "2009-06-30": "4.12700", "2009-03-31": "0.13130", "2008-12-31": "0.96590", "2008-09-30": "5.49450", "2008-06-30": "5.71570", "2008-03-31": "6.06540", "2007-12-31": "4.85110", "2007-09-30": "1.25570", "2007-06-30": "4.70050", "2007-03-31": "4.41810", "2006-12-31": "5.56920", "2006-09-30": "4.99470", "2006-06-30": "6.15550", "2006-03-31": "6.11530", "2005-12-31": "3.10170", "2005-09-30": "7.71160", "2005-06-30": "13.66950", "2005-03-31": "12.04460"}, "Return On Tangible Equity": {"2020-09-30": "-185.39330", "2020-06-30": "-20.83330", "2020-03-31": "-139.03740", "2019-12-31": "-6.58540", "2019-09-30": "-66.58350", "2019-06-30": "-41.24200", "2019-03-31": "-30.37790", "2018-12-31": "-4.52200", "2018-09-30": "-55.43620", "2018-06-30": "-33.98820", "2018-03-31": "-22.85260", "2017-12-31": "-34.57750", "2017-09-30": "-17.75340", "2017-06-30": "-14.34150", "2017-03-31": "-12.73390", "2016-12-31": "-5.06000", "2016-09-30": "-9.31630", "2016-06-30": "-9.69080", "2016-03-31": "-8.71830", "2015-12-31": "-3.97200", "2015-09-30": "-7.95310", "2015-06-30": "-8.77860", "2015-03-31": "-4.62610", "2014-12-31": "-0.44730", "2014-09-30": "-38.89910", "2014-06-30": "-46.87000", "2014-03-31": "-41.34280", "2013-12-31": "-64.27260", "2013-09-30": "-40.33940", "2013-06-30": "-24.92970", "2013-03-31": "-19.23970", "2012-12-31": "3.54950", "2012-09-30": "-12.67150", "2012-06-30": "10.35490", "2012-03-31": "9.89490", "2011-12-31": "0.93260", "2011-09-30": "11.60770", "2011-06-30": "14.33250", "2011-03-31": "13.96800", "2010-12-31": "0.79870", "2010-09-30": "11.30500", "2010-06-30": "10.83780", "2010-03-31": "8.36650", "2009-12-31": "-1.16860", "2009-09-30": "7.65730", "2009-06-30": "5.20000", "2009-03-31": "0.16680", "2008-12-31": "1.22150", "2008-09-30": "6.68900", "2008-06-30": "6.82900", "2008-03-31": "7.28770", "2007-12-31": "5.71910", "2007-09-30": "1.49700", "2007-06-30": "5.49870", "2007-03-31": "5.19260", "2006-12-31": "6.58890", "2006-09-30": "5.97860", "2006-06-30": "7.40740", "2006-03-31": "7.47330", "2005-12-31": "3.84620", "2005-09-30": "9.58690", "2005-06-30": "17.23850", "2005-03-31": "16.11940"}, "ROA - Return On Assets": {"2020-09-30": "1.03070", "2020-06-30": "0.18780", "2020-03-31": "1.57910", "2019-12-31": "0.16870", "2019-09-30": "1.65460", "2019-06-30": "1.59330", "2019-03-31": "1.27740", "2018-12-31": "0.21880", "2018-09-30": "2.52410", "2018-06-30": "2.12790", "2018-03-31": "1.77200", "2017-12-31": "3.06890", "2017-09-30": "2.02200", "2017-06-30": "1.84160", "2017-03-31": "1.77090", "2016-12-31": "0.76340", "2016-09-30": "1.50430", "2016-06-30": "1.64930", "2016-03-31": "1.60730", "2015-12-31": "0.80230", "2015-09-30": "1.62470", "2015-06-30": "1.88220", "2015-03-31": "1.08630", "2014-12-31": "0.10580", "2014-09-30": "1.74700", "2014-06-30": "2.38600", "2014-03-31": "1.95870", "2013-12-31": "2.94640", "2013-09-30": "2.63490", "2013-06-30": "2.26150", "2013-03-31": "2.12200", "2012-12-31": "-0.44410", "2012-09-30": "1.34820", "2012-06-30": "2.07800", "2012-03-31": "2.58440", "2011-12-31": "0.21020", "2011-09-30": "2.81420", "2011-06-30": "3.58190", "2011-03-31": "3.34500", "2010-12-31": "0.16710", "2010-09-30": "2.70500", "2010-06-30": "2.43150", "2010-03-31": "1.85910", "2009-12-31": "-0.25390", "2009-09-30": "1.81850", "2009-06-30": "1.21360", "2009-03-31": "0.03850", "2008-12-31": "0.28400", "2008-09-30": "1.80860", "2008-06-30": "1.97260", "2008-03-31": "1.98070", "2007-12-31": "1.68080", "2007-09-30": "0.42050", "2007-06-30": "1.63460", "2007-03-31": "1.52060", "2006-12-31": "1.84280", "2006-09-30": "1.56610", "2006-06-30": "1.89940", "2006-03-31": "1.81600", "2005-12-31": "0.86610", "2005-09-30": "2.20790", "2005-06-30": "3.69900", "2005-03-31": "2.70050"}, "ROI - Return On Investment": {"2020-09-30": "1.41620", "2020-06-30": "0.26020", "2020-03-31": "2.24310", "2019-12-31": "0.23190", "2019-09-30": "2.28910", "2019-06-30": "2.23850", "2019-03-31": "1.81410", "2018-12-31": "0.29650", "2018-09-30": "3.47260", "2018-06-30": "2.93050", "2018-03-31": "2.43060", "2017-12-31": "4.22290", "2017-09-30": "2.83610", "2017-06-30": "2.54350", "2017-03-31": "2.46790", "2016-12-31": "1.08070", "2016-09-30": "2.22990", "2016-06-30": "2.43950", "2016-03-31": "2.31340", "2015-12-31": "1.17950", "2015-09-30": "2.34870", "2015-06-30": "2.73880", "2015-03-31": "1.59040", "2014-12-31": "0.15690", "2014-09-30": "2.48190", "2014-06-30": "3.34400", "2014-03-31": "2.77150", "2013-12-31": "4.29330", "2013-09-30": "3.81580", "2013-06-30": "3.30350", "2013-03-31": "3.11280", "2012-12-31": "-0.66610", "2012-09-30": "1.99370", "2012-06-30": "2.99010", "2012-03-31": "4.61230", "2011-12-31": "0.38850", "2011-09-30": "5.18780", "2011-06-30": "6.53150", "2011-03-31": "5.88920", "2010-12-31": "0.31010", "2010-09-30": "4.74790", "2010-06-30": "4.29620", "2010-03-31": "3.31020", "2009-12-31": "-0.44910", "2009-09-30": "3.27390", "2009-06-30": "2.15590", "2009-03-31": "0.06760", "2008-12-31": "0.50080", "2008-09-30": "3.07130", "2008-06-30": "3.33140", "2008-03-31": "3.33040", "2007-12-31": "2.79240", "2007-09-30": "0.71160", "2007-06-30": "2.77400", "2007-03-31": "2.51350", "2006-12-31": "3.12330", "2006-09-30": "2.72360", "2006-06-30": "3.32070", "2006-03-31": "3.17800", "2005-12-31": "1.54660", "2005-09-30": "4.05810", "2005-06-30": "6.96890", "2005-03-31": "4.76470"}, "Book Value Per Share": {"2020-09-30": "45.45960", "2020-06-30": "45.07060", "2020-03-31": "45.58200", "2019-12-31": "44.37190", "2019-09-30": "44.85430", "2019-06-30": "43.41950", "2019-03-31": "42.72780", "2018-12-31": "42.06780", "2018-09-30": "42.82420", "2018-06-30": "40.88400", "2018-03-31": "39.41540", "2017-12-31": "38.34420", "2017-09-30": "35.48760", "2017-06-30": "33.76420", "2017-03-31": "32.42650", "2016-12-31": "31.46720", "2016-09-30": "30.78390", "2016-06-30": "30.15690", "2016-03-31": "28.99460", "2015-12-31": "27.21270", "2015-09-30": "26.62950", "2015-06-30": "25.87240", "2015-03-31": "23.70010", "2014-12-31": "24.15930", "2014-09-30": "26.79880", "2014-06-30": "26.55620", "2014-03-31": "25.35440", "2013-12-31": "25.42380", "2013-09-30": "23.84480", "2013-06-30": "21.87730", "2013-03-31": "20.59650", "2012-12-31": "19.67580", "2012-09-30": "19.63380", "2012-06-30": "15.36490", "2012-03-31": "14.68780", "2011-12-31": "13.88450", "2011-09-30": "13.88810", "2011-06-30": "13.59410", "2011-03-31": "12.79240", "2010-12-31": "11.51090", "2010-09-30": "12.56160", "2010-06-30": "11.62000", "2010-03-31": "10.84900", "2009-12-31": "10.45110", "2009-09-30": "11.32530", "2009-06-30": "10.84970", "2009-03-31": "10.49450", "2008-12-31": "10.71550", "2008-09-30": "12.55850", "2008-06-30": "13.18310", "2008-03-31": "12.44880", "2007-12-31": "13.06640", "2007-09-30": "12.29860", "2007-06-30": "12.92240", "2007-03-31": "12.52650", "2006-12-31": "12.14530", "2006-09-30": "11.57240", "2006-06-30": "11.27120", "2006-03-31": "10.51410", "2005-12-31": "9.88580", "2005-09-30": "9.80030", "2005-06-30": "9.26350", "2005-03-31": "8.38230"}, "Operating Cash Flow Per Share": {"2020-09-30": 3.2363, "2020-06-30": 3.2073, "2020-03-31": "1.25270", "2019-12-31": 4.8142, "2019-09-30": 3.0472, "2019-06-30": 3.0335, "2019-03-31": "-0.03570", "2018-12-31": 5.1588, "2018-09-30": 2.8057, "2018-06-30": 3.075, "2018-03-31": "-0.24170", "2017-12-31": 4.3931, "2017-09-30": 3.6493, "2017-06-30": 2.9459, "2017-03-31": "0.35330", "2016-12-31": 2.619, "2016-09-30": 3.0537, "2016-06-30": 3.3175, "2016-03-31": "0.34270", "2015-12-31": 3.8318, "2015-09-30": 2.4566, "2015-06-30": 3.9448, "2015-03-31": "0.60790", "2014-12-31": 3.1698, "2014-09-30": 3.7429, "2014-06-30": 2.7672, "2014-03-31": "-0.19610", "2013-12-31": 3.2108, "2013-09-30": 2.7346, "2013-06-30": 2.3102, "2013-03-31": "0.03190", "2012-12-31": 3.1664, "2012-09-30": 2.0265, "2012-06-30": 2.2375, "2012-03-31": "0.13500", "2011-12-31": 2.4505, "2011-09-30": 1.4964, "2011-06-30": 1.4304, "2011-03-31": "-1.00970", "2010-12-31": 1.8645, "2010-09-30": 2.1552, "2010-06-30": 1.4055, "2010-03-31": "-1.53480", "2009-12-31": 0.6193, "2009-09-30": 2.2391, "2009-06-30": 1.7427, "2009-03-31": "0.56240", "2008-12-31": 2.3454, "2008-09-30": 1.4404, "2008-06-30": 0.8449, "2008-03-31": "-0.33460", "2007-12-31": 1.9042, "2007-09-30": 1.8792, "2007-06-30": 0.9671, "2007-03-31": "-0.38820", "2006-12-31": 2.258, "2006-09-30": 0.42, "2006-06-30": 0.7563, "2006-03-31": "0.22560", "2005-12-31": 2.4017, "2005-09-30": 1.0122, "2005-06-30": 0.6508, "2005-03-31": "0.63580"}, "Free Cash Flow Per Share": {"2020-09-30": 2.6368, "2020-06-30": 2.4923, "2020-03-31": "0.52750", "2019-12-31": 3.9807, "2019-09-30": 2.2355, "2019-06-30": 2.3667, "2019-03-31": "-0.79230", "2018-12-31": 4.1744, "2018-09-30": 1.8246, "2018-06-30": 2.2646, "2018-03-31": "-1.12570", "2017-12-31": 3.0571, "2017-09-30": 2.5378, "2017-06-30": 1.9438, "2017-03-31": "-0.54350", "2016-12-31": 1.2073, "2016-09-30": 1.8195, "2016-06-30": 2.7202, "2016-03-31": "-0.35620", "2015-12-31": 2.3231, "2015-09-30": 1.3886, "2015-06-30": 3.0041, "2015-03-31": "-0.20040", "2014-12-31": 1.9593, "2014-09-30": 2.721, "2014-06-30": 1.965, "2014-03-31": "-1.00000", "2013-12-31": 2.0939, "2013-09-30": 1.9332, "2013-06-30": 1.7039, "2013-03-31": "-0.52970", "2012-12-31": 1.8939, "2012-09-30": 1.4215, "2012-06-30": 1.5668, "2012-03-31": "-0.46910", "2011-12-31": 1.5816, "2011-09-30": 0.564, "2011-06-30": -3.6071, "2011-03-31": "2.57260", "2010-12-31": 1.1143, "2010-09-30": 1.7513, "2010-06-30": 1.0659, "2010-03-31": "-1.73260", "2009-12-31": 0.3513, "2009-09-30": 1.7969, "2009-06-30": 1.2592, "2009-03-31": "-0.20580", "2008-12-31": 1.0246, "2008-09-30": 0.4507, "2008-06-30": -0.0513, "2008-03-31": "0.85230", "2007-12-31": 1.8155, "2007-09-30": 0.9548, "2007-06-30": 0.5668, "2007-03-31": "-0.92350", "2006-12-31": 3.4379, "2006-09-30": -0.1925, "2006-06-30": 0.1901, "2006-03-31": "-0.27440", "2005-12-31": 1.9582, "2005-09-30": 0.3902, "2005-06-30": 0.1853, "2005-03-31": "0.30860"}}, "revenue": {"Eastman Chemical Annual Revenue (Millions of US $)": {"2020": "$8,473", "2019": "$9,273", "2018": "$10,151", "2017": "$9,549", "2016": "$9,008", "2015": "$9,648", "2014": "$9,527", "2013": "$9,350", "2012": "$8,102", "2011": "$7,178", "2010": "$5,842", "2009": "$4,396", "2008": "$5,936", "2007": "$6,830", "2006": "$6,779", "2005": "$6,460"}, "Eastman Chemical Quarterly Revenue (Millions of US $)": {"2020-12-31": "$2,186", "2020-09-30": "$2,122", "2020-06-30": "$1,924", "2020-03-31": "$2,241", "2019-12-31": "$2,205", "2019-09-30": "$2,325", "2019-06-30": "$2,363", "2019-03-31": "$2,380", "2018-12-31": "$2,376", "2018-09-30": "$2,547", "2018-06-30": "$2,621", "2018-03-31": "$2,607", "2017-12-31": "$2,362", "2017-09-30": "$2,465", "2017-06-30": "$2,419", "2017-03-31": "$2,303", "2016-12-31": "$2,188", "2016-09-30": "$2,287", "2016-06-30": "$2,297", "2016-03-31": "$2,236", "2015-12-31": "$2,225", "2015-09-30": "$2,447", "2015-06-30": "$2,533", "2015-03-31": "$2,443", "2014-12-31": "$2,349", "2014-09-30": "$2,413", "2014-06-30": "$2,460", "2014-03-31": "$2,305", "2013-12-31": "$2,265", "2013-09-30": "$2,338", "2013-06-30": "$2,440", "2013-03-31": "$2,307", "2012-12-31": "$2,169", "2012-09-30": "$2,259", "2012-06-30": "$1,853", "2012-03-31": "$1,821", "2011-12-31": "$1,723", "2011-09-30": "$1,812", "2011-06-30": "$1,885", "2011-03-31": "$1,758", "2010-12-31": "$1,463", "2010-09-30": "$1,507", "2010-06-30": "$1,502", "2010-03-31": "$1,370", "2009-12-31": "$677", "2009-09-30": "$1,337", "2009-06-30": "$1,253", "2009-03-31": "$1,129", "2008-12-31": "$556", "2008-09-30": "$1,819", "2008-06-30": "$1,834", "2008-03-31": "$1,727", "2007-12-31": "$1,737", "2007-09-30": "$1,692", "2007-06-30": "$1,764", "2007-03-31": "$1,637", "2006-12-31": "$1,081", "2006-09-30": "$1,966", "2006-06-30": "$1,929", "2006-03-31": "$1,803", "2005-12-31": "$1,130", "2005-09-30": "$1,816", "2005-06-30": "$1,752", "2005-03-31": "$1,762"}}, "gross-profit": {"Eastman Chemical Annual Gross Profit (Millions of US $)": {"2020": "$1,975", "2019": "$2,234", "2018": "$2,479", "2017": "$2,363", "2016": "$2,357", "2015": "$2,580", "2014": "$2,221", "2013": "$2,776", "2012": "$1,762", "2011": "$1,569", "2010": "$1,459", "2009": "$1,032", "2008": "$1,084", "2007": "$1,192", "2006": "$1,265", "2005": "$1,360"}, "Eastman Chemical Quarterly Gross Profit (Millions of US $)": {"2020-12-31": "$526", "2020-09-30": "$501", "2020-06-30": "$371", "2020-03-31": "$577", "2019-12-31": "$497", "2019-09-30": "$574", "2019-06-30": "$589", "2019-03-31": "$574", "2018-12-31": "$466", "2018-09-30": "$728", "2018-06-30": "$704", "2018-03-31": "$581", "2017-12-31": "$457", "2017-09-30": "$671", "2017-06-30": "$630", "2017-03-31": "$605", "2016-12-31": "$497", "2016-09-30": "$621", "2016-06-30": "$605", "2016-03-31": "$634", "2015-12-31": "$509", "2015-09-30": "$695", "2015-06-30": "$720", "2015-03-31": "$656", "2014-12-31": "$333", "2014-09-30": "$636", "2014-06-30": "$657", "2014-03-31": "$595", "2013-12-31": "$794", "2013-09-30": "$689", "2013-06-30": "$677", "2013-03-31": "$616", "2012-12-31": "$325", "2012-09-30": "$525", "2012-06-30": "$481", "2012-03-31": "$431", "2011-12-31": "$204", "2011-09-30": "$433", "2011-06-30": "$474", "2011-03-31": "$458", "2010-12-31": "$336", "2010-09-30": "$422", "2010-06-30": "$384", "2010-03-31": "$317", "2009-12-31": "$265", "2009-09-30": "$328", "2009-06-30": "$260", "2009-03-31": "$179", "2008-12-31": "$104", "2008-09-30": "$322", "2008-06-30": "$321", "2008-03-31": "$337", "2007-12-31": "$290", "2007-09-30": "$307", "2007-06-30": "$309", "2007-03-31": "$286", "2006-12-31": "$268", "2006-09-30": "$316", "2006-06-30": "$350", "2006-03-31": "$331", "2005-12-31": "$235", "2005-09-30": "$352", "2005-06-30": "$374", "2005-03-31": "$399"}}, "operating-income": {"Eastman Chemical Annual Operating Income (Millions of US $)": {"2020": "$749", "2019": "$1,120", "2018": "$1,552", "2017": "$1,530", "2016": "$1,389", "2015": "$1,384", "2014": "$1,162", "2013": "$1,862", "2012": "$800", "2011": "$937", "2010": "$844", "2009": "$345", "2008": "$551", "2007": "$504", "2006": "$654", "2005": "$740"}, "Eastman Chemical Quarterly Operating Income (Millions of US $)": {"2020-12-31": "$74", "2020-09-30": "$243", "2020-06-30": "$53", "2020-03-31": "$372", "2019-12-31": "$65", "2019-09-30": "$367", "2019-06-30": "$370", "2019-03-31": "$318", "2018-12-31": "$185", "2018-09-30": "$523", "2018-06-30": "$481", "2018-03-31": "$363", "2017-12-31": "$252", "2017-09-30": "$460", "2017-06-30": "$421", "2017-03-31": "$397", "2016-12-31": "$258", "2016-09-30": "$356", "2016-06-30": "$376", "2016-03-31": "$399", "2015-12-31": "$172", "2015-09-30": "$432", "2015-06-30": "$469", "2015-03-31": "$311", "2014-12-31": "$27", "2014-09-30": "$338", "2014-06-30": "$436", "2014-03-31": "$361", "2013-12-31": "$562", "2013-09-30": "$479", "2013-06-30": "$428", "2013-03-31": "$393", "2012-12-31": "$-44", "2012-09-30": "$263", "2012-06-30": "$317", "2012-03-31": "$264", "2011-12-31": "$19", "2011-09-30": "$271", "2011-06-30": "$333", "2011-03-31": "$314", "2010-12-31": "$143", "2010-09-30": "$266", "2010-06-30": "$246", "2010-03-31": "$189", "2009-12-31": "$-2", "2009-09-30": "$191", "2009-06-30": "$131", "2009-03-31": "$25", "2008-12-31": "$37", "2008-09-30": "$174", "2008-06-30": "$172", "2008-03-31": "$168", "2007-12-31": "$144", "2007-09-30": "$46", "2007-06-30": "$160", "2007-03-31": "$154", "2006-12-31": "$122", "2006-09-30": "$158", "2006-06-30": "$190", "2006-03-31": "$184", "2005-12-31": "$95", "2005-09-30": "$198", "2005-06-30": "$203", "2005-03-31": "$244"}}, "ebitda": {"Eastman Chemical Annual EBITDA (Millions of US $)": {"2019": "$1,731", "2018": "$2,156", "2017": "$2,117", "2016": "$1,969", "2015": "$1,955", "2014": "$1,612", "2013": "$2,295", "2012": "$1,160", "2011": "$1,210", "2010": "$1,124", "2009": "$619", "2008": "$818", "2007": "$831", "2006": "$962", "2005": "$1,044"}, "Eastman Chemical Quarterly EBITDA (Millions of US $)": {"2020-09-30": "$392", "2020-06-30": "$194", "2020-03-31": "$511", "2019-12-31": "$214", "2019-09-30": "$518", "2019-06-30": "$526", "2019-03-31": "$473", "2018-12-31": "$338", "2018-09-30": "$674", "2018-06-30": "$629", "2018-03-31": "$515", "2017-12-31": "$399", "2017-09-30": "$608", "2017-06-30": "$568", "2017-03-31": "$542", "2016-12-31": "$402", "2016-09-30": "$501", "2016-06-30": "$520", "2016-03-31": "$546", "2015-12-31": "$314", "2015-09-30": "$574", "2015-06-30": "$611", "2015-03-31": "$456", "2014-12-31": "$149", "2014-09-30": "$449", "2014-06-30": "$546", "2014-03-31": "$468", "2013-12-31": "$669", "2013-09-30": "$587", "2013-06-30": "$536", "2013-03-31": "$503", "2012-12-31": "$64", "2012-09-30": "$375", "2012-06-30": "$388", "2012-03-31": "$333", "2011-12-31": "$88", "2011-09-30": "$340", "2011-06-30": "$400", "2011-03-31": "$382", "2010-12-31": "$211", "2010-09-30": "$339", "2010-06-30": "$316", "2010-03-31": "$258", "2009-12-31": "$69", "2009-09-30": "$260", "2009-06-30": "$198", "2009-03-31": "$92", "2008-12-31": "$105", "2008-09-30": "$241", "2008-06-30": "$239", "2008-03-31": "$233", "2007-12-31": "$224", "2007-09-30": "$124", "2007-06-30": "$245", "2007-03-31": "$238", "2006-12-31": "$204", "2006-09-30": "$234", "2006-06-30": "$266", "2006-03-31": "$258", "2005-12-31": "$170", "2005-09-30": "$274", "2005-06-30": "$280", "2005-03-31": "$320"}}, "net-income": {"Eastman Chemical Annual Net Income (Millions of US $)": {"2020": "$478", "2019": "$759", "2018": "$1,080", "2017": "$1,384", "2016": "$854", "2015": "$848", "2014": "$751", "2013": "$1,165", "2012": "$437", "2011": "$646", "2010": "$425", "2009": "$136", "2008": "$346", "2007": "$300", "2006": "$409", "2005": "$557"}, "Eastman Chemical Quarterly Net Income (Millions of US $)": {"2020-12-31": "$32", "2020-09-30": "$161", "2020-06-30": "$27", "2020-03-31": "$258", "2019-12-31": "$26", "2019-09-30": "$266", "2019-06-30": "$258", "2019-03-31": "$209", "2018-12-31": "$34", "2018-09-30": "$412", "2018-06-30": "$344", "2018-03-31": "$290", "2017-12-31": "$491", "2017-09-30": "$323", "2017-06-30": "$292", "2017-03-31": "$278", "2016-12-31": "$116", "2016-09-30": "$232", "2016-06-30": "$255", "2016-03-31": "$251", "2015-12-31": "$124", "2015-09-30": "$256", "2015-06-30": "$297", "2015-03-31": "$171", "2014-12-31": "$16", "2014-09-30": "$210", "2014-06-30": "$292", "2014-03-31": "$233", "2013-12-31": "$346", "2013-09-30": "$308", "2013-06-30": "$264", "2013-03-31": "$247", "2012-12-31": "$-54", "2012-09-30": "$154", "2012-06-30": "$179", "2012-03-31": "$158", "2011-12-31": "$12", "2011-09-30": "$174", "2011-06-30": "$220", "2011-03-31": "$240", "2010-12-31": "$6", "2010-09-30": "$170", "2010-06-30": "$148", "2010-03-31": "$101", "2009-12-31": "$-32", "2009-09-30": "$101", "2009-06-30": "$65", "2009-03-31": "$2", "2008-12-31": "$-2", "2008-09-30": "$100", "2008-06-30": "$115", "2008-03-31": "$133", "2007-12-31": "$98", "2007-09-30": "$20", "2007-06-30": "$105", "2007-03-31": "$77", "2006-12-31": "$95", "2006-09-30": "$95", "2006-06-30": "$114", "2006-03-31": "$105", "2005-12-31": "$66", "2005-09-30": "$123", "2005-06-30": "$206", "2005-03-31": "$162"}}, "eps-earnings-per-share-diluted": {"Eastman Chemical Annual EPS": {"2020": "$3.50", "2019": "$5.48", "2018": "$7.56", "2017": "$9.47", "2016": "$5.75", "2015": "$5.66", "2014": "$4.97", "2013": "$7.44", "2012": "$2.93", "2011": "$4.52", "2010": "$2.88", "2009": "$0.93", "2008": "$2.28", "2007": "$1.79", "2006": "$2.46", "2005": "$3.41"}, "Eastman Chemical Quarterly EPS": {"2020-12-31": "$0.23", "2020-09-30": "$1.18", "2020-06-30": "$0.20", "2020-03-31": "$1.89", "2019-12-31": "$0.21", "2019-09-30": "$1.93", "2019-06-30": "$1.85", "2019-03-31": "$1.49", "2018-12-31": "$0.28", "2018-09-30": "$2.89", "2018-06-30": "$2.39", "2018-03-31": "$2.00", "2017-12-31": "$3.36", "2017-09-30": "$2.22", "2017-06-30": "$2.00", "2017-03-31": "$1.89", "2016-12-31": "$0.79", "2016-09-30": "$1.56", "2016-06-30": "$1.71", "2016-03-31": "$1.69", "2015-12-31": "$0.83", "2015-09-30": "$1.71", "2015-06-30": "$1.98", "2015-03-31": "$1.14", "2014-12-31": "$0.13", "2014-09-30": "$1.39", "2014-06-30": "$1.93", "2014-03-31": "$1.52", "2013-12-31": "$2.21", "2013-09-30": "$1.97", "2013-06-30": "$1.69", "2013-03-31": "$1.57", "2012-12-31": "$-0.45", "2012-09-30": "$0.99", "2012-06-30": "$1.27", "2012-03-31": "$1.12", "2011-12-31": "$0.13", "2011-09-30": "$1.22", "2011-06-30": "$1.51", "2011-03-31": "$1.66", "2010-12-31": "$0.03", "2010-09-30": "$1.16", "2010-06-30": "$1.01", "2010-03-31": "$0.69", "2009-12-31": "$-0.22", "2009-09-30": "$0.69", "2009-06-30": "$0.45", "2009-03-31": "$0.02", "2008-12-31": "$0.03", "2008-09-30": "$0.67", "2008-06-30": "$0.74", "2008-03-31": "$0.84", "2007-12-31": "$0.61", "2007-09-30": "$0.12", "2007-06-30": "$0.61", "2007-03-31": "$0.46", "2006-12-31": "$0.56", "2006-09-30": "$0.58", "2006-06-30": "$0.69", "2006-03-31": "$0.64", "2005-12-31": "$0.40", "2005-09-30": "$0.75", "2005-06-30": "$1.26", "2005-03-31": "$1.00"}}, "shares-outstanding": {"Eastman Chemical Annual Shares Outstanding (Millions of Shares)": {"2020": "137", "2019": "139", "2018": "143", "2017": "146", "2016": "148", "2015": "150", "2014": "151", "2013": "157", "2012": "149", "2011": "143", "2010": "148", "2009": "147", "2008": "152", "2007": "168", "2006": "166", "2005": "164"}, "Eastman Chemical Quarterly Shares Outstanding (Millions of Shares)": {"2020-12-31": "137", "2020-09-30": "136", "2020-06-30": "136", "2020-03-31": "137", "2019-12-31": "139", "2019-09-30": "138", "2019-06-30": "139", "2019-03-31": "140", "2018-12-31": "143", "2018-09-30": "142", "2018-06-30": "144", "2018-03-31": "145", "2017-12-31": "146", "2017-09-30": "146", "2017-06-30": "146", "2017-03-31": "147", "2016-12-31": "148", "2016-09-30": "148", "2016-06-30": "149", "2016-03-31": "149", "2015-12-31": "150", "2015-09-30": "150", "2015-06-30": "150", "2015-03-31": "150", "2014-12-31": "151", "2014-09-30": "150", "2014-06-30": "151", "2014-03-31": "153", "2013-12-31": "157", "2013-09-30": "156", "2013-06-30": "157", "2013-03-31": "157", "2012-12-31": "149", "2012-09-30": "156", "2012-06-30": "141", "2012-03-31": "141", "2011-12-31": "143", "2011-09-30": "142", "2011-06-30": "145", "2011-03-31": "145", "2010-12-31": "148", "2010-09-30": "147", "2010-06-30": "147", "2010-03-31": "147", "2009-12-31": "147", "2009-09-30": "147", "2009-06-30": "146", "2009-03-31": "146", "2008-12-31": "152", "2008-09-30": "150", "2008-06-30": "155", "2008-03-31": "158", "2007-12-31": "168", "2007-09-30": "167", "2007-06-30": "171", "2007-03-31": "170", "2006-12-31": "166", "2006-09-30": "166", "2006-06-30": "166", "2006-03-31": "164", "2005-12-31": "164", "2005-09-30": "164", "2005-06-30": "164", "2005-03-31": "162"}}, "total-assets": {"Eastman Chemical Annual Total Assets (Millions of US $)": {"2019": "$16,008", "2018": "$15,995", "2017": "$15,999", "2016": "$15,457", "2015": "$15,580", "2014": "$16,072", "2013": "$11,845", "2012": "$11,710", "2011": "$6,184", "2010": "$5,986", "2009": "$5,515", "2008": "$5,281", "2007": "$6,009", "2006": "$6,132", "2005": "$5,773"}, "Eastman Chemical Quarterly Total Assets (Millions of US $)": {"2020-09-30": "$16,009", "2020-06-30": "$15,973", "2020-03-31": "$16,465", "2019-12-31": "$16,008", "2019-09-30": "$16,137", "2019-06-30": "$16,256", "2019-03-31": "$16,361", "2018-12-31": "$15,995", "2018-09-30": "$16,362", "2018-06-30": "$16,260", "2018-03-31": "$16,366", "2017-12-31": "$15,999", "2017-09-30": "$16,024", "2017-06-30": "$15,964", "2017-03-31": "$15,755", "2016-12-31": "$15,457", "2016-09-30": "$15,489", "2016-06-30": "$15,582", "2016-03-31": "$15,616", "2015-12-31": "$15,580", "2015-09-30": "$15,880", "2015-06-30": "$15,886", "2015-03-31": "$15,834", "2014-12-31": "$16,072", "2014-09-30": "$12,135", "2014-06-30": "$12,238", "2014-03-31": "$11,947", "2013-12-31": "$11,845", "2013-09-30": "$11,727", "2013-06-30": "$11,762", "2013-03-31": "$11,687", "2012-12-31": "$11,710", "2012-09-30": "$11,645", "2012-06-30": "$8,566", "2012-03-31": "$6,191", "2011-12-31": "$6,184", "2011-09-30": "$6,183", "2011-06-30": "$6,114", "2011-03-31": "$6,009", "2010-12-31": "$5,986", "2010-09-30": "$5,989", "2010-06-30": "$5,799", "2010-03-31": "$5,648", "2009-12-31": "$5,515", "2009-09-30": "$5,554", "2009-06-30": "$5,356", "2009-03-31": "$5,197", "2008-12-31": "$5,281", "2008-09-30": "$5,529", "2008-06-30": "$5,830", "2008-03-31": "$5,806", "2007-12-31": "$6,009", "2007-09-30": "$5,945", "2007-06-30": "$6,240", "2007-03-31": "$6,116", "2006-12-31": "$6,132", "2006-09-30": "$6,066", "2006-06-30": "$6,002", "2006-03-31": "$5,782", "2005-12-31": "$5,773", "2005-09-30": "$5,571", "2005-06-30": "$5,569", "2005-03-31": "$5,999"}}, "cash-on-hand": {"Eastman Chemical Annual Cash on Hand (Millions of US $)": {"2019": "$204", "2018": "$226", "2017": "$191", "2016": "$181", "2015": "$293", "2014": "$214", "2013": "$237", "2012": "$249", "2011": "$777", "2010": "$516", "2009": "$793", "2008": "$387", "2007": "$888", "2006": "$939", "2005": "$524"}, "Eastman Chemical Quarterly Cash on Hand (Millions of US $)": {"2020-09-30": "$650", "2020-06-30": "$704", "2020-03-31": "$680", "2019-12-31": "$204", "2019-09-30": "$207", "2019-06-30": "$186", "2019-03-31": "$195", "2018-12-31": "$226", "2018-09-30": "$193", "2018-06-30": "$193", "2018-03-31": "$194", "2017-12-31": "$191", "2017-09-30": "$195", "2017-06-30": "$222", "2017-03-31": "$197", "2016-12-31": "$181", "2016-09-30": "$207", "2016-06-30": "$240", "2016-03-31": "$202", "2015-12-31": "$293", "2015-09-30": "$309", "2015-06-30": "$268", "2015-03-31": "$196", "2014-12-31": "$214", "2014-09-30": "$212", "2014-06-30": "$175", "2014-03-31": "$185", "2013-12-31": "$237", "2013-09-30": "$222", "2013-06-30": "$234", "2013-03-31": "$178", "2012-12-31": "$249", "2012-09-30": "$237", "2012-06-30": "$3,000", "2012-03-31": "$649", "2011-12-31": "$777", "2011-09-30": "$649", "2011-06-30": "$834", "2011-03-31": "$840", "2010-12-31": "$516", "2010-09-30": "$642", "2010-06-30": "$435", "2010-03-31": "$483", "2009-12-31": "$793", "2009-09-30": "$668", "2009-06-30": "$450", "2009-03-31": "$340", "2008-12-31": "$387", "2008-09-30": "$337", "2008-06-30": "$562", "2008-03-31": "$793", "2007-12-31": "$888", "2007-09-30": "$781", "2007-06-30": "$891", "2007-03-31": "$833", "2006-12-31": "$939", "2006-09-30": "$430", "2006-06-30": "$497", "2006-03-31": "$485", "2005-12-31": "$524", "2005-09-30": "$286", "2005-06-30": "$241", "2005-03-31": "$393"}}, "long-term-debt": {"Eastman Chemical Annual Long Term Debt (Millions of US $)": {"2019": "$5,611", "2018": "$5,925", "2017": "$6,147", "2016": "$6,311", "2015": "$6,577", "2014": "$7,248", "2013": "$4,254", "2012": "$4,779", "2011": "$1,445", "2010": "$1,598", "2009": "$1,604", "2008": "$1,442", "2007": "$1,535", "2006": "$1,589", "2005": "$1,621"}, "Eastman Chemical Quarterly Long Term Debt (Millions of US $)": {"2020-09-30": "$5,495", "2020-06-30": "$5,431", "2020-03-31": "$5,399", "2019-12-31": "$5,611", "2019-09-30": "$5,567", "2019-06-30": "$5,624", "2019-03-31": "$5,602", "2018-12-31": "$5,925", "2018-09-30": "$5,898", "2018-06-30": "$6,033", "2018-03-31": "$6,311", "2017-12-31": "$6,147", "2017-09-30": "$6,325", "2017-06-30": "$6,669", "2017-03-31": "$6,578", "2016-12-31": "$6,311", "2016-09-30": "$5,933", "2016-06-30": "$6,082", "2016-03-31": "$6,565", "2015-12-31": "$6,577", "2015-09-30": "$7,029", "2015-06-30": "$7,072", "2015-03-31": "$7,293", "2014-12-31": "$7,248", "2014-09-30": "$4,563", "2014-06-30": "$4,773", "2014-03-31": "$4,635", "2013-12-31": "$4,254", "2013-09-30": "$4,429", "2013-06-30": "$4,679", "2013-03-31": "$4,779", "2012-12-31": "$4,779", "2012-09-30": "$4,865", "2012-06-30": "$3,830", "2012-03-31": "$1,444", "2011-12-31": "$1,445", "2011-09-30": "$1,445", "2011-06-30": "$1,446", "2011-03-31": "$1,596", "2010-12-31": "$1,598", "2010-09-30": "$1,602", "2010-06-30": "$1,605", "2010-03-31": "$1,603", "2009-12-31": "$1,604", "2009-09-30": "$1,440", "2009-06-30": "$1,440", "2009-03-31": "$1,437", "2008-12-31": "$1,442", "2008-09-30": "$1,436", "2008-06-30": "$1,440", "2008-03-31": "$1,557", "2007-12-31": "$1,535", "2007-09-30": "$1,522", "2007-06-30": "$1,507", "2007-03-31": "$1,595", "2006-12-31": "$1,589", "2006-09-30": "$1,586", "2006-06-30": "$1,581", "2006-03-31": "$1,587", "2005-12-31": "$1,621", "2005-09-30": "$1,436", "2005-06-30": "$1,449", "2005-03-31": "$2,055"}}, "total-liabilities": {"Eastman Chemical Annual Total Liabilities (Millions of US $)": {"2019": "$9,976", "2018": "$10,117", "2017": "$10,519", "2016": "$10,849", "2015": "$11,559", "2014": "$12,482", "2013": "$7,970", "2012": "$8,682", "2011": "$4,283", "2010": "$4,359", "2009": "$4,002", "2008": "$3,728", "2007": "$3,927", "2006": "$4,103", "2005": "$4,161"}, "Eastman Chemical Quarterly Total Liabilities (Millions of US $)": {"2020-09-30": "$9,853", "2020-06-30": "$9,875", "2020-03-31": "$10,273", "2019-12-31": "$9,976", "2019-09-30": "$10,040", "2019-06-30": "$10,310", "2019-03-31": "$10,442", "2018-12-31": "$10,117", "2018-09-30": "$10,367", "2018-06-30": "$10,486", "2018-03-31": "$10,746", "2017-12-31": "$10,519", "2017-09-30": "$10,925", "2017-06-30": "$11,074", "2017-03-31": "$11,028", "2016-12-31": "$10,849", "2016-09-30": "$10,973", "2016-06-30": "$11,129", "2016-03-31": "$11,331", "2015-12-31": "$11,559", "2015-09-30": "$11,924", "2015-06-30": "$12,041", "2015-03-31": "$12,312", "2014-12-31": "$12,482", "2014-09-30": "$8,156", "2014-06-30": "$8,279", "2014-03-31": "$8,139", "2013-12-31": "$7,970", "2013-09-30": "$8,058", "2013-06-30": "$8,389", "2013-03-31": "$8,499", "2012-12-31": "$8,682", "2012-09-30": "$8,635", "2012-06-30": "$6,443", "2012-03-31": "$4,166", "2011-12-31": "$4,283", "2011-09-30": "$4,274", "2011-06-30": "$4,207", "2011-03-31": "$4,192", "2010-12-31": "$4,359", "2010-09-30": "$4,179", "2010-06-30": "$4,122", "2010-03-31": "$4,079", "2009-12-31": "$4,002", "2009-09-30": "$3,909", "2009-06-30": "$3,781", "2009-03-31": "$3,674", "2008-12-31": "$3,728", "2008-09-30": "$3,709", "2008-06-30": "$3,818", "2008-03-31": "$3,910", "2007-12-31": "$3,927", "2007-09-30": "$3,954", "2007-06-30": "$4,070", "2007-03-31": "$4,011", "2006-12-31": "$4,103", "2006-09-30": "$4,164", "2006-06-30": "$4,150", "2006-03-31": "$4,065", "2005-12-31": "$4,161", "2005-09-30": "$3,976", "2005-06-30": "$4,062", "2005-03-31": "$4,654"}}, "total-share-holder-equity": {"Eastman Chemical Annual Share Holder Equity (Millions of US $)": {"2019": "$6,032", "2018": "$5,878", "2017": "$5,480", "2016": "$4,608", "2015": "$4,021", "2014": "$3,590", "2013": "$3,875", "2012": "$3,028", "2011": "$1,901", "2010": "$1,627", "2009": "$1,513", "2008": "$1,553", "2007": "$2,082", "2006": "$2,029", "2005": "$1,612"}, "Eastman Chemical Quarterly Share Holder Equity (Millions of US $)": {"2020-09-30": "$6,156", "2020-06-30": "$6,098", "2020-03-31": "$6,192", "2019-12-31": "$6,032", "2019-09-30": "$6,097", "2019-06-30": "$5,946", "2019-03-31": "$5,919", "2018-12-31": "$5,878", "2018-09-30": "$5,995", "2018-06-30": "$5,774", "2018-03-31": "$5,620", "2017-12-31": "$5,480", "2017-09-30": "$5,099", "2017-06-30": "$4,890", "2017-03-31": "$4,727", "2016-12-31": "$4,608", "2016-09-30": "$4,516", "2016-06-30": "$4,453", "2016-03-31": "$4,285", "2015-12-31": "$4,021", "2015-09-30": "$3,956", "2015-06-30": "$3,845", "2015-03-31": "$3,522", "2014-12-31": "$3,590", "2014-09-30": "$3,979", "2014-06-30": "$3,959", "2014-03-31": "$3,808", "2013-12-31": "$3,875", "2013-09-30": "$3,669", "2013-06-30": "$3,373", "2013-03-31": "$3,188", "2012-12-31": "$3,028", "2012-09-30": "$3,010", "2012-06-30": "$2,123", "2012-03-31": "$2,025", "2011-12-31": "$1,901", "2011-09-30": "$1,909", "2011-06-30": "$1,907", "2011-03-31": "$1,817", "2010-12-31": "$1,627", "2010-09-30": "$1,810", "2010-06-30": "$1,677", "2010-03-31": "$1,569", "2009-12-31": "$1,513", "2009-09-30": "$1,645", "2009-06-30": "$1,575", "2009-03-31": "$1,523", "2008-12-31": "$1,553", "2008-09-30": "$1,820", "2008-06-30": "$2,012", "2008-03-31": "$1,896", "2007-12-31": "$2,082", "2007-09-30": "$1,991", "2007-06-30": "$2,170", "2007-03-31": "$2,105", "2006-12-31": "$2,029", "2006-09-30": "$1,902", "2006-06-30": "$1,852", "2006-03-31": "$1,717", "2005-12-31": "$1,612", "2005-09-30": "$1,595", "2005-06-30": "$1,507", "2005-03-31": "$1,345"}}, "profit-margins": {"current": "5.64%"}, "gross margin": {"2020-12-31": "23.31%", "2020-09-30": "22.92%", "2020-06-30": "23.22%", "2020-03-31": "24.49%", "2019-12-31": "24.09%", "2019-09-30": "23.33%", "2019-06-30": "24.38%", "2019-03-31": "24.91%", "2018-12-31": "24.42%", "2018-09-30": "24.37%", "2018-06-30": "24.00%", "2018-03-31": "23.74%", "2017-12-31": "24.75%", "2017-09-30": "25.63%", "2017-06-30": "25.58%", "2017-03-31": "25.65%", "2016-12-31": "26.17%", "2016-09-30": "26.19%", "2016-06-30": "26.54%", "2016-03-31": "27.09%", "2015-12-31": "26.74%", "2015-09-30": "24.60%", "2015-06-30": "24.08%", "2015-03-31": "23.61%", "2014-12-31": "23.31%", "2014-09-30": "28.40%", "2014-06-30": "29.20%", "2014-03-31": "29.47%", "2013-12-31": "29.69%", "2013-09-30": "24.93%", "2013-06-30": "23.36%", "2013-03-31": "22.67%", "2012-12-31": "21.75%", "2012-09-30": "21.43%", "2012-06-30": "21.49%", "2012-03-31": "21.30%", "2011-12-31": "21.86%", "2011-09-30": "24.59%", "2011-06-30": "25.56%", "2011-03-31": "25.68%", "2010-12-31": "24.97%", "2010-09-30": "27.45%", "2010-06-30": "26.48%", "2010-03-31": "25.23%", "2009-12-31": "23.48%", "2009-09-30": "20.37%", "2009-06-30": "18.18%", "2009-03-31": "17.35%", "2008-12-31": "18.26%", "2008-09-30": "17.84%", "2008-06-30": "17.95%", "2008-03-31": "17.96%", "2007-12-31": "17.45%", "2007-09-30": "18.95%", "2007-06-30": "18.28%", "2007-03-31": "18.45%", "2006-12-31": "18.66%", "2006-09-30": "18.04%", "2006-06-30": "18.99%", "2006-03-31": "19.87%", "2005-12-31": "21.05%"}, "operating margin": {"2020-12-31": "8.76%", "2020-09-30": "8.63%", "2020-06-30": "9.86%", "2020-03-31": "12.85%", "2019-12-31": "12.08%", "2019-09-30": "13.13%", "2019-06-30": "14.44%", "2019-03-31": "15.19%", "2018-12-31": "15.29%", "2018-09-30": "15.97%", "2018-06-30": "15.47%", "2018-03-31": "15.18%", "2017-12-31": "16.02%", "2017-09-30": "16.38%", "2017-06-30": "15.57%", "2017-03-31": "15.28%", "2016-12-31": "15.42%", "2016-09-30": "14.41%", "2016-06-30": "14.98%", "2016-03-31": "15.59%", "2015-12-31": "14.34%", "2015-09-30": "12.68%", "2015-06-30": "11.76%", "2015-03-31": "11.51%", "2014-12-31": "12.20%", "2014-09-30": "17.97%", "2014-06-30": "19.62%", "2014-03-31": "19.58%", "2013-12-31": "19.91%", "2013-09-30": "13.57%", "2013-06-30": "11.34%", "2013-03-31": "10.82%", "2012-12-31": "9.87%", "2012-09-30": "11.27%", "2012-06-30": "12.08%", "2012-03-31": "12.25%", "2011-12-31": "13.05%", "2011-09-30": "15.34%", "2011-06-30": "15.97%", "2011-03-31": "15.55%", "2010-12-31": "14.45%", "2010-09-30": "13.83%", "2010-06-30": "12.77%", "2010-03-31": "10.98%", "2009-12-31": "7.85%", "2009-09-30": "8.98%", "2009-06-30": "7.71%", "2009-03-31": "7.64%", "2008-12-31": "9.28%", "2008-09-30": "9.25%", "2008-06-30": "7.58%", "2008-03-31": "7.49%", "2007-12-31": "7.38%", "2007-09-30": "7.81%", "2007-06-30": "9.21%", "2007-03-31": "9.44%", "2006-12-31": "9.65%", "2006-09-30": "9.18%", "2006-06-30": "9.99%", "2006-03-31": "10.46%", "2005-12-31": "11.46%"}, "ebitda margin": {"2020-09-30": "15.44%", "2020-06-30": "16.53%", "2020-03-31": "19.37%", "2019-12-31": "18.67%", "2019-09-30": "19.64%", "2019-06-30": "20.80%", "2019-03-31": "21.30%", "2018-12-31": "21.24%", "2018-09-30": "21.87%", "2018-06-30": "21.39%", "2018-03-31": "21.21%", "2017-12-31": "22.17%", "2017-09-30": "22.61%", "2017-06-30": "21.89%", "2017-03-31": "21.65%", "2016-12-31": "21.86%", "2016-09-30": "20.80%", "2016-06-30": "21.23%", "2016-03-31": "21.66%", "2015-12-31": "20.26%", "2015-09-30": "18.32%", "2015-06-30": "17.10%", "2015-03-31": "16.55%", "2014-12-31": "16.92%", "2014-09-30": "22.58%", "2014-06-30": "24.23%", "2014-03-31": "24.18%", "2013-12-31": "24.55%", "2013-09-30": "18.26%", "2013-06-30": "16.11%", "2013-03-31": "15.49%", "2012-12-31": "14.32%", "2012-09-30": "15.46%", "2012-06-30": "15.94%", "2012-03-31": "16.03%", "2011-12-31": "16.86%", "2011-09-30": "19.27%", "2011-06-30": "20.14%", "2011-03-31": "20.03%", "2010-12-31": "19.24%", "2010-09-30": "19.42%", "2010-06-30": "18.48%", "2010-03-31": "16.93%", "2009-12-31": "14.08%", "2009-09-30": "15.32%", "2009-06-30": "13.37%", "2009-03-31": "12.68%", "2008-12-31": "13.78%", "2008-09-30": "13.17%", "2008-06-30": "11.73%", "2008-03-31": "11.94%", "2007-12-31": "12.17%", "2007-09-30": "13.14%", "2007-06-30": "14.28%", "2007-03-31": "14.24%", "2006-12-31": "14.19%", "2006-09-30": "13.59%", "2006-06-30": "14.50%", "2006-03-31": "15.11%", "2005-12-31": "16.16%"}, "pre tax profit margin": {"2020-12-31": "6.26%", "2020-09-30": "6.05%", "2020-06-30": "7.33%", "2020-03-31": "10.44%", "2019-12-31": "9.73%", "2019-09-30": "10.21%", "2019-06-30": "11.48%", "2019-03-31": "12.33%", "2018-12-31": "12.91%", "2018-09-30": "14.06%", "2018-06-30": "13.62%", "2018-03-31": "13.17%", "2017-12-31": "13.50%", "2017-09-30": "12.97%", "2017-06-30": "11.98%", "2017-03-31": "11.76%", "2016-12-31": "11.65%", "2016-09-30": "11.64%", "2016-06-30": "12.13%", "2016-03-31": "12.67%", "2015-12-31": "11.70%", "2015-09-30": "10.06%", "2015-06-30": "9.53%", "2015-03-31": "9.56%", "2014-12-31": "10.39%", "2014-09-30": "16.28%", "2014-06-30": "17.86%", "2014-03-31": "17.72%", "2013-12-31": "17.96%", "2013-09-30": "11.62%", "2013-06-30": "9.40%", "2013-03-31": "8.72%", "2012-12-31": "8.01%", "2012-09-30": "9.68%", "2012-06-30": "10.74%", "2012-03-31": "11.39%", "2011-12-31": "12.27%", "2011-09-30": "12.72%", "2011-06-30": "13.16%", "2011-03-31": "12.26%", "2010-12-31": "10.61%", "2010-09-30": "11.69%", "2010-06-30": "10.58%", "2010-03-31": "8.82%", "2009-12-31": "5.78%", "2009-09-30": "6.67%", "2009-06-30": "5.53%", "2009-03-31": "5.81%", "2008-12-31": "7.77%", "2008-09-30": "8.33%", "2008-06-30": "6.94%", "2008-03-31": "6.98%", "2007-12-31": "6.88%", "2007-09-30": "7.34%", "2007-06-30": "8.51%", "2007-03-31": "8.60%", "2006-12-31": "8.76%", "2006-09-30": "7.86%", "2006-06-30": "8.66%", "2006-03-31": "10.94%", "2005-12-31": "11.81%"}, "net profit margin": {"2020-12-31": "5.64%", "2020-09-30": "5.56%", "2020-06-30": "6.64%", "2020-03-31": "8.85%", "2019-12-31": "8.19%", "2019-09-30": "8.12%", "2019-06-30": "9.45%", "2019-03-31": "10.07%", "2018-12-31": "10.64%", "2018-09-30": "15.16%", "2018-06-30": "14.40%", "2018-03-31": "14.17%", "2017-12-31": "14.49%", "2017-09-30": "10.76%", "2017-06-30": "9.98%", "2017-03-31": "9.71%", "2016-12-31": "9.48%", "2016-09-30": "9.53%", "2016-06-30": "9.63%", "2016-03-31": "9.83%", "2015-12-31": "8.79%", "2015-09-30": "7.57%", "2015-06-30": "7.13%", "2015-03-31": "7.13%", "2014-12-31": "7.88%", "2014-09-30": "11.45%", "2014-06-30": "12.59%", "2014-03-31": "12.31%", "2013-12-31": "12.46%", "2013-09-30": "8.27%", "2013-06-30": "6.66%", "2013-03-31": "6.12%", "2012-12-31": "5.39%", "2012-09-30": "6.57%", "2012-06-30": "7.25%", "2012-03-31": "7.79%", "2011-12-31": "9.00%", "2011-09-30": "9.25%", "2011-06-30": "9.62%", "2011-03-31": "9.05%", "2010-12-31": "7.27%", "2010-09-30": "7.65%", "2010-06-30": "6.51%", "2010-03-31": "5.07%", "2009-12-31": "3.09%", "2009-09-30": "3.88%", "2009-06-30": "3.47%", "2009-03-31": "4.03%", "2008-12-31": "5.83%", "2008-09-30": "6.27%", "2008-06-30": "5.24%", "2008-03-31": "5.14%", "2007-12-31": "4.39%", "2007-09-30": "4.81%", "2007-06-30": "5.77%", "2007-03-31": "5.76%", "2006-12-31": "6.03%", "2006-09-30": "5.57%", "2006-06-30": "6.11%", "2006-03-31": "7.69%", "2005-12-31": "8.62%"}, "pe ratio": {"current": "17.27", "2021-02-11": "32.56", "2020-12-31": "30.67", "2020-09-30": "22.42", "2020-06-30": "16.30", "2020-03-31": "7.76", "2019-12-31": "13.97", "2019-09-30": "12.78", "2019-06-30": "11.38", "2019-03-31": "10.16", "2018-12-31": "9.05", "2018-09-30": "7.83", "2018-06-30": "8.64", "2018-03-31": "9.42", "2017-12-31": "8.31", "2017-09-30": "11.70", "2017-06-30": "11.92", "2017-03-31": "11.95", "2016-12-31": "11.43", "2016-09-30": "10.29", "2016-06-30": "9.99", "2016-03-31": "10.10", "2015-12-31": "10.29", "2015-09-30": "11.23", "2015-06-30": "15.10", "2015-03-31": "12.85", "2014-12-31": "12.92", "2014-09-30": "9.61", "2014-06-30": "9.55", "2014-03-31": "9.69", "2013-12-31": "8.98", "2013-09-30": "13.16", "2013-06-30": "14.75", "2013-03-31": "16.42", "2012-12-31": "18.30", "2012-09-30": "11.30", "2012-06-30": "9.54", "2012-03-31": "9.33", "2011-12-31": "6.44", "2011-09-30": "6.38", "2011-06-30": "9.42", "2011-03-31": "10.19", "2010-12-31": "10.98", "2010-09-30": "10.86", "2010-06-30": "9.49", "2010-03-31": "15.21", "2009-12-31": "24.58", "2009-09-30": "17.77", "2009-06-30": "12.76", "2009-03-31": "7.05", "2008-12-31": "5.16", "2008-09-30": "6.90", "2008-06-30": "10.59", "2008-03-31": "10.12", "2007-12-31": "11.95", "2007-09-30": "13.30", "2007-06-30": "10.10", "2007-03-31": "9.55", "2006-12-31": "8.23"}, "price sales": {"2021-02-11": "1.72", "2020-12-31": "1.62", "2020-09-30": "1.25", "2020-06-30": "1.08", "2020-03-31": "0.69", "2019-12-31": "1.14", "2019-09-30": "1.04", "2019-06-30": "1.08", "2019-03-31": "1.02", "2018-12-31": "0.96", "2018-09-30": "1.26", "2018-06-30": "1.32", "2018-03-31": "1.43", "2017-12-31": "1.29", "2017-09-30": "1.28", "2017-06-30": "1.21", "2017-03-31": "1.18", "2016-12-31": "1.10", "2016-09-30": "0.98", "2016-06-30": "0.96", "2016-03-31": "0.99", "2015-12-31": "0.90", "2015-09-30": "0.85", "2015-06-30": "1.08", "2015-03-31": "0.92", "2014-12-31": "1.02", "2014-09-30": "1.10", "2014-06-30": "1.20", "2014-03-31": "1.19", "2013-12-31": "1.12", "2013-09-30": "1.07", "2013-06-30": "0.97", "2013-03-31": "1.01", "2012-12-31": "1.01", "2012-09-30": "0.88", "2012-06-30": "0.80", "2012-03-31": "0.82", "2011-12-31": "0.62", "2011-09-30": "0.57", "2011-06-30": "0.89", "2011-03-31": "0.91", "2010-12-31": "0.82", "2010-09-30": "0.83", "2010-06-30": "0.62", "2010-03-31": "0.77", "2009-12-31": "0.76", "2009-09-30": "0.69", "2009-06-30": "0.44", "2009-03-31": "0.28", "2008-12-31": "0.30", "2008-09-30": "0.43", "2008-06-30": "0.56", "2008-03-31": "0.53", "2007-12-31": "0.53", "2007-09-30": "0.63", "2007-06-30": "0.58", "2007-03-31": "0.55", "2006-12-31": "0.49"}, "price book": {"current": "2.33", "2021-02-11": "2.34", "2020-09-30": "1.71", "2020-06-30": "1.52", "2020-03-31": "1.00", "2019-12-31": "1.72", "2019-09-30": "1.57", "2019-06-30": "1.70", "2019-03-31": "1.67", "2018-12-31": "1.62", "2018-09-30": "2.06", "2018-06-30": "2.24", "2018-03-31": "2.45", "2017-12-31": "2.19", "2017-09-30": "2.30", "2017-06-30": "2.23", "2017-03-31": "2.22", "2016-12-31": "2.12", "2016-09-30": "1.94", "2016-06-30": "1.97", "2016-03-31": "2.16", "2015-12-31": "2.14", "2015-09-30": "2.08", "2015-06-30": "2.70", "2015-03-31": "2.48", "2014-12-31": "2.65", "2014-09-30": "2.53", "2014-06-30": "2.75", "2014-03-31": "2.83", "2013-12-31": "2.63", "2013-09-30": "2.69", "2013-06-30": "2.63", "2013-03-31": "2.77", "2012-12-31": "2.82", "2012-09-30": "2.35", "2012-06-30": "2.65", "2012-03-31": "2.82", "2011-12-31": "2.25", "2011-09-30": "1.96", "2011-06-30": "2.96", "2011-03-31": "3.04", "2010-12-31": "2.85", "2010-09-30": "2.28", "2010-06-30": "1.77", "2010-03-31": "2.24", "2009-12-31": "2.19", "2009-09-30": "1.78", "2009-06-30": "1.30", "2009-03-31": "0.94", "2008-12-31": "1.07", "2008-09-30": "1.57", "2008-06-30": "1.85", "2008-03-31": "1.77", "2007-12-31": "1.64", "2007-09-30": "1.89", "2007-06-30": "1.72", "2007-03-31": "1.73", "2006-12-31": "1.66", "2006-09-30": "1.58", "2006-06-30": "1.61", "2006-03-31": "1.62"}, "price fcf": {"2021-02-11": "", "2020-09-30": "$9.64", "2020-06-30": "$9.24", "2020-03-31": "$9.11", "2019-12-31": "$7.79", "2019-09-30": "$7.98", "2019-06-30": "$7.57", "2019-03-31": "$7.47", "2018-12-31": "$7.14", "2018-09-30": "$6.02", "2018-06-30": "$6.73", "2018-03-31": "$6.41", "2017-12-31": "$7.00", "2017-09-30": "$5.15", "2017-06-30": "$4.43", "2017-03-31": "$5.20", "2016-12-31": "$5.39", "2016-09-30": "$6.51", "2016-06-30": "$6.08", "2016-03-31": "$6.36", "2015-12-31": "$6.52", "2015-09-30": "$6.15", "2015-06-30": "$7.48", "2015-03-31": "$6.44", "2014-12-31": "$5.65", "2014-09-30": "$5.78", "2014-06-30": "$4.99", "2014-03-31": "$4.73", "2013-12-31": "$5.20", "2013-09-30": "$5.00", "2013-06-30": "$4.49", "2013-03-31": "$4.35", "2012-12-31": "$4.41", "2012-09-30": "$4.10", "2012-06-30": "$3.24", "2012-03-31": "$-1.93", "2011-12-31": "$1.11", "2011-09-30": "$0.64", "2011-06-30": "$1.83", "2011-03-31": "$6.50", "2010-12-31": "$2.20", "2010-09-30": "$1.44", "2010-06-30": "$1.48", "2010-03-31": "$1.67", "2009-12-31": "$3.20", "2009-09-30": "$3.87", "2009-06-30": "$2.53", "2009-03-31": "$1.22", "2008-12-31": "$2.28", "2008-09-30": "$3.07", "2008-06-30": "$3.57", "2008-03-31": "$4.19", "2007-12-31": "$2.41", "2007-09-30": "$4.04", "2007-06-30": "$2.89", "2007-03-31": "$2.51", "2006-12-31": "$3.16"}, "net worth": {"value": "$14.37B"}, "current ratio": {"2020-12-31": "0.00", "2020-09-30": "1.98", "2020-06-30": "1.88", "2020-03-31": "1.66", "2019-12-31": "1.86", "2019-09-30": "1.65", "2019-06-30": "1.58", "2019-03-31": "1.51", "2018-12-31": "1.82", "2018-09-30": "1.69", "2018-06-30": "1.69", "2018-03-31": "1.72", "2017-12-31": "1.59", "2017-09-30": "1.83", "2017-06-30": "2.04", "2017-03-31": "1.93", "2016-12-31": "1.60", "2016-09-30": "1.32", "2016-06-30": "1.34", "2016-03-31": "1.55", "2015-12-31": "1.40", "2015-09-30": "1.77", "2015-06-30": "1.74", "2015-03-31": "1.80", "2014-12-31": "1.57", "2014-09-30": "2.07", "2014-06-30": "2.34", "2014-03-31": "2.34", "2013-12-31": "1.93", "2013-09-30": "2.09", "2013-06-30": "2.17", "2013-03-31": "2.12", "2012-12-31": "1.98", "2012-09-30": "1.83", "2012-06-30": "5.15", "2012-03-31": "2.27", "2011-12-31": "2.07", "2011-09-30": "1.96", "2011-06-30": "2.10", "2011-03-31": "2.31", "2010-12-31": "1.91", "2010-09-30": "2.24", "2010-06-30": "2.16", "2010-03-31": "2.16", "2009-12-31": "2.17", "2009-09-30": "1.91", "2009-06-30": "1.96", "2009-03-31": "1.69", "2008-12-31": "1.71", "2008-09-30": "1.73", "2008-06-30": "1.93", "2008-03-31": "2.01", "2007-12-31": "2.04", "2007-09-30": "2.14", "2007-06-30": "2.27", "2007-03-31": "2.40", "2006-12-31": "2.29", "2006-09-30": "2.04", "2006-06-30": "2.01", "2006-03-31": "1.94", "2005-12-31": "1.83", "2005-09-30": "1.80", "2005-06-30": "1.71", "2005-03-31": "1.83"}, "quick ratio": {"2020-12-31": "0.00", "2020-09-30": "1.23", "2020-06-30": "1.12", "2020-03-31": "0.95", "2019-12-31": "0.93", "2019-09-30": "0.84", "2019-06-30": "0.80", "2019-03-31": "0.79", "2018-12-31": "0.96", "2018-09-30": "0.94", "2018-06-30": "0.95", "2018-03-31": "0.99", "2017-12-31": "0.82", "2017-09-30": "0.94", "2017-06-30": "1.08", "2017-03-31": "1.02", "2016-12-31": "0.81", "2016-09-30": "0.65", "2016-06-30": "0.68", "2016-03-31": "0.74", "2015-12-31": "0.68", "2015-09-30": "0.94", "2015-06-30": "0.95", "2015-03-31": "0.97", "2014-12-31": "0.82", "2014-09-30": "1.10", "2014-06-30": "1.28", "2014-03-31": "1.25", "2013-12-31": "1.07", "2013-09-30": "1.13", "2013-06-30": "1.19", "2013-03-31": "1.11", "2012-12-31": "1.06", "2012-09-30": "0.96", "2012-06-30": "4.29", "2012-03-31": "1.50", "2011-12-31": "1.37", "2011-09-30": "1.25", "2011-06-30": "1.48", "2011-03-31": "1.67", "2010-12-31": "1.35", "2010-09-30": "1.54", "2010-06-30": "1.44", "2010-03-31": "1.48", "2009-12-31": "1.51", "2009-09-30": "1.31", "2009-06-30": "1.34", "2009-03-31": "0.97", "2008-12-31": "0.95", "2008-09-30": "1.03", "2008-06-30": "1.32", "2008-03-31": "1.41", "2007-12-31": "1.56", "2007-09-30": "1.54", "2007-06-30": "1.64", "2007-03-31": "1.73", "2006-12-31": "1.64", "2006-09-30": "1.38", "2006-06-30": "1.32", "2006-03-31": "1.25", "2005-12-31": "1.19", "2005-09-30": "1.11", "2005-06-30": "1.02", "2005-03-31": "1.20"}, "debt equity ratio": {"current": "0.89", "2020-12-31": "0.00", "2020-09-30": "1.60", "2020-06-30": "1.62", "2020-03-31": "1.66", "2019-12-31": "1.65", "2019-09-30": "1.65", "2019-06-30": "1.73", "2019-03-31": "1.76", "2018-12-31": "1.72", "2018-09-30": "1.73", "2018-06-30": "1.82", "2018-03-31": "1.91", "2017-12-31": "1.92", "2017-09-30": "2.14", "2017-06-30": "2.27", "2017-03-31": "2.33", "2016-12-31": "2.35", "2016-09-30": "2.43", "2016-06-30": "2.50", "2016-03-31": "2.64", "2015-12-31": "2.88", "2015-09-30": "3.01", "2015-06-30": "3.13", "2015-03-31": "3.50", "2014-12-31": "3.48", "2014-09-30": "2.05", "2014-06-30": "2.09", "2014-03-31": "2.14", "2013-12-31": "2.06", "2013-09-30": "2.20", "2013-06-30": "2.49", "2013-03-31": "2.67", "2012-12-31": "2.87", "2012-09-30": "2.87", "2012-06-30": "3.04", "2012-03-31": "2.06", "2011-12-31": "2.25", "2011-09-30": "2.24", "2011-06-30": "2.21", "2011-03-31": "2.31", "2010-12-31": "2.68", "2010-09-30": "2.31", "2010-06-30": "2.46", "2010-03-31": "2.60", "2009-12-31": "2.65", "2009-09-30": "2.38", "2009-06-30": "2.40", "2009-03-31": "2.41", "2008-12-31": "2.40", "2008-09-30": "2.04", "2008-06-30": "1.90", "2008-03-31": "2.06", "2007-12-31": "1.89", "2007-09-30": "1.99", "2007-06-30": "1.88", "2007-03-31": "1.91", "2006-12-31": "2.02", "2006-09-30": "2.19", "2006-06-30": "2.24", "2006-03-31": "2.37", "2005-12-31": "2.58", "2005-09-30": "2.49", "2005-06-30": "2.70", "2005-03-31": "3.46"}, "return on equity": {"2020-12-31": "10.37%", "2020-09-30": "7.71%", "2020-06-30": "9.45%", "2020-03-31": "13.32%", "2019-12-31": "12.65%", "2019-09-30": "12.87%", "2019-06-30": "15.38%", "2019-03-31": "16.96%", "2018-12-31": "18.57%", "2018-09-30": "26.88%", "2018-06-30": "26.36%", "2018-03-31": "26.48%", "2017-12-31": "27.41%", "2017-09-30": "20.89%", "2017-06-30": "19.59%", "2017-03-31": "19.25%", "2016-12-31": "19.12%", "2016-09-30": "19.96%", "2016-06-30": "21.20%", "2016-03-31": "23.05%", "2015-12-31": "22.11%", "2015-09-30": "19.85%", "2015-06-30": "18.59%", "2015-03-31": "18.31%", "2014-12-31": "19.59%", "2014-09-30": "27.68%", "2014-06-30": "30.80%", "2014-03-31": "31.27%", "2013-12-31": "33.04%", "2013-09-30": "23.08%", "2013-06-30": "19.40%", "2013-03-31": "18.54%", "2012-12-31": "17.16%", "2012-09-30": "22.21%", "2012-06-30": "26.29%", "2012-03-31": "29.14%", "2011-12-31": "34.30%", "2011-09-30": "35.26%", "2011-06-30": "35.53%", "2011-03-31": "32.55%", "2010-12-31": "25.44%", "2010-09-30": "23.57%", "2010-06-30": "19.86%", "2010-03-31": "14.92%", "2009-12-31": "8.70%", "2009-09-30": "10.55%", "2009-06-30": "10.20%", "2009-03-31": "12.45%", "2008-12-31": "19.01%", "2008-09-30": "22.84%", "2008-06-30": "18.34%", "2008-03-31": "17.50%", "2007-12-31": "14.37%", "2007-09-30": "14.32%", "2007-06-30": "18.13%", "2007-03-31": "19.32%", "2006-12-31": "21.81%", "2006-09-30": "21.46%", "2006-06-30": "24.09%", "2006-03-31": "31.10%", "2005-12-31": "36.77%"}, "return on assets": {"2020-12-31": "3.95%", "2020-09-30": "2.93%", "2020-06-30": "3.57%", "2020-03-31": "4.98%", "2019-12-31": "4.69%", "2019-09-30": "4.74%", "2019-06-30": "5.62%", "2019-03-31": "6.15%", "2018-12-31": "6.65%", "2018-09-30": "9.46%", "2018-06-30": "8.96%", "2018-03-31": "8.68%", "2017-12-31": "8.69%", "2017-09-30": "6.39%", "2017-06-30": "5.86%", "2017-03-31": "5.66%", "2016-12-31": "5.50%", "2016-09-30": "5.54%", "2016-06-30": "5.66%", "2016-03-31": "5.90%", "2015-12-31": "5.37%", "2015-09-30": "4.65%", "2015-06-30": "4.63%", "2015-03-31": "4.90%", "2014-12-31": "5.73%", "2014-09-30": "8.98%", "2014-06-30": "9.87%", "2014-03-31": "9.74%", "2013-12-31": "9.91%", "2013-09-30": "6.53%", "2013-06-30": "5.22%", "2013-03-31": "4.82%", "2012-12-31": "4.59%", "2012-09-30": "6.17%", "2012-06-30": "7.71%", "2012-03-31": "9.14%", "2011-12-31": "10.55%", "2011-09-30": "10.54%", "2011-06-30": "10.56%", "2011-03-31": "9.49%", "2010-12-31": "7.26%", "2010-09-30": "6.74%", "2010-06-30": "5.65%", "2010-03-31": "4.26%", "2009-12-31": "2.52%", "2009-09-30": "3.10%", "2009-06-30": "3.09%", "2009-03-31": "3.94%", "2008-12-31": "6.17%", "2008-09-30": "7.70%", "2008-06-30": "6.21%", "2008-03-31": "5.93%", "2007-12-31": "4.94%", "2007-09-30": "4.86%", "2007-06-30": "6.06%", "2007-03-31": "6.27%", "2006-12-31": "6.82%", "2006-09-30": "6.43%", "2006-06-30": "7.06%", "2006-03-31": "8.81%", "2005-12-31": "9.72%"}, "return on investments": {"2020-12-31": "8.54%", "2020-09-30": "6.32%", "2020-06-30": "7.38%", "2020-03-31": "10.11%", "2019-12-31": "9.66%", "2019-09-30": "10.65%", "2019-06-30": "11.93%", "2019-03-31": "12.82%", "2018-12-31": "13.09%", "2018-09-30": "13.70%", "2018-06-30": "13.30%", "2018-03-31": "12.86%", "2017-12-31": "13.33%", "2017-09-30": "13.59%", "2017-06-30": "12.95%", "2017-03-31": "12.84%", "2016-12-31": "13.00%", "2016-09-30": "12.28%", "2016-06-30": "12.84%", "2016-03-31": "13.58%", "2015-12-31": "12.78%", "2015-09-30": "11.38%", "2015-06-30": "11.14%", "2015-03-31": "11.43%", "2014-12-31": "12.72%", "2014-09-30": "20.06%", "2014-06-30": "22.01%", "2014-03-31": "22.37%", "2013-12-31": "23.10%", "2013-09-30": "15.74%", "2013-06-30": "13.12%", "2013-03-31": "12.55%", "2012-12-31": "12.75%", "2012-09-30": "16.72%", "2012-06-30": "21.61%", "2012-03-31": "26.24%", "2011-12-31": "27.83%", "2011-09-30": "31.80%", "2011-06-30": "31.52%", "2011-03-31": "29.07%", "2010-12-31": "25.79%", "2010-09-30": "21.54%", "2010-06-30": "19.72%", "2010-03-31": "16.43%", "2009-12-31": "11.33%", "2009-09-30": "12.74%", "2009-06-30": "12.01%", "2009-03-31": "12.89%", "2008-12-31": "16.75%", "2008-09-30": "19.10%", "2008-06-30": "15.11%", "2008-03-31": "14.53%", "2007-12-31": "13.90%", "2007-09-30": "13.29%", "2007-06-30": "16.41%", "2007-03-31": "17.53%", "2006-12-31": "18.90%", "2006-09-30": "18.64%", "2006-06-30": "20.52%", "2006-03-31": "21.72%", "2005-12-31": "23.45%"}, "return on tangible equity": {"2020-09-30": "-227.47%", "2020-06-30": "-202.10%", "2020-03-31": "-198.77%", "2019-12-31": "-142.74%", "2019-09-30": "-123.16%", "2019-06-30": "-128.82%", "2019-03-31": "-123.91%", "2018-12-31": "-113.50%", "2018-09-30": "-138.10%", "2018-06-30": "-104.70%", "2018-03-31": "-85.07%", "2017-12-31": "-73.95%", "2017-09-30": "-48.06%", "2017-06-30": "-40.47%", "2017-03-31": "-36.42%", "2016-12-31": "-32.96%", "2016-09-30": "-30.84%", "2016-06-30": "-29.73%", "2016-03-31": "-29.28%", "2015-12-31": "-25.10%", "2015-09-30": "-20.89%", "2015-06-30": "-24.20%", "2015-03-31": "-31.73%", "2014-12-31": "-54.27%", "2014-09-30": "-189.90%", "2014-06-30": "-188.79%", "2014-03-31": "-156.49%", "2013-12-31": "-127.15%", "2013-09-30": "-66.71%", "2013-06-30": "-48.30%", "2013-03-31": "-92.52%", "2012-12-31": "276.58%", "2012-09-30": "57.63%", "2012-06-30": "33.58%", "2012-03-31": "37.36%", "2011-12-31": "44.10%", "2011-09-30": "44.77%", "2011-06-30": "45.01%", "2011-03-31": "41.59%", "2010-12-31": "32.44%", "2010-09-30": "29.84%", "2010-06-30": "25.07%", "2010-03-31": "18.72%", "2009-12-31": "10.95%", "2009-09-30": "13.29%", "2009-06-30": "12.76%", "2009-03-31": "15.34%", "2008-12-31": "23.12%", "2008-09-30": "27.35%", "2008-06-30": "21.86%", "2008-03-31": "20.73%", "2007-12-31": "16.94%", "2007-09-30": "16.90%", "2007-06-30": "21.41%", "2007-03-31": "22.97%", "2006-12-31": "26.18%", "2006-09-30": "26.06%", "2006-06-30": "29.53%", "2006-03-31": "38.59%", "2005-12-31": "46.58%"}, "dividend yield history": {"last payout": "$2.76", "last yield": "2.60%"}}