{"ticker": "ESRT", "price": {"title": "Empire State Realty Trust Historical Annual Stock Price Data", "value": 9.83, "historical": {"2020": {"Average Stock Price": "8.5584", "Year Open": "13.6600", "Year High": "14.2600", "Year Low": "5.3800", "Year Close": "9.3200", "Annual % Change": "-33.24%"}, "2019": {"Average Stock Price": "14.7381", "Year Open": "13.9100", "Year High": "16.1400", "Year Low": "13.0200", "Year Close": "13.9600", "Annual % Change": "-1.90%"}, "2018": {"Average Stock Price": "16.9171", "Year Open": "20.3000", "Year High": "20.3000", "Year Low": "13.8100", "Year Close": "14.2300", "Annual % Change": "-30.69%"}, "2017": {"Average Stock Price": "20.6616", "Year Open": "20.3600", "Year High": "21.9200", "Year Low": "19.7600", "Year Close": "20.5300", "Annual % Change": "1.68%"}, "2016": {"Average Stock Price": "18.9669", "Year Open": "17.7000", "Year High": "22.1700", "Year Low": "14.6700", "Year Close": "20.1900", "Annual % Change": "11.73%"}, "2015": {"Average Stock Price": "17.8210", "Year Open": "18.0000", "Year High": "18.9600", "Year Low": "15.9400", "Year Close": "18.0700", "Annual % Change": "2.79%"}, "2014": {"Average Stock Price": "15.8674", "Year Open": "14.9300", "Year High": "17.8800", "Year Low": "14.1900", "Year Close": "17.5800", "Annual % Change": "14.90%"}, "2013": {"Average Stock Price": "14.1514", "Year Open": "13.1000", "Year High": "15.5500", "Year Low": "13.1000", "Year Close": "15.3000", "Annual % Change": "0.00%"}}}, "market cap": {"value": "$1.69B"}, "income statement": {"Revenue": {"2019-12-31": "731.34300", "2018-12-31": "731.51100", "2017-12-31": "709.52600", "2016-12-31": "677.35300", "2015-12-31": "657.63400", "2014-12-31": "635.32600", "2013-12-31": "333.65500", "2012-12-31": "260.29400", "2011-12-31": "294.78800", "2010-12-31": "246.54500"}, "Cost Of Goods Sold": {"2019-12-31": "184.30300", "2018-12-31": "176.70500", "2017-12-31": "172.85700", "2016-12-31": "163.17600", "2015-12-31": "171.18600", "2014-12-31": "192.61100", "2013-12-31": "101.03900", "2012-12-31": "75.29900", "2011-12-31": "103.33200", "2010-12-31": "87.93700"}, "Gross Profit": {"2019-12-31": "547.04000", "2018-12-31": "554.80600", "2017-12-31": "536.66900", "2016-12-31": "514.17700", "2015-12-31": "486.44800", "2014-12-31": "442.71500", "2013-12-31": "232.61600", "2012-12-31": "184.99500", "2011-12-31": "191.45600", "2010-12-31": "158.60800"}, "Research And Development Expenses": {"2019-12-31": "", "2018-12-31": "", "2017-12-31": "", "2016-12-31": "", "2015-12-31": "", "2014-12-31": "", "2013-12-31": "", "2012-12-31": "", "2011-12-31": "", "2010-12-31": ""}, "SG&A Expenses": {"2019-12-31": "61.06300", "2018-12-31": "52.67400", "2017-12-31": "50.31500", "2016-12-31": "49.07800", "2015-12-31": "38.07300", "2014-12-31": "39.03700", "2013-12-31": "39.97900", "2012-12-31": "20.96300", "2011-12-31": "15.68800", "2010-12-31": "13.92400"}, "Other Operating Income Or Expenses": {"2019-12-31": "-149.68300", "2018-12-31": "-142.76700", "2017-12-31": "-132.74100", "2016-12-31": "-125.89400", "2015-12-31": "-125.33900", "2014-12-31": "-113.54400", "2013-12-31": "-51.71600", "2012-12-31": "-32.65300", "2011-12-31": "-32.00500", "2010-12-31": "-28.39200"}, "Operating Expenses": {"2019-12-31": "576.63700", "2018-12-31": "540.65410", "2017-12-31": "516.62300", "2016-12-31": "493.45700", "2015-12-31": "506.26500", "2014-12-31": "494.00500", "2013-12-31": "397.21200", "2012-12-31": "171.60500", "2011-12-31": "186.53800", "2010-12-31": "164.29400"}, "Operating Income": {"2019-12-31": "154.70610", "2018-12-31": "190.85690", "2017-12-31": "192.90300", "2016-12-31": "183.89600", "2015-12-31": "151.36900", "2014-12-31": "141.32100", "2013-12-31": "-63.55700", "2012-12-31": "88.68900", "2011-12-31": "108.25000", "2010-12-31": "82.25100"}, "Total Non-Operating Income/Expense": {"2019-12-31": "-67.98700", "2018-12-31": "-68.96200", "2017-12-31": "-67.97700", "2016-12-31": "-70.50000", "2015-12-31": "-67.49200", "2014-12-31": "-66.45600", "2013-12-31": "218.63100", "2012-12-31": "-40.04600", "2011-12-31": "-50.85300", "2010-12-31": "-36.94000"}, "Pre-Tax Income": {"2019-12-31": "86.71900", "2018-12-31": "121.89500", "2017-12-31": "124.92600", "2016-12-31": "113.39600", "2015-12-31": "83.87700", "2014-12-31": "74.86500", "2013-12-31": "155.07400", "2012-12-31": "48.64300", "2011-12-31": "57.39700", "2010-12-31": "45.31100"}, "Income Taxes": {"2019-12-31": "2.42900", "2018-12-31": "4.64200", "2017-12-31": "6.67300", "2016-12-31": "6.14600", "2015-12-31": "3.94900", "2014-12-31": "4.65500", "2013-12-31": "-1.12500", "2012-12-31": "", "2011-12-31": "", "2010-12-31": ""}, "Income After Taxes": {"2019-12-31": "84.29000", "2018-12-31": "117.25300", "2017-12-31": "118.25300", "2016-12-31": "107.25000", "2015-12-31": "79.92800", "2014-12-31": "70.21000", "2013-12-31": "156.19900", "2012-12-31": "48.64300", "2011-12-31": "57.39700", "2010-12-31": "45.31100"}, "Other Income": {"2019-12-31": "", "2018-12-31": "", "2017-12-31": "", "2016-12-31": "", "2015-12-31": "", "2014-12-31": "", "2013-12-31": "", "2012-12-31": "", "2011-12-31": "", "2010-12-31": ""}, "Income From Continuous Operations": {"2019-12-31": "84.29000", "2018-12-31": "117.25300", "2017-12-31": "118.25300", "2016-12-31": "107.25000", "2015-12-31": "79.92800", "2014-12-31": "70.21000", "2013-12-31": "156.19900", "2012-12-31": "48.64300", "2011-12-31": "57.39700", "2010-12-31": "45.31100"}, "Income From Discontinued Operations": {"2019-12-31": "", "2018-12-31": "", "2017-12-31": "", "2016-12-31": "", "2015-12-31": "", "2014-12-31": "", "2013-12-31": "", "2012-12-31": "", "2011-12-31": "", "2010-12-31": ""}, "Net Income": {"2019-12-31": "49.44500", "2018-12-31": "65.60300", "2017-12-31": "62.64700", "2016-12-31": "51.45600", "2015-12-31": "33.73000", "2014-12-31": "26.63400", "2013-12-31": "75.16100", "2012-12-31": "", "2011-12-31": "", "2010-12-31": "45.31100"}, "EBITDA": {"2019-12-31": "344.14210", "2018-12-31": "368.29090", "2017-12-31": "356.76200", "2016-12-31": "338.88200", "2015-12-31": "313.18400", "2014-12-31": "281.21600", "2013-12-31": "12.96000", "2012-12-31": "136.26000", "2011-12-31": "147.01000", "2010-12-31": "118.27600"}, "EBIT": {"2019-12-31": "154.70610", "2018-12-31": "190.85690", "2017-12-31": "192.90300", "2016-12-31": "183.89600", "2015-12-31": "151.36900", "2014-12-31": "141.32100", "2013-12-31": "-63.55700", "2012-12-31": "88.68900", "2011-12-31": "108.25000", "2010-12-31": "82.25100"}, "Basic Shares Outstanding": {"2019-12-31": "178.34000", "2018-12-31": "167.57100", "2017-12-31": "158.38000", "2016-12-31": "133.88100", "2015-12-31": "114.24500", "2014-12-31": "97.94100", "2013-12-31": "95.46300", "2012-12-31": "", "2011-12-31": "", "2010-12-31": ""}, "Shares Outstanding": {"2019-12-31": "297.79800", "2018-12-31": "297.25900", "2017-12-31": "298.04900", "2016-12-31": "277.56800", "2015-12-31": "266.62100", "2014-12-31": "254.50600", "2013-12-31": "244.42000", "2012-12-31": "", "2011-12-31": "", "2010-12-31": ""}, "Basic EPS": {"2019-12-31": "0.28000", "2018-12-31": "0.39000", "2017-12-31": "0.40000", "2016-12-31": "0.38000", "2015-12-31": "0.30000", "2014-12-31": "0.27000", "2013-12-31": "0.79000", "2012-12-31": "", "2011-12-31": "", "2010-12-31": ""}, "EPS - Earnings Per Share": {"2019-12-31": "0.28000", "2018-12-31": "0.39000", "2017-12-31": "0.39000", "2016-12-31": "0.38000", "2015-12-31": "0.29000", "2014-12-31": "0.27000", "2013-12-31": "0.31000", "2012-12-31": "0.00000", "2011-12-31": "0.00000", "2010-12-31": "0.00000"}}, "income statement, quarterly": {"Revenue": {"2020-09-30": "146.57500", "2020-06-30": "141.03000", "2020-03-31": "170.22400", "2019-12-31": "194.93300", "2019-09-30": "192.87300", "2019-06-30": "176.24400", "2019-03-31": "167.29300", "2018-12-31": "199.30900", "2018-09-30": "186.40200", "2018-06-30": "178.52900", "2018-03-31": "167.27100", "2017-12-31": "181.67700", "2017-09-30": "186.54600", "2017-06-30": "176.34900", "2017-03-31": "164.95400", "2016-12-31": "178.61600", "2016-09-30": "175.84800", "2016-06-30": "165.81500", "2016-03-31": "157.07400", "2015-12-31": "165.20000", "2015-09-30": "175.77900", "2015-06-30": "164.77300", "2015-03-31": "151.88200", "2014-12-31": "170.41100", "2014-09-30": "169.44100", "2014-06-30": "155.16800", "2014-03-31": "140.30600", "2013-12-31": "149.38800", "2013-09-30": "62.27800", "2013-06-30": "59.56900", "2013-03-31": "62.42000", "2012-12-31": "", "2012-09-30": "59.41500", "2011-12-31": "", "2010-12-31": ""}, "Cost Of Goods Sold": {"2020-09-30": "36.16700", "2020-06-30": "32.08200", "2020-03-31": "43.79900", "2019-12-31": "46.23300", "2019-09-30": "50.22500", "2019-06-30": "42.55900", "2019-03-31": "45.28600", "2018-12-31": "43.33600", "2018-09-30": "45.10300", "2018-06-30": "41.75000", "2018-03-31": "46.51600", "2017-12-31": "43.85400", "2017-09-30": "43.60100", "2017-06-30": "40.86100", "2017-03-31": "44.54100", "2016-12-31": "41.10700", "2016-09-30": "40.91600", "2016-06-30": "39.71600", "2016-03-31": "41.43700", "2015-12-31": "40.62900", "2015-09-30": "43.38300", "2015-06-30": "39.94700", "2015-03-31": "47.22700", "2014-12-31": "47.17400", "2014-09-30": "46.45200", "2014-06-30": "48.39100", "2014-03-31": "50.59400", "2013-12-31": "41.79100", "2013-09-30": "20.10300", "2013-06-30": "18.68100", "2013-03-31": "20.06600", "2012-12-31": "", "2012-09-30": "17.13600", "2011-12-31": "", "2010-12-31": ""}, "Gross Profit": {"2020-09-30": "110.40800", "2020-06-30": "108.94800", "2020-03-31": "126.42500", "2019-12-31": "148.70000", "2019-09-30": "142.64800", "2019-06-30": "133.68500", "2019-03-31": "122.00700", "2018-12-31": "155.97300", "2018-09-30": "141.29900", "2018-06-30": "136.77900", "2018-03-31": "120.75500", "2017-12-31": "137.82300", "2017-09-30": "142.94500", "2017-06-30": "135.48800", "2017-03-31": "120.41300", "2016-12-31": "137.50900", "2016-09-30": "134.93200", "2016-06-30": "126.09900", "2016-03-31": "115.63700", "2015-12-31": "124.57100", "2015-09-30": "132.39600", "2015-06-30": "124.82600", "2015-03-31": "104.65500", "2014-12-31": "123.23700", "2014-09-30": "122.98900", "2014-06-30": "106.77700", "2014-03-31": "89.71200", "2013-12-31": "107.59700", "2013-09-30": "42.17500", "2013-06-30": "40.88800", "2013-03-31": "42.35400", "2012-12-31": "", "2012-09-30": "42.27900", "2011-12-31": "", "2010-12-31": ""}, "Research And Development Expenses": {"2020-09-30": "", "2020-06-30": "", "2020-03-31": "", "2019-12-31": "", "2019-09-30": "", "2019-06-30": "", "2019-03-31": "", "2018-12-31": "", "2018-09-30": "", "2018-06-30": "", "2018-03-31": "", "2017-12-31": "", "2017-09-30": "", "2017-06-30": "", "2017-03-31": "", "2016-12-31": "", "2016-09-30": "", "2016-06-30": "", "2016-03-31": "", "2015-12-31": "", "2015-09-30": "", "2015-06-30": "", "2015-03-31": "", "2014-12-31": "", "2014-09-30": "", "2014-06-30": "", "2014-03-31": "", "2013-12-31": "", "2013-09-30": "", "2013-06-30": "", "2013-03-31": "", "2012-12-31": "", "2012-09-30": "", "2011-12-31": "", "2010-12-31": ""}, "SG&A Expenses": {"2020-09-30": "14.51700", "2020-06-30": "18.14900", "2020-03-31": "15.95100", "2019-12-31": "16.61800", "2019-09-30": "14.42100", "2019-06-30": "15.99800", "2019-03-31": "14.02600", "2018-12-31": "13.67300", "2018-09-30": "13.14800", "2018-06-30": "13.22500", "2018-03-31": "12.62800", "2017-12-31": "13.74900", "2017-09-30": "12.89900", "2017-06-30": "12.57900", "2017-03-31": "11.08800", "2016-12-31": "13.45500", "2016-09-30": "11.79800", "2016-06-30": "12.90700", "2016-03-31": "10.91800", "2015-12-31": "9.67800", "2015-09-30": "10.18200", "2015-06-30": "9.11300", "2015-03-31": "9.10000", "2014-12-31": "9.25100", "2014-09-30": "10.07100", "2014-06-30": "9.56000", "2014-03-31": "10.15500", "2013-12-31": "17.17200", "2013-09-30": "9.63300", "2013-06-30": "6.84900", "2013-03-31": "6.32500", "2012-12-31": "", "2012-09-30": "5.73000", "2011-12-31": "", "2010-12-31": ""}, "Other Operating Income Or Expenses": {"2020-09-30": "-39.23000", "2020-06-30": "-37.68200", "2020-03-31": "-37.40800", "2019-12-31": "-38.56100", "2019-09-30": "-38.68800", "2019-06-30": "-36.62700", "2019-03-31": "-35.80700", "2018-12-31": "-37.12800", "2018-09-30": "-37.13800", "2018-06-30": "-34.42100", "2018-03-31": "-34.08000", "2017-12-31": "-33.66100", "2017-09-30": "-35.54900", "2017-06-30": "-31.71800", "2017-03-31": "-31.81300", "2016-12-31": "-32.22100", "2016-09-30": "-31.94100", "2016-06-30": "-30.45200", "2016-03-31": "-31.28000", "2015-12-31": "-32.40500", "2015-09-30": "-31.50900", "2015-06-30": "-31.04500", "2015-03-31": "-30.38000", "2014-12-31": "-33.90500", "2014-09-30": "-28.97900", "2014-06-30": "-25.30600", "2014-03-31": "-25.35400", "2013-12-31": "-23.41900", "2013-09-30": "-9.51000", "2013-06-30": "-9.22100", "2013-03-31": "-9.56600", "2012-12-31": "", "2012-09-30": "-8.71100", "2011-12-31": "", "2010-12-31": ""}, "Operating Expenses": {"2020-09-30": "134.64700", "2020-06-30": "140.69600", "2020-03-31": "143.25100", "2019-12-31": "147.82100", "2019-09-30": "147.59400", "2019-06-30": "140.00500", "2019-03-31": "141.21700", "2018-12-31": "140.81900", "2018-09-30": "137.86400", "2018-06-30": "128.86400", "2018-03-31": "133.10700", "2017-12-31": "132.10600", "2017-09-30": "130.53900", "2017-06-30": "125.69000", "2017-03-31": "128.28800", "2016-12-31": "126.61200", "2016-09-30": "122.26200", "2016-06-30": "121.62300", "2016-03-31": "122.96000", "2015-12-31": "127.97000", "2015-09-30": "130.43600", "2015-06-30": "119.73400", "2015-03-31": "128.12500", "2014-12-31": "139.12900", "2014-09-30": "126.02900", "2014-06-30": "112.62900", "2014-03-31": "116.21800", "2013-12-31": "249.22800", "2013-09-30": "52.00900", "2013-06-30": "47.86200", "2013-03-31": "48.11300", "2012-12-31": "", "2012-09-30": "42.57700", "2011-12-31": "", "2010-12-31": ""}, "Operating Income": {"2020-09-30": "11.92800", "2020-06-30": "0.33400", "2020-03-31": "26.97300", "2019-12-31": "47.11210", "2019-09-30": "45.27900", "2019-06-30": "36.23900", "2019-03-31": "26.07600", "2018-12-31": "58.49000", "2018-09-30": "48.53800", "2018-06-30": "49.66500", "2018-03-31": "34.16400", "2017-12-31": "49.57090", "2017-09-30": "56.00700", "2017-06-30": "50.65900", "2017-03-31": "36.66600", "2016-12-31": "52.00400", "2016-09-30": "53.58600", "2016-06-30": "44.19200", "2016-03-31": "34.11400", "2015-12-31": "37.23000", "2015-09-30": "45.34300", "2015-06-30": "45.03900", "2015-03-31": "23.75700", "2014-12-31": "31.28210", "2014-09-30": "43.41200", "2014-06-30": "42.53900", "2014-03-31": "24.08800", "2013-12-31": "-99.84000", "2013-09-30": "10.26900", "2013-06-30": "11.70700", "2013-03-31": "14.30700", "2012-12-31": "", "2012-09-30": "16.83800", "2011-12-31": "", "2010-12-31": ""}, "Total Non-Operating Income/Expense": {"2020-09-30": "-24.15900", "2020-06-30": "-22.40200", "2020-03-31": "-19.06700", "2019-12-31": "-17.18200", "2019-09-30": "-17.15700", "2019-06-30": "-16.69800", "2019-03-31": "-16.95000", "2018-12-31": "-17.39700", "2018-09-30": "-17.17300", "2018-06-30": "-18.02600", "2018-03-31": "-16.36600", "2017-12-31": "-14.97100", "2017-09-30": "-18.27300", "2017-06-30": "-16.74400", "2017-03-31": "-17.98900", "2016-12-31": "-17.19000", "2016-09-30": "-17.93900", "2016-06-30": "-17.42000", "2016-03-31": "-17.95100", "2015-12-31": "-17.19400", "2015-09-30": "-16.68000", "2015-06-30": "-17.57100", "2015-03-31": "-16.04700", "2014-12-31": "-19.81600", "2014-09-30": "-17.67400", "2014-06-30": "-14.62900", "2014-03-31": "-14.33700", "2013-12-31": "247.63200", "2013-09-30": "-7.98800", "2013-06-30": "-8.63600", "2013-03-31": "-12.37700", "2012-12-31": "", "2012-09-30": "-7.82300", "2011-12-31": "", "2010-12-31": ""}, "Pre-Tax Income": {"2020-09-30": "-12.23100", "2020-06-30": "-22.06800", "2020-03-31": "7.90600", "2019-12-31": "29.93000", "2019-09-30": "28.12200", "2019-06-30": "19.54100", "2019-03-31": "9.12600", "2018-12-31": "41.09300", "2018-09-30": "31.36500", "2018-06-30": "31.63900", "2018-03-31": "17.79800", "2017-12-31": "34.60000", "2017-09-30": "37.73400", "2017-06-30": "33.91500", "2017-03-31": "18.67700", "2016-12-31": "34.81400", "2016-09-30": "35.64700", "2016-06-30": "26.77200", "2016-03-31": "16.16300", "2015-12-31": "20.03600", "2015-09-30": "28.66300", "2015-06-30": "27.46800", "2015-03-31": "7.71000", "2014-12-31": "11.46600", "2014-09-30": "25.73800", "2014-06-30": "27.91000", "2014-03-31": "9.75100", "2013-12-31": "147.79200", "2013-09-30": "2.28100", "2013-06-30": "3.07100", "2013-03-31": "1.93000", "2012-12-31": "", "2012-09-30": "9.01500", "2011-12-31": "", "2010-12-31": ""}, "Income Taxes": {"2020-09-30": "0.03800", "2020-06-30": "-2.45000", "2020-03-31": "-0.38200", "2019-12-31": "1.21000", "2019-09-30": "1.33800", "2019-06-30": "0.61100", "2019-03-31": "-0.73000", "2018-12-31": "1.31200", "2018-09-30": "2.13500", "2018-06-30": "1.45500", "2018-03-31": "-0.26000", "2017-12-31": "2.34000", "2017-09-30": "2.24500", "2017-06-30": "2.55600", "2017-03-31": "-0.46800", "2016-12-31": "1.80600", "2016-09-30": "2.75000", "2016-06-30": "2.13200", "2016-03-31": "-0.54200", "2015-12-31": "0.66600", "2015-09-30": "2.57800", "2015-06-30": "0.88300", "2015-03-31": "-0.17800", "2014-12-31": "0.50200", "2014-09-30": "3.00400", "2014-06-30": "2.62900", "2014-03-31": "-1.48000", "2013-12-31": "", "2013-09-30": "", "2013-06-30": "", "2013-03-31": "", "2012-12-31": "", "2012-09-30": "", "2011-12-31": "", "2010-12-31": ""}, "Income After Taxes": {"2020-09-30": "-12.26900", "2020-06-30": "-19.61800", "2020-03-31": "8.28800", "2019-12-31": "28.72000", "2019-09-30": "26.78400", "2019-06-30": "18.93000", "2019-03-31": "9.85600", "2018-12-31": "39.78100", "2018-09-30": "29.23000", "2018-06-30": "30.18400", "2018-03-31": "18.05800", "2017-12-31": "32.26000", "2017-09-30": "35.48900", "2017-06-30": "31.35900", "2017-03-31": "19.14500", "2016-12-31": "33.00800", "2016-09-30": "32.89700", "2016-06-30": "24.64000", "2016-03-31": "16.70500", "2015-12-31": "19.37000", "2015-09-30": "26.08500", "2015-06-30": "26.58500", "2015-03-31": "7.88800", "2014-12-31": "10.96400", "2014-09-30": "22.73400", "2014-06-30": "25.28100", "2014-03-31": "11.23100", "2013-12-31": "148.91700", "2013-09-30": "2.28100", "2013-06-30": "3.07100", "2013-03-31": "1.93000", "2012-12-31": "", "2012-09-30": "9.01500", "2011-12-31": "", "2010-12-31": ""}, "Other Income": {"2020-09-30": "", "2020-06-30": "", "2020-03-31": "", "2019-12-31": "", "2019-09-30": "", "2019-06-30": "", "2019-03-31": "", "2018-12-31": "", "2018-09-30": "", "2018-06-30": "", "2018-03-31": "", "2017-12-31": "", "2017-09-30": "", "2017-06-30": "", "2017-03-31": "", "2016-12-31": "", "2016-09-30": "", "2016-06-30": "", "2016-03-31": "", "2015-12-31": "", "2015-09-30": "", "2015-06-30": "", "2015-03-31": "", "2014-12-31": "", "2014-09-30": "", "2014-06-30": "", "2014-03-31": "", "2013-12-31": "", "2013-09-30": "", "2013-06-30": "", "2013-03-31": "", "2012-12-31": "", "2012-09-30": "", "2011-12-31": "", "2010-12-31": ""}, "Income From Continuous Operations": {"2020-09-30": "-12.26900", "2020-06-30": "-19.61800", "2020-03-31": "8.28800", "2019-12-31": "28.72000", "2019-09-30": "26.78400", "2019-06-30": "18.93000", "2019-03-31": "9.85600", "2018-12-31": "39.78100", "2018-09-30": "29.23000", "2018-06-30": "30.18400", "2018-03-31": "18.05800", "2017-12-31": "32.26000", "2017-09-30": "35.48900", "2017-06-30": "31.35900", "2017-03-31": "19.14500", "2016-12-31": "33.00800", "2016-09-30": "32.89700", "2016-06-30": "24.64000", "2016-03-31": "16.70500", "2015-12-31": "19.37000", "2015-09-30": "26.08500", "2015-06-30": "26.58500", "2015-03-31": "7.88800", "2014-12-31": "10.96400", "2014-09-30": "22.73400", "2014-06-30": "25.28100", "2014-03-31": "11.23100", "2013-12-31": "148.91700", "2013-09-30": "2.28100", "2013-06-30": "3.07100", "2013-03-31": "1.93000", "2012-12-31": "", "2012-09-30": "9.01500", "2011-12-31": "", "2010-12-31": ""}, "Income From Discontinued Operations": {"2020-09-30": "", "2020-06-30": "", "2020-03-31": "", "2019-12-31": "", "2019-09-30": "", "2019-06-30": "", "2019-03-31": "", "2018-12-31": "", "2018-09-30": "", "2018-06-30": "", "2018-03-31": "", "2017-12-31": "", "2017-09-30": "", "2017-06-30": "", "2017-03-31": "", "2016-12-31": "", "2016-09-30": "", "2016-06-30": "", "2016-03-31": "", "2015-12-31": "", "2015-09-30": "", "2015-06-30": "", "2015-03-31": "", "2014-12-31": "", "2014-09-30": "", "2014-06-30": "", "2014-03-31": "", "2013-12-31": "", "2013-09-30": "", "2013-06-30": "", "2013-03-31": "", "2012-12-31": "", "2012-09-30": "", "2011-12-31": "", "2010-12-31": ""}, "Net Income": {"2020-09-30": "-8.20400", "2020-06-30": "-12.79300", "2020-03-31": "4.49500", "2019-12-31": "16.79900", "2019-09-30": "15.88200", "2019-06-30": "11.08700", "2019-03-31": "5.67700", "2018-12-31": "22.84200", "2018-09-30": "16.34200", "2018-06-30": "16.65100", "2018-03-31": "9.76800", "2017-12-31": "17.27200", "2017-09-30": "18.80600", "2017-06-30": "16.58400", "2017-03-31": "9.98500", "2016-12-31": "16.96600", "2016-09-30": "15.97300", "2016-06-30": "11.08900", "2016-03-31": "7.42800", "2015-12-31": "8.25200", "2015-09-30": "11.22000", "2015-06-30": "11.12000", "2015-03-31": "3.13800", "2014-12-31": "4.10900", "2014-09-30": "8.32200", "2014-06-30": "9.83400", "2014-03-31": "4.36900", "2013-12-31": "", "2013-09-30": "", "2013-06-30": "", "2013-03-31": "", "2012-12-31": "", "2012-09-30": "9.01500", "2011-12-31": "", "2010-12-31": ""}, "EBITDA": {"2020-09-30": "60.50900", "2020-06-30": "56.89000", "2020-03-31": "75.16800", "2019-12-31": "95.87610", "2019-09-30": "91.06700", "2019-06-30": "83.34700", "2019-03-31": "73.85200", "2018-12-31": "107.47000", "2018-09-30": "93.37500", "2018-06-30": "91.61600", "2018-03-31": "75.83000", "2017-12-31": "90.92400", "2017-09-30": "95.28000", "2017-06-30": "92.29100", "2017-03-31": "78.26700", "2016-12-31": "91.50400", "2016-09-30": "92.16300", "2016-06-30": "83.92800", "2016-03-31": "71.28700", "2015-12-31": "79.99200", "2015-09-30": "87.69100", "2015-06-30": "82.43900", "2015-03-31": "63.06200", "2014-12-31": "77.86410", "2014-09-30": "79.86200", "2014-06-30": "70.21200", "2014-03-31": "53.27800", "2013-12-31": "-66.90400", "2013-09-30": "25.05100", "2013-06-30": "26.73500", "2013-03-31": "28.07800", "2012-12-31": "", "2012-09-30": "16.83800", "2011-12-31": "", "2010-12-31": ""}, "EBIT": {"2020-09-30": "11.92800", "2020-06-30": "0.33400", "2020-03-31": "26.97300", "2019-12-31": "47.11210", "2019-09-30": "45.27900", "2019-06-30": "36.23900", "2019-03-31": "26.07600", "2018-12-31": "58.48990", "2018-09-30": "48.53800", "2018-06-30": "49.66500", "2018-03-31": "34.16400", "2017-12-31": "49.57100", "2017-09-30": "56.00700", "2017-06-30": "50.65900", "2017-03-31": "36.66600", "2016-12-31": "52.00400", "2016-09-30": "53.58600", "2016-06-30": "44.19200", "2016-03-31": "34.11400", "2015-12-31": "37.23000", "2015-09-30": "45.34300", "2015-06-30": "45.03900", "2015-03-31": "23.75700", "2014-12-31": "31.28200", "2014-09-30": "43.41200", "2014-06-30": "42.53900", "2014-03-31": "24.08800", "2013-12-31": "-99.84000", "2013-09-30": "10.26900", "2013-06-30": "11.70700", "2013-03-31": "14.30700", "2012-12-31": "", "2012-09-30": "16.83800", "2011-12-31": "", "2010-12-31": ""}, "Basic Shares Outstanding": {"2020-09-30": "173.04800", "2020-06-30": "175.43300", "2020-03-31": "181.74100", "2019-12-31": "178.34000", "2019-09-30": "178.35200", "2019-06-30": "176.79600", "2019-03-31": "175.85000", "2018-12-31": "167.57100", "2018-09-30": "167.65700", "2018-06-30": "165.25600", "2018-03-31": "162.66700", "2017-12-31": "158.38000", "2017-09-30": "158.10200", "2017-06-30": "157.92100", "2017-03-31": "156.49300", "2016-12-31": "133.88100", "2016-09-30": "136.83100", "2016-06-30": "122.50200", "2016-03-31": "120.77800", "2015-12-31": "114.24500", "2015-09-30": "115.90000", "2015-06-30": "112.85200", "2015-03-31": "109.40000", "2014-12-31": "97.94100", "2014-09-30": "97.72900", "2014-06-30": "95.46600", "2014-03-31": "95.46600", "2013-12-31": "95.46300", "2013-09-30": "", "2013-06-30": "95.57400", "2013-03-31": "", "2012-12-31": "", "2012-09-30": "", "2011-12-31": "", "2010-12-31": ""}, "Shares Outstanding": {"2020-09-30": "280.94000", "2020-06-30": "283.38400", "2020-03-31": "292.64500", "2019-12-31": "297.79800", "2019-09-30": "298.15100", "2019-06-30": "298.13100", "2019-03-31": "298.04900", "2018-12-31": "297.25900", "2018-09-30": "297.47800", "2018-06-30": "297.24400", "2018-03-31": "296.82700", "2017-12-31": "298.04900", "2017-09-30": "297.87100", "2017-06-30": "298.39800", "2017-03-31": "297.96200", "2016-12-31": "277.56800", "2016-09-30": "280.61400", "2016-06-30": "266.16700", "2016-03-31": "266.64100", "2015-12-31": "266.62100", "2015-09-30": "265.87300", "2015-06-30": "265.86700", "2015-03-31": "265.81000", "2014-12-31": "254.50600", "2014-09-30": "263.04100", "2014-06-30": "244.43600", "2014-03-31": "244.42500", "2013-12-31": "244.42000", "2013-09-30": "", "2013-06-30": "95.61600", "2013-03-31": "", "2012-12-31": "", "2012-09-30": "", "2011-12-31": "", "2010-12-31": ""}, "Basic EPS": {"2020-09-30": "-0.05000", "2020-06-30": "-0.07000", "2020-03-31": "0.02000", "2019-12-31": "0.10000", "2019-09-30": "0.09000", "2019-06-30": "0.06000", "2019-03-31": "0.03000", "2018-12-31": "0.13000", "2018-09-30": "0.10000", "2018-06-30": "0.10000", "2018-03-31": "0.06000", "2017-12-31": "0.12000", "2017-09-30": "0.12000", "2017-06-30": "0.10000", "2017-03-31": "0.06000", "2016-12-31": "0.11000", "2016-09-30": "0.12000", "2016-06-30": "0.09000", "2016-03-31": "0.06000", "2015-12-31": "0.07000", "2015-09-30": "0.10000", "2015-06-30": "0.10000", "2015-03-31": "0.03000", "2014-12-31": "0.03000", "2014-09-30": "0.09000", "2014-06-30": "0.10000", "2014-03-31": "0.05000", "2013-12-31": "", "2013-09-30": "", "2013-06-30": "", "2013-03-31": "", "2012-12-31": "", "2012-09-30": "", "2011-12-31": "", "2010-12-31": ""}, "EPS - Earnings Per Share": {"2020-09-30": "-0.05000", "2020-06-30": "-0.07000", "2020-03-31": "0.02000", "2019-12-31": "0.10000", "2019-09-30": "0.09000", "2019-06-30": "0.06000", "2019-03-31": "0.03000", "2018-12-31": "0.13000", "2018-09-30": "0.10000", "2018-06-30": "0.10000", "2018-03-31": "0.06000", "2017-12-31": "0.11000", "2017-09-30": "0.12000", "2017-06-30": "0.10000", "2017-03-31": "0.06000", "2016-12-31": "0.11000", "2016-09-30": "0.12000", "2016-06-30": "0.09000", "2016-03-31": "0.06000", "2015-12-31": "0.06000", "2015-09-30": "0.10000", "2015-06-30": "0.10000", "2015-03-31": "0.03000", "2014-12-31": "0.03000", "2014-09-30": "0.09000", "2014-06-30": "0.10000", "2014-03-31": "0.05000", "2013-12-31": "0.00000", "2013-09-30": "0.00000", "2013-06-30": "0.00000", "2013-03-31": "0.00000", "2012-12-31": "0.00000", "2012-09-30": "0.00000", "2011-12-31": "0.00000", "2010-12-31": "0.00000"}}, "balance sheet": {"Cash On Hand": {"2019-12-31": "271.59700", "2018-12-31": "670.81300", "2017-12-31": "530.19700", "2016-12-31": "615.88490", "2015-12-31": "112.56500", "2014-12-31": "106.00500", "2013-12-31": "116.36400", "2012-12-31": "83.76700", "2011-12-31": "116.76100", "2010-12-31": ""}, "Receivables": {"2019-12-31": "246.38300", "2018-12-31": "230.34000", "2017-12-31": "206.95800", "2016-12-31": "174.61600", "2015-12-31": "140.83000", "2014-12-31": "125.84900", "2013-12-31": "87.50600", "2012-12-31": "104.94100", "2011-12-31": "100.05900", "2010-12-31": ""}, "Inventory": {"2019-12-31": "", "2018-12-31": "", "2017-12-31": "", "2016-12-31": "", "2015-12-31": "", "2014-12-31": "", "2013-12-31": "", "2012-12-31": "", "2011-12-31": "", "2010-12-31": ""}, "Pre-Paid Expenses": {"2019-12-31": "", "2018-12-31": "", "2017-12-31": "", "2016-12-31": "", "2015-12-31": "", "2014-12-31": "", "2013-12-31": "", "2012-12-31": "", "2011-12-31": "", "2010-12-31": ""}, "Other Current Assets": {"2019-12-31": "", "2018-12-31": "", "2017-12-31": "", "2016-12-31": "", "2015-12-31": "", "2014-12-31": "", "2013-12-31": "", "2012-12-31": "", "2011-12-31": "", "2010-12-31": ""}, "Total Current Assets": {"2019-12-31": "517.98000", "2018-12-31": "901.15300", "2017-12-31": "737.15500", "2016-12-31": "790.50100", "2015-12-31": "253.39500", "2014-12-31": "231.85400", "2013-12-31": "203.87000", "2012-12-31": "188.70800", "2011-12-31": "216.82000", "2010-12-31": ""}, "Property, Plant, And Equipment": {"2019-12-31": "2246.89900", "2018-12-31": "2137.18200", "2017-12-31": "2010.75500", "2016-12-31": "1902.08300", "2015-12-31": "1810.74600", "2014-12-31": "1762.31100", "2013-12-31": "1354.07200", "2012-12-31": "682.23900", "2011-12-31": "632.13200", "2010-12-31": ""}, "Long-Term Investments": {"2019-12-31": "", "2018-12-31": "", "2017-12-31": "", "2016-12-31": "", "2015-12-31": "", "2014-12-31": "", "2013-12-31": "", "2012-12-31": "", "2011-12-31": "", "2010-12-31": ""}, "Goodwill And Intangible Assets": {"2019-12-31": "491.47900", "2018-12-31": "491.47900", "2017-12-31": "491.47900", "2016-12-31": "491.47900", "2015-12-31": "491.47900", "2014-12-31": "491.47900", "2013-12-31": "741.46200", "2012-12-31": "", "2011-12-31": "", "2010-12-31": "0.00000"}, "Other Long-Term Assets": {"2019-12-31": "352.56600", "2018-12-31": "360.39800", "2017-12-31": "368.22900", "2016-12-31": "376.06000", "2015-12-31": "383.89100", "2014-12-31": "391.88700", "2013-12-31": "62.31200", "2012-12-31": "76.87900", "2011-12-31": "72.62600", "2010-12-31": ""}, "Total Long-Term Assets": {"2019-12-31": "3384.54700", "2018-12-31": "3294.62700", "2017-12-31": "3194.19200", "2016-12-31": "3100.45200", "2015-12-31": "3047.25500", "2014-12-31": "3051.64300", "2013-12-31": "2272.19100", "2012-12-31": "863.84500", "2011-12-31": "788.15100", "2010-12-31": ""}, "Total Assets": {"2019-12-31": "3931.83400", "2018-12-31": "4195.78000", "2017-12-31": "3931.34700", "2016-12-31": "3890.95300", "2015-12-31": "3300.65000", "2014-12-31": "3283.49700", "2013-12-31": "2476.06100", "2012-12-31": "1052.55300", "2011-12-31": "1004.97100", "2010-12-31": "0.00000"}, "Total Current Liabilities": {"2019-12-31": "143.78600", "2018-12-31": "130.67600", "2017-12-31": "110.84900", "2016-12-31": "134.06400", "2015-12-31": "146.29100", "2014-12-31": "96.56300", "2013-12-31": "81.90800", "2012-12-31": "42.67400", "2011-12-31": "21.89300", "2010-12-31": ""}, "Long Term Debt": {"2019-12-31": "1668.57400", "2018-12-31": "1918.93300", "2017-12-31": "1688.72100", "2016-12-31": "1612.33100", "2015-12-31": "1597.22400", "2014-12-31": "1598.65400", "2013-12-31": "1208.11200", "2012-12-31": "996.48900", "2011-12-31": "956.80900", "2010-12-31": ""}, "Other Non-Current Liabilities": {"2019-12-31": "142.25400", "2018-12-31": "155.06200", "2017-12-31": "154.04000", "2016-12-31": "161.69500", "2015-12-31": "184.44900", "2014-12-31": "207.18300", "2013-12-31": "182.85600", "2012-12-31": "24.24900", "2011-12-31": "24.97500", "2010-12-31": ""}, "Total Long Term Liabilities": {"2019-12-31": "1810.82800", "2018-12-31": "2073.99500", "2017-12-31": "1842.76100", "2016-12-31": "1774.02600", "2015-12-31": "1781.67300", "2014-12-31": "1805.83700", "2013-12-31": "1390.96800", "2012-12-31": "1020.73800", "2011-12-31": "981.78400", "2010-12-31": ""}, "Total Liabilities": {"2019-12-31": "1983.92100", "2018-12-31": "2204.67100", "2017-12-31": "1953.61000", "2016-12-31": "1908.09000", "2015-12-31": "1927.96400", "2014-12-31": "1902.40000", "2013-12-31": "1472.87600", "2012-12-31": "1063.41200", "2011-12-31": "1003.67700", "2010-12-31": "0.00000"}, "Common Stock Net": {"2019-12-31": "1.81900", "2018-12-31": "1.74900", "2017-12-31": "1.61500", "2016-12-31": "1.55800", "2015-12-31": "1.20000", "2014-12-31": "1.07200", "2013-12-31": "0.95600", "2012-12-31": "", "2011-12-31": "", "2010-12-31": "0.00000"}, "Retained Earnings (Accumulated Deficit)": {"2019-12-31": "15.76400", "2018-12-31": "41.51100", "2017-12-31": "46.76200", "2016-12-31": "50.90400", "2015-12-31": "55.26000", "2014-12-31": "60.71300", "2013-12-31": "67.64400", "2012-12-31": "", "2011-12-31": "", "2010-12-31": ""}, "Comprehensive Income": {"2019-12-31": "-21.49600", "2018-12-31": "-8.85300", "2017-12-31": "-8.55500", "2016-12-31": "-2.78900", "2015-12-31": "-0.88300", "2014-12-31": "0.00000", "2013-12-31": "", "2012-12-31": "", "2011-12-31": "", "2010-12-31": ""}, "Other Share Holders Equity": {"2019-12-31": "29.15100", "2018-12-31": "8.00400", "2017-12-31": "8.00400", "2016-12-31": "8.00400", "2015-12-31": "8.00400", "2014-12-31": "8.00400", "2013-12-31": "", "2012-12-31": "-10.85900", "2011-12-31": "", "2010-12-31": "0.00000"}, "Share Holder Equity": {"2019-12-31": "1947.91300", "2018-12-31": "1991.10900", "2017-12-31": "1977.73700", "2016-12-31": "1982.86300", "2015-12-31": "1372.68600", "2014-12-31": "1381.09700", "2013-12-31": "1003.18500", "2012-12-31": "-10.85900", "2011-12-31": "1.29400", "2010-12-31": "0.00000"}, "Total Liabilities And Share Holders Equity": {"2019-12-31": "3931.83400", "2018-12-31": "4195.78000", "2017-12-31": "3931.34700", "2016-12-31": "3890.95300", "2015-12-31": "3300.65000", "2014-12-31": "3283.49700", "2013-12-31": "2476.06100", "2012-12-31": "1052.55300", "2011-12-31": "1004.97100", "2010-12-31": "0.00000"}}, "balance sheet, quarterly": {"Cash On Hand": {"2020-09-30": "427.95300", "2020-06-30": "931.84800", "2020-03-31": "1045.86400", "2019-12-31": "271.59700", "2019-09-30": "330.31900", "2019-06-30": "563.37800", "2019-03-31": "654.67600", "2018-12-31": "670.81300", "2018-09-30": "684.10100", "2018-06-30": "710.51600", "2018-03-31": "752.17000", "2017-12-31": "530.19700", "2017-09-30": "496.12500", "2017-06-30": "508.96900", "2017-03-31": "594.90600", "2016-12-31": "615.88490", "2016-09-30": "655.04900", "2016-06-30": "94.59500", "2016-03-31": "104.60500", "2015-12-31": "112.56500", "2015-09-30": "111.28700", "2015-06-30": "103.93000", "2015-03-31": "97.47000", "2014-12-31": "106.00500", "2014-09-30": "116.73900", "2014-06-30": "97.27300", "2014-03-31": "99.53500", "2013-12-31": "116.36400", "2013-09-30": "139.58600", "2013-06-30": "", "2013-03-31": "", "2012-12-31": "", "2012-09-30": "", "2011-12-31": "116.76000", "2010-12-31": ""}, "Receivables": {"2020-09-30": "249.73900", "2020-06-30": "256.24400", "2020-03-31": "251.70300", "2019-12-31": "246.38300", "2019-09-30": "243.97200", "2019-06-30": "240.77400", "2019-03-31": "228.35900", "2018-12-31": "230.34000", "2018-09-30": "226.79700", "2018-06-30": "212.01900", "2018-03-31": "209.82300", "2017-12-31": "206.95800", "2017-09-30": "207.32600", "2017-06-30": "189.46500", "2017-03-31": "178.58500", "2016-12-31": "174.61600", "2016-09-30": "163.14700", "2016-06-30": "148.47600", "2016-03-31": "141.97600", "2015-12-31": "140.83000", "2015-09-30": "148.61400", "2015-06-30": "128.32800", "2015-03-31": "118.98500", "2014-12-31": "125.84900", "2014-09-30": "124.67400", "2014-06-30": "112.13300", "2014-03-31": "104.61500", "2013-12-31": "87.50600", "2013-09-30": "75.86500", "2013-06-30": "", "2013-03-31": "", "2012-12-31": "", "2012-09-30": "", "2011-12-31": "100.05000", "2010-12-31": ""}, "Inventory": {"2020-09-30": "", "2020-06-30": "", "2020-03-31": "", "2019-12-31": "", "2019-09-30": "", "2019-06-30": "", "2019-03-31": "", "2018-12-31": "", "2018-09-30": "", "2018-06-30": "", "2018-03-31": "", "2017-12-31": "", "2017-09-30": "", "2017-06-30": "", "2017-03-31": "", "2016-12-31": "", "2016-09-30": "", "2016-06-30": "", "2016-03-31": "", "2015-12-31": "", "2015-09-30": "", "2015-06-30": "", "2015-03-31": "", "2014-12-31": "", "2014-09-30": "", "2014-06-30": "", "2014-03-31": "", "2013-12-31": "", "2013-09-30": "", "2013-06-30": "", "2013-03-31": "", "2012-12-31": "", "2012-09-30": "", "2011-12-31": "", "2010-12-31": ""}, "Pre-Paid Expenses": {"2020-09-30": "", "2020-06-30": "", "2020-03-31": "", "2019-12-31": "", "2019-09-30": "", "2019-06-30": "", "2019-03-31": "", "2018-12-31": "", "2018-09-30": "", "2018-06-30": "", "2018-03-31": "", "2017-12-31": "", "2017-09-30": "", "2017-06-30": "", "2017-03-31": "", "2016-12-31": "", "2016-09-30": "", "2016-06-30": "", "2016-03-31": "", "2015-12-31": "", "2015-09-30": "", "2015-06-30": "", "2015-03-31": "", "2014-12-31": "", "2014-09-30": "", "2014-06-30": "", "2014-03-31": "", "2013-12-31": "", "2013-09-30": "", "2013-06-30": "", "2013-03-31": "", "2012-12-31": "", "2012-09-30": "", "2011-12-31": "", "2010-12-31": ""}, "Other Current Assets": {"2020-09-30": "", "2020-06-30": "", "2020-03-31": "", "2019-12-31": "", "2019-09-30": "", "2019-06-30": "", "2019-03-31": "", "2018-12-31": "", "2018-09-30": "", "2018-06-30": "", "2018-03-31": "", "2017-12-31": "", "2017-09-30": "", "2017-06-30": "", "2017-03-31": "", "2016-12-31": "", "2016-09-30": "", "2016-06-30": "", "2016-03-31": "", "2015-12-31": "", "2015-09-30": "", "2015-06-30": "", "2015-03-31": "", "2014-12-31": "", "2014-09-30": "", "2014-06-30": "", "2014-03-31": "", "2013-12-31": "", "2013-09-30": "", "2013-06-30": "", "2013-03-31": "", "2012-12-31": "", "2012-09-30": "", "2011-12-31": "", "2010-12-31": ""}, "Total Current Assets": {"2020-09-30": "677.69200", "2020-06-30": "1188.09200", "2020-03-31": "1297.56700", "2019-12-31": "517.98000", "2019-09-30": "574.29100", "2019-06-30": "804.15200", "2019-03-31": "883.03500", "2018-12-31": "901.15300", "2018-09-30": "910.89790", "2018-06-30": "922.53500", "2018-03-31": "961.99300", "2017-12-31": "737.15500", "2017-09-30": "703.45100", "2017-06-30": "698.43400", "2017-03-31": "773.49100", "2016-12-31": "790.50100", "2016-09-30": "818.19600", "2016-06-30": "243.07100", "2016-03-31": "246.58100", "2015-12-31": "253.39500", "2015-09-30": "259.90100", "2015-06-30": "232.25800", "2015-03-31": "216.45500", "2014-12-31": "231.85400", "2014-09-30": "241.41300", "2014-06-30": "209.40600", "2014-03-31": "204.15000", "2013-12-31": "203.87000", "2013-09-30": "215.45100", "2013-06-30": "", "2013-03-31": "", "2012-12-31": "", "2012-09-30": "", "2011-12-31": "216.81000", "2010-12-31": ""}, "Property, Plant, And Equipment": {"2020-09-30": "2207.14900", "2020-06-30": "2213.50300", "2020-03-31": "2236.48600", "2019-12-31": "2246.89900", "2019-09-30": "2210.04300", "2019-06-30": "2184.45800", "2019-03-31": "2158.88600", "2018-12-31": "2137.18200", "2018-09-30": "2106.99600", "2018-06-30": "2073.12000", "2018-03-31": "2026.83300", "2017-12-31": "2010.75500", "2017-09-30": "1976.22200", "2017-06-30": "1951.12800", "2017-03-31": "1919.83300", "2016-12-31": "1902.08300", "2016-09-30": "1873.60000", "2016-06-30": "1846.45600", "2016-03-31": "1808.49200", "2015-12-31": "1810.74600", "2015-09-30": "1799.31300", "2015-06-30": "1781.62300", "2015-03-31": "1775.93700", "2014-12-31": "1762.31100", "2014-09-30": "1752.88000", "2014-06-30": "1369.97000", "2014-03-31": "1352.43400", "2013-12-31": "1354.07200", "2013-09-30": "710.91600", "2013-06-30": "", "2013-03-31": "", "2012-12-31": "", "2012-09-30": "", "2011-12-31": "", "2010-12-31": ""}, "Long-Term Investments": {"2020-09-30": "", "2020-06-30": "", "2020-03-31": "", "2019-12-31": "", "2019-09-30": "", "2019-06-30": "", "2019-03-31": "", "2018-12-31": "", "2018-09-30": "", "2018-06-30": "", "2018-03-31": "", "2017-12-31": "", "2017-09-30": "", "2017-06-30": "", "2017-03-31": "", "2016-12-31": "", "2016-09-30": "", "2016-06-30": "", "2016-03-31": "", "2015-12-31": "", "2015-09-30": "", "2015-06-30": "", "2015-03-31": "", "2014-12-31": "", "2014-09-30": "", "2014-06-30": "", "2014-03-31": "", "2013-12-31": "", "2013-09-30": "", "2013-06-30": "", "2013-03-31": "", "2012-12-31": "", "2012-09-30": "", "2011-12-31": "", "2010-12-31": ""}, "Goodwill And Intangible Assets": {"2020-09-30": "491.47900", "2020-06-30": "491.47900", "2020-03-31": "491.47900", "2019-12-31": "491.47900", "2019-09-30": "491.47900", "2019-06-30": "491.47900", "2019-03-31": "849.91900", "2018-12-31": "491.47900", "2018-09-30": "491.47900", "2018-06-30": "491.47900", "2018-03-31": "491.47900", "2017-12-31": "491.47900", "2017-09-30": "491.47900", "2017-06-30": "491.47900", "2017-03-31": "491.47900", "2016-12-31": "491.47900", "2016-09-30": "491.47900", "2016-06-30": "491.47900", "2016-03-31": "491.47900", "2015-12-31": "491.47900", "2015-09-30": "491.47900", "2015-06-30": "491.47900", "2015-03-31": "764.56500", "2014-12-31": "491.47900", "2014-09-30": "803.48000", "2014-06-30": "719.09600", "2014-03-31": "729.37900", "2013-12-31": "741.46200", "2013-09-30": "", "2013-06-30": "0.00000", "2013-03-31": "0.00000", "2012-12-31": "", "2012-09-30": "0.00000", "2011-12-31": "0.00000", "2010-12-31": "0.00000"}, "Other Long-Term Assets": {"2020-09-30": "346.69300", "2020-06-30": "348.65100", "2020-03-31": "350.60900", "2019-12-31": "352.56600", "2019-09-30": "354.52400", "2019-06-30": "356.48200", "2019-03-31": "", "2018-12-31": "360.39800", "2018-09-30": "362.35500", "2018-06-30": "364.31300", "2018-03-31": "366.27100", "2017-12-31": "368.22900", "2017-09-30": "370.18700", "2017-06-30": "372.14400", "2017-03-31": "374.10200", "2016-12-31": "376.06000", "2016-09-30": "378.01800", "2016-06-30": "379.97600", "2016-03-31": "381.93400", "2015-12-31": "383.89100", "2015-09-30": "385.84900", "2015-06-30": "387.80700", "2015-03-31": "389.76500", "2014-12-31": "391.88700", "2014-09-30": "392.75600", "2014-06-30": "61.46000", "2014-03-31": "61.88600", "2013-12-31": "62.31200", "2013-09-30": "88.30400", "2013-06-30": "", "2013-03-31": "", "2012-12-31": "", "2012-09-30": "", "2011-12-31": "704.75000", "2010-12-31": ""}, "Total Long-Term Assets": {"2020-09-30": "3303.86800", "2020-06-30": "3333.09800", "2020-03-31": "3337.73500", "2019-12-31": "3384.54700", "2019-09-30": "3321.67100", "2019-06-30": "3322.01900", "2019-03-31": "3279.95300", "2018-12-31": "3294.62700", "2018-09-30": "3255.93400", "2018-06-30": "3240.37000", "2018-03-31": "3179.82000", "2017-12-31": "3194.19200", "2017-09-30": "3145.48300", "2017-06-30": "3132.76700", "2017-03-31": "3092.68500", "2016-12-31": "3100.45200", "2016-09-30": "3064.37300", "2016-06-30": "3058.58300", "2016-03-31": "3016.79000", "2015-12-31": "3047.25500", "2015-09-30": "3048.86600", "2015-06-30": "3061.70600", "2015-03-31": "3056.53300", "2014-12-31": "3051.64300", "2014-09-30": "3060.60300", "2014-06-30": "2267.21900", "2014-03-31": "2246.26600", "2013-12-31": "2272.19100", "2013-09-30": "906.77110", "2013-06-30": "", "2013-03-31": "", "2012-12-31": "", "2012-09-30": "", "2011-12-31": "788.14000", "2010-12-31": ""}, "Total Assets": {"2020-09-30": "4010.71400", "2020-06-30": "4550.39500", "2020-03-31": "4664.55800", "2019-12-31": "3931.83400", "2019-09-30": "3925.31700", "2019-06-30": "4155.57500", "2019-03-31": "4192.44000", "2018-12-31": "4195.78000", "2018-09-30": "4166.83200", "2018-06-30": "4162.90500", "2018-03-31": "4141.81300", "2017-12-31": "3931.34700", "2017-09-30": "3848.93400", "2017-06-30": "3831.20100", "2017-03-31": "3866.17600", "2016-12-31": "3890.95300", "2016-09-30": "3882.56900", "2016-06-30": "3301.65400", "2016-03-31": "3263.37100", "2015-12-31": "3300.65000", "2015-09-30": "3308.76700", "2015-06-30": "3293.96400", "2015-03-31": "3272.98800", "2014-12-31": "3283.49700", "2014-09-30": "3302.01600", "2014-06-30": "2476.62500", "2014-03-31": "2450.41600", "2013-12-31": "2476.06100", "2013-09-30": "1122.22200", "2013-06-30": "0.00000", "2013-03-31": "0.00000", "2012-12-31": "0.00000", "2012-09-30": "0.00000", "2011-12-31": "1004.97000", "2010-12-31": "0.00000"}, "Total Current Liabilities": {"2020-09-30": "111.91800", "2020-06-30": "651.77000", "2020-03-31": "688.75100", "2019-12-31": "143.78600", "2019-09-30": "143.20100", "2019-06-30": "131.84200", "2019-03-31": "127.98600", "2018-12-31": "130.67600", "2018-09-30": "128.34000", "2018-06-30": "129.94400", "2018-03-31": "106.83000", "2017-12-31": "110.84900", "2017-09-30": "142.69000", "2017-06-30": "136.61700", "2017-03-31": "125.91000", "2016-12-31": "134.06400", "2016-09-30": "154.57300", "2016-06-30": "183.29600", "2016-03-31": "119.10400", "2015-12-31": "146.29100", "2015-09-30": "126.69900", "2015-06-30": "386.67400", "2015-03-31": "266.79700", "2014-12-31": "96.56300", "2014-09-30": "97.41300", "2014-06-30": "74.80700", "2014-03-31": "71.71200", "2013-12-31": "81.90800", "2013-09-30": "31.00900", "2013-06-30": "", "2013-03-31": "", "2012-12-31": "", "2012-09-30": "", "2011-12-31": "943.25000", "2010-12-31": ""}, "Long Term Debt": {"2020-09-30": "1963.59300", "2020-06-30": "1964.08600", "2020-03-31": "1964.33300", "2019-12-31": "1668.57400", "2019-09-30": "1669.17700", "2019-06-30": "1919.40500", "2019-03-31": "1919.17200", "2018-12-31": "1918.93300", "2018-09-30": "1918.68400", "2018-06-30": "1918.49900", "2018-03-31": "1918.28000", "2017-12-31": "1688.72100", "2017-09-30": "1577.29000", "2017-06-30": "1579.49900", "2017-03-31": "1608.79900", "2016-12-31": "1612.33100", "2016-09-30": "1615.83300", "2016-06-30": "1619.15500", "2016-03-31": "1622.51600", "2015-12-31": "1597.22400", "2015-09-30": "1609.40800", "2015-06-30": "1348.40700", "2015-03-31": "1443.36700", "2014-12-31": "1598.65400", "2014-09-30": "1598.16800", "2014-06-30": "1228.86300", "2014-03-31": "1203.54500", "2013-12-31": "1208.11200", "2013-09-30": "1093.81300", "2013-06-30": "", "2013-03-31": "", "2012-12-31": "", "2012-09-30": "", "2011-12-31": "956.80000", "2010-12-31": ""}, "Other Non-Current Liabilities": {"2020-09-30": "162.23400", "2020-06-30": "149.29600", "2020-03-31": "132.34200", "2019-12-31": "142.25400", "2019-09-30": "143.23800", "2019-06-30": "126.89200", "2019-03-31": "148.62900", "2018-12-31": "155.06200", "2018-09-30": "130.35700", "2018-06-30": "131.32100", "2018-03-31": "143.36500", "2017-12-31": "154.04000", "2017-09-30": "158.72800", "2017-06-30": "151.13200", "2017-03-31": "156.54100", "2016-12-31": "161.69500", "2016-09-30": "159.32400", "2016-06-30": "162.43400", "2016-03-31": "172.77600", "2015-12-31": "184.44900", "2015-09-30": "200.05000", "2015-06-30": "186.33700", "2015-03-31": "195.11800", "2014-12-31": "207.18300", "2014-09-30": "213.33200", "2014-06-30": "173.11100", "2014-03-31": "180.61900", "2013-12-31": "182.85600", "2013-09-30": "29.01800", "2013-06-30": "", "2013-03-31": "", "2012-12-31": "", "2012-09-30": "", "2011-12-31": "24.97000", "2010-12-31": ""}, "Total Long Term Liabilities": {"2020-09-30": "2125.82700", "2020-06-30": "2113.38200", "2020-03-31": "2096.67500", "2019-12-31": "1810.82800", "2019-09-30": "1812.41500", "2019-06-30": "2046.29700", "2019-03-31": "2067.80100", "2018-12-31": "2073.99500", "2018-09-30": "2049.04100", "2018-06-30": "2049.82000", "2018-03-31": "2061.64500", "2017-12-31": "1842.76100", "2017-09-30": "1736.01800", "2017-06-30": "1730.63100", "2017-03-31": "1765.34000", "2016-12-31": "1774.02600", "2016-09-30": "1775.15700", "2016-06-30": "1781.58900", "2016-03-31": "1795.29200", "2015-12-31": "1781.67300", "2015-09-30": "1809.45800", "2015-06-30": "1534.74400", "2015-03-31": "1638.48500", "2014-12-31": "1805.83700", "2014-09-30": "1811.50000", "2014-06-30": "1401.97400", "2014-03-31": "1384.16400", "2013-12-31": "1390.96800", "2013-09-30": "1122.83100", "2013-06-30": "", "2013-03-31": "", "2012-12-31": "", "2012-09-30": "", "2011-12-31": "981.77000", "2010-12-31": ""}, "Total Liabilities": {"2020-09-30": "2266.89900", "2020-06-30": "2794.35700", "2020-03-31": "2814.68200", "2019-12-31": "1983.92100", "2019-09-30": "1984.97100", "2019-06-30": "2207.54300", "2019-03-31": "2225.23900", "2018-12-31": "2204.67100", "2018-09-30": "2177.38100", "2018-06-30": "2179.76400", "2018-03-31": "2168.47500", "2017-12-31": "1953.61000", "2017-09-30": "1878.70800", "2017-06-30": "1867.24800", "2017-03-31": "1891.25000", "2016-12-31": "1908.09000", "2016-09-30": "1929.73000", "2016-06-30": "1964.88500", "2016-03-31": "1914.39600", "2015-12-31": "1927.96400", "2015-09-30": "1936.15700", "2015-06-30": "1921.41800", "2015-03-31": "1905.28200", "2014-12-31": "1902.40000", "2014-09-30": "1908.91300", "2014-06-30": "1476.78100", "2014-03-31": "1455.87600", "2013-12-31": "1472.87600", "2013-09-30": "1153.84000", "2013-06-30": "0.00000", "2013-03-31": "0.00000", "2012-12-31": "", "2012-09-30": "0.00000", "2011-12-31": "1003.67000", "2010-12-31": "0.00000"}, "Common Stock Net": {"2020-09-30": "1.72900", "2020-06-30": "1.73300", "2020-03-31": "1.77100", "2019-12-31": "1.81900", "2019-09-30": "1.80100", "2019-06-30": "1.78000", "2019-03-31": "1.76500", "2018-12-31": "1.74900", "2018-09-30": "1.69100", "2018-06-30": "1.67700", "2018-03-31": "1.64300", "2017-12-31": "1.61500", "2017-09-30": "1.59400", "2017-06-30": "1.58500", "2017-03-31": "1.57700", "2016-12-31": "1.55800", "2016-09-30": "1.54900", "2016-06-30": "1.23800", "2016-03-31": "1.21700", "2015-12-31": "1.20000", "2015-09-30": "1.17900", "2015-06-30": "1.14200", "2015-03-31": "1.11700", "2014-12-31": "1.07200", "2014-09-30": "0.98200", "2014-06-30": "0.95600", "2014-03-31": "0.95600", "2013-12-31": "0.95600", "2013-09-30": "", "2013-06-30": "0.00000", "2013-03-31": "0.00000", "2012-12-31": "", "2012-09-30": "0.00000", "2011-12-31": "0.00000", "2010-12-31": "0.00000"}, "Retained Earnings (Accumulated Deficit)": {"2020-09-30": "-64.29300", "2020-06-30": "-56.08900", "2020-03-31": "-16.96600", "2019-12-31": "15.76400", "2019-09-30": "18.05900", "2019-06-30": "21.08400", "2019-03-31": "28.66800", "2018-12-31": "41.51100", "2018-09-30": "37.00400", "2018-06-30": "38.38900", "2018-03-31": "39.32300", "2017-12-31": "46.76200", "2017-09-30": "46.43600", "2017-06-30": "44.35500", "2017-03-31": "44.40700", "2016-12-31": "50.90400", "2016-09-30": "50.25900", "2016-06-30": "50.52400", "2016-03-31": "52.37000", "2015-12-31": "55.26000", "2015-09-30": "57.13500", "2015-06-30": "55.90300", "2015-03-31": "54.44500", "2014-12-31": "60.71300", "2014-09-30": "65.56800", "2014-06-30": "65.59600", "2014-03-31": "63.88500", "2013-12-31": "67.64400", "2013-09-30": "", "2013-06-30": "", "2013-03-31": "", "2012-12-31": "", "2012-09-30": "", "2011-12-31": "", "2010-12-31": ""}, "Comprehensive Income": {"2020-09-30": "-30.03800", "2020-06-30": "-31.87400", "2020-03-31": "-32.10600", "2019-12-31": "-21.49600", "2019-09-30": "-24.11000", "2019-06-30": "-20.38700", "2019-03-31": "-13.13000", "2018-12-31": "-8.85300", "2018-09-30": "-2.22900", "2018-06-30": "-4.69500", "2018-03-31": "-6.03700", "2017-12-31": "-8.55500", "2017-09-30": "-10.42500", "2017-06-30": "-9.69500", "2017-03-31": "-2.07400", "2016-12-31": "-2.78900", "2016-09-30": "-14.95600", "2016-06-30": "-14.74400", "2016-03-31": "-9.62600", "2015-12-31": "-0.88300", "2015-09-30": "-1.90300", "2015-06-30": "", "2015-03-31": "", "2014-12-31": "", "2014-09-30": "", "2014-06-30": "", "2014-03-31": "", "2013-12-31": "", "2013-09-30": "", "2013-06-30": "", "2013-03-31": "", "2012-12-31": "", "2012-09-30": "", "2011-12-31": "", "2010-12-31": ""}, "Other Share Holders Equity": {"2020-09-30": "29.94000", "2020-06-30": "29.94000", "2020-03-31": "29.94000", "2019-12-31": "29.15100", "2019-09-30": "8.00400", "2019-06-30": "8.00400", "2019-03-31": "8.00400", "2018-12-31": "8.00400", "2018-09-30": "8.00400", "2018-06-30": "8.00400", "2018-03-31": "8.00400", "2017-12-31": "8.00400", "2017-09-30": "8.00400", "2017-06-30": "8.00400", "2017-03-31": "8.00400", "2016-12-31": "8.00400", "2016-09-30": "8.00400", "2016-06-30": "8.00400", "2016-03-31": "8.00400", "2015-12-31": "8.00400", "2015-09-30": "8.00400", "2015-06-30": "8.00400", "2015-03-31": "8.00400", "2014-12-31": "8.00400", "2014-09-30": "8.26100", "2014-06-30": "", "2014-03-31": "", "2013-12-31": "", "2013-09-30": "", "2013-06-30": "0.00000", "2013-03-31": "0.00000", "2012-12-31": "", "2012-09-30": "0.00000", "2011-12-31": "0.00000", "2010-12-31": "0.00000"}, "Share Holder Equity": {"2020-09-30": "1743.81500", "2020-06-30": "1756.03800", "2020-03-31": "1849.87600", "2019-12-31": "1947.91300", "2019-09-30": "1940.34600", "2019-06-30": "1948.03200", "2019-03-31": "1967.20100", "2018-12-31": "1991.10900", "2018-09-30": "1989.45100", "2018-06-30": "1983.14100", "2018-03-31": "1973.33800", "2017-12-31": "1977.73700", "2017-09-30": "1970.22600", "2017-06-30": "1963.95300", "2017-03-31": "1974.92600", "2016-12-31": "1982.86300", "2016-09-30": "1952.83900", "2016-06-30": "1336.76900", "2016-03-31": "1348.97500", "2015-12-31": "1372.68600", "2015-09-30": "1372.61000", "2015-06-30": "1372.54600", "2015-03-31": "1367.70600", "2014-12-31": "1381.09700", "2014-09-30": "1393.10300", "2014-06-30": "999.84400", "2014-03-31": "994.54000", "2013-12-31": "1003.18500", "2013-09-30": "-31.61800", "2013-06-30": "0.00000", "2013-03-31": "0.00000", "2012-12-31": "", "2012-09-30": "0.00000", "2011-12-31": "1.29000", "2010-12-31": "0.00000"}, "Total Liabilities And Share Holders Equity": {"2020-09-30": "4010.71400", "2020-06-30": "4550.39500", "2020-03-31": "4664.55800", "2019-12-31": "3931.83400", "2019-09-30": "3925.31700", "2019-06-30": "4155.57500", "2019-03-31": "4192.44000", "2018-12-31": "4195.78000", "2018-09-30": "4166.83200", "2018-06-30": "4162.90500", "2018-03-31": "4141.81300", "2017-12-31": "3931.34700", "2017-09-30": "3848.93400", "2017-06-30": "3831.20100", "2017-03-31": "3866.17600", "2016-12-31": "3890.95300", "2016-09-30": "3882.56900", "2016-06-30": "3301.65400", "2016-03-31": "3263.37100", "2015-12-31": "3300.65000", "2015-09-30": "3308.76700", "2015-06-30": "3293.96400", "2015-03-31": "3272.98800", "2014-12-31": "3283.49700", "2014-09-30": "3302.01600", "2014-06-30": "2476.62500", "2014-03-31": "2450.41600", "2013-12-31": "2476.06100", "2013-09-30": "1122.22200", "2013-06-30": "0.00000", "2013-03-31": "0.00000", "2012-12-31": "", "2012-09-30": "0.00000", "2011-12-31": "1004.97000", "2010-12-31": "0.00000"}}, "cash flow statement": {"Net Income/Loss": {"2019-12-31": "84.29000", "2018-12-31": "117.25300", "2017-12-31": "118.25300", "2016-12-31": "107.25000", "2015-12-31": "79.92800", "2014-12-31": "70.21000", "2013-12-31": "156.19900", "2012-12-31": "48.64300", "2011-12-31": "57.39700", "2010-12-31": "45.31100"}, "Total Depreciation And Amortization - Cash Flow": {"2019-12-31": "189.43600", "2018-12-31": "177.43400", "2017-12-31": "163.85900", "2016-12-31": "154.98600", "2015-12-31": "161.81500", "2014-12-31": "139.89500", "2013-12-31": "76.51700", "2012-12-31": "47.57100", "2011-12-31": "38.76000", "2010-12-31": "36.02500"}, "Other Non-Cash Items": {"2019-12-31": "-11.00200", "2018-12-31": "-3.32200", "2017-12-31": "-25.98200", "2016-12-31": "-19.86600", "2015-12-31": "-13.98800", "2014-12-31": "-35.99500", "2013-12-31": "-288.36800", "2012-12-31": "-6.82100", "2011-12-31": "7.22800", "2010-12-31": "-10.66700"}, "Total Non-Cash Items": {"2019-12-31": "178.43400", "2018-12-31": "174.11200", "2017-12-31": "137.87700", "2016-12-31": "135.12000", "2015-12-31": "147.82700", "2014-12-31": "103.90000", "2013-12-31": "-211.85100", "2012-12-31": "40.75000", "2011-12-31": "45.98800", "2010-12-31": "25.35800"}, "Change In Accounts Receivable": {"2019-12-31": "4.01500", "2018-12-31": "-1.27500", "2017-12-31": "-5.78700", "2016-12-31": "-3.76000", "2015-12-31": "4.96300", "2014-12-31": "3.13500", "2013-12-31": "-7.67000", "2012-12-31": "4.48400", "2011-12-31": "-6.05700", "2010-12-31": "-3.60600"}, "Change In Inventories": {"2019-12-31": "", "2018-12-31": "", "2017-12-31": "", "2016-12-31": "", "2015-12-31": "", "2014-12-31": "", "2013-12-31": "", "2012-12-31": "", "2011-12-31": "", "2010-12-31": ""}, "Change In Accounts Payable": {"2019-12-31": "", "2018-12-31": "", "2017-12-31": "", "2016-12-31": "", "2015-12-31": "", "2014-12-31": "", "2013-12-31": "", "2012-12-31": "", "2011-12-31": "-37.07400", "2010-12-31": "-0.91900"}, "Change In Assets/Liabilities": {"2019-12-31": "-34.57500", "2018-12-31": "-13.06100", "2017-12-31": "-31.03800", "2016-12-31": "-26.79400", "2015-12-31": "-26.85700", "2014-12-31": "-23.93100", "2013-12-31": "-33.62200", "2012-12-31": "-9.90700", "2011-12-31": "-12.30700", "2010-12-31": "-2.52100"}, "Total Change In Assets/Liabilities": {"2019-12-31": "-30.13300", "2018-12-31": "-12.34300", "2017-12-31": "-61.92800", "2016-12-31": "-27.61500", "2015-12-31": "-24.56800", "2014-12-31": "-35.55200", "2013-12-31": "-2.89400", "2012-12-31": "4.96000", "2011-12-31": "-55.70300", "2010-12-31": "2.90500"}, "Cash Flow From Operating Activities": {"2019-12-31": "232.59100", "2018-12-31": "279.02200", "2017-12-31": "194.20200", "2016-12-31": "214.75500", "2015-12-31": "203.18700", "2014-12-31": "138.55800", "2013-12-31": "-58.54600", "2012-12-31": "94.35300", "2011-12-31": "47.68200", "2010-12-31": "73.57400"}, "Net Change In Property, Plant, And Equipment": {"2019-12-31": "-250.25400", "2018-12-31": "-243.02200", "2017-12-31": "-222.97900", "2016-12-31": "-181.92300", "2015-12-31": "-141.68500", "2014-12-31": "-307.87500", "2013-12-31": "-112.56300", "2012-12-31": "-87.47000", "2011-12-31": "-60.53300", "2010-12-31": "-36.68800"}, "Net Change In Intangible Assets": {"2019-12-31": "", "2018-12-31": "", "2017-12-31": "", "2016-12-31": "", "2015-12-31": "", "2014-12-31": "", "2013-12-31": "", "2012-12-31": "", "2011-12-31": "", "2010-12-31": ""}, "Net Acquisitions/Divestitures": {"2019-12-31": "", "2018-12-31": "", "2017-12-31": "", "2016-12-31": "", "2015-12-31": "", "2014-12-31": "", "2013-12-31": "", "2012-12-31": "", "2011-12-31": "", "2010-12-31": ""}, "Net Change In Short-term Investments": {"2019-12-31": "400.00000", "2018-12-31": "-400.00000", "2017-12-31": "", "2016-12-31": "", "2015-12-31": "", "2014-12-31": "", "2013-12-31": "", "2012-12-31": "", "2011-12-31": "", "2010-12-31": ""}, "Net Change In Long-Term Investments": {"2019-12-31": "", "2018-12-31": "", "2017-12-31": "", "2016-12-31": "", "2015-12-31": "", "2014-12-31": "", "2013-12-31": "", "2012-12-31": "", "2011-12-31": "", "2010-12-31": ""}, "Net Change In Investments - Total": {"2019-12-31": "400.00000", "2018-12-31": "-400.00000", "2017-12-31": "", "2016-12-31": "", "2015-12-31": "", "2014-12-31": "", "2013-12-31": "", "2012-12-31": "", "2011-12-31": "", "2010-12-31": ""}, "Investing Activities - Other": {"2019-12-31": "-0.00200", "2018-12-31": "-0.00100", "2017-12-31": "-0.03400", "2016-12-31": "-0.45300", "2015-12-31": "-0.63100", "2014-12-31": "8.81800", "2013-12-31": "-564.19400", "2012-12-31": "-20.81100", "2011-12-31": "0.00600", "2010-12-31": "1.85100"}, "Cash Flow From Investing Activities": {"2019-12-31": "149.74400", "2018-12-31": "-643.02300", "2017-12-31": "-223.01300", "2016-12-31": "-182.37600", "2015-12-31": "-142.31600", "2014-12-31": "-299.05700", "2013-12-31": "-676.75700", "2012-12-31": "-108.28100", "2011-12-31": "-60.52700", "2010-12-31": "-34.83700"}, "Net Long-Term Debt": {"2019-12-31": "-253.79000", "2018-12-31": "228.38700", "2017-12-31": "83.38500", "2016-12-31": "17.69500", "2015-12-31": "-1.91800", "2014-12-31": "237.69200", "2013-12-31": "91.05800", "2012-12-31": "56.83900", "2011-12-31": "70.58600", "2010-12-31": "-2.57300"}, "Net Current Debt": {"2019-12-31": "", "2018-12-31": "", "2017-12-31": "", "2016-12-31": "-40.00000", "2015-12-31": "40.00000", "2014-12-31": "", "2013-12-31": "", "2012-12-31": "", "2011-12-31": "", "2010-12-31": ""}, "Debt Issuance/Retirement Net - Total": {"2019-12-31": "-253.79000", "2018-12-31": "228.38700", "2017-12-31": "83.38500", "2016-12-31": "-22.30500", "2015-12-31": "38.08200", "2014-12-31": "237.69200", "2013-12-31": "91.05800", "2012-12-31": "56.83900", "2011-12-31": "70.58600", "2010-12-31": "-2.57300"}, "Net Common Equity Issued/Repurchased": {"2019-12-31": "", "2018-12-31": "4.74900", "2017-12-31": "", "2016-12-31": "611.20600", "2015-12-31": "", "2014-12-31": "", "2013-12-31": "992.88700", "2012-12-31": "", "2011-12-31": "", "2010-12-31": ""}, "Net Total Equity Issued/Repurchased": {"2019-12-31": "", "2018-12-31": "4.74900", "2017-12-31": "", "2016-12-31": "611.20600", "2015-12-31": "", "2014-12-31": "", "2013-12-31": "992.88700", "2012-12-31": "", "2011-12-31": "", "2010-12-31": ""}, "Total Common And Preferred Stock Dividends Paid": {"2019-12-31": "-75.19200", "2018-12-31": "-70.85400", "2017-12-31": "-66.78900", "2016-12-31": "-55.81200", "2015-12-31": "-39.18300", "2014-12-31": "-33.59800", "2013-12-31": "-162.71300", "2012-12-31": "-62.90300", "2011-12-31": "-46.69100", "2010-12-31": "-40.67400"}, "Financial Activities - Other": {"2019-12-31": "-52.56900", "2018-12-31": "-57.66500", "2017-12-31": "-73.47300", "2016-12-31": "-62.14800", "2015-12-31": "-58.81700", "2014-12-31": "-58.60600", "2013-12-31": "-176.68500", "2012-12-31": "-14.82500", "2011-12-31": "-12.76500", "2010-12-31": "-1.54600"}, "Cash Flow From Financial Activities": {"2019-12-31": "-381.55100", "2018-12-31": "104.61700", "2017-12-31": "-56.87700", "2016-12-31": "470.94100", "2015-12-31": "-59.91800", "2014-12-31": "145.48800", "2013-12-31": "744.54700", "2012-12-31": "-20.88900", "2011-12-31": "11.13000", "2010-12-31": "-44.79300"}, "Net Cash Flow": {"2019-12-31": "0.78400", "2018-12-31": "-259.38400", "2017-12-31": "-85.68800", "2016-12-31": "503.32000", "2015-12-31": "0.95300", "2014-12-31": "-15.01100", "2013-12-31": "9.24400", "2012-12-31": "-34.81700", "2011-12-31": "-1.71500", "2010-12-31": "-6.05600"}, "Stock-Based Compensation": {"2019-12-31": "20.85700", "2018-12-31": "18.78500", "2017-12-31": "14.10000", "2016-12-31": "9.72900", "2015-12-31": "5.48300", "2014-12-31": "3.72000", "2013-12-31": "2.99400", "2012-12-31": "0.00000", "2011-12-31": "", "2010-12-31": ""}, "Common Stock Dividends Paid": {"2019-12-31": "-75.19200", "2018-12-31": "-70.85400", "2017-12-31": "-66.78900", "2016-12-31": "-55.81200", "2015-12-31": "-39.18300", "2014-12-31": "-33.59800", "2013-12-31": "-162.71300", "2012-12-31": "-62.90300", "2011-12-31": "-46.69100", "2010-12-31": "-40.67400"}}, "cash flow statement, quarterly": {"Net Income/Loss": {"2020-09-30": -12.269, "2020-06-30": -19.618, "2020-03-31": "8.28800", "2019-12-31": 28.72, "2019-09-30": 26.784, "2019-06-30": 18.93, "2019-03-31": "9.85600", "2018-12-31": 39.781, "2018-09-30": 29.23, "2018-06-30": 30.184, "2018-03-31": "18.05800", "2017-12-31": 32.26, "2017-09-30": 35.489, "2017-06-30": 31.359, "2017-03-31": "19.14500", "2016-12-31": 33.008, "2016-09-30": 32.897, "2016-06-30": 24.64, "2016-03-31": "16.70500", "2015-12-31": 19.37, "2015-09-30": 26.085, "2015-06-30": 26.585, "2015-03-31": "7.88800", "2014-12-31": 10.964, "2014-09-30": 22.734, "2014-06-30": 25.281, "2014-03-31": "11.23100", "2013-12-31": 148.917, "2013-09-30": 2.281, "2013-06-30": 3.071, "2013-03-31": "1.93000", "2012-12-31": 22.04, "2012-09-30": -30.79, "2011-12-31": 12.08, "2010-12-31": 45.31}, "Total Depreciation And Amortization - Cash Flow": {"2020-09-30": 48.581, "2020-06-30": 56.556, "2020-03-31": "48.19500", "2019-12-31": 48.764, "2019-09-30": 45.788, "2019-06-30": 47.108, "2019-03-31": "47.77600", "2018-12-31": 48.98, "2018-09-30": 44.837, "2018-06-30": 41.951, "2018-03-31": "41.66600", "2017-12-31": 41.353, "2017-09-30": 39.273, "2017-06-30": 41.632, "2017-03-31": "41.60100", "2016-12-31": 39.5, "2016-09-30": 38.577, "2016-06-30": 39.736, "2016-03-31": "37.17300", "2015-12-31": 42.762, "2015-09-30": 42.348, "2015-06-30": 37.4, "2015-03-31": "39.30500", "2014-12-31": 46.582, "2014-09-30": 36.45, "2014-06-30": 27.673, "2014-03-31": "29.19000", "2013-12-31": 32.936, "2013-09-30": 14.782, "2013-06-30": 15.028, "2013-03-31": "13.77100", "2012-12-31": 12.422, "2012-09-30": -3.612, "2011-12-31": 2.74, "2010-12-31": 36.02}, "Other Non-Cash Items": {"2020-09-30": 7.212, "2020-06-30": -4.691, "2020-03-31": "-2.21600", "2019-12-31": -12.613, "2019-09-30": -1.527, "2019-06-30": 3.123, "2019-03-31": "0.01500", "2018-12-31": -0.724, "2018-09-30": -0.147, "2018-06-30": -1.153, "2018-03-31": "-1.29800", "2017-12-31": -12.022, "2017-09-30": -1.528, "2017-06-30": -9.759, "2017-03-31": "-2.67300", "2016-12-31": -6.177, "2016-09-30": -6.459, "2016-06-30": -4.246, "2016-03-31": "-2.98400", "2015-12-31": -3.082, "2015-09-30": -4.106, "2015-06-30": -4.392, "2015-03-31": "-2.40800", "2014-12-31": -6.801, "2014-09-30": -7.604, "2014-06-30": -10.035, "2014-03-31": "-11.55500", "2013-12-31": -273.56, "2013-09-30": -7.265, "2013-06-30": -6.01, "2013-03-31": "-1.53300", "2012-12-31": 6.766, "2012-09-30": -6.766, "2011-12-31": 0, "2010-12-31": 0}, "Total Non-Cash Items": {"2020-09-30": 55.793, "2020-06-30": 51.865, "2020-03-31": "45.97900", "2019-12-31": 36.151, "2019-09-30": 44.261, "2019-06-30": 50.231, "2019-03-31": "47.79100", "2018-12-31": 48.256, "2018-09-30": 44.69, "2018-06-30": 40.798, "2018-03-31": "40.36800", "2017-12-31": 29.331, "2017-09-30": 37.745, "2017-06-30": 31.873, "2017-03-31": "38.92800", "2016-12-31": 33.323, "2016-09-30": 32.118, "2016-06-30": 35.49, "2016-03-31": "34.18900", "2015-12-31": 39.68, "2015-09-30": 38.242, "2015-06-30": 33.008, "2015-03-31": "36.89700", "2014-12-31": 39.781, "2014-09-30": 28.846, "2014-06-30": 17.638, "2014-03-31": "17.63500", "2013-12-31": -240.624, "2013-09-30": 7.517, "2013-06-30": 9.018, "2013-03-31": "12.23800", "2012-12-31": 19.188, "2012-09-30": -10.378, "2011-12-31": 2.74, "2010-12-31": 36.02}, "Change In Accounts Receivable": {"2020-09-30": 3.947, "2020-06-30": -7.252, "2020-03-31": "2.87400", "2019-12-31": 3.866, "2019-09-30": 1.976, "2019-06-30": -9.212, "2019-03-31": "7.38500", "2018-12-31": 1.901, "2018-09-30": -9.777, "2018-06-30": 3.612, "2018-03-31": "2.98900", "2017-12-31": 6.332, "2017-09-30": -10.667, "2017-06-30": -3.415, "2017-03-31": "1.96300", "2016-12-31": -2.972, "2016-09-30": -5.049, "2016-06-30": 0.307, "2016-03-31": "3.95400", "2015-12-31": 13.624, "2015-09-30": -15.975, "2015-06-30": -3.672, "2015-03-31": "10.98600", "2014-12-31": 5.61, "2014-09-30": -1.408, "2014-06-30": 3.463, "2014-03-31": "-4.53000", "2013-12-31": -7.59, "2013-09-30": -0.928, "2013-06-30": -30.85, "2013-03-31": "31.69800", "2012-12-31": -6.034, "2012-09-30": 6.034, "2011-12-31": 0, "2010-12-31": 0}, "Change In Inventories": {"2020-09-30": 0, "2020-06-30": 0, "2020-03-31": "", "2019-12-31": 0, "2019-09-30": 0, "2019-06-30": 0, "2019-03-31": "", "2018-12-31": 0, "2018-09-30": 0, "2018-06-30": 0, "2018-03-31": "", "2017-12-31": 0, "2017-09-30": 0, "2017-06-30": 0, "2017-03-31": "", "2016-12-31": 0, "2016-09-30": 0, "2016-06-30": 0, "2016-03-31": "", "2015-12-31": 0, "2015-09-30": 0, "2015-06-30": 0, "2015-03-31": "", "2014-12-31": 0, "2014-09-30": 0, "2014-06-30": 0, "2014-03-31": "", "2013-12-31": 0, "2013-09-30": 0, "2013-06-30": 0, "2013-03-31": "", "2012-12-31": 0, "2012-09-30": 0, "2011-12-31": 0, "2010-12-31": 0}, "Change In Accounts Payable": {"2020-09-30": 0, "2020-06-30": 0, "2020-03-31": "", "2019-12-31": 0, "2019-09-30": 0, "2019-06-30": 0, "2019-03-31": "", "2018-12-31": 0, "2018-09-30": 0, "2018-06-30": 0, "2018-03-31": "", "2017-12-31": 0, "2017-09-30": 0, "2017-06-30": 0, "2017-03-31": "", "2016-12-31": 0, "2016-09-30": 0, "2016-06-30": 0, "2016-03-31": "", "2015-12-31": 0, "2015-09-30": 0, "2015-06-30": 0, "2015-03-31": "", "2014-12-31": 0, "2014-09-30": 0, "2014-06-30": 0, "2014-03-31": "", "2013-12-31": 0, "2013-09-30": 0, "2013-06-30": 0, "2013-03-31": "", "2012-12-31": -32.662, "2012-09-30": 32.662, "2011-12-31": 0, "2010-12-31": 0}, "Change In Assets/Liabilities": {"2020-09-30": 34.259, "2020-06-30": -11.508, "2020-03-31": "12.89400", "2019-12-31": -37.916, "2019-09-30": 34.612, "2019-06-30": -49.333, "2019-03-31": "18.06200", "2018-12-31": -1.493, "2018-09-30": 12.063, "2018-06-30": -34.952, "2018-03-31": "11.32100", "2017-12-31": -32.371, "2017-09-30": 17.933, "2017-06-30": -25.634, "2017-03-31": "9.03400", "2016-12-31": -20.834, "2016-09-30": 10.034, "2016-06-30": -27.1, "2016-03-31": "11.10600", "2015-12-31": -30.527, "2015-09-30": 36.871, "2015-06-30": -30.868, "2015-03-31": "-2.33300", "2014-12-31": -17.648, "2014-09-30": 7.23, "2014-06-30": -22.242, "2014-03-31": "8.72900", "2013-12-31": -27.226, "2013-09-30": 3.394, "2013-06-30": -12.636, "2013-03-31": "2.84600", "2012-12-31": 4.067, "2012-09-30": -4.067, "2011-12-31": 0, "2010-12-31": 0}, "Total Change In Assets/Liabilities": {"2020-09-30": 45.606, "2020-06-30": -22.598, "2020-03-31": "10.50700", "2019-12-31": -30.653, "2019-09-30": 38.048, "2019-06-30": -57.783, "2019-03-31": "20.25500", "2018-12-31": 3.582, "2018-09-30": 3.796, "2018-06-30": -29.855, "2018-03-31": "10.13400", "2017-12-31": -42.225, "2017-09-30": 9.258, "2017-06-30": -31.817, "2017-03-31": "2.85600", "2016-12-31": -13.644, "2016-09-30": 5.001, "2016-06-30": -27.617, "2016-03-31": "8.64500", "2015-12-31": -15.47, "2015-09-30": 18.197, "2015-06-30": -29.891, "2015-03-31": "2.59600", "2014-12-31": -13.821, "2014-09-30": 3.922, "2014-06-30": -20.697, "2014-03-31": "-4.95600", "2013-12-31": -28.86, "2013-09-30": 7.826, "2013-06-30": -10.882, "2013-03-31": "29.02200", "2012-12-31": -26.204, "2012-09-30": 86.364, "2011-12-31": -58.6, "2010-12-31": 2.9}, "Cash Flow From Operating Activities": {"2020-09-30": 89.13, "2020-06-30": 9.649, "2020-03-31": "64.77400", "2019-12-31": 34.218, "2019-09-30": 109.093, "2019-06-30": 11.378, "2019-03-31": "77.90200", "2018-12-31": 91.619, "2018-09-30": 77.716, "2018-06-30": 41.127, "2018-03-31": "68.56000", "2017-12-31": 19.366, "2017-09-30": 82.492, "2017-06-30": 31.415, "2017-03-31": "60.92900", "2016-12-31": 52.687, "2016-09-30": 70.016, "2016-06-30": 32.513, "2016-03-31": "59.53900", "2015-12-31": 43.58, "2015-09-30": 82.524, "2015-06-30": 29.702, "2015-03-31": "47.38100", "2014-12-31": 36.924, "2014-09-30": 55.502, "2014-06-30": 22.222, "2014-03-31": "23.91000", "2013-12-31": -120.567, "2013-09-30": 17.624, "2013-06-30": 1.207, "2013-03-31": "43.19000", "2012-12-31": 8.704, "2012-09-30": 37.966, "2011-12-31": -25.89, "2010-12-31": 73.57}, "Net Change In Property, Plant, And Equipment": {"2020-09-30": -33.641, "2020-06-30": -38.578, "2020-03-31": "-39.79900", "2019-12-31": -60.588, "2019-09-30": -59.018, "2019-06-30": -69.485, "2019-03-31": "-61.16300", "2018-12-31": -73.4, "2018-09-30": -71.055, "2018-06-30": -54.455, "2018-03-31": "-44.11200", "2017-12-31": -65.4, "2017-09-30": -53.965, "2017-06-30": -56.574, "2017-03-31": "-47.04000", "2016-12-31": -61.522, "2016-09-30": -41.745, "2016-06-30": -49.904, "2016-03-31": "-28.75200", "2015-12-31": -37.85, "2015-09-30": -41.769, "2015-06-30": -34.349, "2015-03-31": "-27.71700", "2014-12-31": -38.604, "2014-09-30": -218.866, "2014-06-30": -30.269, "2014-03-31": "-20.13600", "2013-12-31": -56.434, "2013-09-30": -23.118, "2013-06-30": -19.909, "2013-03-31": "-13.10200", "2012-12-31": 53.103, "2012-09-30": -53.103, "2011-12-31": 0, "2010-12-31": 0}, "Net Change In Intangible Assets": {"2020-09-30": 0, "2020-06-30": 0, "2020-03-31": "", "2019-12-31": 0, "2019-09-30": 0, "2019-06-30": 0, "2019-03-31": "", "2018-12-31": 0, "2018-09-30": 0, "2018-06-30": 0, "2018-03-31": "", "2017-12-31": 0, "2017-09-30": 0, "2017-06-30": 0, "2017-03-31": "", "2016-12-31": 0, "2016-09-30": 0, "2016-06-30": 0, "2016-03-31": "", "2015-12-31": 0, "2015-09-30": 0, "2015-06-30": 0, "2015-03-31": "", "2014-12-31": 0, "2014-09-30": 0, "2014-06-30": 0, "2014-03-31": "", "2013-12-31": 0, "2013-09-30": 0, "2013-06-30": 0, "2013-03-31": "", "2012-12-31": 0, "2012-09-30": 0, "2011-12-31": 0, "2010-12-31": 0}, "Net Acquisitions/Divestitures": {"2020-09-30": 0, "2020-06-30": 0, "2020-03-31": "", "2019-12-31": 0, "2019-09-30": 0, "2019-06-30": 0, "2019-03-31": "", "2018-12-31": 0, "2018-09-30": 0, "2018-06-30": 0, "2018-03-31": "", "2017-12-31": 0, "2017-09-30": 0, "2017-06-30": 0, "2017-03-31": "", "2016-12-31": 0, "2016-09-30": 0, "2016-06-30": 0, "2016-03-31": "", "2015-12-31": 0, "2015-09-30": 0, "2015-06-30": 0, "2015-03-31": "", "2014-12-31": 0, "2014-09-30": 0, "2014-06-30": 0, "2014-03-31": "", "2013-12-31": 0, "2013-09-30": 0, "2013-06-30": 0, "2013-03-31": "", "2012-12-31": 0, "2012-09-30": 0, "2011-12-31": 0, "2010-12-31": 0}, "Net Change In Short-term Investments": {"2020-09-30": 0, "2020-06-30": 0, "2020-03-31": "0.00000", "2019-12-31": 0, "2019-09-30": 150, "2019-06-30": 200, "2019-03-31": "50.00000", "2018-12-31": 0, "2018-09-30": 0, "2018-06-30": -400, "2018-03-31": "", "2017-12-31": 0, "2017-09-30": 0, "2017-06-30": 0, "2017-03-31": "", "2016-12-31": 0, "2016-09-30": 0, "2016-06-30": 0, "2016-03-31": "", "2015-12-31": 0, "2015-09-30": 0, "2015-06-30": 0, "2015-03-31": "", "2014-12-31": 0, "2014-09-30": 0, "2014-06-30": 0, "2014-03-31": "", "2013-12-31": 0, "2013-09-30": 0, "2013-06-30": 0, "2013-03-31": "", "2012-12-31": 0, "2012-09-30": 0, "2011-12-31": 0, "2010-12-31": 0}, "Net Change In Long-Term Investments": {"2020-09-30": 0, "2020-06-30": 0, "2020-03-31": "", "2019-12-31": 0, "2019-09-30": 0, "2019-06-30": 0, "2019-03-31": "", "2018-12-31": 0, "2018-09-30": 0, "2018-06-30": 0, "2018-03-31": "", "2017-12-31": 0, "2017-09-30": 0, "2017-06-30": 0, "2017-03-31": "", "2016-12-31": 0, "2016-09-30": 0, "2016-06-30": 0, "2016-03-31": "", "2015-12-31": 0, "2015-09-30": 0, "2015-06-30": 0, "2015-03-31": "", "2014-12-31": 0, "2014-09-30": 0, "2014-06-30": 0, "2014-03-31": "", "2013-12-31": 0, "2013-09-30": 0, "2013-06-30": 0, "2013-03-31": "", "2012-12-31": 0, "2012-09-30": 0, "2011-12-31": 0, "2010-12-31": 0}, "Net Change In Investments - Total": {"2020-09-30": 0, "2020-06-30": 0, "2020-03-31": "", "2019-12-31": 0, "2019-09-30": 150, "2019-06-30": 200, "2019-03-31": "50.00000", "2018-12-31": 0, "2018-09-30": 0, "2018-06-30": -400, "2018-03-31": "", "2017-12-31": 0, "2017-09-30": 0, "2017-06-30": 0, "2017-03-31": "", "2016-12-31": 0, "2016-09-30": 0, "2016-06-30": 0, "2016-03-31": "", "2015-12-31": 0, "2015-09-30": 0, "2015-06-30": 0, "2015-03-31": "", "2014-12-31": 0, "2014-09-30": 0, "2014-06-30": 0, "2014-03-31": "", "2013-12-31": 0, "2013-09-30": 0, "2013-06-30": 0, "2013-03-31": "", "2012-12-31": -87.65, "2012-09-30": 60.58, "2011-12-31": -23.9, "2010-12-31": -36.68}, "Investing Activities - Other": {"2020-09-30": 0, "2020-06-30": -0.525, "2020-03-31": "-0.81100", "2019-12-31": 0, "2019-09-30": -0.002, "2019-06-30": 0, "2019-03-31": "", "2018-12-31": 0, "2018-09-30": 0, "2018-06-30": -0.001, "2018-03-31": "", "2017-12-31": -0.007, "2017-09-30": 0, "2017-06-30": -0.001, "2017-03-31": "-0.02600", "2016-12-31": -0.561, "2016-09-30": -4.519, "2016-06-30": -0.021, "2016-03-31": "4.64800", "2015-12-31": 0.534, "2015-09-30": -0.113, "2015-06-30": -0.734, "2015-03-31": "-0.31800", "2014-12-31": 4.168, "2014-09-30": -0.448, "2014-06-30": 0, "2014-03-31": "5.09800", "2013-12-31": -563.873, "2013-09-30": 0.088, "2013-06-30": -0.76, "2013-03-31": "0.35100", "2012-12-31": -3.887, "2012-09-30": -16.783, "2011-12-31": -1.8, "2010-12-31": 1.85}, "Cash Flow From Investing Activities": {"2020-09-30": -33.641, "2020-06-30": -39.103, "2020-03-31": "-40.61000", "2019-12-31": -60.588, "2019-09-30": 90.98, "2019-06-30": 130.515, "2019-03-31": "-11.16300", "2018-12-31": -73.4, "2018-09-30": -71.055, "2018-06-30": -454.456, "2018-03-31": "-44.11200", "2017-12-31": -65.407, "2017-09-30": -53.965, "2017-06-30": -56.575, "2017-03-31": "-47.06600", "2016-12-31": -62.083, "2016-09-30": -46.264, "2016-06-30": -49.925, "2016-03-31": "-24.10400", "2015-12-31": -37.316, "2015-09-30": -41.882, "2015-06-30": -35.083, "2015-03-31": "-28.03500", "2014-12-31": -34.436, "2014-09-30": -219.314, "2014-06-30": -30.269, "2014-03-31": "-15.03800", "2013-12-31": -620.307, "2013-09-30": -23.03, "2013-06-30": -20.669, "2013-03-31": "-12.75100", "2012-12-31": -38.444, "2012-09-30": -9.316, "2011-12-31": -25.69, "2010-12-31": -34.83}, "Net Long-Term Debt": {"2020-09-30": -0.989, "2020-06-30": -0.98, "2020-03-31": "299.03000", "2019-12-31": -0.961, "2019-09-30": -250.952, "2019-06-30": -0.943, "2019-03-31": "-0.93400", "2018-12-31": -0.925, "2018-09-30": -0.917, "2018-06-30": -0.908, "2018-03-31": "231.13700", "2017-12-31": 113.003, "2017-09-30": -1.915, "2017-06-30": -24.536, "2017-03-31": "-3.16700", "2016-12-31": -3.085, "2016-09-30": -3.005, "2016-06-30": -2.963, "2016-03-31": "26.74800", "2015-12-31": -3.015, "2015-09-30": 262.071, "2015-06-30": -93.89, "2015-03-31": "-167.08400", "2014-12-31": 14.57, "2014-09-30": 201.076, "2014-06-30": 26.057, "2014-03-31": "-4.01100", "2013-12-31": 4.41, "2013-09-30": 37.643, "2013-06-30": 2.628, "2013-03-31": "46.37700", "2012-12-31": -51.57, "2012-09-30": 51.57, "2011-12-31": 0, "2010-12-31": 0}, "Net Current Debt": {"2020-09-30": -550, "2020-06-30": 0, "2020-03-31": "550.00000", "2019-12-31": 0, "2019-09-30": 0, "2019-06-30": 0, "2019-03-31": "", "2018-12-31": 0, "2018-09-30": 0, "2018-06-30": 0, "2018-03-31": "", "2017-12-31": 0, "2017-09-30": 0, "2017-06-30": 0, "2017-03-31": "", "2016-12-31": 0, "2016-09-30": -40, "2016-06-30": 40, "2016-03-31": "-40.00000", "2015-12-31": 20, "2015-09-30": -265, "2015-06-30": 120, "2015-03-31": "165.00000", "2014-12-31": 0, "2014-09-30": 0, "2014-06-30": 0, "2014-03-31": "", "2013-12-31": 0, "2013-09-30": 0, "2013-06-30": 0, "2013-03-31": "", "2012-12-31": 0, "2012-09-30": -68.18, "2011-12-31": 74.31, "2010-12-31": -6.13}, "Debt Issuance/Retirement Net - Total": {"2020-09-30": -550.989, "2020-06-30": -0.98, "2020-03-31": "849.03000", "2019-12-31": -0.961, "2019-09-30": -250.952, "2019-06-30": -0.943, "2019-03-31": "-0.93400", "2018-12-31": -0.925, "2018-09-30": -0.917, "2018-06-30": -0.908, "2018-03-31": "231.13700", "2017-12-31": 113.003, "2017-09-30": -1.915, "2017-06-30": -24.536, "2017-03-31": "-3.16700", "2016-12-31": -3.085, "2016-09-30": -43.005, "2016-06-30": 37.037, "2016-03-31": "-13.25200", "2015-12-31": 16.985, "2015-09-30": -2.929, "2015-06-30": 26.11, "2015-03-31": "-2.08400", "2014-12-31": 14.57, "2014-09-30": 201.076, "2014-06-30": 26.057, "2014-03-31": "-4.01100", "2013-12-31": 4.41, "2013-09-30": 37.643, "2013-06-30": 2.628, "2013-03-31": "46.37700", "2012-12-31": 5.26, "2012-09-30": 49.17, "2011-12-31": -1.15, "2010-12-31": 3.55}, "Net Common Equity Issued/Repurchased": {"2020-09-30": -7.345, "2020-06-30": -51.939, "2020-03-31": "-62.66600", "2019-12-31": 0, "2019-09-30": 0, "2019-06-30": 0, "2019-03-31": "", "2018-12-31": 0, "2018-09-30": 0, "2018-06-30": 4.749, "2018-03-31": "", "2017-12-31": 0, "2017-09-30": 0, "2017-06-30": 0, "2017-03-31": "", "2016-12-31": -0.072, "2016-09-30": 611.278, "2016-06-30": 0, "2016-03-31": "", "2015-12-31": 0, "2015-09-30": 0, "2015-06-30": 0, "2015-03-31": "", "2014-12-31": 0, "2014-09-30": 0, "2014-06-30": 0, "2014-03-31": "", "2013-12-31": 992.887, "2013-09-30": 0, "2013-06-30": 0, "2013-03-31": "", "2012-12-31": 0, "2012-09-30": 0, "2011-12-31": 0, "2010-12-31": 0}, "Net Total Equity Issued/Repurchased": {"2020-09-30": -7.345, "2020-06-30": -51.939, "2020-03-31": "-62.66600", "2019-12-31": 0, "2019-09-30": 0, "2019-06-30": 0, "2019-03-31": "", "2018-12-31": 0, "2018-09-30": 0, "2018-06-30": 4.749, "2018-03-31": "", "2017-12-31": 0, "2017-09-30": 0, "2017-06-30": 0, "2017-03-31": "", "2016-12-31": -0.072, "2016-09-30": 611.278, "2016-06-30": 0, "2016-03-31": "", "2015-12-31": 0, "2015-09-30": 0, "2015-06-30": 0, "2015-03-31": "", "2014-12-31": 0, "2014-09-30": 0, "2014-06-30": 0, "2014-03-31": "", "2013-12-31": 992.887, "2013-09-30": 0, "2013-06-30": 0, "2013-03-31": "", "2012-12-31": 0, "2012-09-30": 0, "2011-12-31": 0, "2010-12-31": 0}, "Total Common And Preferred Stock Dividends Paid": {"2020-09-30": 0, "2020-06-30": -18.194, "2020-03-31": "-18.98700", "2019-12-31": -19.094, "2019-09-30": -18.907, "2019-06-30": -18.671, "2019-03-31": "-18.52000", "2018-12-31": -18.336, "2018-09-30": -17.726, "2018-06-30": -17.585, "2018-03-31": "-17.20700", "2017-12-31": -16.946, "2017-09-30": -16.725, "2017-06-30": -16.636, "2017-03-31": "-16.48200", "2016-12-31": -16.321, "2016-09-30": -16.238, "2016-06-30": -12.935, "2016-03-31": "-10.31800", "2015-12-31": -10.127, "2015-09-30": -9.988, "2015-06-30": -9.662, "2015-03-31": "-9.40600", "2014-12-31": -8.997, "2014-09-30": -8.35, "2014-06-30": -8.123, "2014-03-31": "-8.12800", "2013-12-31": -130.748, "2013-09-30": -4.538, "2013-06-30": -7.899, "2013-03-31": "-19.52800", "2012-12-31": -13.162, "2012-09-30": -3.048, "2011-12-31": -6.02, "2010-12-31": -40.67}, "Financial Activities - Other": {"2020-09-30": -1.05, "2020-06-30": -13.449, "2020-03-31": "-17.27400", "2019-12-31": -12.297, "2019-09-30": -13.273, "2019-06-30": -13.577, "2019-03-31": "-13.42200", "2018-12-31": -12.246, "2018-09-30": -14.433, "2018-06-30": -14.581, "2018-03-31": "-16.40500", "2017-12-31": -15.944, "2017-09-30": -22.731, "2017-06-30": -19.605, "2017-03-31": "-15.19300", "2016-12-31": -15.418, "2016-09-30": -16.944, "2016-06-30": -15.676, "2016-03-31": "-14.11000", "2015-12-31": -12.825, "2015-09-30": -15.558, "2015-06-30": -13.309, "2015-03-31": "-17.12500", "2014-12-31": -15.247, "2014-09-30": -17.787, "2014-06-30": -12.799, "2014-03-31": "-12.77300", "2013-12-31": -170.532, "2013-09-30": -2.615, "2013-06-30": -0.33, "2013-03-31": "-3.20800", "2012-12-31": -4.097, "2012-09-30": 2.037, "2011-12-31": -11.22, "2010-12-31": -1.54}, "Cash Flow From Financial Activities": {"2020-09-30": -559.384, "2020-06-30": -84.562, "2020-03-31": "750.10300", "2019-12-31": -32.352, "2019-09-30": -283.132, "2019-06-30": -33.191, "2019-03-31": "-32.87600", "2018-12-31": -31.507, "2018-09-30": -33.076, "2018-06-30": -28.325, "2018-03-31": "197.52500", "2017-12-31": 80.113, "2017-09-30": -41.371, "2017-06-30": -60.777, "2017-03-31": "-34.84200", "2016-12-31": -34.896, "2016-09-30": 535.091, "2016-06-30": 8.426, "2016-03-31": "-37.68000", "2015-12-31": -5.967, "2015-09-30": -28.475, "2015-06-30": 3.139, "2015-03-31": "-28.61500", "2014-12-31": -9.674, "2014-09-30": 174.939, "2014-06-30": 5.135, "2014-03-31": "-24.91200", "2013-12-31": 696.017, "2013-09-30": 30.49, "2013-06-30": -5.601, "2013-03-31": "23.64100", "2012-12-31": -11.989, "2012-09-30": -20.021, "2011-12-31": 55.92, "2010-12-31": -44.79}, "Net Cash Flow": {"2020-09-30": -503.895, "2020-06-30": -114.016, "2020-03-31": "774.26700", "2019-12-31": -58.722, "2019-09-30": -83.059, "2019-06-30": 108.702, "2019-03-31": "33.86300", "2018-12-31": -13.288, "2018-09-30": -26.415, "2018-06-30": -441.654, "2018-03-31": "221.97300", "2017-12-31": 34.072, "2017-09-30": -12.844, "2017-06-30": -85.937, "2017-03-31": "-20.97900", "2016-12-31": -44.292, "2016-09-30": 558.843, "2016-06-30": -8.986, "2016-03-31": "-2.24500", "2015-12-31": 0.297, "2015-09-30": 12.167, "2015-06-30": -2.242, "2015-03-31": "-9.26900", "2014-12-31": -7.186, "2014-09-30": 11.127, "2014-06-30": -2.912, "2014-03-31": "-16.04000", "2013-12-31": -44.857, "2013-09-30": 25.084, "2013-06-30": -25.063, "2013-03-31": "54.08000", "2012-12-31": -41.729, "2012-09-30": 8.629, "2011-12-31": 4.34, "2010-12-31": -6.05}, "Stock-Based Compensation": {"2020-09-30": 5.504, "2020-06-30": 8.779, "2020-03-31": "5.89100", "2019-12-31": 5.465, "2019-09-30": 3.647, "2019-06-30": 6.326, "2019-03-31": "5.41900", "2018-12-31": 4.721, "2018-09-30": 4.853, "2018-06-30": 4.656, "2018-03-31": "4.55500", "2017-12-31": 3.292, "2017-09-30": 3.841, "2017-06-30": 3.813, "2017-03-31": "3.15400", "2016-12-31": 2.475, "2016-09-30": 2.608, "2016-06-30": 2.549, "2016-03-31": "2.09700", "2015-12-31": 1.224, "2015-09-30": 1.335, "2015-06-30": 1.23, "2015-03-31": "1.69400", "2014-12-31": 0.812, "2014-09-30": 0.939, "2014-06-30": 0.944, "2014-03-31": "1.02500", "2013-12-31": 2.994, "2013-09-30": 0, "2013-06-30": 0, "2013-03-31": "", "2012-12-31": 0, "2012-09-30": 0, "2011-12-31": 0, "2010-12-31": 0}, "Common Stock Dividends Paid": {"2020-09-30": 0, "2020-06-30": -18.194, "2020-03-31": "-18.98700", "2019-12-31": -19.094, "2019-09-30": -18.907, "2019-06-30": -18.671, "2019-03-31": "-18.52000", "2018-12-31": -18.336, "2018-09-30": -17.726, "2018-06-30": -17.585, "2018-03-31": "-17.20700", "2017-12-31": -16.946, "2017-09-30": -16.725, "2017-06-30": -16.636, "2017-03-31": "-16.48200", "2016-12-31": -16.321, "2016-09-30": -16.238, "2016-06-30": -12.935, "2016-03-31": "-10.31800", "2015-12-31": -10.127, "2015-09-30": -9.988, "2015-06-30": -9.662, "2015-03-31": "-9.40600", "2014-12-31": -8.997, "2014-09-30": -8.35, "2014-06-30": -8.123, "2014-03-31": "-8.12800", "2013-12-31": -130.748, "2013-09-30": -4.538, "2013-06-30": -7.899, "2013-03-31": "-19.52800", "2012-12-31": 49.738, "2012-09-30": -49.738, "2011-12-31": 0, "2010-12-31": 0}}, "financial ratios": {"Current Ratio": {"2019-12-31": "", "2018-12-31": "", "2017-12-31": "", "2016-12-31": "", "2015-12-31": "", "2014-12-31": "", "2013-12-31": "", "2012-12-31": "", "2011-12-31": "", "2010-12-31": ""}, "Long-term Debt / Capital": {"2019-12-31": "0.46140", "2018-12-31": "0.49080", "2017-12-31": "0.46060", "2016-12-31": "0.44850", "2015-12-31": "0.53780", "2014-12-31": "0.53650", "2013-12-31": "0.54630", "2012-12-31": "1.01100", "2011-12-31": "0.99860", "2010-12-31": ""}, "Debt/Equity Ratio": {"2019-12-31": "0.85660", "2018-12-31": "0.96380", "2017-12-31": "0.85390", "2016-12-31": "0.81310", "2015-12-31": "1.18920", "2014-12-31": "1.15750", "2013-12-31": "1.20430", "2012-12-31": "-91.76620", "2011-12-31": "739.41960", "2010-12-31": ""}, "Gross Margin": {"2019-12-31": "", "2018-12-31": "", "2017-12-31": "", "2016-12-31": "", "2015-12-31": "", "2014-12-31": "", "2013-12-31": "", "2012-12-31": "", "2011-12-31": "", "2010-12-31": ""}, "Operating Margin": {"2019-12-31": "21.15370", "2018-12-31": "26.09080", "2017-12-31": "27.18760", "2016-12-31": "27.14920", "2015-12-31": "23.01720", "2014-12-31": "22.24390", "2013-12-31": "-19.04870", "2012-12-31": "34.07260", "2011-12-31": "36.72130", "2010-12-31": "33.36150"}, "EBIT Margin": {"2019-12-31": "21.15370", "2018-12-31": "26.09080", "2017-12-31": "27.18760", "2016-12-31": "27.14920", "2015-12-31": "23.01720", "2014-12-31": "22.24390", "2013-12-31": "-19.04870", "2012-12-31": "34.07260", "2011-12-31": "36.72130", "2010-12-31": "33.36150"}, "EBITDA Margin": {"2019-12-31": "47.05620", "2018-12-31": "50.34660", "2017-12-31": "50.28170", "2016-12-31": "50.03030", "2015-12-31": "47.62280", "2014-12-31": "44.26330", "2013-12-31": "3.88420", "2012-12-31": "52.34850", "2011-12-31": "49.86970", "2010-12-31": "47.97340"}, "Pre-Tax Profit Margin": {"2019-12-31": "11.85750", "2018-12-31": "16.66350", "2017-12-31": "17.60700", "2016-12-31": "16.74110", "2015-12-31": "12.75440", "2014-12-31": "11.78370", "2013-12-31": "46.47740", "2012-12-31": "18.68770", "2011-12-31": "19.47060", "2010-12-31": "18.37840"}, "Net Profit Margin": {"2019-12-31": "6.76080", "2018-12-31": "8.96810", "2017-12-31": "8.82940", "2016-12-31": "7.59660", "2015-12-31": "5.12900", "2014-12-31": "4.19220", "2013-12-31": "22.52660", "2012-12-31": "", "2011-12-31": "", "2010-12-31": "18.37840"}, "Asset Turnover": {"2019-12-31": "0.18600", "2018-12-31": "0.17430", "2017-12-31": "0.18050", "2016-12-31": "0.17410", "2015-12-31": "0.19920", "2014-12-31": "0.19350", "2013-12-31": "0.13480", "2012-12-31": "0.24730", "2011-12-31": "0.29330", "2010-12-31": ""}, "Inventory Turnover Ratio": {"2019-12-31": "", "2018-12-31": "", "2017-12-31": "", "2016-12-31": "", "2015-12-31": "", "2014-12-31": "", "2013-12-31": "", "2012-12-31": "", "2011-12-31": "", "2010-12-31": ""}, "Receiveable Turnover": {"2019-12-31": "", "2018-12-31": "", "2017-12-31": "", "2016-12-31": "", "2015-12-31": "", "2014-12-31": "", "2013-12-31": "", "2012-12-31": "", "2011-12-31": "", "2010-12-31": ""}, "Days Sales In Receivables": {"2019-12-31": "", "2018-12-31": "", "2017-12-31": "", "2016-12-31": "", "2015-12-31": "", "2014-12-31": "", "2013-12-31": "", "2012-12-31": "", "2011-12-31": "", "2010-12-31": ""}, "ROE - Return On Equity": {"2019-12-31": "4.32720", "2018-12-31": "5.88880", "2017-12-31": "5.97920", "2016-12-31": "5.40880", "2015-12-31": "5.82270", "2014-12-31": "5.08360", "2013-12-31": "15.57030", "2012-12-31": "-447.95100", "2011-12-31": "", "2010-12-31": ""}, "Return On Tangible Equity": {"2019-12-31": "5.78740", "2018-12-31": "7.81880", "2017-12-31": "7.95640", "2016-12-31": "7.19130", "2015-12-31": "9.07030", "2014-12-31": "7.89220", "2013-12-31": "59.68100", "2012-12-31": "-447.95070", "2011-12-31": "4435.60400", "2010-12-31": ""}, "ROA - Return On Assets": {"2019-12-31": "2.14380", "2018-12-31": "2.79450", "2017-12-31": "3.00800", "2016-12-31": "2.75640", "2015-12-31": "2.42160", "2014-12-31": "2.13830", "2013-12-31": "6.30840", "2012-12-31": "4.62140", "2011-12-31": "5.71130", "2010-12-31": ""}, "ROI - Return On Investment": {"2019-12-31": "2.33070", "2018-12-31": "2.99880", "2017-12-31": "3.22530", "2016-12-31": "2.98310", "2015-12-31": "2.69130", "2014-12-31": "2.35620", "2013-12-31": "7.06370", "2012-12-31": "4.93520", "2011-12-31": "5.99070", "2010-12-31": ""}, "Book Value Per Share": {"2019-12-31": "10.70900", "2018-12-31": "11.38360", "2017-12-31": "12.24780", "2016-12-31": "12.72360", "2015-12-31": "11.43690", "2014-12-31": "12.88450", "2013-12-31": "10.49290", "2012-12-31": "", "2011-12-31": "", "2010-12-31": ""}, "Operating Cash Flow Per Share": {"2019-12-31": -0.1576, "2018-12-31": 0.287, "2017-12-31": -0.1221, "2016-12-31": 0.0116, "2015-12-31": 0.2177, "2014-12-31": 0.7839, "2013-12-31": -0.2395, "2012-12-31": 0, "2011-12-31": 0, "2010-12-31": 0}, "Free Cash Flow Per Share": {"2019-12-31": -0.1804, "2018-12-31": 0.2177, "2017-12-31": -0.2149, "2016-12-31": -0.1124, "2015-12-31": 0.896, "2014-12-31": 0.0348, "2013-12-31": -0.7001, "2012-12-31": 0, "2011-12-31": 0, "2010-12-31": 0}}, "financial ratios, quarterly": {"Current Ratio": {"2020-09-30": "", "2020-06-30": "", "2020-03-31": "", "2019-12-31": "", "2019-09-30": "", "2019-06-30": "", "2019-03-31": "", "2018-12-31": "", "2018-09-30": "", "2018-06-30": "", "2018-03-31": "", "2017-12-31": "", "2017-09-30": "", "2017-06-30": "", "2017-03-31": "", "2016-12-31": "", "2016-09-30": "", "2016-06-30": "", "2016-03-31": "", "2015-12-31": "", "2015-09-30": "", "2015-06-30": "", "2015-03-31": "", "2014-12-31": "", "2014-09-30": "", "2014-06-30": "", "2014-03-31": "", "2013-12-31": "", "2013-09-30": "", "2013-06-30": "", "2013-03-31": "", "2012-12-31": "", "2012-09-30": "", "2011-12-31": "", "2010-12-31": ""}, "Long-term Debt / Capital": {"2020-09-30": "0.52960", "2020-06-30": "0.52800", "2020-03-31": "0.51500", "2019-12-31": "0.46140", "2019-09-30": "0.46240", "2019-06-30": "0.49630", "2019-03-31": "0.49380", "2018-12-31": "0.49080", "2018-09-30": "0.49090", "2018-06-30": "0.49170", "2018-03-31": "0.49290", "2017-12-31": "0.46060", "2017-09-30": "0.44460", "2017-06-30": "0.44580", "2017-03-31": "0.44890", "2016-12-31": "0.44850", "2016-09-30": "0.45280", "2016-06-30": "0.54780", "2016-03-31": "0.54600", "2015-12-31": "0.53780", "2015-09-30": "0.53970", "2015-06-30": "0.49560", "2015-03-31": "0.51350", "2014-12-31": "0.53650", "2014-09-30": "0.53430", "2014-06-30": "0.55140", "2014-03-31": "0.54750", "2013-12-31": "0.54630", "2013-09-30": "1.02980", "2013-06-30": "", "2013-03-31": "", "2012-12-31": "", "2012-09-30": "", "2011-12-31": "", "2010-12-31": ""}, "Debt/Equity Ratio": {"2020-09-30": "1.12600", "2020-06-30": "1.42980", "2020-03-31": "1.35730", "2019-12-31": "0.85660", "2019-09-30": "0.86020", "2019-06-30": "0.98530", "2019-03-31": "0.97560", "2018-12-31": "0.96380", "2018-09-30": "0.96440", "2018-06-30": "0.96740", "2018-03-31": "0.97210", "2017-12-31": "0.85390", "2017-09-30": "0.80060", "2017-06-30": "0.80420", "2017-03-31": "0.81460", "2016-12-31": "0.81310", "2016-09-30": "0.82740", "2016-06-30": "1.24120", "2016-03-31": "1.20280", "2015-12-31": "1.18920", "2015-09-30": "1.18710", "2015-06-30": "1.19010", "2015-03-31": "1.17600", "2014-12-31": "1.15750", "2014-09-30": "1.14720", "2014-06-30": "1.22910", "2014-03-31": "1.21020", "2013-12-31": "1.20430", "2013-09-30": "-34.59460", "2013-06-30": "", "2013-03-31": "", "2012-12-31": "", "2012-09-30": "", "2011-12-31": "", "2010-12-31": ""}, "Gross Margin": {"2020-09-30": "", "2020-06-30": "", "2020-03-31": "", "2019-12-31": "", "2019-09-30": "", "2019-06-30": "", "2019-03-31": "", "2018-12-31": "", "2018-09-30": "", "2018-06-30": "", "2018-03-31": "", "2017-12-31": "", "2017-09-30": "", "2017-06-30": "", "2017-03-31": "", "2016-12-31": "", "2016-09-30": "", "2016-06-30": "", "2016-03-31": "", "2015-12-31": "", "2015-09-30": "", "2015-06-30": "", "2015-03-31": "", "2014-12-31": "", "2014-09-30": "", "2014-06-30": "", "2014-03-31": "", "2013-12-31": "", "2013-09-30": "", "2013-06-30": "", "2013-03-31": "", "2012-12-31": "", "2012-09-30": "", "2011-12-31": "", "2010-12-31": ""}, "Operating Margin": {"2020-09-30": "8.13780", "2020-06-30": "0.23680", "2020-03-31": "15.84560", "2019-12-31": "24.16830", "2019-09-30": "23.47610", "2019-06-30": "20.56180", "2019-03-31": "15.58700", "2018-12-31": "29.34640", "2018-09-30": "26.03940", "2018-06-30": "27.81900", "2018-03-31": "20.42430", "2017-12-31": "27.28520", "2017-09-30": "30.02320", "2017-06-30": "28.72660", "2017-03-31": "22.22800", "2016-12-31": "29.11500", "2016-09-30": "30.47290", "2016-06-30": "26.65140", "2016-03-31": "21.71840", "2015-12-31": "22.53630", "2015-09-30": "25.79550", "2015-06-30": "27.33400", "2015-03-31": "15.64180", "2014-12-31": "18.35680", "2014-09-30": "25.62070", "2014-06-30": "27.41480", "2014-03-31": "17.16820", "2013-12-31": "-66.83270", "2013-09-30": "16.48900", "2013-06-30": "19.65280", "2013-03-31": "22.92050", "2012-12-31": "", "2012-09-30": "28.33960", "2011-12-31": "", "2010-12-31": ""}, "EBIT Margin": {"2020-09-30": "8.13780", "2020-06-30": "0.23680", "2020-03-31": "15.84560", "2019-12-31": "24.16830", "2019-09-30": "23.47610", "2019-06-30": "20.56180", "2019-03-31": "15.58700", "2018-12-31": "29.34640", "2018-09-30": "26.03940", "2018-06-30": "27.81900", "2018-03-31": "20.42430", "2017-12-31": "27.28520", "2017-09-30": "30.02320", "2017-06-30": "28.72660", "2017-03-31": "22.22800", "2016-12-31": "29.11500", "2016-09-30": "30.47290", "2016-06-30": "26.65140", "2016-03-31": "21.71840", "2015-12-31": "22.53630", "2015-09-30": "25.79550", "2015-06-30": "27.33400", "2015-03-31": "15.64180", "2014-12-31": "18.35680", "2014-09-30": "25.62070", "2014-06-30": "27.41480", "2014-03-31": "17.16820", "2013-12-31": "-66.83270", "2013-09-30": "16.48900", "2013-06-30": "19.65280", "2013-03-31": "22.92050", "2012-12-31": "", "2012-09-30": "28.33960", "2011-12-31": "", "2010-12-31": ""}, "EBITDA Margin": {"2020-09-30": "", "2020-06-30": "", "2020-03-31": "", "2019-12-31": "", "2019-09-30": "", "2019-06-30": "", "2019-03-31": "", "2018-12-31": "", "2018-09-30": "", "2018-06-30": "", "2018-03-31": "", "2017-12-31": "", "2017-09-30": "", "2017-06-30": "", "2017-03-31": "", "2016-12-31": "", "2016-09-30": "", "2016-06-30": "", "2016-03-31": "", "2015-12-31": "", "2015-09-30": "", "2015-06-30": "", "2015-03-31": "", "2014-12-31": "", "2014-09-30": "", "2014-06-30": "", "2014-03-31": "", "2013-12-31": "", "2013-09-30": "", "2013-06-30": "", "2013-03-31": "", "2012-12-31": "", "2012-09-30": "", "2011-12-31": "", "2010-12-31": ""}, "Pre-Tax Profit Margin": {"2020-09-30": "-8.34450", "2020-06-30": "-15.64770", "2020-03-31": "4.64450", "2019-12-31": "15.35400", "2019-09-30": "14.58060", "2019-06-30": "11.08750", "2019-03-31": "5.45510", "2018-12-31": "20.61770", "2018-09-30": "16.82650", "2018-06-30": "17.72210", "2018-03-31": "10.64020", "2017-12-31": "19.04480", "2017-09-30": "20.22770", "2017-06-30": "19.23180", "2017-03-31": "11.32260", "2016-12-31": "19.49100", "2016-09-30": "20.27150", "2016-06-30": "16.14570", "2016-03-31": "10.29010", "2015-12-31": "12.12830", "2015-09-30": "16.30630", "2015-06-30": "16.67020", "2015-03-31": "5.07630", "2014-12-31": "6.72840", "2014-09-30": "15.19000", "2014-06-30": "17.98700", "2014-03-31": "6.94980", "2013-12-31": "98.93160", "2013-09-30": "3.66260", "2013-06-30": "5.15540", "2013-03-31": "3.09200", "2012-12-31": "", "2012-09-30": "15.17290", "2011-12-31": "", "2010-12-31": ""}, "Net Profit Margin": {"2020-09-30": "-5.59710", "2020-06-30": "-9.07110", "2020-03-31": "2.64060", "2019-12-31": "8.61780", "2019-09-30": "8.23440", "2019-06-30": "6.29070", "2019-03-31": "3.39340", "2018-12-31": "11.46060", "2018-09-30": "8.76710", "2018-06-30": "9.32680", "2018-03-31": "5.83960", "2017-12-31": "9.50700", "2017-09-30": "10.08120", "2017-06-30": "9.40410", "2017-03-31": "6.05320", "2016-12-31": "9.49860", "2016-09-30": "9.08340", "2016-06-30": "6.68760", "2016-03-31": "4.72900", "2015-12-31": "4.99520", "2015-09-30": "6.38300", "2015-06-30": "6.74870", "2015-03-31": "2.06610", "2014-12-31": "2.41120", "2014-09-30": "4.91140", "2014-06-30": "6.33760", "2014-03-31": "3.11390", "2013-12-31": "", "2013-09-30": "", "2013-06-30": "", "2013-03-31": "", "2012-12-31": "", "2012-09-30": "15.17290", "2011-12-31": "", "2010-12-31": ""}, "Asset Turnover": {"2020-09-30": "0.03650", "2020-06-30": "0.03100", "2020-03-31": "0.03650", "2019-12-31": "0.04960", "2019-09-30": "0.04910", "2019-06-30": "0.04240", "2019-03-31": "0.03990", "2018-12-31": "0.04750", "2018-09-30": "0.04470", "2018-06-30": "0.04290", "2018-03-31": "0.04040", "2017-12-31": "0.04620", "2017-09-30": "0.04850", "2017-06-30": "0.04600", "2017-03-31": "0.04270", "2016-12-31": "0.04590", "2016-09-30": "0.04530", "2016-06-30": "0.05020", "2016-03-31": "0.04810", "2015-12-31": "0.05010", "2015-09-30": "0.05310", "2015-06-30": "0.05000", "2015-03-31": "0.04640", "2014-12-31": "0.05190", "2014-09-30": "0.05130", "2014-06-30": "0.06270", "2014-03-31": "0.05730", "2013-12-31": "0.06030", "2013-09-30": "0.05550", "2013-06-30": "", "2013-03-31": "", "2012-12-31": "", "2012-09-30": "", "2011-12-31": "", "2010-12-31": ""}, "Inventory Turnover Ratio": {"2020-09-30": "", "2020-06-30": "", "2020-03-31": "", "2019-12-31": "", "2019-09-30": "", "2019-06-30": "", "2019-03-31": "", "2018-12-31": "", "2018-09-30": "", "2018-06-30": "", "2018-03-31": "", "2017-12-31": "", "2017-09-30": "", "2017-06-30": "", "2017-03-31": "", "2016-12-31": "", "2016-09-30": "", "2016-06-30": "", "2016-03-31": "", "2015-12-31": "", "2015-09-30": "", "2015-06-30": "", "2015-03-31": "", "2014-12-31": "", "2014-09-30": "", "2014-06-30": "", "2014-03-31": "", "2013-12-31": "", "2013-09-30": "", "2013-06-30": "", "2013-03-31": "", "2012-12-31": "", "2012-09-30": "", "2011-12-31": "", "2010-12-31": ""}, "Receiveable Turnover": {"2020-09-30": "", "2020-06-30": "", "2020-03-31": "", "2019-12-31": "", "2019-09-30": "", "2019-06-30": "", "2019-03-31": "", "2018-12-31": "", "2018-09-30": "", "2018-06-30": "", "2018-03-31": "", "2017-12-31": "", "2017-09-30": "", "2017-06-30": "", "2017-03-31": "", "2016-12-31": "", "2016-09-30": "", "2016-06-30": "", "2016-03-31": "", "2015-12-31": "", "2015-09-30": "", "2015-06-30": "", "2015-03-31": "", "2014-12-31": "", "2014-09-30": "", "2014-06-30": "", "2014-03-31": "", "2013-12-31": "", "2013-09-30": "", "2013-06-30": "", "2013-03-31": "", "2012-12-31": "", "2012-09-30": "", "2011-12-31": "", "2010-12-31": ""}, "Days Sales In Receivables": {"2020-09-30": "", "2020-06-30": "", "2020-03-31": "", "2019-12-31": "", "2019-09-30": "", "2019-06-30": "", "2019-03-31": "", "2018-12-31": "", "2018-09-30": "", "2018-06-30": "", "2018-03-31": "", "2017-12-31": "", "2017-09-30": "", "2017-06-30": "", "2017-03-31": "", "2016-12-31": "", "2016-09-30": "", "2016-06-30": "", "2016-03-31": "", "2015-12-31": "", "2015-09-30": "", "2015-06-30": "", "2015-03-31": "", "2014-12-31": "", "2014-09-30": "", "2014-06-30": "", "2014-03-31": "", "2013-12-31": "", "2013-09-30": "", "2013-06-30": "", "2013-03-31": "", "2012-12-31": "", "2012-09-30": "", "2011-12-31": "", "2010-12-31": ""}, "ROE - Return On Equity": {"2020-09-30": "-0.70360", "2020-06-30": "-1.11720", "2020-03-31": "0.44800", "2019-12-31": "1.47440", "2019-09-30": "1.38040", "2019-06-30": "0.97170", "2019-03-31": "0.50100", "2018-12-31": "1.99790", "2018-09-30": "1.46920", "2018-06-30": "1.52200", "2018-03-31": "0.91510", "2017-12-31": "1.63120", "2017-09-30": "1.80130", "2017-06-30": "1.59670", "2017-03-31": "0.96940", "2016-12-31": "1.66470", "2016-09-30": "1.68460", "2016-06-30": "1.84330", "2016-03-31": "1.23830", "2015-12-31": "1.41110", "2015-09-30": "1.90040", "2015-06-30": "1.93690", "2015-03-31": "0.57670", "2014-12-31": "0.79390", "2014-09-30": "1.63190", "2014-06-30": "2.52850", "2014-03-31": "1.12930", "2013-12-31": "14.84440", "2013-09-30": "", "2013-06-30": "", "2013-03-31": "", "2012-12-31": "", "2012-09-30": "", "2011-12-31": "", "2010-12-31": ""}, "Return On Tangible Equity": {"2020-09-30": "-0.97970", "2020-06-30": "-1.55140", "2020-03-31": "0.61010", "2019-12-31": "1.97190", "2019-09-30": "1.84860", "2019-06-30": "1.29960", "2019-03-31": "0.88210", "2018-12-31": "2.65270", "2018-09-30": "1.95130", "2018-06-30": "2.02350", "2018-03-31": "1.21860", "2017-12-31": "2.17060", "2017-09-30": "2.39990", "2017-06-30": "2.12970", "2017-03-31": "1.29060", "2016-12-31": "2.21320", "2016-09-30": "2.25110", "2016-06-30": "2.91500", "2016-03-31": "1.94810", "2015-12-31": "2.19810", "2015-09-30": "2.96040", "2015-06-30": "3.01740", "2015-03-31": "1.30780", "2014-12-31": "1.23240", "2014-09-30": "3.85570", "2014-06-30": "9.00490", "2014-03-31": "4.23550", "2013-12-31": "56.89870", "2013-09-30": "-7.21430", "2013-06-30": "", "2013-03-31": "", "2012-12-31": "", "2012-09-30": "", "2011-12-31": "", "2010-12-31": ""}, "ROA - Return On Assets": {"2020-09-30": "-0.30590", "2020-06-30": "-0.43110", "2020-03-31": "0.17770", "2019-12-31": "0.73040", "2019-09-30": "0.68230", "2019-06-30": "0.45550", "2019-03-31": "0.23510", "2018-12-31": "0.94810", "2018-09-30": "0.70150", "2018-06-30": "0.72510", "2018-03-31": "0.43600", "2017-12-31": "0.82060", "2017-09-30": "0.92200", "2017-06-30": "0.81850", "2017-03-31": "0.49520", "2016-12-31": "0.84830", "2016-09-30": "0.84730", "2016-06-30": "0.74630", "2016-03-31": "0.51190", "2015-12-31": "0.58690", "2015-09-30": "0.78840", "2015-06-30": "0.80710", "2015-03-31": "0.24100", "2014-12-31": "0.33390", "2014-09-30": "0.68850", "2014-06-30": "1.02080", "2014-03-31": "0.45830", "2013-12-31": "6.01430", "2013-09-30": "0.20330", "2013-06-30": "", "2013-03-31": "", "2012-12-31": "", "2012-09-30": "", "2011-12-31": "", "2010-12-31": ""}, "ROI - Return On Investment": {"2020-09-30": "-0.33090", "2020-06-30": "-0.52730", "2020-03-31": "0.21730", "2019-12-31": "0.79410", "2019-09-30": "0.74200", "2019-06-30": "0.48950", "2019-03-31": "0.25360", "2018-12-31": "1.01740", "2018-09-30": "0.74790", "2018-06-30": "0.77360", "2018-03-31": "0.46400", "2017-12-31": "0.87990", "2017-09-30": "1.00040", "2017-06-30": "0.88500", "2017-03-31": "0.53420", "2016-12-31": "0.91810", "2016-09-30": "0.92180", "2016-06-30": "0.83360", "2016-03-31": "0.56220", "2015-12-31": "0.65220", "2015-09-30": "0.87470", "2015-06-30": "0.97700", "2015-03-31": "0.28060", "2014-12-31": "0.36800", "2014-09-30": "0.76000", "2014-06-30": "1.13430", "2014-03-31": "0.51090", "2013-12-31": "6.73440", "2013-09-30": "0.21470", "2013-06-30": "", "2013-03-31": "", "2012-12-31": "", "2012-09-30": "", "2011-12-31": "", "2010-12-31": ""}, "Book Value Per Share": {"2020-09-30": "10.08030", "2020-06-30": "10.13020", "2020-03-31": "10.44370", "2019-12-31": "10.70900", "2019-09-30": "10.77080", "2019-06-30": "10.94270", "2019-03-31": "11.13970", "2018-12-31": "11.38360", "2018-09-30": "11.75650", "2018-06-30": "11.82520", "2018-03-31": "12.00550", "2017-12-31": "12.24780", "2017-09-30": "12.35810", "2017-06-30": "12.38520", "2017-03-31": "12.51660", "2016-12-31": "12.72360", "2016-09-30": "12.60500", "2016-06-30": "10.79080", "2016-03-31": "11.08020", "2015-12-31": "11.43690", "2015-09-30": "11.63680", "2015-06-30": "12.01310", "2015-03-31": "12.23930", "2014-12-31": "12.88450", "2014-09-30": "14.17590", "2014-06-30": "10.45770", "2014-03-31": "10.40110", "2013-12-31": "10.49290", "2013-09-30": "", "2013-06-30": "", "2013-03-31": "", "2012-12-31": "", "2012-09-30": "", "2011-12-31": "", "2010-12-31": ""}, "Operating Cash Flow Per Share": {"2020-09-30": 0.3196, "2020-06-30": 0.0413, "2020-03-31": "0.22130", "2019-12-31": 0.1157, "2019-09-30": 0.3658, "2019-06-30": 0.0381, "2019-03-31": "0.26140", "2018-12-31": 0.3086, "2018-09-30": 0.261, "2018-06-30": 0.138, "2018-03-31": "0.23100", "2017-12-31": 0.0646, "2017-09-30": 0.2775, "2017-06-30": 0.105, "2017-03-31": "0.20450", "2016-12-31": 0.1962, "2016-09-30": 0.2317, "2016-06-30": 0.1225, "2016-03-31": "0.22330", "2015-12-31": 0.1618, "2015-09-30": 0.3104, "2015-06-30": 0.1116, "2015-03-31": "0.17830", "2014-12-31": 0.158, "2014-09-30": 0.1977, "2014-06-30": 0.0909, "2014-03-31": "0.09780", "2013-12-31": -0.2395, "2013-09-30": -0.4643, "2013-06-30": 0.4643, "2013-03-31": "", "2012-12-31": 0, "2012-09-30": 0, "2011-12-31": 0, "2010-12-31": 0}, "Free Cash Flow Per Share": {"2020-09-30": 0.1974, "2020-06-30": -0.0993, "2020-03-31": "0.08530", "2019-12-31": -0.0885, "2019-09-30": 0.168, "2019-06-30": -0.195, "2019-03-31": "0.05620", "2018-12-31": 0.0613, "2018-09-30": 0.0224, "2018-06-30": -0.045, "2018-03-31": "0.08240", "2017-12-31": -0.1545, "2017-09-30": 0.0957, "2017-06-30": -0.0844, "2017-03-31": "0.04660", "2016-12-31": -0.0302, "2016-09-30": 0.0982, "2016-06-30": -0.0652, "2016-03-31": "0.11550", "2015-12-31": 0.0209, "2015-09-30": 0.1533, "2015-06-30": -0.0175, "2015-03-31": "0.07400", "2014-12-31": -0.028, "2014-09-30": -0.6198, "2014-06-30": -0.0329, "2014-03-31": "0.01540", "2013-12-31": -0.7001, "2013-09-30": -0.1191, "2013-06-30": 0.1191, "2013-03-31": "", "2012-12-31": 0, "2012-09-30": 0, "2011-12-31": 0, "2010-12-31": 0}}, "revenue": {"Empire State Realty Trust Annual Revenue (Millions of US $)": {"2019": "$731", "2018": "$732", "2017": "$710", "2016": "$677", "2015": "$658", "2014": "$635", "2013": "$334", "2012": "$260", "2011": "$295", "2010": "$247"}, "Empire State Realty Trust Quarterly Revenue (Millions of US $)": {"2020-09-30": "$147", "2020-06-30": "$141", "2020-03-31": "$170", "2019-12-31": "$195", "2019-09-30": "$193", "2019-06-30": "$176", "2019-03-31": "$167", "2018-12-31": "$199", "2018-09-30": "$186", "2018-06-30": "$179", "2018-03-31": "$167", "2017-12-31": "$182", "2017-09-30": "$187", "2017-06-30": "$176", "2017-03-31": "$165", "2016-12-31": "$179", "2016-09-30": "$176", "2016-06-30": "$166", "2016-03-31": "$157", "2015-12-31": "$165", "2015-09-30": "$176", "2015-06-30": "$165", "2015-03-31": "$152", "2014-12-31": "$170", "2014-09-30": "$169", "2014-06-30": "$155", "2014-03-31": "$140", "2013-12-31": "$149", "2013-09-30": "$62", "2013-06-30": "$60", "2013-03-31": "$62", "2012-12-31": "", "2012-09-30": "$59", "2011-12-31": "", "2010-12-31": ""}}, "gross-profit": {"Empire State Realty Trust Annual Gross Profit (Millions of US $)": {"2019": "$547", "2018": "$555", "2017": "$537", "2016": "$514", "2015": "$486", "2014": "$443", "2013": "$233", "2012": "$185", "2011": "$191", "2010": "$159"}, "Empire State Realty Trust Quarterly Gross Profit (Millions of US $)": {"2020-09-30": "$110", "2020-06-30": "$109", "2020-03-31": "$126", "2019-12-31": "$149", "2019-09-30": "$143", "2019-06-30": "$134", "2019-03-31": "$122", "2018-12-31": "$156", "2018-09-30": "$141", "2018-06-30": "$137", "2018-03-31": "$121", "2017-12-31": "$138", "2017-09-30": "$143", "2017-06-30": "$135", "2017-03-31": "$120", "2016-12-31": "$138", "2016-09-30": "$135", "2016-06-30": "$126", "2016-03-31": "$116", "2015-12-31": "$125", "2015-09-30": "$132", "2015-06-30": "$125", "2015-03-31": "$105", "2014-12-31": "$123", "2014-09-30": "$123", "2014-06-30": "$107", "2014-03-31": "$90", "2013-12-31": "$108", "2013-09-30": "$42", "2013-06-30": "$41", "2013-03-31": "$42", "2012-12-31": "", "2012-09-30": "$42", "2011-12-31": "", "2010-12-31": ""}}, "operating-income": {"Empire State Realty Trust Annual Operating Income (Millions of US $)": {"2019": "$155", "2018": "$191", "2017": "$193", "2016": "$184", "2015": "$151", "2014": "$141", "2013": "$-64", "2012": "$89", "2011": "$108", "2010": "$82"}, "Empire State Realty Trust Quarterly Operating Income (Millions of US $)": {"2020-09-30": "$12", "2020-06-30": "$0", "2020-03-31": "$27", "2019-12-31": "$47", "2019-09-30": "$45", "2019-06-30": "$36", "2019-03-31": "$26", "2018-12-31": "$58", "2018-09-30": "$49", "2018-06-30": "$50", "2018-03-31": "$34", "2017-12-31": "$50", "2017-09-30": "$56", "2017-06-30": "$51", "2017-03-31": "$37", "2016-12-31": "$52", "2016-09-30": "$54", "2016-06-30": "$44", "2016-03-31": "$34", "2015-12-31": "$37", "2015-09-30": "$45", "2015-06-30": "$45", "2015-03-31": "$24", "2014-12-31": "$31", "2014-09-30": "$43", "2014-06-30": "$43", "2014-03-31": "$24", "2013-12-31": "$-100", "2013-09-30": "$10", "2013-06-30": "$12", "2013-03-31": "$14", "2012-12-31": "", "2012-09-30": "$17", "2011-12-31": "", "2010-12-31": ""}}, "ebitda": {"Empire State Realty Trust Annual EBITDA (Millions of US $)": {"2019": "$344", "2018": "$368", "2017": "$357", "2016": "$339", "2015": "$313", "2014": "$281", "2013": "$13", "2012": "$136", "2011": "$147", "2010": "$118"}, "Empire State Realty Trust Quarterly EBITDA (Millions of US $)": {"2020-09-30": "$61", "2020-06-30": "$57", "2020-03-31": "$75", "2019-12-31": "$96", "2019-09-30": "$91", "2019-06-30": "$83", "2019-03-31": "$74", "2018-12-31": "$107", "2018-09-30": "$93", "2018-06-30": "$92", "2018-03-31": "$76", "2017-12-31": "$91", "2017-09-30": "$95", "2017-06-30": "$92", "2017-03-31": "$78", "2016-12-31": "$92", "2016-09-30": "$92", "2016-06-30": "$84", "2016-03-31": "$71", "2015-12-31": "$80", "2015-09-30": "$88", "2015-06-30": "$82", "2015-03-31": "$63", "2014-12-31": "$78", "2014-09-30": "$80", "2014-06-30": "$70", "2014-03-31": "$53", "2013-12-31": "$-67", "2013-09-30": "$25", "2013-06-30": "$27", "2013-03-31": "$28", "2012-12-31": "", "2012-09-30": "$17", "2011-12-31": "", "2010-12-31": ""}}, "net-income": {"Empire State Realty Trust Annual Net Income (Millions of US $)": {"2019": "$49", "2018": "$66", "2017": "$63", "2016": "$51", "2015": "$34", "2014": "$27", "2013": "$75", "2012": "$", "2011": "$", "2010": "$45"}, "Empire State Realty Trust Quarterly Net Income (Millions of US $)": {"2020-09-30": "$-8", "2020-06-30": "$-13", "2020-03-31": "$4", "2019-12-31": "$17", "2019-09-30": "$16", "2019-06-30": "$11", "2019-03-31": "$6", "2018-12-31": "$23", "2018-09-30": "$16", "2018-06-30": "$17", "2018-03-31": "$10", "2017-12-31": "$17", "2017-09-30": "$19", "2017-06-30": "$17", "2017-03-31": "$10", "2016-12-31": "$17", "2016-09-30": "$16", "2016-06-30": "$11", "2016-03-31": "$7", "2015-12-31": "$8", "2015-09-30": "$11", "2015-06-30": "$11", "2015-03-31": "$3", "2014-12-31": "$4", "2014-09-30": "$8", "2014-06-30": "$10", "2014-03-31": "$4", "2013-12-31": "", "2013-09-30": "", "2013-06-30": "", "2013-03-31": "", "2012-12-31": "", "2012-09-30": "$9", "2011-12-31": "", "2010-12-31": ""}}, "eps-earnings-per-share-diluted": {"Empire State Realty Trust Annual EPS": {"2019": "$0.28", "2018": "$0.39", "2017": "$0.39", "2016": "$0.38", "2015": "$0.29", "2014": "$0.27", "2013": "$0.31", "2012": "$0.00", "2011": "$0.00", "2010": "$0.00"}, "Empire State Realty Trust Quarterly EPS": {"2020-09-30": "$-0.05", "2020-06-30": "$-0.07", "2020-03-31": "$0.02", "2019-12-31": "$0.10", "2019-09-30": "$0.09", "2019-06-30": "$0.06", "2019-03-31": "$0.03", "2018-12-31": "$0.13", "2018-09-30": "$0.10", "2018-06-30": "$0.10", "2018-03-31": "$0.06", "2017-12-31": "$0.11", "2017-09-30": "$0.12", "2017-06-30": "$0.10", "2017-03-31": "$0.06", "2016-12-31": "$0.11", "2016-09-30": "$0.12", "2016-06-30": "$0.09", "2016-03-31": "$0.06", "2015-12-31": "$0.06", "2015-09-30": "$0.10", "2015-06-30": "$0.10", "2015-03-31": "$0.03", "2014-12-31": "$0.03", "2014-09-30": "$0.09", "2014-06-30": "$0.10", "2014-03-31": "$0.05", "2013-12-31": "$0.00", "2013-09-30": "$0.00", "2013-06-30": "$0.00", "2013-03-31": "$0.00", "2012-12-31": "$0.00", "2012-09-30": "$0.00", "2011-12-31": "$0.00", "2010-12-31": "$0.00"}}, "shares-outstanding": {"Empire State Realty Trust Annual Shares Outstanding (Millions of Shares)": {"2019": "298", "2018": "297", "2017": "298", "2016": "278", "2015": "267", "2014": "255", "2013": "244", "2012": "", "2011": "", "2010": ""}, "Empire State Realty Trust Quarterly Shares Outstanding (Millions of Shares)": {"2020-09-30": "281", "2020-06-30": "283", "2020-03-31": "293", "2019-12-31": "298", "2019-09-30": "298", "2019-06-30": "298", "2019-03-31": "298", "2018-12-31": "297", "2018-09-30": "297", "2018-06-30": "297", "2018-03-31": "297", "2017-12-31": "298", "2017-09-30": "298", "2017-06-30": "298", "2017-03-31": "298", "2016-12-31": "278", "2016-09-30": "281", "2016-06-30": "266", "2016-03-31": "267", "2015-12-31": "267", "2015-09-30": "266", "2015-06-30": "266", "2015-03-31": "266", "2014-12-31": "255", "2014-09-30": "263", "2014-06-30": "244", "2014-03-31": "244", "2013-12-31": "244", "2013-09-30": "", "2013-06-30": "96", "2013-03-31": "", "2012-12-31": "", "2012-09-30": "", "2011-12-31": "", "2010-12-31": ""}}, "total-assets": {"Empire State Realty Trust Annual Total Assets (Millions of US $)": {"2019": "$3,932", "2018": "$4,196", "2017": "$3,931", "2016": "$3,891", "2015": "$3,301", "2014": "$3,283", "2013": "$2,476", "2012": "$1,053", "2011": "$1,005", "2010": "$0"}, "Empire State Realty Trust Quarterly Total Assets (Millions of US $)": {"2020-09-30": "$4,011", "2020-06-30": "$4,550", "2020-03-31": "$4,665", "2019-12-31": "$3,932", "2019-09-30": "$3,925", "2019-06-30": "$4,156", "2019-03-31": "$4,192", "2018-12-31": "$4,196", "2018-09-30": "$4,167", "2018-06-30": "$4,163", "2018-03-31": "$4,142", "2017-12-31": "$3,931", "2017-09-30": "$3,849", "2017-06-30": "$3,831", "2017-03-31": "$3,866", "2016-12-31": "$3,891", "2016-09-30": "$3,883", "2016-06-30": "$3,302", "2016-03-31": "$3,263", "2015-12-31": "$3,301", "2015-09-30": "$3,309", "2015-06-30": "$3,294", "2015-03-31": "$3,273", "2014-12-31": "$3,283", "2014-09-30": "$3,302", "2014-06-30": "$2,477", "2014-03-31": "$2,450", "2013-12-31": "$2,476", "2013-09-30": "$1,122", "2013-06-30": "$0", "2013-03-31": "$0", "2012-12-31": "$0", "2012-09-30": "$0", "2011-12-31": "$1,005", "2010-12-31": "$0"}}, "cash-on-hand": {"Empire State Realty Trust Annual Cash on Hand (Millions of US $)": {"2019": "$272", "2018": "$671", "2017": "$530", "2016": "$616", "2015": "$113", "2014": "$106", "2013": "$116", "2012": "$84", "2011": "$117", "2010": "$"}, "Empire State Realty Trust Quarterly Cash on Hand (Millions of US $)": {"2020-09-30": "$428", "2020-06-30": "$932", "2020-03-31": "$1,046", "2019-12-31": "$272", "2019-09-30": "$330", "2019-06-30": "$563", "2019-03-31": "$655", "2018-12-31": "$671", "2018-09-30": "$684", "2018-06-30": "$711", "2018-03-31": "$752", "2017-12-31": "$530", "2017-09-30": "$496", "2017-06-30": "$509", "2017-03-31": "$595", "2016-12-31": "$616", "2016-09-30": "$655", "2016-06-30": "$95", "2016-03-31": "$105", "2015-12-31": "$113", "2015-09-30": "$111", "2015-06-30": "$104", "2015-03-31": "$97", "2014-12-31": "$106", "2014-09-30": "$117", "2014-06-30": "$97", "2014-03-31": "$100", "2013-12-31": "$116", "2013-09-30": "$140", "2013-06-30": "", "2013-03-31": "", "2012-12-31": "", "2012-09-30": "", "2011-12-31": "$117", "2010-12-31": ""}}, "long-term-debt": {"Empire State Realty Trust Annual Long Term Debt (Millions of US $)": {"2019": "$1,669", "2018": "$1,919", "2017": "$1,689", "2016": "$1,612", "2015": "$1,597", "2014": "$1,599", "2013": "$1,208", "2012": "$996", "2011": "$957", "2010": "$"}, "Empire State Realty Trust Quarterly Long Term Debt (Millions of US $)": {"2020-09-30": "$1,964", "2020-06-30": "$1,964", "2020-03-31": "$1,964", "2019-12-31": "$1,669", "2019-09-30": "$1,669", "2019-06-30": "$1,919", "2019-03-31": "$1,919", "2018-12-31": "$1,919", "2018-09-30": "$1,919", "2018-06-30": "$1,918", "2018-03-31": "$1,918", "2017-12-31": "$1,689", "2017-09-30": "$1,577", "2017-06-30": "$1,579", "2017-03-31": "$1,609", "2016-12-31": "$1,612", "2016-09-30": "$1,616", "2016-06-30": "$1,619", "2016-03-31": "$1,623", "2015-12-31": "$1,597", "2015-09-30": "$1,609", "2015-06-30": "$1,348", "2015-03-31": "$1,443", "2014-12-31": "$1,599", "2014-09-30": "$1,598", "2014-06-30": "$1,229", "2014-03-31": "$1,204", "2013-12-31": "$1,208", "2013-09-30": "$1,094", "2013-06-30": "", "2013-03-31": "", "2012-12-31": "", "2012-09-30": "", "2011-12-31": "$957", "2010-12-31": ""}}, "total-liabilities": {"Empire State Realty Trust Annual Total Liabilities (Millions of US $)": {"2019": "$1,984", "2018": "$2,205", "2017": "$1,954", "2016": "$1,908", "2015": "$1,928", "2014": "$1,902", "2013": "$1,473", "2012": "$1,063", "2011": "$1,004", "2010": "$0"}, "Empire State Realty Trust Quarterly Total Liabilities (Millions of US $)": {"2020-09-30": "$2,267", "2020-06-30": "$2,794", "2020-03-31": "$2,815", "2019-12-31": "$1,984", "2019-09-30": "$1,985", "2019-06-30": "$2,208", "2019-03-31": "$2,225", "2018-12-31": "$2,205", "2018-09-30": "$2,177", "2018-06-30": "$2,180", "2018-03-31": "$2,168", "2017-12-31": "$1,954", "2017-09-30": "$1,879", "2017-06-30": "$1,867", "2017-03-31": "$1,891", "2016-12-31": "$1,908", "2016-09-30": "$1,930", "2016-06-30": "$1,965", "2016-03-31": "$1,914", "2015-12-31": "$1,928", "2015-09-30": "$1,936", "2015-06-30": "$1,921", "2015-03-31": "$1,905", "2014-12-31": "$1,902", "2014-09-30": "$1,909", "2014-06-30": "$1,477", "2014-03-31": "$1,456", "2013-12-31": "$1,473", "2013-09-30": "$1,154", "2013-06-30": "$0", "2013-03-31": "$0", "2012-12-31": "", "2012-09-30": "$0", "2011-12-31": "$1,004", "2010-12-31": "$0"}}, "total-share-holder-equity": {"Empire State Realty Trust Annual Share Holder Equity (Millions of US $)": {"2019": "$1,948", "2018": "$1,991", "2017": "$1,978", "2016": "$1,983", "2015": "$1,373", "2014": "$1,381", "2013": "$1,003", "2012": "$-11", "2011": "$1", "2010": "$0"}, "Empire State Realty Trust Quarterly Share Holder Equity (Millions of US $)": {"2020-09-30": "$1,744", "2020-06-30": "$1,756", "2020-03-31": "$1,850", "2019-12-31": "$1,948", "2019-09-30": "$1,940", "2019-06-30": "$1,948", "2019-03-31": "$1,967", "2018-12-31": "$1,991", "2018-09-30": "$1,989", "2018-06-30": "$1,983", "2018-03-31": "$1,973", "2017-12-31": "$1,978", "2017-09-30": "$1,970", "2017-06-30": "$1,964", "2017-03-31": "$1,975", "2016-12-31": "$1,983", "2016-09-30": "$1,953", "2016-06-30": "$1,337", "2016-03-31": "$1,349", "2015-12-31": "$1,373", "2015-09-30": "$1,373", "2015-06-30": "$1,373", "2015-03-31": "$1,368", "2014-12-31": "$1,381", "2014-09-30": "$1,393", "2014-06-30": "$1,000", "2014-03-31": "$995", "2013-12-31": "$1,003", "2013-09-30": "$-32", "2013-06-30": "$0", "2013-03-31": "$0", "2012-12-31": "", "2012-09-30": "$0", "2011-12-31": "$1", "2010-12-31": "$0"}}, "profit-margins": {"current": "0.69%"}, "gross margin": {"2020-09-30": "75.65%", "2020-06-30": "75.39%", "2020-03-31": "75.20%", "2019-12-31": "74.97%", "2019-09-30": "75.51%", "2019-06-30": "75.96%", "2019-03-31": "76.06%", "2018-12-31": "75.92%", "2018-09-30": "75.21%", "2018-06-30": "75.38%", "2018-03-31": "75.42%", "2017-12-31": "75.49%", "2017-09-30": "75.81%", "2017-06-30": "75.86%", "2017-03-31": "75.66%", "2016-12-31": "75.96%", "2016-09-30": "75.60%", "2016-06-30": "75.15%", "2016-03-31": "75.11%", "2015-12-31": "74.01%", "2015-09-30": "73.15%", "2015-06-30": "72.56%", "2015-03-31": "70.90%", "2014-12-31": "69.87%", "2014-09-30": "69.82%", "2014-06-30": "68.58%", "2014-03-31": "68.37%", "2013-12-31": "69.97%", "2013-06-30": "69.06%"}, "operating margin": {"2020-09-30": "13.17%", "2020-06-30": "17.02%", "2020-03-31": "21.12%", "2019-12-31": "21.07%", "2019-09-30": "22.45%", "2019-06-30": "23.21%", "2019-03-31": "25.03%", "2018-12-31": "26.13%", "2018-09-30": "25.63%", "2018-06-30": "26.57%", "2018-03-31": "26.83%", "2017-12-31": "27.32%", "2017-09-30": "27.72%", "2017-06-30": "27.87%", "2017-03-31": "27.26%", "2016-12-31": "27.14%", "2016-09-30": "25.45%", "2016-06-30": "24.10%", "2016-03-31": "24.28%", "2015-12-31": "22.95%", "2015-09-30": "21.87%", "2015-06-30": "21.80%", "2015-03-31": "21.83%", "2014-12-31": "22.24%", "2014-09-30": "1.63%", "2014-06-30": "-4.55%", "2014-03-31": "-13.14%", "2013-12-31": "-19.22%", "2013-06-30": "23.76%"}, "ebitda margin": {"2020-09-30": "44.26%", "2020-06-30": "45.64%", "2020-03-31": "47.00%", "2019-12-31": "47.06%", "2019-09-30": "48.30%", "2019-06-30": "49.04%", "2019-03-31": "50.07%", "2018-12-31": "50.34%", "2018-09-30": "49.30%", "2018-06-30": "49.51%", "2018-03-31": "49.72%", "2017-12-31": "50.14%", "2017-09-30": "50.50%", "2017-06-30": "50.86%", "2017-03-31": "50.44%", "2016-12-31": "50.00%", "2016-09-30": "49.25%", "2016-06-30": "48.64%", "2016-03-31": "48.42%", "2015-12-31": "47.57%", "2015-09-30": "46.91%", "2015-06-30": "46.19%", "2015-03-31": "45.05%", "2014-12-31": "44.32%", "2014-09-30": "22.19%", "2014-06-30": "16.01%", "2014-03-31": "9.25%", "2013-12-31": "3.90%", "2013-06-30": "39.78%"}, "pre tax profit margin": {"2020-09-30": "0.61%", "2020-06-30": "6.29%", "2020-03-31": "11.72%", "2019-12-31": "11.90%", "2019-09-30": "13.33%", "2019-06-30": "13.87%", "2019-03-31": "15.46%", "2018-12-31": "16.69%", "2018-09-30": "16.25%", "2018-06-30": "17.20%", "2018-03-31": "17.56%", "2017-12-31": "17.75%", "2017-09-30": "17.82%", "2017-06-30": "17.82%", "2017-03-31": "17.06%", "2016-12-31": "16.81%", "2016-09-30": "14.91%", "2016-06-30": "13.86%", "2016-03-31": "13.88%", "2015-12-31": "12.77%", "2015-09-30": "11.31%", "2015-06-30": "10.98%", "2015-03-31": "11.30%", "2014-12-31": "11.83%", "2014-09-30": "34.58%", "2014-06-30": "37.15%", "2014-03-31": "39.66%", "2013-12-31": "46.55%", "2013-06-30": "7.73%"}, "net profit margin": {"2020-09-30": "0.00%", "2020-06-30": "3.43%", "2020-03-31": "6.54%", "2019-12-31": "6.84%", "2019-09-30": "7.62%", "2019-06-30": "7.69%", "2019-03-31": "8.48%", "2018-12-31": "9.03%", "2018-09-30": "8.40%", "2018-06-30": "8.81%", "2018-03-31": "8.85%", "2017-12-31": "8.87%", "2017-09-30": "8.91%", "2017-06-30": "8.62%", "2017-03-31": "7.87%", "2016-12-31": "7.52%", "2016-09-30": "6.33%", "2016-06-30": "5.57%", "2016-03-31": "5.58%", "2015-12-31": "5.02%", "2015-09-30": "4.37%", "2015-06-30": "3.96%", "2015-03-31": "3.87%", "2014-12-31": "4.10%", "2014-09-30": "3.59%", "2014-06-30": "2.77%", "2014-03-31": "0.97%", "2013-12-31": "0.00%", "2013-06-30": "4.97%"}, "pe ratio": {"current": "14.25", "2021-02-05": "0.00", "2020-09-30": "0.00", "2020-06-30": "53.85", "2020-03-31": "36.78", "2019-12-31": "54.43", "2019-09-30": "47.60", "2019-06-30": "47.41", "2019-03-31": "41.86", "2018-12-31": "34.57", "2018-09-30": "42.25", "2018-06-30": "41.01", "2018-03-31": "40.02", "2017-12-31": "48.64", "2017-09-30": "48.41", "2017-06-30": "48.70", "2017-03-31": "49.43", "2016-12-31": "48.10", "2016-09-30": "55.50", "2016-06-30": "53.18", "2016-03-31": "47.35", "2015-12-31": "53.41", "2015-09-30": "55.66", "2015-06-30": "57.61", "2015-03-31": "63.22", "2014-12-31": "54.60", "2014-09-30": "54.16"}, "price sales": {"2021-02-05": "4.36", "2020-09-30": "2.71", "2020-06-30": "2.94", "2020-03-31": "3.57", "2019-12-31": "5.55", "2019-09-30": "5.59", "2019-06-30": "5.81", "2019-03-31": "6.13", "2018-12-31": "5.48", "2018-09-30": "6.51", "2018-06-30": "6.66", "2018-03-31": "6.53", "2017-12-31": "7.97", "2017-09-30": "7.82", "2017-06-30": "7.87", "2017-03-31": "7.68", "2016-12-31": "7.36", "2016-09-30": "7.68", "2016-06-30": "6.83", "2016-03-31": "6.28", "2015-12-31": "6.48", "2015-09-30": "5.96", "2015-06-30": "5.98", "2015-03-31": "6.52", "2014-12-31": "6.06", "2014-09-30": "5.27"}, "price book": {"current": "0.97", "2021-02-05": "0.98", "2020-09-30": "0.61", "2020-06-30": "0.69", "2020-03-31": "0.85", "2019-12-31": "1.27", "2019-09-30": "1.28", "2019-06-30": "1.30", "2019-03-31": "1.35", "2018-12-31": "1.18", "2018-09-30": "1.33", "2018-06-30": "1.35", "2018-03-31": "1.30", "2017-12-31": "1.55", "2017-09-30": "1.53", "2017-06-30": "1.53", "2017-03-31": "1.50", "2016-12-31": "1.44", "2016-09-30": "1.50", "2016-06-30": "1.58", "2016-03-31": "1.41", "2015-12-31": "1.40", "2015-09-30": "1.29", "2015-06-30": "1.25", "2015-03-31": "1.34", "2014-12-31": "1.19", "2014-09-30": "0.92", "2014-06-30": "1.36", "2014-03-31": "1.24", "2013-12-31": "1.24"}, "price fcf": {"2021-02-05": "", "2020-09-30": "$0.09", "2020-06-30": "$0.07", "2020-03-31": "$-0.03", "2019-12-31": "$-0.06", "2019-09-30": "$0.09", "2019-06-30": "$-0.06", "2019-03-31": "$0.09", "2018-12-31": "$0.12", "2018-09-30": "$-0.09", "2018-06-30": "$-0.02", "2018-03-31": "$-0.06", "2017-12-31": "$-0.10", "2017-09-30": "$0.03", "2017-06-30": "$0.03", "2017-03-31": "$0.05", "2016-12-31": "$0.12", "2016-09-30": "$0.17", "2016-06-30": "$0.22", "2016-03-31": "$0.27", "2015-12-31": "$0.23", "2015-09-30": "$0.18", "2015-06-30": "$-0.59", "2015-03-31": "$-0.61", "2014-12-31": "$-0.67", "2014-09-30": "$-1.34"}, "net worth": {"value": "$1.69B"}, "current ratio": {"2020-09-30": "6.06", "2020-06-30": "1.82", "2020-03-31": "1.88", "2019-12-31": "3.60", "2019-09-30": "4.01", "2019-06-30": "6.10", "2019-03-31": "6.90", "2018-12-31": "6.90", "2018-09-30": "7.10", "2018-06-30": "7.10", "2018-03-31": "9.01", "2017-12-31": "6.65", "2017-09-30": "4.93", "2017-06-30": "5.11", "2017-03-31": "6.14", "2016-12-31": "5.90", "2016-09-30": "5.29", "2016-06-30": "1.33", "2016-03-31": "2.07", "2015-12-31": "1.73", "2015-09-30": "2.05", "2015-06-30": "0.60", "2015-03-31": "0.81", "2014-12-31": "2.40", "2014-09-30": "2.48", "2014-06-30": "2.80", "2014-03-31": "2.85", "2013-12-31": "2.49", "2013-09-30": "6.95", "2013-06-30": "0.00", "2013-03-31": "0.00", "2012-12-31": "0.00", "2012-09-30": "0.00", "2011-12-31": "0.23", "2010-12-31": "0.00"}, "quick ratio": {"2020-09-30": "0.00", "2020-06-30": "0.00", "2020-03-31": "0.00", "2019-12-31": "0.00", "2019-09-30": "0.00", "2019-06-30": "0.00", "2019-03-31": "0.00", "2018-12-31": "0.00", "2018-09-30": "0.00", "2018-06-30": "0.00", "2018-03-31": "0.00", "2017-12-31": "0.00", "2017-09-30": "0.00", "2017-06-30": "0.00", "2017-03-31": "0.00", "2016-12-31": "0.00", "2016-09-30": "0.00", "2016-06-30": "0.00", "2016-03-31": "0.00", "2015-12-31": "0.00", "2015-09-30": "0.00", "2015-06-30": "0.00", "2015-03-31": "0.00", "2014-12-31": "0.00", "2014-09-30": "0.00", "2014-06-30": "0.00", "2014-03-31": "0.00", "2013-12-31": "0.00", "2013-09-30": "0.00", "2013-06-30": "0.00", "2013-03-31": "0.00", "2012-12-31": "0.00", "2012-09-30": "0.00", "2011-12-31": "0.00", "2010-12-31": "0.00"}, "debt equity ratio": {"current": "1.13", "2020-09-30": "1.30", "2020-06-30": "1.59", "2020-03-31": "1.52", "2019-12-31": "1.02", "2019-09-30": "1.02", "2019-06-30": "1.13", "2019-03-31": "1.13", "2018-12-31": "1.11", "2018-09-30": "1.09", "2018-06-30": "1.10", "2018-03-31": "1.10", "2017-12-31": "0.99", "2017-09-30": "0.95", "2017-06-30": "0.95", "2017-03-31": "0.96", "2016-12-31": "0.96", "2016-09-30": "0.99", "2016-06-30": "1.47", "2016-03-31": "1.42", "2015-12-31": "1.41", "2015-09-30": "1.41", "2015-06-30": "1.40", "2015-03-31": "1.39", "2014-12-31": "1.38", "2014-09-30": "1.37", "2014-06-30": "1.48", "2014-03-31": "1.46", "2013-12-31": "1.47", "2013-09-30": "-36.49", "2013-06-30": "0.00", "2013-03-31": "0.00", "2012-12-31": "0.00", "2012-09-30": "0.00", "2011-12-31": "778.04", "2010-12-31": "0.00"}, "return on equity": {"2020-09-30": "0.00%", "2020-06-30": "1.28%", "2020-03-31": "2.50%", "2019-12-31": "2.56%", "2019-09-30": "2.85%", "2019-06-30": "2.84%", "2019-03-31": "3.13%", "2018-12-31": "3.33%", "2018-09-30": "3.03%", "2018-06-30": "3.19%", "2018-03-31": "3.20%", "2017-12-31": "3.20%", "2017-09-30": "3.19%", "2017-06-30": "3.05%", "2017-03-31": "2.98%", "2016-12-31": "3.08%", "2016-09-30": "2.79%", "2016-06-30": "2.72%", "2016-03-31": "2.71%", "2015-12-31": "2.41%", "2015-09-30": "2.11%", "2015-06-30": "1.89%", "2015-03-31": "1.94%", "2014-12-31": "2.18%"}, "return on assets": {"2020-09-30": "0.00%", "2020-06-30": "0.56%", "2020-03-31": "1.15%", "2019-12-31": "1.23%", "2019-09-30": "1.36%", "2019-06-30": "1.34%", "2019-03-31": "1.48%", "2018-12-31": "1.58%", "2018-09-30": "1.46%", "2018-06-30": "1.57%", "2018-03-31": "1.60%", "2017-12-31": "1.63%", "2017-09-30": "1.63%", "2017-06-30": "1.55%", "2017-03-31": "1.45%", "2016-12-31": "1.42%", "2016-09-30": "1.22%", "2016-06-30": "1.12%", "2016-03-31": "1.12%", "2015-12-31": "1.00%", "2015-09-30": "0.88%", "2015-06-30": "0.79%", "2015-03-31": "0.81%", "2014-12-31": "0.90%"}, "return on investments": {"2020-09-30": "2.32%", "2020-06-30": "3.22%", "2020-03-31": "4.16%", "2019-12-31": "4.11%", "2019-09-30": "4.32%", "2019-06-30": "4.34%", "2019-03-31": "4.69%", "2018-12-31": "4.89%", "2018-09-30": "4.76%", "2018-06-30": "5.06%", "2018-03-31": "5.22%", "2017-12-31": "5.41%", "2017-09-30": "5.49%", "2017-06-30": "5.43%", "2017-03-31": "5.46%", "2016-12-31": "5.62%", "2016-09-30": "5.42%", "2016-06-30": "5.39%", "2016-03-31": "5.53%", "2015-12-31": "5.26%", "2015-09-30": "5.05%", "2015-06-30": "4.97%", "2015-03-31": "5.12%", "2014-12-31": "5.42%", "2014-09-30": "0.42%", "2014-06-30": "-1.19%", "2014-03-31": "-3.95%", "2013-12-31": "-7.82%", "2013-06-30": "inf%"}, "return on tangible equity": {"2020-09-30": "0.00%", "2020-06-30": "1.74%", "2020-03-31": "3.36%", "2019-12-31": "3.65%", "2019-09-30": "4.06%", "2019-06-30": "4.02%", "2019-03-31": "4.42%", "2018-12-31": "4.42%", "2018-09-30": "4.03%", "2018-06-30": "4.24%", "2018-03-31": "4.26%", "2017-12-31": "4.26%", "2017-09-30": "4.25%", "2017-06-30": "4.06%", "2017-03-31": "4.09%", "2016-12-31": "4.38%", "2016-09-30": "4.15%", "2016-06-30": "4.27%", "2016-03-31": "4.23%", "2015-12-31": "4.07%", "2015-09-30": "3.56%", "2015-06-30": "3.51%", "2015-03-31": "4.23%", "2014-12-31": "5.13%"}, "dividend yield history": {"last payout": "$0.00", "last yield": "0.00%"}}