{"ticker": "EHC", "price": {"title": "Encompass Health Historical Annual Stock Price Data", "value": 82.25, "historical": {"2021": {"Average Stock Price": "83.7475", "Year Open": "82.3400", "Year High": "87.5000", "Year Low": "80.4000", "Year Close": "82.2500", "Annual % Change": "-0.53%"}, "2020": {"Average Stock Price": "69.6742", "Year Open": "69.1600", "Year High": "85.9500", "Year Low": "50.0700", "Year Close": "82.6900", "Annual % Change": "19.37%"}, "2019": {"Average Stock Price": "64.0280", "Year Open": "61.2700", "Year High": "72.0900", "Year Low": "57.7100", "Year Close": "69.2700", "Annual % Change": "12.27%"}, "2018": {"Average Stock Price": "66.2438", "Year Open": "51.3800", "Year High": "82.3500", "Year Low": "49.6700", "Year Close": "61.7000", "Annual % Change": "24.87%"}, "2017": {"Average Stock Price": "44.9907", "Year Open": "41.6000", "Year High": "50.1000", "Year Low": "38.6100", "Year Close": "49.4100", "Annual % Change": "19.81%"}, "2016": {"Average Stock Price": "38.9252", "Year Open": "34.6700", "Year High": "43.0500", "Year Low": "30.9100", "Year Close": "41.2400", "Annual % Change": "18.47%"}, "2015": {"Average Stock Price": "41.8146", "Year Open": "37.2600", "Year High": "47.9300", "Year Low": "33.0400", "Year Close": "34.8100", "Annual % Change": "-9.49%"}, "2014": {"Average Stock Price": "36.3647", "Year Open": "33.2800", "Year High": "41.7400", "Year Low": "30.0500", "Year Close": "38.4600", "Annual % Change": "15.43%"}, "2013": {"Average Stock Price": "29.9887", "Year Open": "22.1500", "Year High": "36.4800", "Year Low": "22.0200", "Year Close": "33.3200", "Annual % Change": "57.84%"}, "2012": {"Average Stock Price": "21.3942", "Year Open": "17.7200", "Year High": "24.6300", "Year Low": "16.8200", "Year Close": "21.1100", "Annual % Change": "19.47%"}, "2011": {"Average Stock Price": "21.7945", "Year Open": "20.9500", "Year High": "28.1600", "Year Low": "14.2500", "Year Close": "17.6700", "Annual % Change": "-14.68%"}, "2010": {"Average Stock Price": "18.7969", "Year Open": "19.4500", "Year High": "21.4200", "Year Low": "16.2600", "Year Close": "20.7100", "Annual % Change": "10.34%"}, "2009": {"Average Stock Price": "13.3573", "Year Open": "11.7600", "Year High": "20.0000", "Year Low": "6.8000", "Year Close": "18.7700", "Annual % Change": "71.26%"}, "2008": {"Average Stock Price": "16.3042", "Year Open": "21.2100", "Year High": "21.2100", "Year Low": "8.3000", "Year Close": "10.9600", "Annual % Change": "-47.81%"}, "2007": {"Average Stock Price": "20.1689", "Year Open": "22.3400", "Year High": "25.7300", "Year Low": "15.0800", "Year Close": "21.0000", "Annual % Change": "-7.28%"}, "2006": {"Average Stock Price": "23.0085", "Year Open": "24.2500", "Year High": "26.7500", "Year Low": "17.7000", "Year Close": "22.6500", "Annual % Change": "-7.55%"}, "2005": {"Average Stock Price": "25.5843", "Year Open": "30.8000", "Year High": "30.8000", "Year Low": "18.3500", "Year Close": "24.5000", "Annual % Change": "-21.97%"}, "2004": {"Average Stock Price": "25.9048", "Year Open": "23.7500", "Year High": "32.4000", "Year Low": "18.9000", "Year Close": "31.4000", "Annual % Change": "36.82%"}, "2003": {"Average Stock Price": "12.1589", "Year Open": "23.1500", "Year High": "24.5000", "Year Low": "0.4000", "Year Close": "22.9500", "Annual % Change": "9.29%"}, "2002": {"Average Stock Price": "48.7405", "Year Open": "74.5000", "Year High": "78.4500", "Year Low": "15.1000", "Year Close": "21.0000", "Annual % Change": "-71.66%"}, "2001": {"Average Stock Price": "73.3121", "Year Open": "77.2000", "Year High": "91.5000", "Year Low": "57.0000", "Year Close": "74.1000", "Annual % Change": "-9.14%"}, "2000": {"Average Stock Price": "39.8315", "Year Open": "26.2500", "Year High": "85.0000", "Year Low": "24.4000", "Year Close": "81.5500", "Annual % Change": "203.16%"}, "1999": {"Average Stock Price": "52.4528", "Year Open": "80.0000", "Year High": "85.3000", "Year Low": "24.0500", "Year Close": "26.9000", "Annual % Change": "-65.16%"}, "1998": {"Average Stock Price": "111.7984", "Year Open": "134.7000", "Year High": "152.8000", "Year Low": "41.5500", "Year Close": "77.2000", "Annual % Change": "-44.36%"}, "1997": {"Average Stock Price": "119.3655", "Year Open": "92.2000", "Year High": "144.4000", "Year Low": "91.9000", "Year Close": "138.7500", "Annual % Change": "43.67%"}, "1996": {"Average Stock Price": "88.2833", "Year Open": "73.1250", "Year High": "99.0750", "Year Low": "68.4500", "Year Close": "96.5750", "Annual % Change": "32.61%"}, "1995": {"Average Stock Price": "54.5711", "Year Open": "46.2500", "Year High": "79.0750", "Year Low": "41.8750", "Year Close": "72.8250", "Annual % Change": "59.84%"}, "1994": {"Average Stock Price": "40.2252", "Year Open": "30.3125", "Year High": "49.0625", "Year Low": "29.6875", "Year Close": "45.5625", "Annual % Change": "44.36%"}, "1993": {"Average Stock Price": "21.4748", "Year Open": "32.5000", "Year High": "32.5000", "Year Low": "15.3125", "Year Close": "31.5625", "Annual % Change": "-4.28%"}, "1992": {"Average Stock Price": "29.5391", "Year Open": "43.2875", "Year High": "46.4125", "Year Low": "19.8500", "Year Close": "32.9750", "Annual % Change": "-24.99%"}, "1991": {"Average Stock Price": "28.4696", "Year Open": "20.2083", "Year High": "43.9583", "Year Low": "18.4417", "Year Close": "43.9583", "Annual % Change": "111.00%"}, "1990": {"Average Stock Price": "16.7065", "Year Open": "14.6917", "Year High": "21.2500", "Year Low": "11.7667", "Year Close": "20.8333", "Annual % Change": "44.93%"}}}, "market cap": {"value": "$8.18B"}, "income statement": {"Revenue": {"2020-12-31": "4644.40000", "2019-12-31": "4605.00000", "2018-12-31": "4277.30000", "2017-12-31": "3913.90000", "2016-12-31": "3642.60000", "2015-12-31": "3115.70000", "2014-12-31": "2374.30000", "2013-12-31": "2247.20000", "2012-12-31": "2134.90000", "2011-12-31": "2005.90000", "2010-12-31": "1861.20000", "2009-12-31": "1784.90000", "2008-12-31": "1829.50000", "2007-12-31": "1723.50000", "2006-12-31": "1695.50000", "2005-12-31": "1750.90000"}, "Cost Of Goods Sold": {"2020-12-31": "", "2019-12-31": "", "2018-12-31": "", "2017-12-31": "", "2016-12-31": "", "2015-12-31": "", "2014-12-31": "", "2013-12-31": "", "2012-12-31": "", "2011-12-31": "", "2010-12-31": "", "2009-12-31": "", "2008-12-31": "", "2007-12-31": "", "2006-12-31": "", "2005-12-31": ""}, "Gross Profit": {"2020-12-31": "4644.40000", "2019-12-31": "4605.00000", "2018-12-31": "4277.30000", "2017-12-31": "3913.90000", "2016-12-31": "3642.60000", "2015-12-31": "3115.70000", "2014-12-31": "2374.30000", "2013-12-31": "2247.20000", "2012-12-31": "2134.90000", "2011-12-31": "2005.90000", "2010-12-31": "1861.20000", "2009-12-31": "1784.90000", "2008-12-31": "1829.50000", "2007-12-31": "1723.50000", "2006-12-31": "1695.50000", "2005-12-31": "1750.90000"}, "Research And Development Expenses": {"2020-12-31": "", "2019-12-31": "", "2018-12-31": "", "2017-12-31": "", "2016-12-31": "", "2015-12-31": "", "2014-12-31": "", "2013-12-31": "", "2012-12-31": "", "2011-12-31": "", "2010-12-31": "", "2009-12-31": "", "2008-12-31": "", "2007-12-31": "", "2006-12-31": "", "2005-12-31": ""}, "SG&A Expenses": {"2020-12-31": "3038.00000", "2019-12-31": "2987.90000", "2018-12-31": "2732.90000", "2017-12-31": "2475.60000", "2016-12-31": "2259.30000", "2015-12-31": "1932.80000", "2014-12-31": "1398.40000", "2013-12-31": "1323.70000", "2012-12-31": "1286.60000", "2011-12-31": "1195.30000", "2010-12-31": "1127.30000", "2009-12-31": "1097.50000", "2008-12-31": "1186.30000", "2007-12-31": "1136.60000", "2006-12-31": "1060.30000", "2005-12-31": "1086.20000"}, "Other Operating Income Or Expenses": {"2020-12-31": "-718.40000", "2019-12-31": "-713.60000", "2018-12-31": "-715.10000", "2017-12-31": "-615.80000", "2016-12-31": "-561.90000", "2015-12-31": "-518.90000", "2014-12-31": "-414.00000", "2013-12-31": "-346.50000", "2012-12-31": "-348.90000", "2011-12-31": "-345.40000", "2010-12-31": "-334.10000", "2009-12-31": "-359.00000", "2008-12-31": "-152.80000", "2007-12-31": "-322.80000", "2006-12-31": "-441.30000", "2005-12-31": "-648.10000"}, "Operating Expenses": {"2020-12-31": "3999.40000", "2019-12-31": "3920.20000", "2018-12-31": "3647.70000", "2017-12-31": "3275.20000", "2016-12-31": "2993.80000", "2015-12-31": "2591.40000", "2014-12-31": "1920.10000", "2013-12-31": "1764.90000", "2012-12-31": "1718.00000", "2011-12-31": "1619.50000", "2010-12-31": "1534.50000", "2009-12-31": "1524.10000", "2008-12-31": "1421.50000", "2007-12-31": "1534.20000", "2006-12-31": "1586.30000", "2005-12-31": "1823.90000"}, "Operating Income": {"2020-12-31": "645.00000", "2019-12-31": "684.80030", "2018-12-31": "629.60010", "2017-12-31": "638.69970", "2016-12-31": "648.79980", "2015-12-31": "524.30000", "2014-12-31": "454.20020", "2013-12-31": "482.30000", "2012-12-31": "416.89990", "2011-12-31": "386.39990", "2010-12-31": "326.70000", "2009-12-31": "260.80000", "2008-12-31": "407.99990", "2007-12-31": "189.29990", "2006-12-31": "109.20020", "2005-12-31": "-72.99990"}, "Total Non-Operating Income/Expense": {"2020-12-31": "-172.40000", "2019-12-31": "-122.50000", "2018-12-31": "-136.40000", "2017-12-31": "-142.30000", "2016-12-31": "-166.80000", "2015-12-31": "-128.70000", "2014-12-31": "-67.30000", "2013-12-31": "-87.10000", "2012-12-31": "-76.90000", "2011-12-31": "-143.50000", "2010-12-31": "-136.80000", "2009-12-31": "-153.30000", "2008-12-31": "-212.50000", "2007-12-31": "-283.20000", "2006-12-31": "-625.40000", "2005-12-31": "-294.00000"}, "Pre-Tax Income": {"2020-12-31": "472.60000", "2019-12-31": "562.30000", "2018-12-31": "493.20000", "2017-12-31": "496.40000", "2016-12-31": "482.00000", "2015-12-31": "395.60000", "2014-12-31": "386.90000", "2013-12-31": "395.20000", "2012-12-31": "340.00000", "2011-12-31": "242.90000", "2010-12-31": "189.90000", "2009-12-31": "107.50000", "2008-12-31": "195.50000", "2007-12-31": "-93.90000", "2006-12-31": "-516.20000", "2005-12-31": "-367.00000"}, "Income Taxes": {"2020-12-31": "103.80000", "2019-12-31": "115.90000", "2018-12-31": "118.90000", "2017-12-31": "145.80000", "2016-12-31": "163.90000", "2015-12-31": "141.90000", "2014-12-31": "110.70000", "2013-12-31": "12.70000", "2012-12-31": "108.60000", "2011-12-31": "37.10000", "2010-12-31": "-740.80000", "2009-12-31": "-2.90000", "2008-12-31": "-70.10000", "2007-12-31": "-322.40000", "2006-12-31": "22.40000", "2005-12-31": "19.60000"}, "Income After Taxes": {"2020-12-31": "368.80000", "2019-12-31": "446.40000", "2018-12-31": "374.30000", "2017-12-31": "350.60000", "2016-12-31": "318.10000", "2015-12-31": "253.70000", "2014-12-31": "276.20000", "2013-12-31": "382.50000", "2012-12-31": "231.40000", "2011-12-31": "205.80000", "2010-12-31": "930.70000", "2009-12-31": "110.40000", "2008-12-31": "265.60000", "2007-12-31": "228.50000", "2006-12-31": "-538.60000", "2005-12-31": "-386.60000"}, "Other Income": {"2020-12-31": "", "2019-12-31": "", "2018-12-31": "", "2017-12-31": "", "2016-12-31": "", "2015-12-31": "", "2014-12-31": "", "2013-12-31": "", "2012-12-31": "", "2011-12-31": "", "2010-12-31": "", "2009-12-31": "", "2008-12-31": "", "2007-12-31": "", "2006-12-31": "", "2005-12-31": ""}, "Income From Continuous Operations": {"2020-12-31": "368.80000", "2019-12-31": "446.40000", "2018-12-31": "374.30000", "2017-12-31": "350.60000", "2016-12-31": "318.10000", "2015-12-31": "253.70000", "2014-12-31": "276.20000", "2013-12-31": "382.50000", "2012-12-31": "231.40000", "2011-12-31": "205.80000", "2010-12-31": "930.70000", "2009-12-31": "110.40000", "2008-12-31": "265.60000", "2007-12-31": "163.20000", "2006-12-31": "-538.60000", "2005-12-31": "-386.60000"}, "Income From Discontinued Operations": {"2020-12-31": "", "2019-12-31": "-0.60000", "2018-12-31": "1.10000", "2017-12-31": "-0.40000", "2016-12-31": "", "2015-12-31": "-0.90000", "2014-12-31": "5.50000", "2013-12-31": "-1.10000", "2012-12-31": "4.50000", "2011-12-31": "48.80000", "2010-12-31": "9.10000", "2009-12-31": "18.40000", "2008-12-31": "16.20000", "2007-12-31": "490.20000", "2006-12-31": "-86.40000", "2005-12-31": "-59.40000"}, "Net Income": {"2020-12-31": "284.20000", "2019-12-31": "358.70000", "2018-12-31": "292.30000", "2017-12-31": "271.10000", "2016-12-31": "247.60000", "2015-12-31": "181.50000", "2014-12-31": "215.70000", "2013-12-31": "231.00000", "2012-12-31": "160.30000", "2011-12-31": "182.70000", "2010-12-31": "873.00000", "2009-12-31": "68.80000", "2008-12-31": "226.40000", "2007-12-31": "627.40000", "2006-12-31": "-647.20000", "2005-12-31": "-446.00000"}, "EBITDA": {"2020-12-31": "895.20000", "2019-12-31": "908.00030", "2018-12-31": "833.30010", "2017-12-31": "831.19970", "2016-12-31": "835.19980", "2015-12-31": "678.30000", "2014-12-31": "574.60020", "2013-12-31": "582.00010", "2012-12-31": "503.09990", "2011-12-31": "465.19990", "2010-12-31": "399.80000", "2009-12-31": "335.00010", "2008-12-31": "496.89990", "2007-12-31": "271.89990", "2006-12-31": "215.60020", "2005-12-31": "55.50010"}, "EBIT": {"2020-12-31": "645.00000", "2019-12-31": "684.80030", "2018-12-31": "629.60010", "2017-12-31": "638.69970", "2016-12-31": "648.79980", "2015-12-31": "524.30000", "2014-12-31": "454.20020", "2013-12-31": "482.30000", "2012-12-31": "416.89990", "2011-12-31": "386.39990", "2010-12-31": "326.70000", "2009-12-31": "260.80000", "2008-12-31": "407.99990", "2007-12-31": "189.29990", "2006-12-31": "109.20020", "2005-12-31": "-72.99990"}, "Basic Shares Outstanding": {"2020-12-31": "98.60000", "2019-12-31": "98.00000", "2018-12-31": "97.90000", "2017-12-31": "93.70000", "2016-12-31": "89.10000", "2015-12-31": "89.40000", "2014-12-31": "86.80000", "2013-12-31": "88.10000", "2012-12-31": "94.60000", "2011-12-31": "93.30000", "2010-12-31": "92.80000", "2009-12-31": "88.80000", "2008-12-31": "83.00000", "2007-12-31": "78.70000", "2006-12-31": "79.50000", "2005-12-31": "79.30000"}, "Shares Outstanding": {"2020-12-31": "99.80000", "2019-12-31": "99.40000", "2018-12-31": "99.80000", "2017-12-31": "99.30000", "2016-12-31": "99.50000", "2015-12-31": "101.00000", "2014-12-31": "100.70000", "2013-12-31": "102.10000", "2012-12-31": "108.10000", "2011-12-31": "109.20000", "2010-12-31": "108.50000", "2009-12-31": "103.30000", "2008-12-31": "96.40000", "2007-12-31": "92.00000", "2006-12-31": "90.30000", "2005-12-31": "79.60000"}, "Basic EPS": {"2020-12-31": "2.87000", "2019-12-31": "3.65000", "2018-12-31": "2.98000", "2017-12-31": "2.88000", "2016-12-31": "2.77000", "2015-12-31": "2.02000", "2014-12-31": "2.46000", "2013-12-31": "2.58000", "2012-12-31": "1.67000", "2011-12-31": "1.91000", "2010-12-31": "9.41000", "2009-12-31": "0.77000", "2008-12-31": "2.73000", "2007-12-31": "7.97000", "2006-12-31": "-8.14000", "2005-12-31": "-5.62000"}, "EPS - Earnings Per Share": {"2020-12-31": "2.85000", "2019-12-31": "3.61000", "2018-12-31": "2.93000", "2017-12-31": "2.84000", "2016-12-31": "2.59000", "2015-12-31": "1.91000", "2014-12-31": "2.29000", "2013-12-31": "2.58000", "2012-12-31": "1.67000", "2011-12-31": "1.91000", "2010-12-31": "8.28000", "2009-12-31": "0.77000", "2008-12-31": "2.62000", "2007-12-31": "7.10000", "2006-12-31": "-8.14000", "2005-12-31": "-5.62000"}}, "income statement, quarterly": {"Revenue": {"2020-12-31": "1214.40000", "2020-09-30": "1173.90000", "2020-06-30": "1074.10000", "2020-03-31": "1182.00000", "2019-12-31": "1184.40000", "2019-09-30": "1161.60000", "2019-06-30": "1135.00000", "2019-03-31": "1124.00000", "2018-12-31": "1096.00000", "2018-09-30": "1067.60000", "2018-06-30": "1067.70000", "2018-03-31": "1046.00000", "2017-12-31": "1008.80000", "2017-09-30": "981.60000", "2017-06-30": "966.40000", "2017-03-31": "957.10000", "2016-12-31": "932.00010", "2016-09-30": "912.00000", "2016-06-30": "905.30000", "2016-03-31": "893.30000", "2015-12-31": "865.29980", "2015-09-30": "767.90000", "2015-06-30": "753.50000", "2015-03-31": "729.00000", "2014-12-31": "606.80010", "2014-09-30": "588.70000", "2014-06-30": "595.10000", "2014-03-31": "583.70000", "2013-12-31": "568.49990", "2013-09-30": "556.00000", "2013-06-30": "557.50000", "2013-03-31": "565.20000", "2012-12-31": "545.69990", "2012-09-30": "530.00000", "2012-06-30": "526.90000", "2012-03-31": "532.30000", "2011-12-31": "501.90000", "2011-09-30": "497.70000", "2011-06-30": "505.10000", "2011-03-31": "501.20000", "2010-12-31": "442.09990", "2010-09-30": "460.80000", "2010-06-30": "467.30000", "2010-03-31": "491.00000", "2009-12-31": "360.00000", "2009-09-30": "470.40000", "2009-06-30": "481.60000", "2009-03-31": "472.90000", "2008-12-31": "453.20000", "2008-09-30": "455.50000", "2008-06-30": "456.60000", "2008-03-31": "464.20000", "2007-12-31": "413.39990", "2007-09-30": "428.30000", "2007-06-30": "438.70000", "2007-03-31": "443.10000", "2006-12-31": "730.20000", "2006-09-30": "413.50000", "2006-06-30": "443.50000", "2006-03-31": "441.60000", "2005-12-31": "733.40000", "2005-09-30": "766.30700", "2005-06-30": "818.27700", "2005-03-31": "848.59500"}, "Cost Of Goods Sold": {"2020-12-31": "", "2020-09-30": "", "2020-06-30": "", "2020-03-31": "", "2019-12-31": "", "2019-09-30": "", "2019-06-30": "", "2019-03-31": "", "2018-12-31": "", "2018-09-30": "51.20000", "2018-06-30": "", "2018-03-31": "", "2017-12-31": "", "2017-09-30": "", "2017-06-30": "", "2017-03-31": "", "2016-12-31": "", "2016-09-30": "", "2016-06-30": "", "2016-03-31": "", "2015-12-31": "", "2015-09-30": "", "2015-06-30": "", "2015-03-31": "", "2014-12-31": "", "2014-09-30": "", "2014-06-30": "", "2014-03-31": "", "2013-12-31": "", "2013-09-30": "", "2013-06-30": "", "2013-03-31": "", "2012-12-31": "", "2012-09-30": "", "2012-06-30": "75.00000", "2012-03-31": "", "2011-12-31": "", "2011-09-30": "", "2011-06-30": "", "2011-03-31": "", "2010-12-31": "", "2010-09-30": "", "2010-06-30": "", "2010-03-31": "", "2009-12-31": "", "2009-09-30": "66.70000", "2009-06-30": "", "2009-03-31": "", "2008-12-31": "", "2008-09-30": "", "2008-06-30": "", "2008-03-31": "", "2007-12-31": "", "2007-09-30": "", "2007-06-30": "", "2007-03-31": "", "2006-12-31": "", "2006-09-30": "", "2006-06-30": "", "2006-03-31": "", "2005-12-31": "", "2005-09-30": "", "2005-06-30": "", "2005-03-31": ""}, "Gross Profit": {"2020-12-31": "1214.40000", "2020-09-30": "1173.90000", "2020-06-30": "1074.10000", "2020-03-31": "1182.00000", "2019-12-31": "1184.40000", "2019-09-30": "1161.60000", "2019-06-30": "1135.00000", "2019-03-31": "1124.00000", "2018-12-31": "1096.00000", "2018-09-30": "1016.40000", "2018-06-30": "1067.70000", "2018-03-31": "1046.00000", "2017-12-31": "1008.80000", "2017-09-30": "981.60000", "2017-06-30": "966.40000", "2017-03-31": "957.10000", "2016-12-31": "932.00010", "2016-09-30": "912.00000", "2016-06-30": "905.30000", "2016-03-31": "893.30000", "2015-12-31": "865.29980", "2015-09-30": "767.90000", "2015-06-30": "753.50000", "2015-03-31": "729.00000", "2014-12-31": "606.80010", "2014-09-30": "588.70000", "2014-06-30": "595.10000", "2014-03-31": "583.70000", "2013-12-31": "568.49990", "2013-09-30": "556.00000", "2013-06-30": "557.50000", "2013-03-31": "565.20000", "2012-12-31": "545.69990", "2012-09-30": "530.00000", "2012-06-30": "451.90000", "2012-03-31": "532.30000", "2011-12-31": "501.90000", "2011-09-30": "497.70000", "2011-06-30": "505.10000", "2011-03-31": "501.20000", "2010-12-31": "442.09990", "2010-09-30": "460.80000", "2010-06-30": "467.30000", "2010-03-31": "491.00000", "2009-12-31": "360.00000", "2009-09-30": "403.70000", "2009-06-30": "481.60000", "2009-03-31": "472.90000", "2008-12-31": "453.20000", "2008-09-30": "455.50000", "2008-06-30": "456.60000", "2008-03-31": "464.20000", "2007-12-31": "413.39990", "2007-09-30": "428.30000", "2007-06-30": "438.70000", "2007-03-31": "443.10000", "2006-12-31": "730.20000", "2006-09-30": "413.50000", "2006-06-30": "443.50000", "2006-03-31": "441.60000", "2005-12-31": "733.40000", "2005-09-30": "766.30700", "2005-06-30": "818.27700", "2005-03-31": "848.59500"}, "Research And Development Expenses": {"2020-12-31": "", "2020-09-30": "", "2020-06-30": "", "2020-03-31": "", "2019-12-31": "", "2019-09-30": "", "2019-06-30": "", "2019-03-31": "", "2018-12-31": "", "2018-09-30": "", "2018-06-30": "", "2018-03-31": "", "2017-12-31": "", "2017-09-30": "", "2017-06-30": "", "2017-03-31": "", "2016-12-31": "", "2016-09-30": "", "2016-06-30": "", "2016-03-31": "", "2015-12-31": "", "2015-09-30": "", "2015-06-30": "", "2015-03-31": "", "2014-12-31": "", "2014-09-30": "", "2014-06-30": "", "2014-03-31": "", "2013-12-31": "", "2013-09-30": "", "2013-06-30": "", "2013-03-31": "", "2012-12-31": "", "2012-09-30": "", "2012-06-30": "", "2012-03-31": "", "2011-12-31": "", "2011-09-30": "", "2011-06-30": "", "2011-03-31": "", "2010-12-31": "", "2010-09-30": "", "2010-06-30": "", "2010-03-31": "", "2009-12-31": "", "2009-09-30": "", "2009-06-30": "", "2009-03-31": "", "2008-12-31": "", "2008-09-30": "", "2008-06-30": "", "2008-03-31": "", "2007-12-31": "", "2007-09-30": "", "2007-06-30": "", "2007-03-31": "", "2006-12-31": "", "2006-09-30": "", "2006-06-30": "", "2006-03-31": "", "2005-12-31": "", "2005-09-30": "", "2005-06-30": "", "2005-03-31": ""}, "SG&A Expenses": {"2020-12-31": "775.60000", "2020-09-30": "756.50000", "2020-06-30": "745.50000", "2020-03-31": "760.40000", "2019-12-31": "775.70000", "2019-09-30": "756.20000", "2019-06-30": "741.70000", "2019-03-31": "714.30000", "2018-12-31": "708.49980", "2018-09-30": "680.80000", "2018-06-30": "672.40000", "2018-03-31": "671.20000", "2017-12-31": "636.40000", "2017-09-30": "618.30000", "2017-06-30": "617.30000", "2017-03-31": "603.60000", "2016-12-31": "588.90000", "2016-09-30": "562.50000", "2016-06-30": "554.90000", "2016-03-31": "553.00000", "2015-12-31": "535.10020", "2015-09-30": "478.70000", "2015-06-30": "465.70000", "2015-03-31": "453.30000", "2014-12-31": "360.99990", "2014-09-30": "348.10000", "2014-06-30": "343.30000", "2014-03-31": "346.00000", "2013-12-31": "331.39990", "2013-09-30": "328.00000", "2013-06-30": "331.90000", "2013-03-31": "332.40000", "2012-12-31": "342.40000", "2012-09-30": "315.40000", "2012-06-30": "311.30000", "2012-03-31": "317.50000", "2011-12-31": "307.30000", "2011-09-30": "296.10000", "2011-06-30": "295.20000", "2011-03-31": "296.70000", "2010-12-31": "269.30010", "2010-09-30": "280.70000", "2010-06-30": "277.90000", "2010-03-31": "299.40000", "2009-12-31": "224.10000", "2009-09-30": "291.10000", "2009-06-30": "291.30000", "2009-03-31": "291.00000", "2008-12-31": "320.30000", "2008-09-30": "288.00000", "2008-06-30": "292.30000", "2008-03-31": "285.70000", "2007-12-31": "309.70000", "2007-09-30": "264.30000", "2007-06-30": "275.50000", "2007-03-31": "287.10000", "2006-12-31": "442.00000", "2006-09-30": "267.20000", "2006-06-30": "267.40000", "2006-03-31": "272.90000", "2005-12-31": "434.10000", "2005-09-30": "425.18900", "2005-06-30": "462.92900", "2005-03-31": "462.08400"}, "Other Operating Income Or Expenses": {"2020-12-31": "-183.50000", "2020-09-30": "-183.70000", "2020-06-30": "-168.60000", "2020-03-31": "-182.60000", "2019-12-31": "-195.39990", "2019-09-30": "-178.40000", "2019-06-30": "-170.10000", "2019-03-31": "-169.70000", "2018-12-31": "-223.90000", "2018-09-30": "-162.50000", "2018-06-30": "-168.90000", "2018-03-31": "-159.80000", "2017-12-31": "-167.40000", "2017-09-30": "-155.10000", "2017-06-30": "-147.60000", "2017-03-31": "-145.70000", "2016-12-31": "-137.10000", "2016-09-30": "-143.90000", "2016-06-30": "-143.50000", "2016-03-31": "-137.40000", "2015-12-31": "-159.30000", "2015-09-30": "-119.60000", "2015-06-30": "-116.70000", "2015-03-31": "-123.30000", "2014-12-31": "-121.50000", "2014-09-30": "-99.70000", "2014-06-30": "-97.80000", "2014-03-31": "-95.00000", "2013-12-31": "-92.70000", "2013-09-30": "-72.60000", "2013-06-30": "-90.90000", "2013-03-31": "-90.30000", "2012-12-31": "-151.80000", "2012-09-30": "-89.40000", "2012-06-30": "-17.80000", "2012-03-31": "-89.90000", "2011-12-31": "-76.90000", "2011-09-30": "-91.90000", "2011-06-30": "-90.30000", "2011-03-31": "-86.30000", "2010-12-31": "-69.80000", "2010-09-30": "-86.50000", "2010-06-30": "-92.40000", "2010-03-31": "-85.40000", "2009-12-31": "-126.00000", "2009-09-30": "-28.10000", "2009-06-30": "-134.10000", "2009-03-31": "-70.80000", "2008-12-31": "85.20000", "2008-09-30": "-108.90000", "2008-06-30": "-73.30000", "2008-03-31": "-55.80000", "2007-12-31": "-58.10000", "2007-09-30": "-95.30000", "2007-06-30": "-69.60000", "2007-03-31": "-99.80000", "2006-12-31": "-232.10000", "2006-09-30": "-91.70000", "2006-06-30": "-126.40000", "2006-03-31": "-137.00000", "2005-12-31": "-248.10000", "2005-09-30": "-191.40200", "2005-06-30": "-246.10900", "2005-03-31": "-437.37700"}, "Operating Expenses": {"2020-12-31": "1021.40000", "2020-09-30": "1001.40000", "2020-06-30": "974.80000", "2020-03-31": "1001.80000", "2019-12-31": "1029.50000", "2019-09-30": "989.70000", "2019-06-30": "964.50000", "2019-03-31": "936.50000", "2018-12-31": "985.29970", "2018-09-30": "894.50000", "2018-06-30": "891.00000", "2018-03-31": "876.90000", "2017-12-31": "850.40010", "2017-09-30": "819.60000", "2017-06-30": "810.70000", "2017-03-31": "794.50000", "2016-12-31": "769.80030", "2016-09-30": "749.90000", "2016-06-30": "741.30000", "2016-03-31": "732.80000", "2015-12-31": "735.79990", "2015-09-30": "632.00000", "2015-06-30": "615.10000", "2015-03-31": "608.50000", "2014-12-31": "509.99990", "2014-09-30": "475.20000", "2014-06-30": "467.50000", "2014-03-31": "467.40000", "2013-12-31": "449.29980", "2013-09-30": "424.90000", "2013-06-30": "445.90000", "2013-03-31": "444.80000", "2012-12-31": "440.90010", "2012-09-30": "426.10000", "2012-06-30": "424.10000", "2012-03-31": "426.90000", "2011-12-31": "404.40010", "2011-09-30": "407.50000", "2011-06-30": "405.10000", "2011-03-31": "402.50000", "2010-12-31": "357.70010", "2010-09-30": "385.60000", "2010-06-30": "388.10000", "2010-03-31": "403.10000", "2009-12-31": "298.19990", "2009-09-30": "403.70000", "2009-06-30": "443.00000", "2009-03-31": "379.20000", "2008-12-31": "252.20020", "2008-09-30": "414.80000", "2008-06-30": "383.40000", "2008-03-31": "371.10000", "2007-12-31": "385.10010", "2007-09-30": "379.10000", "2007-06-30": "365.10000", "2007-03-31": "404.90000", "2006-12-31": "709.60000", "2006-09-30": "379.60000", "2006-06-30": "416.30000", "2006-03-31": "430.10000", "2005-12-31": "717.60000", "2005-09-30": "656.84000", "2005-06-30": "749.23710", "2005-03-31": "948.57000"}, "Operating Income": {"2020-12-31": "193.00010", "2020-09-30": "172.50000", "2020-06-30": "99.29990", "2020-03-31": "180.20010", "2019-12-31": "154.90010", "2019-09-30": "171.90000", "2019-06-30": "170.50000", "2019-03-31": "187.50000", "2018-12-31": "110.70010", "2018-09-30": "173.10000", "2018-06-30": "176.70000", "2018-03-31": "169.10000", "2017-12-31": "158.39970", "2017-09-30": "162.00000", "2017-06-30": "155.70010", "2017-03-31": "162.60000", "2016-12-31": "162.19980", "2016-09-30": "162.10000", "2016-06-30": "163.99990", "2016-03-31": "160.49990", "2015-12-31": "129.49990", "2015-09-30": "135.90000", "2015-06-30": "138.40000", "2015-03-31": "120.50000", "2014-12-31": "96.80020", "2014-09-30": "113.50000", "2014-06-30": "127.60000", "2014-03-31": "116.30000", "2013-12-31": "119.20010", "2013-09-30": "131.10000", "2013-06-30": "111.60000", "2013-03-31": "120.40000", "2012-12-31": "104.79980", "2012-09-30": "103.90000", "2012-06-30": "102.80000", "2012-03-31": "105.40000", "2011-12-31": "97.49990", "2011-09-30": "90.20000", "2011-06-30": "100.00000", "2011-03-31": "98.70000", "2010-12-31": "84.39980", "2010-09-30": "75.20000", "2010-06-30": "79.20000", "2010-03-31": "87.90000", "2009-12-31": "61.80010", "2009-09-30": "66.70000", "2009-06-30": "38.60000", "2009-03-31": "93.70000", "2008-12-31": "200.99980", "2008-09-30": "40.70000", "2008-06-30": "73.20000", "2008-03-31": "93.10000", "2007-12-31": "28.29980", "2007-09-30": "49.20000", "2007-06-30": "73.60000", "2007-03-31": "38.20000", "2006-12-31": "20.60000", "2006-09-30": "33.90000", "2006-06-30": "27.20000", "2006-03-31": "11.50000", "2005-12-31": "15.80010", "2005-09-30": "109.46700", "2005-06-30": "69.03990", "2005-03-31": "-99.97500"}, "Total Non-Operating Income/Expense": {"2020-12-31": "-43.30000", "2020-09-30": "-45.50000", "2020-06-30": "-39.30000", "2020-03-31": "-44.30000", "2019-12-31": "-37.40000", "2019-09-30": "-18.10000", "2019-06-30": "-36.00000", "2019-03-31": "-31.00000", "2018-12-31": "-35.10000", "2018-09-30": "-33.50000", "2018-06-30": "-34.40000", "2018-03-31": "-33.40000", "2017-12-31": "-22.50000", "2017-09-30": "-33.70000", "2017-06-30": "-47.90000", "2017-03-31": "-38.20000", "2016-12-31": "-40.70000", "2016-09-30": "-41.80000", "2016-06-30": "-40.30000", "2016-03-31": "-44.00000", "2015-12-31": "-20.90000", "2015-09-30": "-32.50000", "2015-06-30": "-44.40000", "2015-03-31": "-30.90000", "2014-12-31": "-22.70000", "2014-09-30": "-25.70000", "2014-06-30": "3.00000", "2014-03-31": "-21.90000", "2013-12-31": "-24.60000", "2013-09-30": "-22.70000", "2013-06-30": "-19.20000", "2013-03-31": "-20.60000", "2012-12-31": "-22.90000", "2012-09-30": "-15.40000", "2012-06-30": "-19.50000", "2012-03-31": "-19.10000", "2011-12-31": "-14.80000", "2011-09-30": "-38.50000", "2011-06-30": "-58.10000", "2011-03-31": "-32.10000", "2010-12-31": "-41.80000", "2010-09-30": "-36.90000", "2010-06-30": "-26.30000", "2010-03-31": "-31.80000", "2009-12-31": "-45.90000", "2009-09-30": "-34.50000", "2009-06-30": "-36.60000", "2009-03-31": "-36.30000", "2008-12-31": "-68.20000", "2008-09-30": "-47.50000", "2008-06-30": "-16.00000", "2008-03-31": "-80.80000", "2007-12-31": "-60.00000", "2007-09-30": "-80.30000", "2007-06-30": "-79.20000", "2007-03-31": "-63.70000", "2006-12-31": "-81.70000", "2006-09-30": "-89.90000", "2006-06-30": "-53.70000", "2006-03-31": "-430.60000", "2005-12-31": "-92.00000", "2005-09-30": "-98.93400", "2005-06-30": "-114.96400", "2005-03-31": "-129.52900"}, "Pre-Tax Income": {"2020-12-31": "149.70000", "2020-09-30": "127.00000", "2020-06-30": "60.00000", "2020-03-31": "135.90000", "2019-12-31": "117.50000", "2019-09-30": "153.80000", "2019-06-30": "134.50000", "2019-03-31": "156.50000", "2018-12-31": "75.60000", "2018-09-30": "139.60000", "2018-06-30": "142.30000", "2018-03-31": "135.70000", "2017-12-31": "135.90000", "2017-09-30": "128.30000", "2017-06-30": "107.80000", "2017-03-31": "124.40000", "2016-12-31": "121.50000", "2016-09-30": "120.30000", "2016-06-30": "123.70000", "2016-03-31": "116.50000", "2015-12-31": "108.60000", "2015-09-30": "103.40000", "2015-06-30": "94.00000", "2015-03-31": "89.60000", "2014-12-31": "74.10000", "2014-09-30": "87.80000", "2014-06-30": "130.60000", "2014-03-31": "94.40000", "2013-12-31": "94.60000", "2013-09-30": "108.40000", "2013-06-30": "92.40000", "2013-03-31": "99.80000", "2012-12-31": "81.90000", "2012-09-30": "88.50000", "2012-06-30": "83.30000", "2012-03-31": "86.30000", "2011-12-31": "82.70000", "2011-09-30": "51.70000", "2011-06-30": "41.90000", "2011-03-31": "66.60000", "2010-12-31": "42.60000", "2010-09-30": "38.30000", "2010-06-30": "52.90000", "2010-03-31": "56.10000", "2009-12-31": "15.90000", "2009-09-30": "32.20000", "2009-06-30": "2.00000", "2009-03-31": "57.40000", "2008-12-31": "132.80000", "2008-09-30": "-6.80000", "2008-06-30": "57.20000", "2008-03-31": "12.30000", "2007-12-31": "-31.70000", "2007-09-30": "-31.10000", "2007-06-30": "-5.60000", "2007-03-31": "-25.50000", "2006-12-31": "-61.10000", "2006-09-30": "-56.00000", "2006-06-30": "-26.50000", "2006-03-31": "-419.10000", "2005-12-31": "-76.20000", "2005-09-30": "10.53300", "2005-06-30": "-45.92400", "2005-03-31": "-229.50400"}, "Income Taxes": {"2020-12-31": "38.00000", "2020-09-30": "26.90000", "2020-06-30": "11.80000", "2020-03-31": "27.10000", "2019-12-31": "27.30000", "2019-09-30": "34.30000", "2019-06-30": "23.50000", "2019-03-31": "30.80000", "2018-12-31": "29.40000", "2018-09-30": "30.20000", "2018-06-30": "29.30000", "2018-03-31": "30.00000", "2017-12-31": "34.40000", "2017-09-30": "43.10000", "2017-06-30": "28.60000", "2017-03-31": "39.70000", "2016-12-31": "39.70000", "2016-09-30": "42.10000", "2016-06-30": "42.40000", "2016-03-31": "39.70000", "2015-12-31": "43.50000", "2015-09-30": "35.90000", "2015-06-30": "32.20000", "2015-03-31": "30.30000", "2014-12-31": "19.30000", "2014-09-30": "22.10000", "2014-06-30": "36.50000", "2014-03-31": "32.80000", "2013-12-31": "30.50000", "2013-09-30": "35.20000", "2013-06-30": "-86.50000", "2013-03-31": "33.50000", "2012-12-31": "24.50000", "2012-09-30": "28.10000", "2012-06-30": "26.90000", "2012-03-31": "29.10000", "2011-12-31": "15.20000", "2011-09-30": "18.10000", "2011-06-30": "11.20000", "2011-03-31": "-7.40000", "2010-12-31": "-741.60000", "2010-09-30": "-0.40000", "2010-06-30": "-1.30000", "2010-03-31": "2.50000", "2009-12-31": "-2.10000", "2009-09-30": "-1.70000", "2009-06-30": "-0.30000", "2009-03-31": "1.20000", "2008-12-31": "-48.40000", "2008-09-30": "-22.50000", "2008-06-30": "0.70000", "2008-03-31": "0.10000", "2007-12-31": "-34.20000", "2007-09-30": "-281.20000", "2007-06-30": "-10.30000", "2007-03-31": "3.30000", "2006-12-31": "9.40000", "2006-09-30": "2.10000", "2006-06-30": "5.20000", "2006-03-31": "13.70000", "2005-12-31": "7.80000", "2005-09-30": "10.33900", "2005-06-30": "9.54000", "2005-03-31": "10.87800"}, "Income After Taxes": {"2020-12-31": "111.70000", "2020-09-30": "100.10000", "2020-06-30": "48.20000", "2020-03-31": "108.80000", "2019-12-31": "90.20000", "2019-09-30": "119.50000", "2019-06-30": "111.00000", "2019-03-31": "125.70000", "2018-12-31": "46.20000", "2018-09-30": "109.40000", "2018-06-30": "113.00000", "2018-03-31": "105.70000", "2017-12-31": "101.50000", "2017-09-30": "85.20000", "2017-06-30": "79.20000", "2017-03-31": "84.70000", "2016-12-31": "81.80000", "2016-09-30": "78.20000", "2016-06-30": "81.30000", "2016-03-31": "76.80000", "2015-12-31": "65.10000", "2015-09-30": "67.50000", "2015-06-30": "61.80000", "2015-03-31": "59.30000", "2014-12-31": "54.80000", "2014-09-30": "65.70000", "2014-06-30": "94.10000", "2014-03-31": "61.60000", "2013-12-31": "64.10000", "2013-09-30": "73.20000", "2013-06-30": "178.90000", "2013-03-31": "66.30000", "2012-12-31": "57.40000", "2012-09-30": "60.40000", "2012-06-30": "56.40000", "2012-03-31": "57.20000", "2011-12-31": "67.50000", "2011-09-30": "33.60000", "2011-06-30": "30.70000", "2011-03-31": "74.00000", "2010-12-31": "784.20000", "2010-09-30": "38.70000", "2010-06-30": "54.20000", "2010-03-31": "53.60000", "2009-12-31": "18.00000", "2009-09-30": "33.90000", "2009-06-30": "2.30000", "2009-03-31": "56.20000", "2008-12-31": "181.20000", "2008-09-30": "15.70000", "2008-06-30": "56.50000", "2008-03-31": "12.20000", "2007-12-31": "2.50000", "2007-09-30": "250.10000", "2007-06-30": "4.70000", "2007-03-31": "-28.80000", "2006-12-31": "-70.50000", "2006-09-30": "-58.10000", "2006-06-30": "-31.70000", "2006-03-31": "-432.80000", "2005-12-31": "-84.00000", "2005-09-30": "0.19400", "2005-06-30": "-55.46400", "2005-03-31": "-240.38200"}, "Other Income": {"2020-12-31": "", "2020-09-30": "", "2020-06-30": "", "2020-03-31": "", "2019-12-31": "", "2019-09-30": "", "2019-06-30": "", "2019-03-31": "", "2018-12-31": "", "2018-09-30": "", "2018-06-30": "", "2018-03-31": "", "2017-12-31": "", "2017-09-30": "", "2017-06-30": "", "2017-03-31": "", "2016-12-31": "", "2016-09-30": "", "2016-06-30": "", "2016-03-31": "", "2015-12-31": "", "2015-09-30": "", "2015-06-30": "", "2015-03-31": "", "2014-12-31": "", "2014-09-30": "", "2014-06-30": "", "2014-03-31": "", "2013-12-31": "", "2013-09-30": "", "2013-06-30": "", "2013-03-31": "", "2012-12-31": "", "2012-09-30": "", "2012-06-30": "", "2012-03-31": "", "2011-12-31": "", "2011-09-30": "", "2011-06-30": "", "2011-03-31": "", "2010-12-31": "", "2010-09-30": "", "2010-06-30": "", "2010-03-31": "", "2009-12-31": "", "2009-09-30": "", "2009-06-30": "", "2009-03-31": "", "2008-12-31": "", "2008-09-30": "", "2008-06-30": "", "2008-03-31": "", "2007-12-31": "", "2007-09-30": "", "2007-06-30": "", "2007-03-31": "", "2006-12-31": "", "2006-09-30": "", "2006-06-30": "", "2006-03-31": "", "2005-12-31": "", "2005-09-30": "", "2005-06-30": "", "2005-03-31": ""}, "Income From Continuous Operations": {"2020-12-31": "111.70000", "2020-09-30": "100.10000", "2020-06-30": "48.20000", "2020-03-31": "108.80000", "2019-12-31": "90.20000", "2019-09-30": "119.50000", "2019-06-30": "111.00000", "2019-03-31": "125.70000", "2018-12-31": "46.20000", "2018-09-30": "109.40000", "2018-06-30": "113.00000", "2018-03-31": "105.70000", "2017-12-31": "101.50000", "2017-09-30": "85.20000", "2017-06-30": "79.20000", "2017-03-31": "84.70000", "2016-12-31": "81.80000", "2016-09-30": "78.20000", "2016-06-30": "81.30000", "2016-03-31": "76.80000", "2015-12-31": "65.10000", "2015-09-30": "67.50000", "2015-06-30": "61.80000", "2015-03-31": "59.30000", "2014-12-31": "54.80000", "2014-09-30": "65.70000", "2014-06-30": "94.10000", "2014-03-31": "61.60000", "2013-12-31": "64.10000", "2013-09-30": "73.20000", "2013-06-30": "178.90000", "2013-03-31": "66.30000", "2012-12-31": "57.40000", "2012-09-30": "60.40000", "2012-06-30": "56.40000", "2012-03-31": "57.20000", "2011-12-31": "67.50000", "2011-09-30": "33.60000", "2011-06-30": "30.70000", "2011-03-31": "74.00000", "2010-12-31": "784.20000", "2010-09-30": "38.70000", "2010-06-30": "54.20000", "2010-03-31": "53.60000", "2009-12-31": "18.00000", "2009-09-30": "33.90000", "2009-06-30": "2.30000", "2009-03-31": "56.20000", "2008-12-31": "181.20000", "2008-09-30": "15.70000", "2008-06-30": "56.50000", "2008-03-31": "12.20000", "2007-12-31": "-62.80000", "2007-09-30": "250.10000", "2007-06-30": "4.70000", "2007-03-31": "-28.80000", "2006-12-31": "-70.50000", "2006-09-30": "-58.10000", "2006-06-30": "-31.70000", "2006-03-31": "-432.80000", "2005-12-31": "-84.00000", "2005-09-30": "0.19400", "2005-06-30": "-55.46400", "2005-03-31": "-240.38200"}, "Income From Discontinued Operations": {"2020-12-31": "", "2020-09-30": "", "2020-06-30": "0.10000", "2020-03-31": "-0.10000", "2019-12-31": "", "2019-09-30": "", "2019-06-30": "-0.10000", "2019-03-31": "-0.50000", "2018-12-31": "1.50000", "2018-09-30": "-0.10000", "2018-06-30": "0.20000", "2018-03-31": "-0.50000", "2017-12-31": "-0.20000", "2017-09-30": "-0.10000", "2017-06-30": "0.20000", "2017-03-31": "-0.30000", "2016-12-31": "", "2016-09-30": "-0.10000", "2016-06-30": "-0.10000", "2016-03-31": "-0.10000", "2015-12-31": "0.70000", "2015-09-30": "0.30000", "2015-06-30": "-1.60000", "2015-03-31": "-0.30000", "2014-12-31": "2.70000", "2014-09-30": "-0.90000", "2014-06-30": "3.80000", "2014-03-31": "-0.10000", "2013-12-31": "0.10000", "2013-09-30": "-0.90000", "2013-06-30": "0.10000", "2013-03-31": "-0.40000", "2012-12-31": "1.90000", "2012-09-30": "-0.50000", "2012-06-30": "3.50000", "2012-03-31": "-0.40000", "2011-12-31": "-5.00000", "2011-09-30": "34.70000", "2011-06-30": "1.60000", "2011-03-31": "17.50000", "2010-12-31": "5.70000", "2010-09-30": "3.20000", "2010-06-30": "3.30000", "2010-03-31": "-3.10000", "2009-12-31": "28.90000", "2009-09-30": "-9.10000", "2009-06-30": "1.30000", "2009-03-31": "-2.70000", "2008-12-31": "9.00000", "2008-09-30": "-2.90000", "2008-06-30": "-4.10000", "2008-03-31": "14.20000", "2007-12-31": "16.90000", "2007-09-30": "37.50000", "2007-06-30": "463.60000", "2007-03-31": "-27.80000", "2006-12-31": "-0.90000", "2006-09-30": "-18.00000", "2006-06-30": "-10.70000", "2006-03-31": "-2.30000", "2005-12-31": "-29.90000", "2005-09-30": "-11.73500", "2005-06-30": "-6.94900", "2005-03-31": "-17.82200"}, "Net Income": {"2020-12-31": "86.00000", "2020-09-30": "77.40000", "2020-06-30": "33.50000", "2020-03-31": "87.00000", "2019-12-31": "68.00000", "2019-09-30": "97.20000", "2019-06-30": "91.20000", "2019-03-31": "102.30000", "2018-12-31": "28.40000", "2018-09-30": "88.60000", "2018-06-30": "91.50000", "2018-03-31": "83.80000", "2017-12-31": "75.40000", "2017-09-30": "65.90000", "2017-06-30": "63.00000", "2017-03-31": "66.80000", "2016-12-31": "65.30000", "2016-09-30": "61.70000", "2016-06-30": "62.60000", "2016-03-31": "58.00000", "2015-12-31": "47.00000", "2015-09-30": "50.70000", "2015-06-30": "42.90000", "2015-03-31": "40.90000", "2014-12-31": "40.50000", "2014-09-30": "48.50000", "2014-06-30": "81.60000", "2014-03-31": "45.10000", "2013-12-31": "-26.50000", "2013-09-30": "52.50000", "2013-06-30": "159.40000", "2013-03-31": "45.60000", "2012-12-31": "41.80000", "2012-09-30": "40.80000", "2012-06-30": "40.40000", "2012-03-31": "37.30000", "2011-12-31": "43.50000", "2011-09-30": "50.50000", "2011-06-30": "15.40000", "2011-03-31": "73.30000", "2010-12-31": "772.70000", "2010-09-30": "25.30000", "2010-06-30": "40.80000", "2010-03-31": "34.20000", "2009-12-31": "32.10000", "2009-09-30": "10.30000", "2009-06-30": "-12.00000", "2009-03-31": "38.40000", "2008-12-31": "175.40000", "2008-09-30": "0.10000", "2008-06-30": "37.60000", "2008-03-31": "13.30000", "2007-12-31": "-52.40000", "2007-09-30": "281.10000", "2007-06-30": "461.80000", "2007-03-31": "-63.10000", "2006-12-31": "-77.90000", "2006-09-30": "-82.60000", "2006-06-30": "-51.60000", "2006-03-31": "-435.10000", "2005-12-31": "-113.90000", "2005-09-30": "-11.54100", "2005-06-30": "-62.41300", "2005-03-31": "-258.20400"}, "EBITDA": {"2020-12-31": "", "2020-09-30": "233.70000", "2020-06-30": "159.99990", "2020-03-31": "239.00010", "2019-12-31": "217.80010", "2019-09-30": "227.00000", "2019-06-30": "223.20000", "2019-03-31": "240.00000", "2018-12-31": "167.60010", "2018-09-30": "224.30000", "2018-06-30": "226.39990", "2018-03-31": "215.00000", "2017-12-31": "213.69970", "2017-09-30": "208.20000", "2017-06-30": "201.50010", "2017-03-31": "207.80000", "2016-12-31": "219.79980", "2016-09-30": "205.60000", "2016-06-30": "206.89990", "2016-03-31": "202.89990", "2015-12-31": "185.19990", "2015-09-30": "169.60000", "2015-06-30": "171.10000", "2015-03-31": "152.40000", "2014-12-31": "137.00020", "2014-09-30": "140.90000", "2014-06-30": "154.00000", "2014-03-31": "142.70000", "2013-12-31": "149.40010", "2013-09-30": "155.40000", "2013-06-30": "134.70000", "2013-03-31": "142.50000", "2012-12-31": "130.19980", "2012-09-30": "125.20000", "2012-06-30": "122.80000", "2012-03-31": "124.90000", "2011-12-31": "114.39990", "2011-09-30": "113.00000", "2011-06-30": "119.60000", "2011-03-31": "118.20000", "2010-12-31": "98.69980", "2010-09-30": "98.70000", "2010-06-30": "96.20000", "2010-03-31": "106.20000", "2009-12-31": "78.40010", "2009-09-30": "89.30000", "2009-06-30": "56.20000", "2009-03-31": "111.10000", "2008-12-31": "219.69980", "2008-09-30": "60.20000", "2008-06-30": "94.30000", "2008-03-31": "122.70000", "2007-12-31": "28.29980", "2007-09-30": "49.20000", "2007-06-30": "73.60000", "2007-03-31": "38.20000", "2006-12-31": "20.60000", "2006-09-30": "33.90000", "2006-06-30": "27.20000", "2006-03-31": "11.50000", "2005-12-31": "15.80010", "2005-09-30": "109.46700", "2005-06-30": "69.03990", "2005-03-31": "-99.97500"}, "EBIT": {"2020-12-31": "193.00010", "2020-09-30": "172.50000", "2020-06-30": "99.29990", "2020-03-31": "180.20010", "2019-12-31": "154.90030", "2019-09-30": "171.90000", "2019-06-30": "170.50000", "2019-03-31": "187.50000", "2018-12-31": "110.70020", "2018-09-30": "173.10000", "2018-06-30": "176.70000", "2018-03-31": "169.10000", "2017-12-31": "158.39970", "2017-09-30": "162.00000", "2017-06-30": "155.70010", "2017-03-31": "162.60000", "2016-12-31": "162.20000", "2016-09-30": "162.10000", "2016-06-30": "163.99990", "2016-03-31": "160.49990", "2015-12-31": "129.50000", "2015-09-30": "135.90000", "2015-06-30": "138.40000", "2015-03-31": "120.50000", "2014-12-31": "96.80020", "2014-09-30": "113.50000", "2014-06-30": "127.60000", "2014-03-31": "116.30000", "2013-12-31": "119.20000", "2013-09-30": "131.10000", "2013-06-30": "111.60000", "2013-03-31": "120.40000", "2012-12-31": "104.79980", "2012-09-30": "103.90000", "2012-06-30": "102.80000", "2012-03-31": "105.40000", "2011-12-31": "97.49990", "2011-09-30": "90.20000", "2011-06-30": "100.00000", "2011-03-31": "98.70000", "2010-12-31": "84.39990", "2010-09-30": "75.20000", "2010-06-30": "79.20000", "2010-03-31": "87.90000", "2009-12-31": "61.80010", "2009-09-30": "66.70000", "2009-06-30": "38.60000", "2009-03-31": "93.70000", "2008-12-31": "200.99980", "2008-09-30": "40.70000", "2008-06-30": "73.20000", "2008-03-31": "93.10000", "2007-12-31": "28.29990", "2007-09-30": "49.20000", "2007-06-30": "73.60000", "2007-03-31": "38.20000", "2006-12-31": "20.60000", "2006-09-30": "33.90000", "2006-06-30": "27.20000", "2006-03-31": "11.50000", "2005-12-31": "15.80010", "2005-09-30": "109.46700", "2005-06-30": "69.03990", "2005-03-31": "-99.97500"}, "Basic Shares Outstanding": {"2020-12-31": "98.70000", "2020-09-30": "98.70000", "2020-06-30": "98.70000", "2020-03-31": "98.20000", "2019-12-31": "98.00000", "2019-09-30": "97.80000", "2019-06-30": "98.00000", "2019-03-31": "98.40000", "2018-12-31": "97.90000", "2018-09-30": "98.00000", "2018-06-30": "97.90000", "2018-03-31": "97.80000", "2017-12-31": "93.70000", "2017-09-30": "97.80000", "2017-06-30": "90.30000", "2017-03-31": "88.80000", "2016-12-31": "89.10000", "2016-09-30": "89.10000", "2016-06-30": "89.30000", "2016-03-31": "89.50000", "2015-12-31": "89.40000", "2015-09-30": "90.60000", "2015-06-30": "89.80000", "2015-03-31": "87.10000", "2014-12-31": "86.80000", "2014-09-30": "86.50000", "2014-06-30": "86.70000", "2014-03-31": "87.30000", "2013-12-31": "88.10000", "2013-09-30": "86.20000", "2013-06-30": "86.10000", "2013-03-31": "94.00000", "2012-12-31": "94.60000", "2012-09-30": "94.70000", "2012-06-30": "94.60000", "2012-03-31": "94.50000", "2011-12-31": "93.30000", "2011-09-30": "93.30000", "2011-06-30": "93.30000", "2011-03-31": "93.10000", "2010-12-31": "92.80000", "2010-09-30": "92.80000", "2010-06-30": "92.80000", "2010-03-31": "92.70000", "2009-12-31": "88.80000", "2009-09-30": "87.60000", "2009-06-30": "87.60000", "2009-03-31": "87.50000", "2008-12-31": "83.00000", "2008-09-30": "87.40000", "2008-06-30": "79.50000", "2008-03-31": "78.90000", "2007-12-31": "78.70000", "2007-09-30": "78.50000", "2007-06-30": "78.70000", "2007-03-31": "78.70000", "2006-12-31": "79.20000", "2006-09-30": "79.60000", "2006-06-30": "79.60000", "2006-03-31": "79.50000", "2005-12-31": "79.40000", "2005-09-30": "79.41900", "2005-06-30": "79.40940", "2005-03-31": "79.30440"}, "Shares Outstanding": {"2020-12-31": "100.10000", "2020-09-30": "99.90000", "2020-06-30": "99.90000", "2020-03-31": "99.60000", "2019-12-31": "99.40000", "2019-09-30": "99.40000", "2019-06-30": "99.30000", "2019-03-31": "99.70000", "2018-12-31": "99.80000", "2018-09-30": "100.00000", "2018-06-30": "99.60000", "2018-03-31": "99.40000", "2017-12-31": "99.30000", "2017-09-30": "99.00000", "2017-06-30": "98.90000", "2017-03-31": "99.00000", "2016-12-31": "99.50000", "2016-09-30": "99.40000", "2016-06-30": "99.40000", "2016-03-31": "99.40000", "2015-12-31": "101.00000", "2015-09-30": "101.50000", "2015-06-30": "101.50000", "2015-03-31": "101.10000", "2014-12-31": "100.70000", "2014-09-30": "100.50000", "2014-06-30": "100.60000", "2014-03-31": "100.90000", "2013-12-31": "102.10000", "2013-09-30": "100.40000", "2013-06-30": "99.80000", "2013-03-31": "107.10000", "2012-12-31": "108.10000", "2012-09-30": "108.10000", "2012-06-30": "108.00000", "2012-03-31": "108.70000", "2011-12-31": "109.20000", "2011-09-30": "109.20000", "2011-06-30": "109.50000", "2011-03-31": "109.00000", "2010-12-31": "108.50000", "2010-09-30": "108.30000", "2010-06-30": "108.20000", "2010-03-31": "108.00000", "2009-12-31": "103.30000", "2009-09-30": "102.20000", "2009-06-30": "101.50000", "2009-03-31": "100.90000", "2008-12-31": "96.40000", "2008-09-30": "101.00000", "2008-06-30": "93.00000", "2008-03-31": "92.30000", "2007-12-31": "92.00000", "2007-09-30": "91.80000", "2007-06-30": "92.10000", "2007-03-31": "92.10000", "2006-12-31": "92.60000", "2006-09-30": "92.90000", "2006-06-30": "92.90000", "2006-03-31": "83.00000", "2005-12-31": "79.50000", "2005-09-30": "79.66200", "2005-06-30": "79.76540", "2005-03-31": "79.78100"}, "Basic EPS": {"2020-12-31": "0.87000", "2020-09-30": "0.78000", "2020-06-30": "0.34000", "2020-03-31": "0.88000", "2019-12-31": "0.69000", "2019-09-30": "0.99000", "2019-06-30": "0.93000", "2019-03-31": "1.04000", "2018-12-31": "0.30000", "2018-09-30": "0.90000", "2018-06-30": "0.93000", "2018-03-31": "0.85000", "2017-12-31": "0.76000", "2017-09-30": "0.67000", "2017-06-30": "0.70000", "2017-03-31": "0.75000", "2016-12-31": "0.73000", "2016-09-30": "0.69000", "2016-06-30": "0.70000", "2016-03-31": "0.65000", "2015-12-31": "0.52000", "2015-09-30": "0.56000", "2015-06-30": "0.47000", "2015-03-31": "0.47000", "2014-12-31": "0.47000", "2014-09-30": "0.55000", "2014-06-30": "0.93000", "2014-03-31": "0.51000", "2013-12-31": "-0.32000", "2013-09-30": "0.60000", "2013-06-30": "1.82000", "2013-03-31": "0.48000", "2012-12-31": "0.42000", "2012-09-30": "0.43000", "2012-06-30": "0.43000", "2012-03-31": "0.39000", "2011-12-31": "0.41000", "2011-09-30": "0.54000", "2011-06-30": "0.17000", "2011-03-31": "0.79000", "2010-12-31": "8.33000", "2010-09-30": "0.27000", "2010-06-30": "0.44000", "2010-03-31": "0.37000", "2009-12-31": "0.35000", "2009-09-30": "0.12000", "2009-06-30": "-0.14000", "2009-03-31": "0.44000", "2008-12-31": "2.09000", "2008-09-30": "0.00000", "2008-06-30": "0.47000", "2008-03-31": "0.17000", "2007-12-31": "-0.68000", "2007-09-30": "3.58000", "2007-06-30": "5.87000", "2007-03-31": "-0.80000", "2006-12-31": "-0.98000", "2006-09-30": "-1.04000", "2006-06-30": "-0.65000", "2006-03-31": "-5.47000", "2005-12-31": "-1.44000", "2005-09-30": "-0.15000", "2005-06-30": "-0.80000", "2005-03-31": "-3.25000"}, "EPS - Earnings Per Share": {"2020-12-31": "0.86000", "2020-09-30": "0.78000", "2020-06-30": "0.34000", "2020-03-31": "0.87000", "2019-12-31": "0.68000", "2019-09-30": "0.98000", "2019-06-30": "0.92000", "2019-03-31": "1.03000", "2018-12-31": "0.28000", "2018-09-30": "0.89000", "2018-06-30": "0.92000", "2018-03-31": "0.84000", "2017-12-31": "0.77000", "2017-09-30": "0.67000", "2017-06-30": "0.70000", "2017-03-31": "0.70000", "2016-12-31": "0.69000", "2016-09-30": "0.64000", "2016-06-30": "0.65000", "2016-03-31": "0.61000", "2015-12-31": "0.50000", "2015-09-30": "0.52000", "2015-06-30": "0.45000", "2015-03-31": "0.44000", "2014-12-31": "0.44000", "2014-09-30": "0.52000", "2014-06-30": "0.85000", "2014-03-31": "0.48000", "2013-12-31": "-0.14000", "2013-09-30": "0.58000", "2013-06-30": "1.66000", "2013-03-31": "0.48000", "2012-12-31": "0.42000", "2012-09-30": "0.43000", "2012-06-30": "0.43000", "2012-03-31": "0.39000", "2011-12-31": "0.47000", "2011-09-30": "0.54000", "2011-06-30": "0.17000", "2011-03-31": "0.73000", "2010-12-31": "7.20000", "2010-09-30": "0.27000", "2010-06-30": "0.44000", "2010-03-31": "0.37000", "2009-12-31": "0.35000", "2009-09-30": "0.12000", "2009-06-30": "-0.14000", "2009-03-31": "0.44000", "2008-12-31": "1.98000", "2008-09-30": "0.00000", "2008-06-30": "0.47000", "2008-03-31": "0.17000", "2007-12-31": "-1.10000", "2007-09-30": "3.13000", "2007-06-30": "5.87000", "2007-03-31": "-0.80000", "2006-12-31": "-0.98000", "2006-09-30": "-1.04000", "2006-06-30": "-0.65000", "2006-03-31": "-5.47000", "2005-12-31": "-1.44000", "2005-09-30": "-0.15000", "2005-06-30": "-0.80000", "2005-03-31": "-3.25000"}}, "balance sheet": {"Cash On Hand": {"2020-12-31": "289.40000", "2019-12-31": "152.20000", "2018-12-31": "128.20000", "2017-12-31": "116.80000", "2016-12-31": "101.40000", "2015-12-31": "107.50000", "2014-12-31": "112.30000", "2013-12-31": "116.90000", "2012-12-31": "182.10000", "2011-12-31": "65.40000", "2010-12-31": "103.00000", "2009-12-31": "151.40000", "2008-12-31": "206.40000", "2007-12-31": "112.30000", "2006-12-31": "124.90000", "2005-12-31": "349.70000"}, "Receivables": {"2020-12-31": "572.80000", "2019-12-31": "506.10000", "2018-12-31": "467.70000", "2017-12-31": "472.10000", "2016-12-31": "443.80000", "2015-12-31": "410.50000", "2014-12-31": "323.20000", "2013-12-31": "261.80000", "2012-12-31": "249.30000", "2011-12-31": "222.80000", "2010-12-31": "206.70000", "2009-12-31": "219.70000", "2008-12-31": "417.70000", "2007-12-31": "447.70000", "2006-12-31": "443.90000", "2005-12-31": "392.00000"}, "Inventory": {"2020-12-31": "", "2019-12-31": "", "2018-12-31": "", "2017-12-31": "", "2016-12-31": "", "2015-12-31": "", "2014-12-31": "", "2013-12-31": "", "2012-12-31": "", "2011-12-31": "", "2010-12-31": "", "2009-12-31": "", "2008-12-31": "", "2007-12-31": "", "2006-12-31": "", "2005-12-31": ""}, "Pre-Paid Expenses": {"2020-12-31": "86.40000", "2019-12-31": "97.50000", "2018-12-31": "66.20000", "2017-12-31": "113.30000", "2016-12-31": "109.30000", "2015-12-31": "80.70000", "2014-12-31": "62.70000", "2013-12-31": "62.70000", "2012-12-31": "67.90000", "2011-12-31": "76.20000", "2010-12-31": "68.40000", "2009-12-31": "54.40000", "2008-12-31": "58.60000", "2007-12-31": "24.90000", "2006-12-31": "35.40000", "2005-12-31": "37.20000"}, "Other Current Assets": {"2020-12-31": "", "2019-12-31": "", "2018-12-31": "", "2017-12-31": "", "2016-12-31": "", "2015-12-31": "", "2014-12-31": "", "2013-12-31": "", "2012-12-31": "", "2011-12-31": "", "2010-12-31": "", "2009-12-31": "", "2008-12-31": "", "2007-12-31": "52.50000", "2006-12-31": "276.10000", "2005-12-31": "62.30000"}, "Total Current Assets": {"2020-12-31": "948.60000", "2019-12-31": "755.80000", "2018-12-31": "662.10000", "2017-12-31": "702.20000", "2016-12-31": "654.50000", "2015-12-31": "598.70000", "2014-12-31": "686.60000", "2013-12-31": "580.40000", "2012-12-31": "636.80000", "2011-12-31": "491.60000", "2010-12-31": "406.20000", "2009-12-31": "426.00000", "2008-12-31": "682.70000", "2007-12-31": "637.40000", "2006-12-31": "880.30000", "2005-12-31": "874.30000"}, "Property, Plant, And Equipment": {"2020-12-31": "2206.60000", "2019-12-31": "1959.30000", "2018-12-31": "1634.80000", "2017-12-31": "1517.10000", "2016-12-31": "1391.80000", "2015-12-31": "1310.10000", "2014-12-31": "1019.70000", "2013-12-31": "910.50000", "2012-12-31": "748.00000", "2011-12-31": "664.40000", "2010-12-31": "632.90000", "2009-12-31": "664.80000", "2008-12-31": "662.10000", "2007-12-31": "729.60000", "2006-12-31": "810.50000", "2005-12-31": "1179.30000"}, "Long-Term Investments": {"2020-12-31": "", "2019-12-31": "", "2018-12-31": "", "2017-12-31": "", "2016-12-31": "", "2015-12-31": "", "2014-12-31": "", "2013-12-31": "", "2012-12-31": "", "2011-12-31": "", "2010-12-31": "30.70000", "2009-12-31": "29.30000", "2008-12-31": "36.70000", "2007-12-31": "42.70000", "2006-12-31": "37.70000", "2005-12-31": "46.40000"}, "Goodwill And Intangible Assets": {"2020-12-31": "2750.00000", "2019-12-31": "2781.50000", "2018-12-31": "2544.20000", "2017-12-31": "2375.70000", "2016-12-31": "2338.50000", "2015-12-31": "2309.50000", "2014-12-31": "1390.10000", "2013-12-31": "545.10000", "2012-12-31": "510.50000", "2011-12-31": "479.40000", "2010-12-31": "478.80000", "2009-12-31": "462.40000", "2008-12-31": "457.10000", "2007-12-31": "432.20000", "2006-12-31": "436.50000", "2005-12-31": "962.90000"}, "Other Long-Term Assets": {"2020-12-31": "295.00000", "2019-12-31": "304.70000", "2018-12-31": "291.00000", "2017-12-31": "235.10000", "2016-12-31": "221.30000", "2015-12-31": "197.00000", "2014-12-31": "162.50000", "2013-12-31": "144.10000", "2012-12-31": "135.40000", "2011-12-31": "128.30000", "2010-12-31": "144.20000", "2009-12-31": "99.00000", "2008-12-31": "103.70000", "2007-12-31": "156.20000", "2006-12-31": "977.00000", "2005-12-31": "218.70000"}, "Total Long-Term Assets": {"2020-12-31": "5497.30000", "2019-12-31": "5324.90000", "2018-12-31": "4512.90000", "2017-12-31": "4162.30000", "2016-12-31": "4027.40000", "2015-12-31": "4007.40000", "2014-12-31": "2701.70000", "2013-12-31": "1954.00000", "2012-12-31": "1787.40000", "2011-12-31": "1779.60000", "2010-12-31": "1965.90000", "2009-12-31": "1255.50000", "2008-12-31": "1315.50000", "2007-12-31": "1413.20000", "2006-12-31": "2480.50000", "2005-12-31": "2717.90000"}, "Total Assets": {"2020-12-31": "6445.90000", "2019-12-31": "6080.70000", "2018-12-31": "5175.00000", "2017-12-31": "4864.50000", "2016-12-31": "4681.90000", "2015-12-31": "4606.10000", "2014-12-31": "3388.30000", "2013-12-31": "2534.40000", "2012-12-31": "2424.20000", "2011-12-31": "2271.20000", "2010-12-31": "2372.10000", "2009-12-31": "1681.50000", "2008-12-31": "1998.20000", "2007-12-31": "2050.60000", "2006-12-31": "3360.80000", "2005-12-31": "3592.20000"}, "Total Current Liabilities": {"2020-12-31": "717.30000", "2019-12-31": "721.00000", "2018-12-31": "672.50000", "2017-12-31": "517.50000", "2016-12-31": "475.60000", "2015-12-31": "426.40000", "2014-12-31": "364.30000", "2013-12-31": "311.60000", "2012-12-31": "300.90000", "2011-12-31": "313.20000", "2010-12-31": "359.30000", "2009-12-31": "391.20000", "2008-12-31": "746.20000", "2007-12-31": "970.50000", "2006-12-31": "1261.60000", "2005-12-31": "1109.80000"}, "Long Term Debt": {"2020-12-31": "3250.60000", "2019-12-31": "3023.30000", "2018-12-31": "2478.60000", "2017-12-31": "2545.40000", "2016-12-31": "2979.30000", "2015-12-31": "3134.70000", "2014-12-31": "2090.40000", "2013-12-31": "1505.20000", "2012-12-31": "1239.90000", "2011-12-31": "1235.80000", "2010-12-31": "1496.80000", "2009-12-31": "1641.00000", "2008-12-31": "1789.60000", "2007-12-31": "1974.40000", "2006-12-31": "3343.10000", "2005-12-31": "3368.10000"}, "Other Non-Current Liabilities": {"2020-12-31": "215.00000", "2019-12-31": "159.90000", "2018-12-31": "205.20000", "2017-12-31": "185.30000", "2016-12-31": "160.00000", "2015-12-31": "144.60000", "2014-12-31": "136.20000", "2013-12-31": "142.20000", "2012-12-31": "130.50000", "2011-12-31": "133.20000", "2010-12-31": "130.80000", "2009-12-31": "159.50000", "2008-12-31": "162.20000", "2007-12-31": "145.80000", "2006-12-31": "202.20000", "2005-12-31": "326.20000"}, "Total Long Term Liabilities": {"2020-12-31": "3758.60000", "2019-12-31": "3666.60000", "2018-12-31": "2945.50000", "2017-12-31": "2951.60000", "2016-12-31": "3277.60000", "2015-12-31": "3400.40000", "2014-12-31": "2404.50000", "2013-12-31": "1754.10000", "2012-12-31": "1719.80000", "2011-12-31": "1756.40000", "2010-12-31": "2015.00000", "2009-12-31": "2187.90000", "2008-12-31": "2339.20000", "2007-12-31": "2634.60000", "2006-12-31": "4283.80000", "2005-12-31": "4023.10000"}, "Total Liabilities": {"2020-12-31": "4475.90000", "2019-12-31": "4387.60000", "2018-12-31": "3618.00000", "2017-12-31": "3469.10000", "2016-12-31": "3753.20000", "2015-12-31": "3826.80000", "2014-12-31": "2768.80000", "2013-12-31": "2065.70000", "2012-12-31": "2020.70000", "2011-12-31": "2069.60000", "2010-12-31": "2374.30000", "2009-12-31": "2579.10000", "2008-12-31": "3085.40000", "2007-12-31": "3605.10000", "2006-12-31": "5545.40000", "2005-12-31": "5132.90000"}, "Common Stock Net": {"2020-12-31": "", "2019-12-31": "1.10000", "2018-12-31": "1.10000", "2017-12-31": "1.10000", "2016-12-31": "1.10000", "2015-12-31": "1.10000", "2014-12-31": "1.00000", "2013-12-31": "1.00000", "2012-12-31": "1.00000", "2011-12-31": "1.00000", "2010-12-31": "1.00000", "2009-12-31": "1.00000", "2008-12-31": "1.00000", "2007-12-31": "0.90000", "2006-12-31": "0.90000", "2005-12-31": "0.90000"}, "Retained Earnings (Accumulated Deficit)": {"2020-12-31": "", "2019-12-31": "-526.50000", "2018-12-31": "-885.20000", "2017-12-31": "-1176.20000", "2016-12-31": "-1448.40000", "2015-12-31": "-1696.00000", "2014-12-31": "-1879.10000", "2013-12-31": "-2101.10000", "2012-12-31": "-2424.70000", "2011-12-31": "-2609.70000", "2010-12-31": "-2818.40000", "2009-12-31": "-3717.40000", "2008-12-31": "-3812.20000", "2007-12-31": "-4064.60000", "2006-12-31": "-4713.80000", "2005-12-31": "-4088.80000"}, "Comprehensive Income": {"2020-12-31": "", "2019-12-31": "", "2018-12-31": "", "2017-12-31": "-1.30000", "2016-12-31": "-1.20000", "2015-12-31": "-1.20000", "2014-12-31": "-0.50000", "2013-12-31": "-0.10000", "2012-12-31": "1.40000", "2011-12-31": "-0.20000", "2010-12-31": "0.50000", "2009-12-31": "0.00000", "2008-12-31": "-3.20000", "2007-12-31": "-0.80000", "2006-12-31": "1.60000", "2005-12-31": "-0.90000"}, "Other Share Holders Equity": {"2020-12-31": "", "2019-12-31": "", "2018-12-31": "", "2017-12-31": "", "2016-12-31": "", "2015-12-31": "", "2014-12-31": "", "2013-12-31": "", "2012-12-31": "", "2011-12-31": "", "2010-12-31": "", "2009-12-31": "", "2008-12-31": "", "2007-12-31": "", "2006-12-31": "-0.10000", "2005-12-31": "-0.20000"}, "Share Holder Equity": {"2020-12-31": "1970.00000", "2019-12-31": "1693.10000", "2018-12-31": "1557.00000", "2017-12-31": "1395.40000", "2016-12-31": "928.70000", "2015-12-31": "779.30000", "2014-12-31": "619.50000", "2013-12-31": "468.70000", "2012-12-31": "403.50000", "2011-12-31": "201.60000", "2010-12-31": "-2.20000", "2009-12-31": "-897.60000", "2008-12-31": "-1087.20000", "2007-12-31": "-1554.50000", "2006-12-31": "-2184.60000", "2005-12-31": "-1540.70000"}, "Total Liabilities And Share Holders Equity": {"2020-12-31": "6445.90000", "2019-12-31": "6080.70000", "2018-12-31": "5175.00000", "2017-12-31": "4864.50000", "2016-12-31": "4681.90000", "2015-12-31": "4606.10000", "2014-12-31": "3388.30000", "2013-12-31": "2534.40000", "2012-12-31": "2424.20000", "2011-12-31": "2271.20000", "2010-12-31": "2372.10000", "2009-12-31": "1681.50000", "2008-12-31": "1998.20000", "2007-12-31": "2050.60000", "2006-12-31": "3360.80000", "2005-12-31": "3592.20000"}}, "balance sheet, quarterly": {"Cash On Hand": {"2020-12-31": "289.40000", "2020-09-30": "507.20000", "2020-06-30": "475.40000", "2020-03-31": "161.60000", "2019-12-31": "152.20000", "2019-09-30": "488.80000", "2019-06-30": "278.50000", "2019-03-31": "115.10000", "2018-12-31": "128.20000", "2018-09-30": "119.00000", "2018-06-30": "124.80000", "2018-03-31": "155.80000", "2017-12-31": "116.80000", "2017-09-30": "67.60000", "2017-06-30": "71.10000", "2017-03-31": "61.20000", "2016-12-31": "101.40000", "2016-09-30": "76.40000", "2016-06-30": "70.30000", "2016-03-31": "73.20000", "2015-12-31": "107.50000", "2015-09-30": "801.60000", "2015-06-30": "45.50000", "2015-03-31": "208.30000", "2014-12-31": "112.30000", "2014-09-30": "272.30000", "2014-06-30": "65.80000", "2014-03-31": "53.10000", "2013-12-31": "116.90000", "2013-09-30": "65.00000", "2013-06-30": "68.70000", "2013-03-31": "80.10000", "2012-12-31": "182.10000", "2012-09-30": "163.20000", "2012-06-30": "41.10000", "2012-03-31": "44.30000", "2011-12-31": "65.40000", "2011-09-30": "47.70000", "2011-06-30": "60.30000", "2011-03-31": "141.00000", "2010-12-31": "103.00000", "2010-09-30": "224.20000", "2010-06-30": "222.30000", "2010-03-31": "193.10000", "2009-12-31": "151.40000", "2009-09-30": "213.10000", "2009-06-30": "142.70000", "2009-03-31": "170.20000", "2008-12-31": "206.40000", "2008-09-30": "126.10000", "2008-06-30": "143.00000", "2008-03-31": "154.20000", "2007-12-31": "112.30000", "2007-09-30": "86.60000", "2007-06-30": "88.70000", "2007-03-31": "96.40000", "2006-12-31": "124.90000", "2006-09-30": "165.29200", "2006-06-30": "215.49900", "2006-03-31": "298.33800", "2005-12-31": "349.70000", "2005-09-30": "", "2005-06-30": "", "2005-03-31": ""}, "Receivables": {"2020-12-31": "572.80000", "2020-09-30": "593.30000", "2020-06-30": "553.20000", "2020-03-31": "543.40000", "2019-12-31": "506.10000", "2019-09-30": "516.90000", "2019-06-30": "496.00000", "2019-03-31": "500.60000", "2018-12-31": "467.70000", "2018-09-30": "458.00000", "2018-06-30": "456.60000", "2018-03-31": "463.10000", "2017-12-31": "472.10000", "2017-09-30": "441.60000", "2017-06-30": "426.50000", "2017-03-31": "438.00000", "2016-12-31": "443.80000", "2016-09-30": "419.20000", "2016-06-30": "420.60000", "2016-03-31": "431.90000", "2015-12-31": "410.50000", "2015-09-30": "350.90000", "2015-06-30": "351.80000", "2015-03-31": "337.90000", "2014-12-31": "323.20000", "2014-09-30": "261.60000", "2014-06-30": "272.30000", "2014-03-31": "272.70000", "2013-12-31": "261.80000", "2013-09-30": "253.40000", "2013-06-30": "273.70000", "2013-03-31": "266.30000", "2012-12-31": "249.30000", "2012-09-30": "247.50000", "2012-06-30": "245.70000", "2012-03-31": "244.00000", "2011-12-31": "222.80000", "2011-09-30": "219.20000", "2011-06-30": "212.80000", "2011-03-31": "240.90000", "2010-12-31": "206.70000", "2010-09-30": "215.20000", "2010-06-30": "224.80000", "2010-03-31": "234.10000", "2009-12-31": "219.70000", "2009-09-30": "216.20000", "2009-06-30": "426.20000", "2009-03-31": "423.20000", "2008-12-31": "417.70000", "2008-09-30": "456.00000", "2008-06-30": "470.90000", "2008-03-31": "470.90000", "2007-12-31": "447.70000", "2007-09-30": "459.70000", "2007-06-30": "445.40000", "2007-03-31": "454.30000", "2006-12-31": "443.90000", "2006-09-30": "414.07400", "2006-06-30": "404.69900", "2006-03-31": "417.93300", "2005-12-31": "392.00000", "2005-09-30": "", "2005-06-30": "", "2005-03-31": ""}, "Inventory": {"2020-12-31": "", "2020-09-30": "", "2020-06-30": "", "2020-03-31": "", "2019-12-31": "", "2019-09-30": "", "2019-06-30": "", "2019-03-31": "", "2018-12-31": "", "2018-09-30": "", "2018-06-30": "", "2018-03-31": "", "2017-12-31": "", "2017-09-30": "", "2017-06-30": "", "2017-03-31": "", "2016-12-31": "", "2016-09-30": "", "2016-06-30": "", "2016-03-31": "", "2015-12-31": "", "2015-09-30": "", "2015-06-30": "", "2015-03-31": "", "2014-12-31": "", "2014-09-30": "", "2014-06-30": "", "2014-03-31": "", "2013-12-31": "", "2013-09-30": "", "2013-06-30": "", "2013-03-31": "", "2012-12-31": "", "2012-09-30": "", "2012-06-30": "", "2012-03-31": "", "2011-12-31": "", "2011-09-30": "", "2011-06-30": "", "2011-03-31": "", "2010-12-31": "", "2010-09-30": "", "2010-06-30": "", "2010-03-31": "", "2009-12-31": "", "2009-09-30": "", "2009-06-30": "", "2009-03-31": "", "2008-12-31": "", "2008-09-30": "", "2008-06-30": "", "2008-03-31": "", "2007-12-31": "", "2007-09-30": "", "2007-06-30": "", "2007-03-31": "", "2006-12-31": "", "2006-09-30": "", "2006-06-30": "", "2006-03-31": "", "2005-12-31": "", "2005-09-30": "", "2005-06-30": "", "2005-03-31": ""}, "Pre-Paid Expenses": {"2020-12-31": "86.40000", "2020-09-30": "", "2020-06-30": "", "2020-03-31": "", "2019-12-31": "", "2019-09-30": "", "2019-06-30": "", "2019-03-31": "", "2018-12-31": "66.20000", "2018-09-30": "", "2018-06-30": "", "2018-03-31": "", "2017-12-31": "113.30000", "2017-09-30": "", "2017-06-30": "", "2017-03-31": "", "2016-12-31": "109.30000", "2016-09-30": "", "2016-06-30": "", "2016-03-31": "", "2015-12-31": "80.70000", "2015-09-30": "", "2015-06-30": "", "2015-03-31": "", "2014-12-31": "62.70000", "2014-09-30": "", "2014-06-30": "", "2014-03-31": "", "2013-12-31": "62.70000", "2013-09-30": "", "2013-06-30": "", "2013-03-31": "", "2012-12-31": "67.90000", "2012-09-30": "", "2012-06-30": "", "2012-03-31": "", "2011-12-31": "76.20000", "2011-09-30": "", "2011-06-30": "", "2011-03-31": "", "2010-12-31": "68.40000", "2010-09-30": "", "2010-06-30": "", "2010-03-31": "", "2009-12-31": "54.40000", "2009-09-30": "", "2009-06-30": "", "2009-03-31": "", "2008-12-31": "58.60000", "2008-09-30": "", "2008-06-30": "", "2008-03-31": "", "2007-12-31": "24.90000", "2007-09-30": "", "2007-06-30": "", "2007-03-31": "", "2006-12-31": "35.40000", "2006-09-30": "", "2006-06-30": "", "2006-03-31": "", "2005-12-31": "37.20000", "2005-09-30": "", "2005-06-30": "", "2005-03-31": ""}, "Other Current Assets": {"2020-12-31": "", "2020-09-30": "73.90000", "2020-06-30": "73.10000", "2020-03-31": "79.50000", "2019-12-31": "97.50000", "2019-09-30": "71.70000", "2019-06-30": "70.40000", "2019-03-31": "67.00000", "2018-12-31": "", "2018-09-30": "61.00000", "2018-06-30": "90.20000", "2018-03-31": "89.60000", "2017-12-31": "", "2017-09-30": "178.20000", "2017-06-30": "195.90000", "2017-03-31": "183.10000", "2016-12-31": "", "2016-09-30": "170.40000", "2016-06-30": "168.60000", "2016-03-31": "127.00000", "2015-12-31": "", "2015-09-30": "124.60000", "2015-06-30": "126.70000", "2015-03-31": "131.40000", "2014-12-31": "", "2014-09-30": "110.20000", "2014-06-30": "103.90000", "2014-03-31": "120.50000", "2013-12-31": "", "2013-09-30": "119.20000", "2013-06-30": "111.60000", "2013-03-31": "113.40000", "2012-12-31": "", "2012-09-30": "138.10000", "2012-06-30": "137.70000", "2012-03-31": "142.80000", "2011-12-31": "", "2011-09-30": "143.50000", "2011-06-30": "155.40000", "2011-03-31": "139.50000", "2010-12-31": "", "2010-09-30": "74.90000", "2010-06-30": "56.80000", "2010-03-31": "56.20000", "2009-12-31": "", "2009-09-30": "55.00000", "2009-06-30": "59.30000", "2009-03-31": "61.10000", "2008-12-31": "", "2008-09-30": "60.10000", "2008-06-30": "64.50000", "2008-03-31": "72.40000", "2007-12-31": "52.50000", "2007-09-30": "122.60000", "2007-06-30": "148.80000", "2007-03-31": "298.50000", "2006-12-31": "276.10000", "2006-09-30": "139.24600", "2006-06-30": "103.66100", "2006-03-31": "125.12200", "2005-12-31": "62.30000", "2005-09-30": "", "2005-06-30": "", "2005-03-31": ""}, "Total Current Assets": {"2020-12-31": "948.60000", "2020-09-30": "1174.40000", "2020-06-30": "1101.70000", "2020-03-31": "784.50000", "2019-12-31": "755.80000", "2019-09-30": "1077.40000", "2019-06-30": "844.90000", "2019-03-31": "682.70000", "2018-12-31": "662.10000", "2018-09-30": "638.00000", "2018-06-30": "671.60000", "2018-03-31": "708.50000", "2017-12-31": "702.20000", "2017-09-30": "687.40000", "2017-06-30": "693.50000", "2017-03-31": "682.30000", "2016-12-31": "654.50000", "2016-09-30": "666.00000", "2016-06-30": "659.50000", "2016-03-31": "632.10000", "2015-12-31": "598.70000", "2015-09-30": "1463.00000", "2015-06-30": "712.40000", "2015-03-31": "866.00000", "2014-12-31": "686.60000", "2014-09-30": "783.00000", "2014-06-30": "580.90000", "2014-03-31": "585.20000", "2013-12-31": "580.40000", "2013-09-30": "575.10000", "2013-06-30": "591.50000", "2013-03-31": "597.30000", "2012-12-31": "636.80000", "2012-09-30": "548.80000", "2012-06-30": "424.50000", "2012-03-31": "431.10000", "2011-12-31": "491.60000", "2011-09-30": "410.40000", "2011-06-30": "428.50000", "2011-03-31": "521.40000", "2010-12-31": "406.20000", "2010-09-30": "514.30000", "2010-06-30": "503.90000", "2010-03-31": "483.40000", "2009-12-31": "426.00000", "2009-09-30": "484.30000", "2009-06-30": "628.20000", "2009-03-31": "654.50000", "2008-12-31": "682.70000", "2008-09-30": "642.20000", "2008-06-30": "678.40000", "2008-03-31": "697.50000", "2007-12-31": "637.40000", "2007-09-30": "668.90000", "2007-06-30": "682.90000", "2007-03-31": "849.20000", "2006-12-31": "880.30000", "2006-09-30": "718.61200", "2006-06-30": "723.85900", "2006-03-31": "841.39300", "2005-12-31": "874.30000", "2005-09-30": "", "2005-06-30": "", "2005-03-31": ""}, "Property, Plant, And Equipment": {"2020-12-31": "2206.60000", "2020-09-30": "2094.90000", "2020-06-30": "2041.40000", "2020-03-31": "2003.30000", "2019-12-31": "1959.30000", "2019-09-30": "1874.80000", "2019-06-30": "1788.10000", "2019-03-31": "1736.20000", "2018-12-31": "1634.80000", "2018-09-30": "1591.00000", "2018-06-30": "1565.80000", "2018-03-31": "1554.30000", "2017-12-31": "1517.10000", "2017-09-30": "1482.30000", "2017-06-30": "1452.10000", "2017-03-31": "1406.10000", "2016-12-31": "1391.80000", "2016-09-30": "1353.10000", "2016-06-30": "1336.90000", "2016-03-31": "1317.70000", "2015-12-31": "1310.10000", "2015-09-30": "1079.10000", "2015-06-30": "1062.80000", "2015-03-31": "1012.30000", "2014-12-31": "1019.70000", "2014-09-30": "994.60000", "2014-06-30": "976.50000", "2014-03-31": "930.70000", "2013-12-31": "910.50000", "2013-09-30": "893.50000", "2013-06-30": "793.30000", "2013-03-31": "764.20000", "2012-12-31": "748.00000", "2012-09-30": "739.30000", "2012-06-30": "718.90000", "2012-03-31": "677.20000", "2011-12-31": "664.40000", "2011-09-30": "648.80000", "2011-06-30": "642.50000", "2011-03-31": "682.50000", "2010-12-31": "632.90000", "2010-09-30": "683.70000", "2010-06-30": "664.50000", "2010-03-31": "662.00000", "2009-12-31": "664.80000", "2009-09-30": "671.50000", "2009-06-30": "671.40000", "2009-03-31": "670.50000", "2008-12-31": "662.10000", "2008-09-30": "676.90000", "2008-06-30": "681.50000", "2008-03-31": "693.90000", "2007-12-31": "729.60000", "2007-09-30": "755.00000", "2007-06-30": "766.00000", "2007-03-31": "792.30000", "2006-12-31": "810.50000", "2006-09-30": "1124.83000", "2006-06-30": "1153.87900", "2006-03-31": "1189.38000", "2005-12-31": "1179.30000", "2005-09-30": "", "2005-06-30": "", "2005-03-31": ""}, "Long-Term Investments": {"2020-12-31": "", "2020-09-30": "", "2020-06-30": "", "2020-03-31": "", "2019-12-31": "", "2019-09-30": "", "2019-06-30": "", "2019-03-31": "", "2018-12-31": "", "2018-09-30": "", "2018-06-30": "", "2018-03-31": "", "2017-12-31": "", "2017-09-30": "", "2017-06-30": "", "2017-03-31": "", "2016-12-31": "", "2016-09-30": "", "2016-06-30": "", "2016-03-31": "", "2015-12-31": "", "2015-09-30": "", "2015-06-30": "", "2015-03-31": "", "2014-12-31": "", "2014-09-30": "", "2014-06-30": "", "2014-03-31": "", "2013-12-31": "", "2013-09-30": "", "2013-06-30": "", "2013-03-31": "", "2012-12-31": "", "2012-09-30": "", "2012-06-30": "", "2012-03-31": "", "2011-12-31": "", "2011-09-30": "", "2011-06-30": "", "2011-03-31": "", "2010-12-31": "30.70000", "2010-09-30": "31.60000", "2010-06-30": "31.00000", "2010-03-31": "33.40000", "2009-12-31": "29.30000", "2009-09-30": "27.60000", "2009-06-30": "27.80000", "2009-03-31": "37.60000", "2008-12-31": "36.70000", "2008-09-30": "42.60000", "2008-06-30": "41.70000", "2008-03-31": "42.70000", "2007-12-31": "42.70000", "2007-09-30": "41.30000", "2007-06-30": "40.10000", "2007-03-31": "39.60000", "2006-12-31": "37.70000", "2006-09-30": "58.60700", "2006-06-30": "55.72100", "2006-03-31": "47.35400", "2005-12-31": "46.40000", "2005-09-30": "", "2005-06-30": "", "2005-03-31": ""}, "Goodwill And Intangible Assets": {"2020-12-31": "2750.00000", "2020-09-30": "2760.60000", "2020-06-30": "2774.50000", "2020-03-31": "2776.80000", "2019-12-31": "2781.50000", "2019-09-30": "2792.00000", "2019-06-30": "2555.20000", "2019-03-31": "2547.00000", "2018-12-31": "2544.20000", "2018-09-30": "2524.30000", "2018-06-30": "2518.10000", "2018-03-31": "2369.20000", "2017-12-31": "2375.70000", "2017-09-30": "2376.80000", "2017-06-30": "2354.40000", "2017-03-31": "2335.80000", "2016-12-31": "2338.50000", "2016-09-30": "2325.70000", "2016-06-30": "2313.90000", "2016-03-31": "2307.70000", "2015-12-31": "2309.50000", "2015-09-30": "1429.70000", "2015-06-30": "1423.00000", "2015-03-31": "1397.60000", "2014-12-31": "1390.10000", "2014-09-30": "591.60000", "2014-06-30": "595.00000", "2014-03-31": "546.50000", "2013-12-31": "545.10000", "2013-09-30": "544.50000", "2013-06-30": "544.00000", "2013-03-31": "526.10000", "2012-12-31": "510.50000", "2012-09-30": "510.90000", "2012-06-30": "490.70000", "2012-03-31": "482.70000", "2011-12-31": "479.40000", "2011-09-30": "463.10000", "2011-06-30": "465.40000", "2011-03-31": "477.80000", "2010-12-31": "478.80000", "2010-09-30": "474.10000", "2010-06-30": "459.20000", "2010-03-31": "452.10000", "2009-12-31": "462.40000", "2009-09-30": "452.40000", "2009-06-30": "453.90000", "2009-03-31": "455.70000", "2008-12-31": "457.10000", "2008-09-30": "458.90000", "2008-06-30": "429.70000", "2008-03-31": "431.10000", "2007-12-31": "432.20000", "2007-09-30": "433.20000", "2007-06-30": "434.40000", "2007-03-31": "435.60000", "2006-12-31": "436.50000", "2006-09-30": "968.15300", "2006-06-30": "964.22800", "2006-03-31": "965.08000", "2005-12-31": "962.90000", "2005-09-30": "", "2005-06-30": "", "2005-03-31": ""}, "Other Long-Term Assets": {"2020-12-31": "295.00000", "2020-09-30": "305.90000", "2020-06-30": "305.30000", "2020-03-31": "303.70000", "2019-12-31": "304.70000", "2019-09-30": "308.80000", "2019-06-30": "296.90000", "2019-03-31": "292.50000", "2018-12-31": "291.00000", "2018-09-30": "296.00000", "2018-06-30": "258.50000", "2018-03-31": "239.10000", "2017-12-31": "235.10000", "2017-09-30": "245.30000", "2017-06-30": "237.90000", "2017-03-31": "244.30000", "2016-12-31": "221.30000", "2016-09-30": "213.90000", "2016-06-30": "206.80000", "2016-03-31": "205.80000", "2015-12-31": "197.00000", "2015-09-30": "222.10000", "2015-06-30": "191.60000", "2015-03-31": "199.70000", "2014-12-31": "162.50000", "2014-09-30": "169.50000", "2014-06-30": "148.00000", "2014-03-31": "151.40000", "2013-12-31": "144.10000", "2013-09-30": "130.80000", "2013-06-30": "138.10000", "2013-03-31": "144.90000", "2012-12-31": "135.40000", "2012-09-30": "130.70000", "2012-06-30": "128.80000", "2012-03-31": "124.80000", "2011-12-31": "128.30000", "2011-09-30": "126.20000", "2011-06-30": "178.30000", "2011-03-31": "125.00000", "2010-12-31": "144.20000", "2010-09-30": "93.20000", "2010-06-30": "97.50000", "2010-03-31": "85.20000", "2009-12-31": "99.00000", "2009-09-30": "110.00000", "2009-06-30": "96.60000", "2009-03-31": "95.10000", "2008-12-31": "103.70000", "2008-09-30": "97.00000", "2008-06-30": "90.60000", "2008-03-31": "98.10000", "2007-12-31": "156.20000", "2007-09-30": "176.80000", "2007-06-30": "270.10000", "2007-03-31": "914.10000", "2006-12-31": "977.00000", "2006-09-30": "414.94200", "2006-06-30": "412.86200", "2006-03-31": "413.75500", "2005-12-31": "218.70000", "2005-09-30": "", "2005-06-30": "", "2005-03-31": ""}, "Total Long-Term Assets": {"2020-12-31": "5497.30000", "2020-09-30": "5436.10000", "2020-06-30": "5400.80000", "2020-03-31": "5353.20000", "2019-12-31": "5324.90000", "2019-09-30": "5309.39900", "2019-06-30": "4967.20000", "2019-03-31": "4901.10000", "2018-12-31": "4512.90000", "2018-09-30": "4493.90000", "2018-06-30": "4417.80000", "2018-03-31": "4231.10000", "2017-12-31": "4162.30000", "2017-09-30": "4196.00000", "2017-06-30": "4146.50000", "2017-03-31": "4021.50000", "2016-12-31": "4027.40000", "2016-09-30": "3965.30000", "2016-06-30": "3973.10000", "2016-03-31": "3976.20000", "2015-12-31": "4007.40000", "2015-09-30": "2786.30000", "2015-06-30": "2757.10000", "2015-03-31": "2711.90000", "2014-12-31": "2701.70000", "2014-09-30": "2011.00000", "2014-06-30": "1995.60000", "2014-03-31": "1953.90000", "2013-12-31": "1954.00000", "2013-09-30": "1981.40000", "2013-06-30": "1920.20000", "2013-03-31": "1795.00000", "2012-12-31": "1787.40000", "2012-09-30": "1907.40000", "2012-06-30": "1891.20000", "2012-03-31": "1864.30000", "2011-12-31": "1779.60000", "2011-09-30": "1860.60000", "2011-06-30": "1948.90000", "2011-03-31": "1959.70000", "2010-12-31": "1965.90000", "2010-09-30": "1282.60000", "2010-06-30": "1252.20000", "2010-03-31": "1232.70000", "2009-12-31": "1255.50000", "2009-09-30": "1270.10000", "2009-06-30": "1260.20000", "2009-03-31": "1267.20000", "2008-12-31": "1315.50000", "2008-09-30": "1338.30000", "2008-06-30": "1286.70000", "2008-03-31": "1314.50000", "2007-12-31": "1413.20000", "2007-09-30": "1860.00000", "2007-06-30": "1719.50000", "2007-03-31": "2388.60000", "2006-12-31": "2480.50000", "2006-09-30": "2566.53200", "2006-06-30": "2586.69000", "2006-03-31": "2615.56900", "2005-12-31": "2717.90000", "2005-09-30": "", "2005-06-30": "", "2005-03-31": ""}, "Total Assets": {"2020-12-31": "6445.90000", "2020-09-30": "6610.50000", "2020-06-30": "6502.50000", "2020-03-31": "6137.70000", "2019-12-31": "6080.70000", "2019-09-30": "6386.80000", "2019-06-30": "5812.10000", "2019-03-31": "5583.80000", "2018-12-31": "5175.00000", "2018-09-30": "5131.90000", "2018-06-30": "5089.40000", "2018-03-31": "4939.60000", "2017-12-31": "4864.50000", "2017-09-30": "4883.40000", "2017-06-30": "4840.00000", "2017-03-31": "4703.80000", "2016-12-31": "4681.90000", "2016-09-30": "4631.30000", "2016-06-30": "4632.60000", "2016-03-31": "4608.30000", "2015-12-31": "4606.10000", "2015-09-30": "4249.30000", "2015-06-30": "3469.50000", "2015-03-31": "3577.90000", "2014-12-31": "3388.30000", "2014-09-30": "2794.00000", "2014-06-30": "2576.50000", "2014-03-31": "2539.10000", "2013-12-31": "2534.40000", "2013-09-30": "2556.50000", "2013-06-30": "2511.70000", "2013-03-31": "2392.30000", "2012-12-31": "2424.20000", "2012-09-30": "2456.20000", "2012-06-30": "2315.70000", "2012-03-31": "2295.40000", "2011-12-31": "2271.20000", "2011-09-30": "2271.00000", "2011-06-30": "2377.40000", "2011-03-31": "2481.10000", "2010-12-31": "2372.10000", "2010-09-30": "1796.90000", "2010-06-30": "1756.10000", "2010-03-31": "1716.10000", "2009-12-31": "1681.50000", "2009-09-30": "1754.40000", "2009-06-30": "1888.40000", "2009-03-31": "1921.70000", "2008-12-31": "1998.20000", "2008-09-30": "1980.50000", "2008-06-30": "1965.10000", "2008-03-31": "2012.00000", "2007-12-31": "2050.60000", "2007-09-30": "2528.90000", "2007-06-30": "2402.40000", "2007-03-31": "3237.80000", "2006-12-31": "3360.80000", "2006-09-30": "3285.14400", "2006-06-30": "3310.54900", "2006-03-31": "3456.96200", "2005-12-31": "3592.20000", "2005-09-30": "0.00000", "2005-06-30": "0.00000", "2005-03-31": "0.00000"}, "Total Current Liabilities": {"2020-12-31": "717.30000", "2020-09-30": "682.50000", "2020-06-30": "664.40000", "2020-03-31": "586.20000", "2019-12-31": "721.00000", "2019-09-30": "1108.60000", "2019-06-30": "752.90000", "2019-03-31": "768.20000", "2018-12-31": "672.50000", "2018-09-30": "609.60000", "2018-06-30": "573.90000", "2018-03-31": "572.00000", "2017-12-31": "517.50000", "2017-09-30": "511.20000", "2017-06-30": "493.30000", "2017-03-31": "487.30000", "2016-12-31": "475.60000", "2016-09-30": "476.00000", "2016-06-30": "459.10000", "2016-03-31": "463.80000", "2015-12-31": "426.40000", "2015-09-30": "403.60000", "2015-06-30": "364.60000", "2015-03-31": "497.60000", "2014-12-31": "364.30000", "2014-09-30": "514.70000", "2014-06-30": "299.30000", "2014-03-31": "302.00000", "2013-12-31": "311.60000", "2013-09-30": "311.80000", "2013-06-30": "311.60000", "2013-03-31": "317.00000", "2012-12-31": "300.90000", "2012-09-30": "377.80000", "2012-06-30": "324.60000", "2012-03-31": "314.70000", "2011-12-31": "313.20000", "2011-09-30": "288.10000", "2011-06-30": "319.10000", "2011-03-31": "337.90000", "2010-12-31": "359.30000", "2010-09-30": "390.00000", "2010-06-30": "391.40000", "2010-03-31": "392.80000", "2009-12-31": "391.20000", "2009-09-30": "448.40000", "2009-06-30": "706.10000", "2009-03-31": "708.00000", "2008-12-31": "746.20000", "2008-09-30": "860.10000", "2008-06-30": "839.80000", "2008-03-31": "911.90000", "2007-12-31": "970.50000", "2007-09-30": "1019.50000", "2007-06-30": "1145.60000", "2007-03-31": "1247.10000", "2006-12-31": "1261.60000", "2006-09-30": "1138.58300", "2006-06-30": "1037.71600", "2006-03-31": "1071.57100", "2005-12-31": "1109.80000", "2005-09-30": "", "2005-06-30": "", "2005-03-31": ""}, "Long Term Debt": {"2020-12-31": "3250.60000", "2020-09-30": "3539.40000", "2020-06-30": "3546.70000", "2020-03-31": "3321.90000", "2019-12-31": "3023.30000", "2019-09-30": "2961.90000", "2019-06-30": "2719.60000", "2019-03-31": "2521.80000", "2018-12-31": "2478.60000", "2018-09-30": "2503.90000", "2018-06-30": "2600.50000", "2018-03-31": "2544.40000", "2017-12-31": "2545.40000", "2017-09-30": "2591.30000", "2017-06-30": "2625.10000", "2017-03-31": "2915.50000", "2016-12-31": "2979.30000", "2016-09-30": "2974.00000", "2016-06-30": "3050.00000", "2016-03-31": "3079.60000", "2015-12-31": "3134.70000", "2015-09-30": "2800.70000", "2015-06-30": "2104.40000", "2015-03-31": "2122.50000", "2014-12-31": "2090.40000", "2014-09-30": "1441.40000", "2014-06-30": "1475.10000", "2014-03-31": "1503.10000", "2013-12-31": "1505.20000", "2013-09-30": "1306.20000", "2013-06-30": "1319.70000", "2013-03-31": "1365.30000", "2012-12-31": "1239.90000", "2012-09-30": "1242.30000", "2012-06-30": "1219.40000", "2012-03-31": "1246.20000", "2011-12-31": "1235.80000", "2011-09-30": "1308.70000", "2011-06-30": "1440.10000", "2011-03-31": "1550.80000", "2010-12-31": "1496.80000", "2010-09-30": "1639.10000", "2010-06-30": "1633.00000", "2010-03-31": "1635.80000", "2009-12-31": "1641.00000", "2009-09-30": "1674.80000", "2009-06-30": "1680.10000", "2009-03-31": "1706.40000", "2008-12-31": "1789.60000", "2008-09-30": "1820.80000", "2008-06-30": "1827.40000", "2008-03-31": "1989.00000", "2007-12-31": "1974.40000", "2007-09-30": "2351.90000", "2007-06-30": "2360.00000", "2007-03-31": "3294.50000", "2006-12-31": "3343.10000", "2006-09-30": "3254.16400", "2006-06-30": "3273.84300", "2006-03-31": "3308.39600", "2005-12-31": "3368.10000", "2005-09-30": "", "2005-06-30": "", "2005-03-31": ""}, "Other Non-Current Liabilities": {"2020-12-31": "215.00000", "2020-09-30": "230.00000", "2020-06-30": "191.70000", "2020-03-31": "163.30000", "2019-12-31": "159.90000", "2019-09-30": "161.60000", "2019-06-30": "157.20000", "2019-03-31": "159.30000", "2018-12-31": "205.20000", "2018-09-30": "198.20000", "2018-06-30": "189.80000", "2018-03-31": "183.80000", "2017-12-31": "185.30000", "2017-09-30": "186.40000", "2017-06-30": "182.60000", "2017-03-31": "168.50000", "2016-12-31": "160.00000", "2016-09-30": "158.10000", "2016-06-30": "154.10000", "2016-03-31": "144.80000", "2015-12-31": "144.60000", "2015-09-30": "140.70000", "2015-06-30": "137.30000", "2015-03-31": "139.50000", "2014-12-31": "136.20000", "2014-09-30": "139.70000", "2014-06-30": "141.10000", "2014-03-31": "145.60000", "2013-12-31": "142.20000", "2013-09-30": "140.40000", "2013-06-30": "131.40000", "2013-03-31": "130.50000", "2012-12-31": "130.50000", "2012-09-30": "137.90000", "2012-06-30": "135.80000", "2012-03-31": "135.40000", "2011-12-31": "133.20000", "2011-09-30": "135.00000", "2011-06-30": "134.20000", "2011-03-31": "132.70000", "2010-12-31": "130.80000", "2010-09-30": "162.70000", "2010-06-30": "161.60000", "2010-03-31": "162.00000", "2009-12-31": "159.50000", "2009-09-30": "165.70000", "2009-06-30": "165.10000", "2009-03-31": "163.90000", "2008-12-31": "162.20000", "2008-09-30": "173.70000", "2008-06-30": "170.10000", "2008-03-31": "176.30000", "2007-12-31": "145.80000", "2007-09-30": "182.00000", "2007-06-30": "188.40000", "2007-03-31": "298.30000", "2006-12-31": "202.20000", "2006-09-30": "302.77300", "2006-06-30": "338.46700", "2006-03-31": "373.81600", "2005-12-31": "326.20000", "2005-09-30": "", "2005-06-30": "", "2005-03-31": ""}, "Total Long Term Liabilities": {"2020-12-31": "3758.60000", "2020-09-30": "4032.30000", "2020-06-30": "4006.70000", "2020-03-31": "3754.30000", "2019-12-31": "3666.60000", "2019-09-30": "3606.90000", "2019-06-30": "3475.40000", "2019-03-31": "3199.10000", "2018-12-31": "2945.50000", "2018-09-30": "2938.60000", "2018-06-30": "3014.20000", "2018-03-31": "2926.80000", "2017-12-31": "2951.60000", "2017-09-30": "2999.00000", "2017-06-30": "3023.70000", "2017-03-31": "3237.40000", "2016-12-31": "3277.60000", "2016-09-30": "3241.50000", "2016-06-30": "3324.10000", "2016-03-31": "3320.60000", "2015-12-31": "3400.40000", "2015-09-30": "3055.50000", "2015-06-30": "2340.20000", "2015-03-31": "2439.90000", "2014-12-31": "2404.50000", "2014-09-30": "1686.50000", "2014-06-30": "1721.80000", "2014-03-31": "1754.90000", "2013-12-31": "1754.10000", "2013-09-30": "1802.70000", "2013-06-30": "1807.40000", "2013-03-31": "1851.80000", "2012-12-31": "1719.80000", "2012-09-30": "1722.40000", "2012-06-30": "1697.40000", "2012-03-31": "1744.80000", "2011-12-31": "1756.40000", "2011-09-30": "1831.10000", "2011-06-30": "1961.70000", "2011-03-31": "2070.90000", "2010-12-31": "2015.00000", "2010-09-30": "2189.20000", "2010-06-30": "2182.00000", "2010-03-31": "2185.20000", "2009-12-31": "2187.90000", "2009-09-30": "2227.90000", "2009-06-30": "2232.60000", "2009-03-31": "2257.70000", "2008-12-31": "2339.20000", "2008-09-30": "2466.60000", "2008-06-30": "2472.80000", "2008-03-31": "2638.40000", "2007-12-31": "2634.60000", "2007-09-30": "3014.90000", "2007-06-30": "3045.60000", "2007-03-31": "4242.70000", "2006-12-31": "4283.80000", "2006-09-30": "4243.37000", "2006-06-30": "4292.62200", "2006-03-31": "4357.37000", "2005-12-31": "4023.10000", "2005-09-30": "", "2005-06-30": "", "2005-03-31": ""}, "Total Liabilities": {"2020-12-31": "4475.90000", "2020-09-30": "4714.80000", "2020-06-30": "4671.10000", "2020-03-31": "4340.50000", "2019-12-31": "4387.60000", "2019-09-30": "4715.50000", "2019-06-30": "4228.30000", "2019-03-31": "3967.30000", "2018-12-31": "3618.00000", "2018-09-30": "3548.20000", "2018-06-30": "3588.10000", "2018-03-31": "3498.80000", "2017-12-31": "3469.10000", "2017-09-30": "3510.20000", "2017-06-30": "3517.00000", "2017-03-31": "3724.70000", "2016-12-31": "3753.20000", "2016-09-30": "3717.50000", "2016-06-30": "3783.20000", "2016-03-31": "3784.40000", "2015-12-31": "3826.80000", "2015-09-30": "3459.10000", "2015-06-30": "2704.80000", "2015-03-31": "2937.50000", "2014-12-31": "2768.80000", "2014-09-30": "2201.20000", "2014-06-30": "2021.10000", "2014-03-31": "2056.90000", "2013-12-31": "2065.70000", "2013-09-30": "2114.50000", "2013-06-30": "2119.00000", "2013-03-31": "2168.80000", "2012-12-31": "2020.70000", "2012-09-30": "2100.20000", "2012-06-30": "2022.00000", "2012-03-31": "2059.50000", "2011-12-31": "2069.60000", "2011-09-30": "2119.20000", "2011-06-30": "2280.80000", "2011-03-31": "2408.80000", "2010-12-31": "2374.30000", "2010-09-30": "2579.20000", "2010-06-30": "2573.40000", "2010-03-31": "2578.00000", "2009-12-31": "2579.10000", "2009-09-30": "2676.30000", "2009-06-30": "2938.70000", "2009-03-31": "2965.70000", "2008-12-31": "3085.40000", "2008-09-30": "3326.70000", "2008-06-30": "3312.60000", "2008-03-31": "3550.30000", "2007-12-31": "3605.10000", "2007-09-30": "4034.40000", "2007-06-30": "4191.20000", "2007-03-31": "5489.80000", "2006-12-31": "5545.40000", "2006-09-30": "5381.95300", "2006-06-30": "5330.33800", "2006-03-31": "5428.94100", "2005-12-31": "5132.90000", "2005-09-30": "", "2005-06-30": "", "2005-03-31": ""}, "Common Stock Net": {"2020-12-31": "", "2020-09-30": "1.10000", "2020-06-30": "1.10000", "2020-03-31": "1.10000", "2019-12-31": "1.10000", "2019-09-30": "1.10000", "2019-06-30": "1.10000", "2019-03-31": "1.10000", "2018-12-31": "1.10000", "2018-09-30": "1.10000", "2018-06-30": "1.10000", "2018-03-31": "1.10000", "2017-12-31": "1.10000", "2017-09-30": "1.10000", "2017-06-30": "1.10000", "2017-03-31": "1.10000", "2016-12-31": "1.10000", "2016-09-30": "1.10000", "2016-06-30": "1.10000", "2016-03-31": "1.10000", "2015-12-31": "1.10000", "2015-09-30": "1.10000", "2015-06-30": "1.10000", "2015-03-31": "1.00000", "2014-12-31": "1.00000", "2014-09-30": "1.00000", "2014-06-30": "1.00000", "2014-03-31": "1.00000", "2013-12-31": "1.00000", "2013-09-30": "1.00000", "2013-06-30": "1.00000", "2013-03-31": "1.00000", "2012-12-31": "1.00000", "2012-09-30": "1.00000", "2012-06-30": "1.00000", "2012-03-31": "1.00000", "2011-12-31": "1.00000", "2011-09-30": "1.00000", "2011-06-30": "1.00000", "2011-03-31": "1.00000", "2010-12-31": "1.00000", "2010-09-30": "1.00000", "2010-06-30": "1.00000", "2010-03-31": "1.00000", "2009-12-31": "1.00000", "2009-09-30": "1.00000", "2009-06-30": "1.00000", "2009-03-31": "1.00000", "2008-12-31": "1.00000", "2008-09-30": "1.00000", "2008-06-30": "1.00000", "2008-03-31": "0.90000", "2007-12-31": "0.90000", "2007-09-30": "0.90000", "2007-06-30": "0.90000", "2007-03-31": "0.90000", "2006-12-31": "0.90000", "2006-09-30": "0.88200", "2006-06-30": "4.41000", "2006-03-31": "4.41000", "2005-12-31": "0.90000", "2005-09-30": "", "2005-06-30": "", "2005-03-31": ""}, "Retained Earnings (Accumulated Deficit)": {"2020-12-31": "", "2020-09-30": "-328.30000", "2020-06-30": "-406.00000", "2020-03-31": "-439.50000", "2019-12-31": "-526.50000", "2019-09-30": "-594.10000", "2019-06-30": "-691.70000", "2019-03-31": "", "2018-12-31": "-885.20000", "2018-09-30": "-928.10000", "2018-06-30": "-1016.70000", "2018-03-31": "-1108.50000", "2017-12-31": "-1176.20000", "2017-09-30": "-1251.60000", "2017-06-30": "-1317.50000", "2017-03-31": "-1380.40000", "2016-12-31": "-1448.40000", "2016-09-30": "-1513.70000", "2016-06-30": "-1575.40000", "2016-03-31": "-1638.00000", "2015-12-31": "-1696.00000", "2015-09-30": "-1743.00000", "2015-06-30": "-1794.20000", "2015-03-31": "-1836.60000", "2014-12-31": "-1879.10000", "2014-09-30": "-1921.20000", "2014-06-30": "-1971.30000", "2014-03-31": "-2054.40000", "2013-12-31": "-2101.10000", "2013-09-30": "-2150.00000", "2013-06-30": "-2208.20000", "2013-03-31": "-2373.40000", "2012-12-31": "-2424.70000", "2012-09-30": "-2471.70000", "2012-06-30": "-2518.80000", "2012-03-31": "-2565.50000", "2011-12-31": "-2609.70000", "2011-09-30": "-2659.70000", "2011-06-30": "-2716.70000", "2011-03-31": "-2738.60000", "2010-12-31": "-2818.40000", "2010-09-30": "-3597.60000", "2010-06-30": "-3629.40000", "2010-03-31": "-3676.70000", "2009-12-31": "-3717.40000", "2009-09-30": "-3756.00000", "2009-06-30": "-3772.80000", "2009-03-31": "-3767.30000", "2008-12-31": "-3812.20000", "2008-09-30": "-3994.10000", "2008-06-30": "-4000.70000", "2008-03-31": "-4044.80000", "2007-12-31": "-4064.60000", "2007-09-30": "-4018.90000", "2007-06-30": "-4306.40000", "2007-03-31": "-4774.70000", "2006-12-31": "-4713.80000", "2006-09-30": "-4642.54500", "2006-06-30": "-4566.40100", "2006-03-31": "-4523.96500", "2005-12-31": "-4088.80000", "2005-09-30": "", "2005-06-30": "", "2005-03-31": ""}, "Comprehensive Income": {"2020-12-31": "", "2020-09-30": "", "2020-06-30": "", "2020-03-31": "", "2019-12-31": "", "2019-09-30": "", "2019-06-30": "", "2019-03-31": "-782.90000", "2018-12-31": "", "2018-09-30": "", "2018-06-30": "", "2018-03-31": "", "2017-12-31": "-1.30000", "2017-09-30": "-0.90000", "2017-06-30": "-0.90000", "2017-03-31": "-0.90000", "2016-12-31": "-1.20000", "2016-09-30": "-1.00000", "2016-06-30": "-0.90000", "2016-03-31": "-1.10000", "2015-12-31": "-1.20000", "2015-09-30": "-1.10000", "2015-06-30": "", "2015-03-31": "-0.40000", "2014-12-31": "-0.50000", "2014-09-30": "-0.10000", "2014-06-30": "0.10000", "2014-03-31": "", "2013-12-31": "-0.10000", "2013-09-30": "-0.20000", "2013-06-30": "-0.30000", "2013-03-31": "1.50000", "2012-12-31": "1.40000", "2012-09-30": "1.90000", "2012-06-30": "0.80000", "2012-03-31": "0.60000", "2011-12-31": "-0.20000", "2011-09-30": "0.20000", "2011-06-30": "0.90000", "2011-03-31": "0.70000", "2010-12-31": "0.50000", "2010-09-30": "1.30000", "2010-06-30": "-4.00000", "2010-03-31": "-2.80000", "2009-12-31": "", "2009-09-30": "0.90000", "2009-06-30": "0.50000", "2009-03-31": "-3.90000", "2008-12-31": "-3.20000", "2008-09-30": "-1.40000", "2008-06-30": "-0.80000", "2008-03-31": "-1.10000", "2007-12-31": "-0.80000", "2007-09-30": "-1.20000", "2007-06-30": "-1.50000", "2007-03-31": "-1.80000", "2006-12-31": "1.60000", "2006-09-30": "0.73400", "2006-06-30": "-1.29400", "2006-03-31": "-1.28900", "2005-12-31": "-0.90000", "2005-09-30": "", "2005-06-30": "", "2005-03-31": ""}, "Other Share Holders Equity": {"2020-12-31": "", "2020-09-30": "", "2020-06-30": "", "2020-03-31": "", "2019-12-31": "", "2019-09-30": "", "2019-06-30": "", "2019-03-31": "", "2018-12-31": "", "2018-09-30": "", "2018-06-30": "", "2018-03-31": "", "2017-12-31": "", "2017-09-30": "", "2017-06-30": "", "2017-03-31": "", "2016-12-31": "", "2016-09-30": "", "2016-06-30": "", "2016-03-31": "", "2015-12-31": "", "2015-09-30": "", "2015-06-30": "", "2015-03-31": "", "2014-12-31": "", "2014-09-30": "", "2014-06-30": "", "2014-03-31": "", "2013-12-31": "", "2013-09-30": "", "2013-06-30": "", "2013-03-31": "", "2012-12-31": "", "2012-09-30": "", "2012-06-30": "", "2012-03-31": "", "2011-12-31": "", "2011-09-30": "", "2011-06-30": "", "2011-03-31": "", "2010-12-31": "", "2010-09-30": "", "2010-06-30": "", "2010-03-31": "", "2009-12-31": "", "2009-09-30": "", "2009-06-30": "", "2009-03-31": "", "2008-12-31": "", "2008-09-30": "", "2008-06-30": "", "2008-03-31": "", "2007-12-31": "", "2007-09-30": "", "2007-06-30": "", "2007-03-31": "-0.10000", "2006-12-31": "-0.10000", "2006-09-30": "-0.11600", "2006-06-30": "-0.11600", "2006-03-31": "-0.23500", "2005-12-31": "-0.20000", "2005-09-30": "", "2005-06-30": "", "2005-03-31": ""}, "Share Holder Equity": {"2020-12-31": "1970.00000", "2020-09-30": "1895.70000", "2020-06-30": "1831.40000", "2020-03-31": "1797.20000", "2019-12-31": "1693.10000", "2019-09-30": "1671.30000", "2019-06-30": "1583.80000", "2019-03-31": "1616.50000", "2018-12-31": "1557.00000", "2018-09-30": "1583.70000", "2018-06-30": "1501.30000", "2018-03-31": "1440.80000", "2017-12-31": "1395.40000", "2017-09-30": "1373.20000", "2017-06-30": "1323.00000", "2017-03-31": "979.10000", "2016-12-31": "928.70000", "2016-09-30": "913.80000", "2016-06-30": "849.40000", "2016-03-31": "823.90000", "2015-12-31": "779.30000", "2015-09-30": "790.20000", "2015-06-30": "764.70000", "2015-03-31": "640.40000", "2014-12-31": "619.50000", "2014-09-30": "592.80000", "2014-06-30": "555.40000", "2014-03-31": "482.20000", "2013-12-31": "468.70000", "2013-09-30": "442.00000", "2013-06-30": "392.70000", "2013-03-31": "223.50000", "2012-12-31": "403.50000", "2012-09-30": "356.00000", "2012-06-30": "293.70000", "2012-03-31": "235.90000", "2011-12-31": "201.60000", "2011-09-30": "151.80000", "2011-06-30": "96.60000", "2011-03-31": "72.30000", "2010-12-31": "-2.20000", "2010-09-30": "-782.30000", "2010-06-30": "-817.30000", "2010-03-31": "-861.90000", "2009-12-31": "-897.60000", "2009-09-30": "-921.90000", "2009-06-30": "-1050.30000", "2009-03-31": "-1044.00000", "2008-12-31": "-1087.20000", "2008-09-30": "-1346.20000", "2008-06-30": "-1347.50000", "2008-03-31": "-1538.30000", "2007-12-31": "-1554.50000", "2007-09-30": "-1505.50000", "2007-06-30": "-1788.80000", "2007-03-31": "-2252.00000", "2006-12-31": "-2184.60000", "2006-09-30": "-2096.80900", "2006-06-30": "-2019.78900", "2006-03-31": "-1971.97900", "2005-12-31": "-1540.70000", "2005-09-30": "", "2005-06-30": "", "2005-03-31": ""}, "Total Liabilities And Share Holders Equity": {"2020-12-31": "6445.90000", "2020-09-30": "6610.50000", "2020-06-30": "6502.50000", "2020-03-31": "6137.70000", "2019-12-31": "6080.70000", "2019-09-30": "6386.80000", "2019-06-30": "5812.10000", "2019-03-31": "5583.80000", "2018-12-31": "5175.00000", "2018-09-30": "5131.90000", "2018-06-30": "5089.40000", "2018-03-31": "4939.60000", "2017-12-31": "4864.50000", "2017-09-30": "4883.40000", "2017-06-30": "4840.00000", "2017-03-31": "4703.80000", "2016-12-31": "4681.90000", "2016-09-30": "4631.30000", "2016-06-30": "4632.60000", "2016-03-31": "4608.30000", "2015-12-31": "4606.10000", "2015-09-30": "4249.30000", "2015-06-30": "3469.50000", "2015-03-31": "3577.90000", "2014-12-31": "3388.30000", "2014-09-30": "2794.00000", "2014-06-30": "2576.50000", "2014-03-31": "2539.10000", "2013-12-31": "2534.40000", "2013-09-30": "2556.50000", "2013-06-30": "2511.70000", "2013-03-31": "2392.30000", "2012-12-31": "2424.20000", "2012-09-30": "2456.20000", "2012-06-30": "2315.70000", "2012-03-31": "2295.40000", "2011-12-31": "2271.20000", "2011-09-30": "2271.00000", "2011-06-30": "2377.40000", "2011-03-31": "2481.10000", "2010-12-31": "2372.10000", "2010-09-30": "1796.90000", "2010-06-30": "1756.10000", "2010-03-31": "1716.10000", "2009-12-31": "1681.50000", "2009-09-30": "1754.40000", "2009-06-30": "1888.40000", "2009-03-31": "1921.70000", "2008-12-31": "1998.20000", "2008-09-30": "1980.50000", "2008-06-30": "1965.10000", "2008-03-31": "2012.00000", "2007-12-31": "2050.60000", "2007-09-30": "2528.90000", "2007-06-30": "2402.40000", "2007-03-31": "3237.80000", "2006-12-31": "3360.80000", "2006-09-30": "3285.14400", "2006-06-30": "3310.54900", "2006-03-31": "3456.96200", "2005-12-31": "3592.20000", "2005-09-30": "", "2005-06-30": "", "2005-03-31": ""}}, "cash flow statement": {"Net Income/Loss": {"2020-12-31": "368.80000", "2019-12-31": "445.80000", "2018-12-31": "375.40000", "2017-12-31": "350.20000", "2016-12-31": "318.10000", "2015-12-31": "252.80000", "2014-12-31": "281.70000", "2013-12-31": "381.40000", "2012-12-31": "235.90000", "2011-12-31": "254.60000", "2010-12-31": "939.80000", "2009-12-31": "128.80000", "2008-12-31": "281.80000", "2007-12-31": "718.70000", "2006-12-31": "-625.00000", "2005-12-31": "-446.00000"}, "Total Depreciation And Amortization - Cash Flow": {"2020-12-31": "250.20000", "2019-12-31": "223.20000", "2018-12-31": "203.70000", "2017-12-31": "192.50000", "2016-12-31": "186.40000", "2015-12-31": "154.00000", "2014-12-31": "120.40000", "2013-12-31": "99.70000", "2012-12-31": "86.20000", "2011-12-31": "78.80000", "2010-12-31": "73.10000", "2009-12-31": "74.20000", "2008-12-31": "88.90000", "2007-12-31": "82.60000", "2006-12-31": "106.40000", "2005-12-31": "128.50000"}, "Other Non-Cash Items": {"2020-12-31": "93.00000", "2019-12-31": "146.40000", "2018-12-31": "137.30000", "2017-12-31": "123.00000", "2016-12-31": "165.70000", "2015-12-31": "229.60000", "2014-12-31": "132.40000", "2013-12-31": "35.50000", "2012-12-31": "150.10000", "2011-12-31": "65.60000", "2010-12-31": "-682.10000", "2009-12-31": "211.70000", "2008-12-31": "-87.00000", "2007-12-31": "-391.10000", "2006-12-31": "661.90000", "2005-12-31": "525.30000"}, "Total Non-Cash Items": {"2020-12-31": "343.20000", "2019-12-31": "369.60000", "2018-12-31": "341.00000", "2017-12-31": "315.50000", "2016-12-31": "352.10000", "2015-12-31": "383.60000", "2014-12-31": "252.80000", "2013-12-31": "135.20000", "2012-12-31": "236.30000", "2011-12-31": "144.40000", "2010-12-31": "-609.00000", "2009-12-31": "285.90000", "2008-12-31": "1.90000", "2007-12-31": "-308.50000", "2006-12-31": "768.30000", "2005-12-31": "653.80000"}, "Change In Accounts Receivable": {"2020-12-31": "-38.10000", "2019-12-31": "-22.90000", "2018-12-31": "7.00000", "2017-12-31": "-31.50000", "2016-12-31": "-66.30000", "2015-12-31": "-134.10000", "2014-12-31": "-91.60000", "2013-12-31": "-55.10000", "2012-12-31": "-51.30000", "2011-12-31": "-37.10000", "2010-12-31": "-21.50000", "2009-12-31": "-16.50000", "2008-12-31": "-45.00000", "2007-12-31": "-38.80000", "2006-12-31": "-44.60000", "2005-12-31": "-27.10000"}, "Change In Inventories": {"2020-12-31": "", "2019-12-31": "", "2018-12-31": "", "2017-12-31": "", "2016-12-31": "", "2015-12-31": "", "2014-12-31": "", "2013-12-31": "", "2012-12-31": "", "2011-12-31": "", "2010-12-31": "", "2009-12-31": "", "2008-12-31": "", "2007-12-31": "", "2006-12-31": "", "2005-12-31": ""}, "Change In Accounts Payable": {"2020-12-31": "13.60000", "2019-12-31": "-6.10000", "2018-12-31": "6.60000", "2017-12-31": "7.50000", "2016-12-31": "6.30000", "2015-12-31": "0.90000", "2014-12-31": "5.40000", "2013-12-31": "6.40000", "2012-12-31": "-4.40000", "2011-12-31": "0.80000", "2010-12-31": "-0.80000", "2009-12-31": "4.60000", "2008-12-31": "-4.20000", "2007-12-31": "-18.00000", "2006-12-31": "-11.50000", "2005-12-31": "-17.20000"}, "Change In Assets/Liabilities": {"2020-12-31": "-74.80000", "2019-12-31": "-164.30000", "2018-12-31": "17.60000", "2017-12-31": "-7.80000", "2016-12-31": "8.50000", "2015-12-31": "0.30000", "2014-12-31": "-3.30000", "2013-12-31": "-1.90000", "2012-12-31": "-4.30000", "2011-12-31": "-27.90000", "2010-12-31": "1.80000", "2009-12-31": "-5.20000", "2008-12-31": "-13.30000", "2007-12-31": "-278.90000", "2006-12-31": "-240.70000", "2005-12-31": "-222.80000"}, "Total Change In Assets/Liabilities": {"2020-12-31": "-7.30000", "2019-12-31": "-180.10000", "2018-12-31": "46.00000", "2017-12-31": "-7.40000", "2016-12-31": "-30.10000", "2015-12-31": "-133.80000", "2014-12-31": "-94.40000", "2013-12-31": "-50.60000", "2012-12-31": "-60.00000", "2011-12-31": "-64.20000", "2010-12-31": "-5.70000", "2009-12-31": "-9.10000", "2008-12-31": "-60.50000", "2007-12-31": "-179.40000", "2006-12-31": "-272.60000", "2005-12-31": "-236.20000"}, "Cash Flow From Operating Activities": {"2020-12-31": "704.70000", "2019-12-31": "635.30000", "2018-12-31": "762.40000", "2017-12-31": "658.30000", "2016-12-31": "640.20000", "2015-12-31": "502.00000", "2014-12-31": "444.90000", "2013-12-31": "470.30000", "2012-12-31": "411.50000", "2011-12-31": "342.70000", "2010-12-31": "331.00000", "2009-12-31": "406.10000", "2008-12-31": "227.20000", "2007-12-31": "230.60000", "2006-12-31": "-129.60000", "2005-12-31": "-26.70000"}, "Net Change In Property, Plant, And Equipment": {"2020-12-31": "-404.70000", "2019-12-31": "-385.40000", "2018-12-31": "-270.50000", "2017-12-31": "-245.00000", "2016-12-31": "-179.00000", "2015-12-31": "-152.50000", "2014-12-31": "-187.70000", "2013-12-31": "-216.50000", "2012-12-31": "-159.70000", "2011-12-31": "-109.10000", "2010-12-31": "-69.30000", "2009-12-31": "-63.30000", "2008-12-31": "-1.80000", "2007-12-31": "-37.90000", "2006-12-31": "-52.00000", "2005-12-31": "-62.90000"}, "Net Change In Intangible Assets": {"2020-12-31": "-3.50000", "2019-12-31": "-18.70000", "2018-12-31": "-5.70000", "2017-12-31": "-3.70000", "2016-12-31": "", "2015-12-31": "", "2014-12-31": "", "2013-12-31": "", "2012-12-31": "", "2011-12-31": "", "2010-12-31": "", "2009-12-31": "-8.00000", "2008-12-31": "-18.20000", "2007-12-31": "-0.10000", "2006-12-31": "-9.00000", "2005-12-31": ""}, "Net Acquisitions/Divestitures": {"2020-12-31": "-1.10000", "2019-12-31": "-231.50000", "2018-12-31": "-143.90000", "2017-12-31": "-38.80000", "2016-12-31": "-48.10000", "2015-12-31": "-985.10000", "2014-12-31": "-694.80000", "2013-12-31": "-18.10000", "2012-12-31": "-3.10000", "2011-12-31": "-4.90000", "2010-12-31": "-34.10000", "2009-12-31": "", "2008-12-31": "-14.60000", "2007-12-31": "1169.80000", "2006-12-31": "", "2005-12-31": ""}, "Net Change In Short-term Investments": {"2020-12-31": "", "2019-12-31": "-32.90000", "2018-12-31": "-13.30000", "2017-12-31": "-8.50000", "2016-12-31": "", "2015-12-31": "15.50000", "2014-12-31": "6.80000", "2013-12-31": "-3.10000", "2012-12-31": "-14.00000", "2011-12-31": "1.20000", "2010-12-31": "31.30000", "2009-12-31": "-11.70000", "2008-12-31": "7.50000", "2007-12-31": "63.10000", "2006-12-31": "161.20000", "2005-12-31": "58.00000"}, "Net Change In Long-Term Investments": {"2020-12-31": "-8.70000", "2019-12-31": "", "2018-12-31": "", "2017-12-31": "", "2016-12-31": "-1.20000", "2015-12-31": "-7.10000", "2014-12-31": "-3.50000", "2013-12-31": "-9.20000", "2012-12-31": "-9.10000", "2011-12-31": "-7.20000", "2010-12-31": "-26.00000", "2009-12-31": "-10.20000", "2008-12-31": "-4.80000", "2007-12-31": "-23.00000", "2006-12-31": "-93.20000", "2005-12-31": "-70.60000"}, "Net Change In Investments - Total": {"2020-12-31": "-8.70000", "2019-12-31": "-32.90000", "2018-12-31": "-13.30000", "2017-12-31": "-8.50000", "2016-12-31": "-1.20000", "2015-12-31": "8.40000", "2014-12-31": "3.30000", "2013-12-31": "-12.30000", "2012-12-31": "-23.10000", "2011-12-31": "-6.00000", "2010-12-31": "5.30000", "2009-12-31": "-21.90000", "2008-12-31": "2.70000", "2007-12-31": "40.10000", "2006-12-31": "68.00000", "2005-12-31": "-12.60000"}, "Investing Activities - Other": {"2020-12-31": "10.50000", "2019-12-31": "11.10000", "2018-12-31": "8.90000", "2017-12-31": "13.00000", "2016-12-31": "-1.60000", "2015-12-31": "-0.60000", "2014-12-31": "2.30000", "2013-12-31": "20.70000", "2012-12-31": "7.10000", "2011-12-31": "95.40000", "2010-12-31": "-27.80000", "2009-12-31": "-39.80000", "2008-12-31": "-8.10000", "2007-12-31": "12.60000", "2006-12-31": "54.90000", "2005-12-31": "-24.50000"}, "Cash Flow From Investing Activities": {"2020-12-31": "-407.50000", "2019-12-31": "-657.40000", "2018-12-31": "-424.50000", "2017-12-31": "-283.00000", "2016-12-31": "-229.90000", "2015-12-31": "-1129.80000", "2014-12-31": "-876.90000", "2013-12-31": "-226.20000", "2012-12-31": "-178.80000", "2011-12-31": "-24.60000", "2010-12-31": "-125.90000", "2009-12-31": "-133.00000", "2008-12-31": "-40.00000", "2007-12-31": "1184.50000", "2006-12-31": "61.90000", "2005-12-31": "-100.00000"}, "Net Long-Term Debt": {"2020-12-31": "206.70000", "2019-12-31": "476.00000", "2018-12-31": "-103.50000", "2017-12-31": "-202.20000", "2016-12-31": "-528.40000", "2015-12-31": "846.60000", "2014-12-31": "596.30000", "2013-12-31": "-12.40000", "2012-12-31": "-13.30000", "2011-12-31": "-266.10000", "2010-12-31": "-163.20000", "2009-12-31": "-157.10000", "2008-12-31": "-252.20000", "2007-12-31": "-1332.40000", "2006-12-31": "-246.30030", "2005-12-31": "-62.50000"}, "Net Current Debt": {"2020-12-31": "", "2019-12-31": "", "2018-12-31": "", "2017-12-31": "", "2016-12-31": "335.00000", "2015-12-31": "", "2014-12-31": "", "2013-12-31": "", "2012-12-31": "", "2011-12-31": "", "2010-12-31": "", "2009-12-31": "", "2008-12-31": "", "2007-12-31": "", "2006-12-31": "", "2005-12-31": ""}, "Debt Issuance/Retirement Net - Total": {"2020-12-31": "206.70000", "2019-12-31": "476.00000", "2018-12-31": "-103.50000", "2017-12-31": "-202.20000", "2016-12-31": "-193.40000", "2015-12-31": "846.60000", "2014-12-31": "596.30000", "2013-12-31": "-12.40000", "2012-12-31": "-13.30000", "2011-12-31": "-266.10000", "2010-12-31": "-163.20000", "2009-12-31": "-157.10000", "2008-12-31": "-252.20000", "2007-12-31": "-1332.40000", "2006-12-31": "-246.30030", "2005-12-31": "-62.50000"}, "Net Common Equity Issued/Repurchased": {"2020-12-31": "-6.10000", "2019-12-31": "-45.90000", "2018-12-31": "", "2017-12-31": "-11.50000", "2016-12-31": "-65.60000", "2015-12-31": "-45.30000", "2014-12-31": "-43.10000", "2013-12-31": "-218.80000", "2012-12-31": "", "2011-12-31": "", "2010-12-31": "", "2009-12-31": "", "2008-12-31": "150.20000", "2007-12-31": "", "2006-12-31": "", "2005-12-31": ""}, "Net Total Equity Issued/Repurchased": {"2020-12-31": "-6.10000", "2019-12-31": "-45.90000", "2018-12-31": "", "2017-12-31": "-11.50000", "2016-12-31": "-65.60000", "2015-12-31": "-45.30000", "2014-12-31": "-43.10000", "2013-12-31": "-218.80000", "2012-12-31": "-46.00000", "2011-12-31": "", "2010-12-31": "", "2009-12-31": "", "2008-12-31": "150.20000", "2007-12-31": "", "2006-12-31": "400.00000", "2005-12-31": ""}, "Total Common And Preferred Stock Dividends Paid": {"2020-12-31": "-111.90000", "2019-12-31": "-108.70000", "2018-12-31": "-100.80000", "2017-12-31": "-91.50000", "2016-12-31": "-83.80000", "2015-12-31": "-77.20000", "2014-12-31": "-72.10000", "2013-12-31": "-38.70000", "2012-12-31": "-24.60000", "2011-12-31": "-26.00000", "2010-12-31": "-26.00000", "2009-12-31": "-26.00000", "2008-12-31": "-26.00000", "2007-12-31": "-26.00000", "2006-12-31": "-15.70000", "2005-12-31": ""}, "Financial Activities - Other": {"2020-12-31": "-234.60000", "2019-12-31": "-273.20000", "2018-12-31": "-116.90000", "2017-12-31": "-54.70000", "2016-12-31": "-73.60000", "2015-12-31": "-101.40000", "2014-12-31": "-46.90000", "2013-12-31": "-42.50000", "2012-12-31": "-46.10000", "2011-12-31": "-44.20000", "2010-12-31": "-48.30000", "2009-12-31": "-41.20000", "2008-12-31": "-48.00000", "2007-12-31": "-78.20000", "2006-12-31": "-207.80000", "2005-12-31": "-85.90000"}, "Cash Flow From Financial Activities": {"2020-12-31": "-145.90000", "2019-12-31": "48.20000", "2018-12-31": "-321.20000", "2017-12-31": "-359.90000", "2016-12-31": "-416.40000", "2015-12-31": "622.70000", "2014-12-31": "434.20000", "2013-12-31": "-312.40000", "2012-12-31": "-130.00000", "2011-12-31": "-336.30000", "2010-12-31": "-237.50000", "2009-12-31": "-224.30000", "2008-12-31": "-176.00000", "2007-12-31": "-1436.60000", "2006-12-31": "-69.80000", "2005-12-31": "-148.40000"}, "Net Cash Flow": {"2020-12-31": "151.30000", "2019-12-31": "26.10000", "2018-12-31": "16.70000", "2017-12-31": "15.40000", "2016-12-31": "-6.10000", "2015-12-31": "-5.10000", "2014-12-31": "2.20000", "2013-12-31": "-68.30000", "2012-12-31": "102.70000", "2011-12-31": "-18.20000", "2010-12-31": "-32.40000", "2009-12-31": "49.00000", "2008-12-31": "12.00000", "2007-12-31": "-21.40000", "2006-12-31": "-137.40000", "2005-12-31": "-258.50000"}, "Stock-Based Compensation": {"2020-12-31": "29.50000", "2019-12-31": "114.40000", "2018-12-31": "85.90000", "2017-12-31": "47.70000", "2016-12-31": "27.40000", "2015-12-31": "26.20000", "2014-12-31": "23.90000", "2013-12-31": "24.80000", "2012-12-31": "24.10000", "2011-12-31": "20.30000", "2010-12-31": "16.40000", "2009-12-31": "13.40000", "2008-12-31": "11.70000", "2007-12-31": "8.90000", "2006-12-31": "12.10000", "2005-12-31": ""}, "Common Stock Dividends Paid": {"2020-12-31": "-111.90000", "2019-12-31": "-108.70000", "2018-12-31": "-100.80000", "2017-12-31": "-91.50000", "2016-12-31": "-83.80000", "2015-12-31": "-77.20000", "2014-12-31": "-65.80000", "2013-12-31": "-15.70000", "2012-12-31": "0.00000", "2011-12-31": "", "2010-12-31": "", "2009-12-31": "", "2008-12-31": "", "2007-12-31": "", "2006-12-31": "", "2005-12-31": ""}}, "cash flow statement, quarterly": {"Net Income/Loss": {"2020-12-31": 111.7, "2020-09-30": 100.1, "2020-06-30": 48.3, "2020-03-31": "108.70000", "2019-12-31": 90.2, "2019-09-30": 119.5, "2019-06-30": 110.9, "2019-03-31": "125.20000", "2018-12-31": 47.7, "2018-09-30": 109.3, "2018-06-30": 113.2, "2018-03-31": "105.20000", "2017-12-31": 101.3, "2017-09-30": 85.1, "2017-06-30": 79.4, "2017-03-31": "84.40000", "2016-12-31": 82.1, "2016-09-30": 78.1, "2016-06-30": 81.2, "2016-03-31": "76.70000", "2015-12-31": 65.8, "2015-09-30": 67.8, "2015-06-30": 60.2, "2015-03-31": "59.00000", "2014-12-31": 57.5, "2014-09-30": 64.8, "2014-06-30": 97.9, "2014-03-31": "61.50000", "2013-12-31": 64.2, "2013-09-30": 72.3, "2013-06-30": 179, "2013-03-31": "65.90000", "2012-12-31": 59.3, "2012-09-30": 59.9, "2012-06-30": 59.9, "2012-03-31": "56.80000", "2011-12-31": 62.5, "2011-09-30": 68.3, "2011-06-30": 32.3, "2011-03-31": "91.50000", "2010-12-31": 789.9, "2010-09-30": 41.9, "2010-06-30": 57.5, "2010-03-31": "50.50000", "2009-12-31": 46.9, "2009-09-30": 24.8, "2009-06-30": 3.6, "2009-03-31": "53.50000", "2008-12-31": 190.2, "2008-09-30": 12.8, "2008-06-30": 52.4, "2008-03-31": "26.40000", "2007-12-31": 718.7, "2007-09-30": 0, "2007-06-30": 0, "2007-03-31": "0.00000", "2006-12-31": -625, "2006-09-30": 0, "2006-06-30": 0, "2006-03-31": "0.00000", "2005-12-31": -446, "2005-09-30": 0, "2005-06-30": 0, "2005-03-31": "0.00000"}, "Total Depreciation And Amortization - Cash Flow": {"2020-12-31": 69.5, "2020-09-30": 61.2, "2020-06-30": 60.7, "2020-03-31": "58.80000", "2019-12-31": 62.9, "2019-09-30": 55.1, "2019-06-30": 52.7, "2019-03-31": "52.50000", "2018-12-31": 56.9, "2018-09-30": 51.2, "2018-06-30": 49.7, "2018-03-31": "45.90000", "2017-12-31": 55.3, "2017-09-30": 46.2, "2017-06-30": 45.8, "2017-03-31": "45.20000", "2016-12-31": 57.6, "2016-09-30": 43.5, "2016-06-30": 42.9, "2016-03-31": "42.40000", "2015-12-31": 55.7, "2015-09-30": 33.7, "2015-06-30": 32.7, "2015-03-31": "31.90000", "2014-12-31": 40.2, "2014-09-30": 27.4, "2014-06-30": 26.4, "2014-03-31": "26.40000", "2013-12-31": 30.2, "2013-09-30": 24.3, "2013-06-30": 23.1, "2013-03-31": "22.10000", "2012-12-31": 25.4, "2012-09-30": 21.3, "2012-06-30": 20, "2012-03-31": "19.50000", "2011-12-31": 16.9, "2011-09-30": 22.8, "2011-06-30": 19.6, "2011-03-31": "19.50000", "2010-12-31": 14.3, "2010-09-30": 23.5, "2010-06-30": 17, "2010-03-31": "18.30000", "2009-12-31": 16.6, "2009-09-30": 22.6, "2009-06-30": 17.6, "2009-03-31": "17.40000", "2008-12-31": 18.7, "2008-09-30": 19.5, "2008-06-30": 21.1, "2008-03-31": "29.60000", "2007-12-31": 82.6, "2007-09-30": 0, "2007-06-30": 0, "2007-03-31": "", "2006-12-31": 106.4, "2006-09-30": 0, "2006-06-30": 0, "2006-03-31": "", "2005-12-31": 128.5, "2005-09-30": 0, "2005-06-30": 0, "2005-03-31": ""}, "Other Non-Cash Items": {"2020-12-31": 58.1, "2020-09-30": 19.3, "2020-06-30": -0.6, "2020-03-31": "16.20000", "2019-12-31": 57.2, "2019-09-30": 23.5, "2019-06-30": 47, "2019-03-31": "18.70000", "2018-12-31": 74.9, "2018-09-30": 13.2, "2018-06-30": 26.3, "2018-03-31": "22.90000", "2017-12-31": 13.4, "2017-09-30": 20.1, "2017-06-30": 30.1, "2017-03-31": "59.40000", "2016-12-31": -26.4, "2016-09-30": 64.3, "2016-06-30": 67, "2016-03-31": "60.80000", "2015-12-31": 59.6, "2015-09-30": 54.9, "2015-06-30": 66.8, "2015-03-31": "48.30000", "2014-12-31": 37.7, "2014-09-30": 33.4, "2014-06-30": 18.3, "2014-03-31": "43.00000", "2013-12-31": 37, "2013-09-30": 25.9, "2013-06-30": -73, "2013-03-31": "45.60000", "2012-12-31": 38.2, "2012-09-30": 37.7, "2012-06-30": 34, "2012-03-31": "40.20000", "2011-12-31": 28.2, "2011-09-30": 9.5, "2011-06-30": 39.4, "2011-03-31": "-11.50000", "2010-12-31": -724.5, "2010-09-30": 16.2, "2010-06-30": 10.4, "2010-03-31": "15.80000", "2009-12-31": 11.3, "2009-09-30": 34.3, "2009-06-30": 62.8, "2009-03-31": "103.30000", "2008-12-31": -104.2, "2008-09-30": 44.4, "2008-06-30": -23.4, "2008-03-31": "-3.80000", "2007-12-31": -391.1, "2007-09-30": 0, "2007-06-30": 0, "2007-03-31": "", "2006-12-31": 661.9, "2006-09-30": 0, "2006-06-30": 0, "2006-03-31": "", "2005-12-31": 525.3, "2005-09-30": 0, "2005-06-30": 0, "2005-03-31": ""}, "Total Non-Cash Items": {"2020-12-31": 127.6, "2020-09-30": 80.5, "2020-06-30": 60.1, "2020-03-31": "75.00000", "2019-12-31": 120.1, "2019-09-30": 78.6, "2019-06-30": 99.7, "2019-03-31": "71.20000", "2018-12-31": 131.8, "2018-09-30": 64.4, "2018-06-30": 76, "2018-03-31": "68.80000", "2017-12-31": 68.7, "2017-09-30": 66.3, "2017-06-30": 75.9, "2017-03-31": "104.60000", "2016-12-31": 31.2, "2016-09-30": 107.8, "2016-06-30": 109.9, "2016-03-31": "103.20000", "2015-12-31": 115.3, "2015-09-30": 88.6, "2015-06-30": 99.5, "2015-03-31": "80.20000", "2014-12-31": 77.9, "2014-09-30": 60.8, "2014-06-30": 44.7, "2014-03-31": "69.40000", "2013-12-31": 67.2, "2013-09-30": 50.2, "2013-06-30": -49.9, "2013-03-31": "67.70000", "2012-12-31": 63.6, "2012-09-30": 59, "2012-06-30": 54, "2012-03-31": "59.70000", "2011-12-31": 45.1, "2011-09-30": 32.3, "2011-06-30": 59, "2011-03-31": "8.00000", "2010-12-31": -710.2, "2010-09-30": 39.7, "2010-06-30": 27.4, "2010-03-31": "34.10000", "2009-12-31": 27.9, "2009-09-30": 56.9, "2009-06-30": 80.4, "2009-03-31": "120.70000", "2008-12-31": -85.5, "2008-09-30": 63.9, "2008-06-30": -2.3, "2008-03-31": "25.80000", "2007-12-31": -308.5, "2007-09-30": 0, "2007-06-30": 0, "2007-03-31": "", "2006-12-31": 768.3, "2006-09-30": 0, "2006-06-30": 0, "2006-03-31": "", "2005-12-31": 653.8, "2005-09-30": 0, "2005-06-30": 0, "2005-03-31": ""}, "Change In Accounts Receivable": {"2020-12-31": 33.7, "2020-09-30": -33.3, "2020-06-30": -1.9, "2020-03-31": "-36.60000", "2019-12-31": 14.9, "2019-09-30": -15.2, "2019-06-30": 7, "2019-03-31": "-29.60000", "2018-12-31": -5.3, "2018-09-30": 2.4, "2018-06-30": 1.6, "2018-03-31": "8.30000", "2017-12-31": -20, "2017-09-30": -15.1, "2017-06-30": 7.2, "2017-03-31": "-3.60000", "2016-12-31": 9.4, "2016-09-30": -16.2, "2016-06-30": -13.8, "2016-03-31": "-45.70000", "2015-12-31": -50.4, "2015-09-30": -21.6, "2015-06-30": -24.8, "2015-03-31": "-37.30000", "2014-12-31": -42.9, "2014-09-30": -13.1, "2014-06-30": -10.9, "2014-03-31": "-24.70000", "2013-12-31": -28.6, "2013-09-30": 12.3, "2013-06-30": -14.5, "2013-03-31": "-24.30000", "2012-12-31": -9, "2012-09-30": -6.6, "2012-06-30": -8.2, "2012-03-31": "-27.50000", "2011-12-31": -9.7, "2011-09-30": -11.5, "2011-06-30": 2.6, "2011-03-31": "-18.50000", "2010-12-31": -9.9, "2010-09-30": 5.5, "2010-06-30": 4.2, "2010-03-31": "-21.30000", "2009-12-31": -58.6, "2009-09-30": 22.5, "2009-06-30": -15, "2009-03-31": "34.60000", "2008-12-31": -7.2, "2008-09-30": -13.3, "2008-06-30": -0.4, "2008-03-31": "-24.10000", "2007-12-31": -38.8, "2007-09-30": 0, "2007-06-30": 0, "2007-03-31": "", "2006-12-31": -44.6, "2006-09-30": 0, "2006-06-30": 0, "2006-03-31": "", "2005-12-31": -27.1, "2005-09-30": 0, "2005-06-30": 0, "2005-03-31": ""}, "Change In Inventories": {"2020-12-31": 0, "2020-09-30": 0, "2020-06-30": 0, "2020-03-31": "", "2019-12-31": 0, "2019-09-30": 0, "2019-06-30": 0, "2019-03-31": "", "2018-12-31": 0, "2018-09-30": 0, "2018-06-30": 0, "2018-03-31": "", "2017-12-31": 0, "2017-09-30": 0, "2017-06-30": 0, "2017-03-31": "", "2016-12-31": 0, "2016-09-30": 0, "2016-06-30": 0, "2016-03-31": "", "2015-12-31": 0, "2015-09-30": 0, "2015-06-30": 0, "2015-03-31": "", "2014-12-31": 0, "2014-09-30": 0, "2014-06-30": 0, "2014-03-31": "", "2013-12-31": 0, "2013-09-30": 0, "2013-06-30": 0, "2013-03-31": "", "2012-12-31": 0, "2012-09-30": 0, "2012-06-30": 0, "2012-03-31": "", "2011-12-31": 0, "2011-09-30": 0, "2011-06-30": 0, "2011-03-31": "", "2010-12-31": 0, "2010-09-30": 0, "2010-06-30": 0, "2010-03-31": "", "2009-12-31": 0, "2009-09-30": 0, "2009-06-30": 0, "2009-03-31": "", "2008-12-31": 0, "2008-09-30": 0, "2008-06-30": 0, "2008-03-31": "", "2007-12-31": 0, "2007-09-30": 0, "2007-06-30": 0, "2007-03-31": "", "2006-12-31": 0, "2006-09-30": 0, "2006-06-30": 0, "2006-03-31": "", "2005-12-31": 0, "2005-09-30": 0, "2005-06-30": 0, "2005-03-31": ""}, "Change In Accounts Payable": {"2020-12-31": 3.3, "2020-09-30": 10.7, "2020-06-30": -0.4, "2020-03-31": "", "2019-12-31": -1.9, "2019-09-30": 0.3, "2019-06-30": -4.5, "2019-03-31": "", "2018-12-31": 6.6, "2018-09-30": 0.4, "2018-06-30": -0.4, "2018-03-31": "", "2017-12-31": 1.4, "2017-09-30": 6.5, "2017-06-30": 1.3, "2017-03-31": "-1.70000", "2016-12-31": 4.4, "2016-09-30": 0.7, "2016-06-30": 0.6, "2016-03-31": "0.60000", "2015-12-31": -3.5, "2015-09-30": 2.7, "2015-06-30": -0.4, "2015-03-31": "2.10000", "2014-12-31": 1.7, "2014-09-30": 1, "2014-06-30": 0.1, "2014-03-31": "2.60000", "2013-12-31": -3.5, "2013-09-30": 0.4, "2013-06-30": -2.6, "2013-03-31": "12.10000", "2012-12-31": -5.8, "2012-09-30": -8.9, "2012-06-30": 4.3, "2012-03-31": "6.00000", "2011-12-31": 0, "2011-09-30": 0, "2011-06-30": -1.7, "2011-03-31": "2.50000", "2010-12-31": -0.4, "2010-09-30": 1.8, "2010-06-30": 0.7, "2010-03-31": "-2.90000", "2009-12-31": 4.6, "2009-09-30": 0, "2009-06-30": 0, "2009-03-31": "", "2008-12-31": -4.2, "2008-09-30": 0, "2008-06-30": 0, "2008-03-31": "", "2007-12-31": -18, "2007-09-30": 0, "2007-06-30": 0, "2007-03-31": "", "2006-12-31": -11.5, "2006-09-30": 0, "2006-06-30": 0, "2006-03-31": "", "2005-12-31": -17.2, "2005-09-30": 0, "2005-06-30": 0, "2005-03-31": ""}, "Change In Assets/Liabilities": {"2020-12-31": -2.1, "2020-09-30": -12.7, "2020-06-30": 33.8, "2020-03-31": "-93.80000", "2019-12-31": -34.5, "2019-09-30": -62.9, "2019-06-30": -74.8, "2019-03-31": "7.90000", "2018-12-31": -15.7, "2018-09-30": 9.9, "2018-06-30": -18.5, "2018-03-31": "41.90000", "2017-12-31": -14, "2017-09-30": 21.2, "2017-06-30": -15.1, "2017-03-31": "0.10000", "2016-12-31": 6.9, "2016-09-30": 11.7, "2016-06-30": -14.1, "2016-03-31": "4.00000", "2015-12-31": 13.6, "2015-09-30": 7.7, "2015-06-30": -31.5, "2015-03-31": "10.50000", "2014-12-31": -14.8, "2014-09-30": 8, "2014-06-30": -3, "2014-03-31": "6.50000", "2013-12-31": 3.3, "2013-09-30": 1.7, "2013-06-30": -6.1, "2013-03-31": "-0.80000", "2012-12-31": 3.6, "2012-09-30": 5.1, "2012-06-30": 2.4, "2012-03-31": "-15.40000", "2011-12-31": 27.5, "2011-09-30": -30.5, "2011-06-30": -17.3, "2011-03-31": "-7.60000", "2010-12-31": -6.4, "2010-09-30": -0.8, "2010-06-30": 9.8, "2010-03-31": "-0.80000", "2009-12-31": -5.8, "2009-09-30": 28.3, "2009-06-30": -28.1, "2009-03-31": "0.40000", "2008-12-31": -30.5, "2008-09-30": 26.7, "2008-06-30": -24.9, "2008-03-31": "15.40000", "2007-12-31": -278.9, "2007-09-30": 0, "2007-06-30": 0, "2007-03-31": "", "2006-12-31": -240.7, "2006-09-30": 0, "2006-06-30": 0, "2006-03-31": "", "2005-12-31": -222.8, "2005-09-30": 0, "2005-06-30": 0, "2005-03-31": ""}, "Total Change In Assets/Liabilities": {"2020-12-31": 40.4, "2020-09-30": -7.2, "2020-06-30": 113.9, "2020-03-31": "-154.40000", "2019-12-31": 5.3, "2019-09-30": -83.7, "2019-06-30": -65.2, "2019-03-31": "-36.50000", "2018-12-31": -1.1, "2018-09-30": 24.8, "2018-06-30": -18.4, "2018-03-31": "40.70000", "2017-12-31": -18.6, "2017-09-30": 23.5, "2017-06-30": -4.1, "2017-03-31": "-8.20000", "2016-12-31": 27.4, "2016-09-30": -8.3, "2016-06-30": -38.9, "2016-03-31": "-10.30000", "2015-12-31": -38.5, "2015-09-30": 9.7, "2015-06-30": -57, "2015-03-31": "-48.00000", "2014-12-31": -57, "2014-09-30": 7.1, "2014-06-30": -17.6, "2014-03-31": "-26.90000", "2013-12-31": -28.8, "2013-09-30": 14.4, "2013-06-30": -23.2, "2013-03-31": "-13.00000", "2012-12-31": -11.2, "2012-09-30": -10.4, "2012-06-30": -1.5, "2012-03-31": "-36.90000", "2011-12-31": 17.8, "2011-09-30": -46.3, "2011-06-30": -24.6, "2011-03-31": "-11.10000", "2010-12-31": -19, "2010-09-30": 12.6, "2010-06-30": 2.2, "2010-03-31": "-1.50000", "2009-12-31": -30.6, "2009-09-30": 53.6, "2009-06-30": -39.4, "2009-03-31": "7.30000", "2008-12-31": -30.6, "2008-09-30": 5.5, "2008-06-30": -23.5, "2008-03-31": "-11.90000", "2007-12-31": -179.4, "2007-09-30": 0, "2007-06-30": 0, "2007-03-31": "", "2006-12-31": -272.6, "2006-09-30": 0, "2006-06-30": 0, "2006-03-31": "", "2005-12-31": -236.2, "2005-09-30": 0, "2005-06-30": 0, "2005-03-31": ""}, "Cash Flow From Operating Activities": {"2020-12-31": 279.7, "2020-09-30": 173.4, "2020-06-30": 222.3, "2020-03-31": "29.30000", "2019-12-31": 215.6, "2019-09-30": 114.4, "2019-06-30": 145.4, "2019-03-31": "159.90000", "2018-12-31": 178.4, "2018-09-30": 198.5, "2018-06-30": 169.2, "2018-03-31": "216.30000", "2017-12-31": 151.4, "2017-09-30": 174.9, "2017-06-30": 151.2, "2017-03-31": "180.80000", "2016-12-31": 140.8, "2016-09-30": 177.6, "2016-06-30": 152.2, "2016-03-31": "169.60000", "2015-12-31": 133.8, "2015-09-30": 163.3, "2015-06-30": 102.9, "2015-03-31": "102.00000", "2014-12-31": 70.2, "2014-09-30": 139.6, "2014-06-30": 128, "2014-03-31": "107.10000", "2013-12-31": 100.9, "2013-09-30": 142.6, "2013-06-30": 105.4, "2013-03-31": "121.40000", "2012-12-31": 109.3, "2012-09-30": 107.2, "2012-06-30": 114, "2012-03-31": "81.00000", "2011-12-31": 129.5, "2011-09-30": 55.1, "2011-06-30": 68.6, "2011-03-31": "89.50000", "2010-12-31": 67.1, "2010-09-30": 90.8, "2010-06-30": 88.3, "2010-03-31": "84.80000", "2009-12-31": 44, "2009-09-30": 132.9, "2009-06-30": 46.1, "2009-03-31": "183.10000", "2008-12-31": 77.9, "2008-09-30": 82.3, "2008-06-30": 25.2, "2008-03-31": "41.80000", "2007-12-31": 369.7, "2007-09-30": -34.1, "2007-06-30": -102.9, "2007-03-31": "-2.10000", "2006-12-31": -50.3, "2006-09-30": -21.1, "2006-06-30": 14.9, "2006-03-31": "-73.10000", "2005-12-31": -115.262, "2005-09-30": 108.923, "2005-06-30": -36.931, "2005-03-31": "16.57000"}, "Net Change In Property, Plant, And Equipment": {"2020-12-31": -148.5, "2020-09-30": -85.2, "2020-06-30": -87.5, "2020-03-31": "-83.50000", "2019-12-31": -125.5, "2019-09-30": -97.5, "2019-06-30": -90.1, "2019-03-31": "-72.30000", "2018-12-31": -85.8, "2018-09-30": -66.2, "2018-06-30": -58.6, "2018-03-31": "-59.90000", "2017-12-31": -74.7, "2017-09-30": -60.7, "2017-06-30": -68.4, "2017-03-31": "-41.20000", "2016-12-31": -47.6, "2016-09-30": -44.8, "2016-06-30": -47.5, "2016-03-31": "-39.10000", "2015-12-31": -46.6, "2015-09-30": -44.4, "2015-06-30": -34.9, "2015-03-31": "-26.60000", "2014-12-31": -41.2, "2014-09-30": -46, "2014-06-30": -36.9, "2014-03-31": "-63.60000", "2013-12-31": -34.1, "2013-09-30": -101.5, "2013-06-30": -42.7, "2013-03-31": "-38.20000", "2012-12-31": -31.5, "2012-09-30": -33.8, "2012-06-30": -60.3, "2012-03-31": "-34.10000", "2011-12-31": -47.2, "2011-09-30": -26.4, "2011-06-30": -22.5, "2011-03-31": "-13.00000", "2010-12-31": -20.5, "2010-09-30": -19.7, "2010-06-30": -15.1, "2010-03-31": "-14.00000", "2009-12-31": -9.1, "2009-09-30": -19.8, "2009-06-30": -17.3, "2009-03-31": "-17.10000", "2008-12-31": -16.2, "2008-09-30": -14.5, "2008-06-30": -6.3, "2008-03-31": "35.20000", "2007-12-31": -13.2, "2007-09-30": -9.7, "2007-06-30": -9, "2007-03-31": "-6.00000", "2006-12-31": -9.4, "2006-09-30": -21.2, "2006-06-30": -17.4, "2006-03-31": "-4.00000", "2005-12-31": 19.008, "2005-09-30": -34.16, "2005-06-30": -22.729, "2005-03-31": "-25.01900"}, "Net Change In Intangible Assets": {"2020-12-31": 5.7, "2020-09-30": -5.7, "2020-06-30": 0, "2020-03-31": "", "2019-12-31": -9.5, "2019-09-30": -9.2, "2019-06-30": 0, "2019-03-31": "", "2018-12-31": -5.7, "2018-09-30": 0, "2018-06-30": 0, "2018-03-31": "", "2017-12-31": -3.7, "2017-09-30": 0, "2017-06-30": 0, "2017-03-31": "", "2016-12-31": 0, "2016-09-30": 0, "2016-06-30": 0, "2016-03-31": "", "2015-12-31": 0, "2015-09-30": 0, "2015-06-30": 0, "2015-03-31": "", "2014-12-31": 0, "2014-09-30": 0, "2014-06-30": 0, "2014-03-31": "", "2013-12-31": 0, "2013-09-30": 0, "2013-06-30": 0, "2013-03-31": "", "2012-12-31": 0, "2012-09-30": 0, "2012-06-30": 0, "2012-03-31": "", "2011-12-31": 0, "2011-09-30": 0, "2011-06-30": 2, "2011-03-31": "-2.00000", "2010-12-31": 0, "2010-09-30": 0, "2010-06-30": 0, "2010-03-31": "", "2009-12-31": -8, "2009-09-30": 0, "2009-06-30": 0, "2009-03-31": "", "2008-12-31": 0, "2008-09-30": -18.2, "2008-06-30": 0, "2008-03-31": "", "2007-12-31": -0.1, "2007-09-30": 0, "2007-06-30": 0, "2007-03-31": "", "2006-12-31": -9, "2006-09-30": 0, "2006-06-30": 0, "2006-03-31": "", "2005-12-31": 0, "2005-09-30": 0, "2005-06-30": 0, "2005-03-31": ""}, "Net Acquisitions/Divestitures": {"2020-12-31": -3.5, "2020-09-30": 0, "2020-06-30": 0, "2020-03-31": "-1.10000", "2019-12-31": -0.3, "2019-09-30": -217.5, "2019-06-30": 0, "2019-03-31": "-13.70000", "2018-12-31": -8.1, "2018-09-30": 0, "2018-06-30": -135.2, "2018-03-31": "-0.60000", "2017-12-31": -2.2, "2017-09-30": -15.7, "2017-06-30": -4.5, "2017-03-31": "-16.40000", "2016-12-31": -28.5, "2016-09-30": -10.2, "2016-06-30": -9.4, "2016-03-31": "", "2015-12-31": -898, "2015-09-30": -9.4, "2015-06-30": -70.4, "2015-03-31": "-7.30000", "2014-12-31": -678.9, "2014-09-30": 0, "2014-06-30": -15.9, "2014-03-31": "", "2013-12-31": 0, "2013-09-30": 10.8, "2013-06-30": -17.9, "2013-03-31": "-11.00000", "2012-12-31": 0, "2012-09-30": -1, "2012-06-30": -2.1, "2012-03-31": "", "2011-12-31": -4.9, "2011-09-30": 0, "2011-06-30": 0, "2011-03-31": "", "2010-12-31": 0, "2010-09-30": -24.2, "2010-06-30": -9.9, "2010-03-31": "", "2009-12-31": 0, "2009-09-30": 0, "2009-06-30": 0, "2009-03-31": "", "2008-12-31": 0, "2008-09-30": -14.6, "2008-06-30": 0, "2008-03-31": "", "2007-12-31": 1169.8, "2007-09-30": 0, "2007-06-30": 0, "2007-03-31": "", "2006-12-31": 0, "2006-09-30": 0, "2006-06-30": 0, "2006-03-31": "", "2005-12-31": 0, "2005-09-30": 0, "2005-06-30": 0, "2005-03-31": ""}, "Net Change In Short-term Investments": {"2020-12-31": 0, "2020-09-30": 0, "2020-06-30": 0, "2020-03-31": "", "2019-12-31": -32.9, "2019-09-30": 0, "2019-06-30": 0, "2019-03-31": "", "2018-12-31": -13.3, "2018-09-30": 0, "2018-06-30": 0, "2018-03-31": "", "2017-12-31": -8.5, "2017-09-30": 0, "2017-06-30": 0, "2017-03-31": "", "2016-12-31": 7.1, "2016-09-30": 4.4, "2016-06-30": -8.3, "2016-03-31": "-3.20000", "2015-12-31": -0.5, "2015-09-30": 2.9, "2015-06-30": 28.1, "2015-03-31": "-15.00000", "2014-12-31": 4.1, "2014-09-30": -3.8, "2014-06-30": 12, "2014-03-31": "-5.50000", "2013-12-31": -20, "2013-09-30": 16.9, "2013-06-30": 0, "2013-03-31": "", "2012-12-31": -21.6, "2012-09-30": 3, "2012-06-30": 4.6, "2012-03-31": "", "2011-12-31": -5.1, "2011-09-30": 1, "2011-06-30": -4.8, "2011-03-31": "10.10000", "2010-12-31": -2.8, "2010-09-30": 16, "2010-06-30": 29.5, "2010-03-31": "-11.40000", "2009-12-31": 20.3, "2009-09-30": -17.9, "2009-06-30": -11, "2009-03-31": "-3.10000", "2008-12-31": -13, "2008-09-30": 3.5, "2008-06-30": 17.9, "2008-03-31": "-0.90000", "2007-12-31": -9.8, "2007-09-30": -1.8, "2007-06-30": -0.2, "2007-03-31": "74.90000", "2006-12-31": 22.8, "2006-09-30": 36, "2006-06-30": 55.7, "2006-03-31": "46.70000", "2005-12-31": 70.079, "2005-09-30": -31.686, "2005-06-30": 33.938, "2005-03-31": "-14.33100"}, "Net Change In Long-Term Investments": {"2020-12-31": -8.7, "2020-09-30": 0, "2020-06-30": 0, "2020-03-31": "", "2019-12-31": 0, "2019-09-30": 0, "2019-06-30": 0, "2019-03-31": "", "2018-12-31": 0, "2018-09-30": 0, "2018-06-30": 0, "2018-03-31": "", "2017-12-31": 0, "2017-09-30": 0, "2017-06-30": 0, "2017-03-31": "", "2016-12-31": -1.2, "2016-09-30": 0, "2016-06-30": 0, "2016-03-31": "", "2015-12-31": -0.6, "2015-09-30": -6.5, "2015-06-30": 0, "2015-03-31": "", "2014-12-31": -1, "2014-09-30": -2.5, "2014-06-30": 0, "2014-03-31": "", "2013-12-31": -1.1, "2013-09-30": -8.1, "2013-06-30": 0, "2013-03-31": "", "2012-12-31": -0.5, "2012-09-30": -4.2, "2012-06-30": -4.4, "2012-03-31": "", "2011-12-31": 0.8, "2011-09-30": 10.8, "2011-06-30": -11.2, "2011-03-31": "-7.60000", "2010-12-31": -0.5, "2010-09-30": -12.2, "2010-06-30": -12.9, "2010-03-31": "-0.40000", "2009-12-31": -1.7, "2009-09-30": -0.5, "2009-06-30": 0.5, "2009-03-31": "-8.50000", "2008-12-31": -4.8, "2008-09-30": 0, "2008-06-30": 0, "2008-03-31": "", "2007-12-31": -11.7, "2007-09-30": -0.8, "2007-06-30": -0.5, "2007-03-31": "-10.00000", "2006-12-31": -1.6, "2006-09-30": -24.2, "2006-06-30": -66.7, "2006-03-31": "-0.70000", "2005-12-31": -45.713, "2005-09-30": -26.352, "2005-06-30": -3.008, "2005-03-31": "4.47300"}, "Net Change In Investments - Total": {"2020-12-31": -8.7, "2020-09-30": 0, "2020-06-30": 0, "2020-03-31": "", "2019-12-31": -32.9, "2019-09-30": 0, "2019-06-30": 0, "2019-03-31": "", "2018-12-31": -13.3, "2018-09-30": 0, "2018-06-30": 0, "2018-03-31": "", "2017-12-31": -8.5, "2017-09-30": 0, "2017-06-30": 0, "2017-03-31": "", "2016-12-31": 5.9, "2016-09-30": 4.4, "2016-06-30": -8.3, "2016-03-31": "-3.20000", "2015-12-31": -1.1, "2015-09-30": -3.6, "2015-06-30": 28.1, "2015-03-31": "-15.00000", "2014-12-31": 3.1, "2014-09-30": -6.3, "2014-06-30": 12, "2014-03-31": "-5.50000", "2013-12-31": -21.1, "2013-09-30": 8.8, "2013-06-30": 0, "2013-03-31": "", "2012-12-31": -22.1, "2012-09-30": -1.2, "2012-06-30": 0.2, "2012-03-31": "", "2011-12-31": -4.3, "2011-09-30": 11.8, "2011-06-30": -16, "2011-03-31": "2.50000", "2010-12-31": -3.3, "2010-09-30": 3.8, "2010-06-30": 16.6, "2010-03-31": "-11.80000", "2009-12-31": 18.6, "2009-09-30": -18.4, "2009-06-30": -10.5, "2009-03-31": "-11.60000", "2008-12-31": -17.8, "2008-09-30": 3.5, "2008-06-30": 17.9, "2008-03-31": "-0.90000", "2007-12-31": -21.5, "2007-09-30": -2.6, "2007-06-30": -0.7, "2007-03-31": "64.90000", "2006-12-31": 21.2, "2006-09-30": 11.8, "2006-06-30": -11, "2006-03-31": "46.00000", "2005-12-31": 24.366, "2005-09-30": -58.038, "2005-06-30": 30.93, "2005-03-31": "-9.85800"}, "Investing Activities - Other": {"2020-12-31": 12.3, "2020-09-30": 1.2, "2020-06-30": -4.6, "2020-03-31": "1.60000", "2019-12-31": 22.5, "2019-09-30": 4.1, "2019-06-30": -10, "2019-03-31": "-5.50000", "2018-12-31": 14.7, "2018-09-30": 0.9, "2018-06-30": -6.6, "2018-03-31": "-0.10000", "2017-12-31": 5.4, "2017-09-30": -3.4, "2017-06-30": 2.5, "2017-03-31": "8.50000", "2016-12-31": -3.4, "2016-09-30": -0.2, "2016-06-30": -0.8, "2016-03-31": "2.80000", "2015-12-31": -4.7, "2015-09-30": 4.7, "2015-06-30": -3.8, "2015-03-31": "3.20000", "2014-12-31": 2.4, "2014-09-30": -3, "2014-06-30": 1.6, "2014-03-31": "1.30000", "2013-12-31": 26.2, "2013-09-30": -13.9, "2013-06-30": 7.1, "2013-03-31": "1.30000", "2012-12-31": -0.9, "2012-09-30": 0, "2012-06-30": 6.8, "2012-03-31": "1.20000", "2011-12-31": -0.9, "2011-09-30": 96.5, "2011-06-30": 10.7, "2011-03-31": "-10.90000", "2010-12-31": -11.3, "2010-09-30": -10.6, "2010-06-30": -5.5, "2010-03-31": "-0.40000", "2009-12-31": -10.1, "2009-09-30": -8.4, "2009-06-30": -19.8, "2009-03-31": "-1.50000", "2008-12-31": 5.9, "2008-09-30": -7.7, "2008-06-30": -5.1, "2008-03-31": "-1.20000", "2007-12-31": -1138.4, "2007-09-30": 56.7, "2007-06-30": 1090.1, "2007-03-31": "4.20000", "2006-12-31": 5.2, "2006-09-30": 29.8, "2006-06-30": 11.7, "2006-03-31": "8.20000", "2005-12-31": -23.625, "2005-09-30": -2.826, "2005-06-30": 2.815, "2005-03-31": "-0.86400"}, "Cash Flow From Investing Activities": {"2020-12-31": -142.7, "2020-09-30": -89.7, "2020-06-30": -92.1, "2020-03-31": "-83.00000", "2019-12-31": -145.7, "2019-09-30": -320.1, "2019-06-30": -100.1, "2019-03-31": "-91.50000", "2018-12-31": -98.2, "2018-09-30": -65.3, "2018-06-30": -200.4, "2018-03-31": "-60.60000", "2017-12-31": -83.7, "2017-09-30": -79.8, "2017-06-30": -70.4, "2017-03-31": "-49.10000", "2016-12-31": -73.6, "2016-09-30": -50.8, "2016-06-30": -66, "2016-03-31": "-39.50000", "2015-12-31": -950.4, "2015-09-30": -52.7, "2015-06-30": -81, "2015-03-31": "-45.70000", "2014-12-31": -714.6, "2014-09-30": -55.3, "2014-06-30": -39.2, "2014-03-31": "-67.80000", "2013-12-31": -29, "2013-09-30": -95.8, "2013-06-30": -53.5, "2013-03-31": "-47.90000", "2012-12-31": -54.5, "2012-09-30": -36, "2012-06-30": -55.4, "2012-03-31": "-32.90000", "2011-12-31": -57.3, "2011-09-30": 81.9, "2011-06-30": -25.8, "2011-03-31": "-23.40000", "2010-12-31": -35.1, "2010-09-30": -50.7, "2010-06-30": -13.9, "2010-03-31": "-26.20000", "2009-12-31": -8.6, "2009-09-30": -46.6, "2009-06-30": -47.6, "2009-03-31": "-30.20000", "2008-12-31": -28.1, "2008-09-30": -51.5, "2008-06-30": 6.5, "2008-03-31": "33.10000", "2007-12-31": -3.4, "2007-09-30": 44.4, "2007-06-30": 1080.4, "2007-03-31": "63.10000", "2006-12-31": 8, "2006-09-30": 20.4, "2006-06-30": -16.7, "2006-03-31": "50.20000", "2005-12-31": 19.749, "2005-09-30": -95.024, "2005-06-30": 11.016, "2005-03-31": "-35.74100"}, "Net Long-Term Debt": {"2020-12-31": -309.4, "2020-09-30": -9.5, "2020-06-30": 220.6, "2020-03-31": "305.00000", "2019-12-31": -364, "2019-09-30": 656.4, "2019-06-30": 188.6, "2019-03-31": "-5.00000", "2018-12-31": -44.4, "2018-09-30": -96.6, "2018-06-30": 37.5, "2018-03-31": "", "2017-12-31": -62.8, "2017-09-30": -44, "2017-06-30": -28.4, "2017-03-31": "-67.00000", "2016-12-31": -353.2, "2016-09-30": -82.4, "2016-06-30": -36.5, "2016-03-31": "-56.30000", "2015-12-31": 167.9, "2015-09-30": 696.8, "2015-06-30": -150.2, "2015-03-31": "132.10000", "2014-12-31": 472, "2014-09-30": 154.3, "2014-06-30": -26.7, "2014-03-31": "-3.30000", "2013-12-31": -62.6, "2013-09-30": -22.8, "2013-06-30": -49, "2013-03-31": "122.00000", "2012-12-31": -68.1, "2012-09-30": 75.2, "2012-06-30": -35.4, "2012-03-31": "15.00000", "2011-12-31": -73, "2011-09-30": -132.4, "2011-06-30": -110, "2011-03-31": "49.30000", "2010-12-31": -144.4, "2010-09-30": -7.8, "2010-06-30": -7.5, "2010-03-31": "-3.50000", "2009-12-31": -44.3, "2009-09-30": -5.3, "2009-06-30": -24.7, "2009-03-31": "-82.80000", "2008-12-31": -59.4, "2008-09-30": -19.3, "2008-06-30": -168.5, "2008-03-31": "-5.00000", "2007-12-31": -346.9, "2007-09-30": -9.2, "2007-06-30": -938, "2007-03-31": "-38.30000", "2006-12-31": 95.5996, "2006-09-30": -8.5, "2006-06-30": -30, "2006-03-31": "-303.39990", "2005-12-31": 6.273, "2005-09-30": -4.036, "2005-06-30": -56.322, "2005-03-31": "-8.41500"}, "Net Current Debt": {"2020-12-31": 0, "2020-09-30": 0, "2020-06-30": 0, "2020-03-31": "", "2019-12-31": 0, "2019-09-30": 0, "2019-06-30": 0, "2019-03-31": "", "2018-12-31": 0, "2018-09-30": 0, "2018-06-30": 0, "2018-03-31": "", "2017-12-31": 0, "2017-09-30": 0, "2017-06-30": 0, "2017-03-31": "", "2016-12-31": 335, "2016-09-30": 0, "2016-06-30": 0, "2016-03-31": "", "2015-12-31": 0, "2015-09-30": 0, "2015-06-30": 0, "2015-03-31": "", "2014-12-31": 0, "2014-09-30": 0, "2014-06-30": 0, "2014-03-31": "", "2013-12-31": 0, "2013-09-30": 0, "2013-06-30": 0, "2013-03-31": "", "2012-12-31": 0, "2012-09-30": 0, "2012-06-30": 0, "2012-03-31": "", "2011-12-31": 0, "2011-09-30": 0, "2011-06-30": 0, "2011-03-31": "", "2010-12-31": 0, "2010-09-30": 0, "2010-06-30": 0, "2010-03-31": "", "2009-12-31": 0, "2009-09-30": 0, "2009-06-30": 0, "2009-03-31": "", "2008-12-31": 0, "2008-09-30": 0, "2008-06-30": 0, "2008-03-31": "", "2007-12-31": 0, "2007-09-30": 0, "2007-06-30": 0, "2007-03-31": "", "2006-12-31": 0, "2006-09-30": 0, "2006-06-30": 0, "2006-03-31": "", "2005-12-31": 0, "2005-09-30": 0, "2005-06-30": 0, "2005-03-31": ""}, "Debt Issuance/Retirement Net - Total": {"2020-12-31": -309.4, "2020-09-30": -9.5, "2020-06-30": 220.6, "2020-03-31": "305.00000", "2019-12-31": -364, "2019-09-30": 656.4, "2019-06-30": 188.6, "2019-03-31": "-5.00000", "2018-12-31": -44.4, "2018-09-30": -96.6, "2018-06-30": 37.5, "2018-03-31": "", "2017-12-31": -62.8, "2017-09-30": -44, "2017-06-30": -28.4, "2017-03-31": "-67.00000", "2016-12-31": -18.2, "2016-09-30": -82.4, "2016-06-30": -36.5, "2016-03-31": "-56.30000", "2015-12-31": 167.9, "2015-09-30": 696.8, "2015-06-30": -150.2, "2015-03-31": "132.10000", "2014-12-31": 472, "2014-09-30": 154.3, "2014-06-30": -26.7, "2014-03-31": "-3.30000", "2013-12-31": -62.6, "2013-09-30": -22.8, "2013-06-30": -49, "2013-03-31": "122.00000", "2012-12-31": -68.1, "2012-09-30": 75.2, "2012-06-30": -35.4, "2012-03-31": "15.00000", "2011-12-31": -73, "2011-09-30": -132.4, "2011-06-30": -110, "2011-03-31": "49.30000", "2010-12-31": -144.4, "2010-09-30": -7.8, "2010-06-30": -7.5, "2010-03-31": "-3.50000", "2009-12-31": -44.3, "2009-09-30": -5.3, "2009-06-30": -24.7, "2009-03-31": "-82.80000", "2008-12-31": -59.4, "2008-09-30": -19.3, "2008-06-30": -168.5, "2008-03-31": "-5.00000", "2007-12-31": -346.9, "2007-09-30": -9.2, "2007-06-30": -938, "2007-03-31": "-38.30000", "2006-12-31": 95.5996, "2006-09-30": -8.5, "2006-06-30": -30, "2006-03-31": "-303.39990", "2005-12-31": 6.273, "2005-09-30": -4.036, "2005-06-30": -56.322, "2005-03-31": "-8.41500"}, "Net Common Equity Issued/Repurchased": {"2020-12-31": 4.9, "2020-09-30": 0, "2020-06-30": -4.9, "2020-03-31": "", "2019-12-31": 0, "2019-09-30": -2.1, "2019-06-30": -43.8, "2019-03-31": "", "2018-12-31": 0, "2018-09-30": 0, "2018-06-30": 0, "2018-03-31": "", "2017-12-31": 0, "2017-09-30": -20, "2017-06-30": 0, "2017-03-31": "8.50000", "2016-12-31": -41.5, "2016-09-30": 0, "2016-06-30": -11.2, "2016-03-31": "-12.90000", "2015-12-31": -45.3, "2015-09-30": 0, "2015-06-30": 0, "2015-03-31": "", "2014-12-31": 0, "2014-09-30": 0, "2014-06-30": -23.1, "2014-03-31": "-20.00000", "2013-12-31": 15.3, "2013-09-30": 0, "2013-06-30": -1.5, "2013-03-31": "-232.60000", "2012-12-31": -0.4, "2012-09-30": 0.4, "2012-06-30": 0, "2012-03-31": "", "2011-12-31": 0, "2011-09-30": 0, "2011-06-30": 0, "2011-03-31": "", "2010-12-31": 0, "2010-09-30": 0, "2010-06-30": 0, "2010-03-31": "", "2009-12-31": 0, "2009-09-30": 0, "2009-06-30": 0, "2009-03-31": "", "2008-12-31": 0, "2008-09-30": 0, "2008-06-30": 150.2, "2008-03-31": "", "2007-12-31": 0, "2007-09-30": 0, "2007-06-30": 0, "2007-03-31": "", "2006-12-31": 0, "2006-09-30": 0, "2006-06-30": 0, "2006-03-31": "", "2005-12-31": -0.247, "2005-09-30": 0.247, "2005-06-30": 0, "2005-03-31": ""}, "Net Total Equity Issued/Repurchased": {"2020-12-31": -1.2, "2020-09-30": 0, "2020-06-30": -4.9, "2020-03-31": "", "2019-12-31": 0, "2019-09-30": -2.1, "2019-06-30": -43.8, "2019-03-31": "", "2018-12-31": 0, "2018-09-30": 0, "2018-06-30": 0, "2018-03-31": "", "2017-12-31": 0, "2017-09-30": -20, "2017-06-30": 0, "2017-03-31": "8.50000", "2016-12-31": -41.5, "2016-09-30": 0, "2016-06-30": -11.2, "2016-03-31": "-12.90000", "2015-12-31": -45.3, "2015-09-30": 0, "2015-06-30": 0, "2015-03-31": "", "2014-12-31": 0, "2014-09-30": 0, "2014-06-30": -23.1, "2014-03-31": "-20.00000", "2013-12-31": 15.3, "2013-09-30": 0, "2013-06-30": -1.5, "2013-03-31": "-232.60000", "2012-12-31": -0.4, "2012-09-30": 0.4, "2012-06-30": -21.3, "2012-03-31": "-24.70000", "2011-12-31": 0, "2011-09-30": 0, "2011-06-30": 0, "2011-03-31": "", "2010-12-31": 0, "2010-09-30": 0, "2010-06-30": 0, "2010-03-31": "", "2009-12-31": 0, "2009-09-30": 0, "2009-06-30": 0, "2009-03-31": "", "2008-12-31": 0, "2008-09-30": 0, "2008-06-30": 150.2, "2008-03-31": "", "2007-12-31": 0, "2007-09-30": 0, "2007-06-30": 0, "2007-03-31": "", "2006-12-31": 0, "2006-09-30": 0, "2006-06-30": 0, "2006-03-31": "400.00000", "2005-12-31": -0.247, "2005-09-30": 0.247, "2005-06-30": 0, "2005-03-31": ""}, "Total Common And Preferred Stock Dividends Paid": {"2020-12-31": -27.6, "2020-09-30": -27.6, "2020-06-30": -27.7, "2020-03-31": "-29.00000", "2019-12-31": -27.4, "2019-09-30": -26.4, "2019-06-30": -26.6, "2019-03-31": "-28.30000", "2018-12-31": -26.4, "2018-09-30": -24.5, "2018-06-30": -24.5, "2018-03-31": "-25.40000", "2017-12-31": -24.5, "2017-09-30": -23.5, "2017-06-30": -21.3, "2017-03-31": "-22.20000", "2016-12-31": -21.4, "2016-09-30": -20.5, "2016-06-30": -20.6, "2016-03-31": "-21.30000", "2015-12-31": -20.9, "2015-09-30": -16.1, "2015-06-30": -20, "2015-03-31": "-20.20000", "2014-12-31": -20, "2014-09-30": -17.4, "2014-06-30": -17.3, "2014-03-31": "-17.40000", "2013-12-31": -21.5, "2013-09-30": -5.7, "2013-06-30": -5.8, "2013-03-31": "-5.70000", "2012-12-31": -5.7, "2012-09-30": -5.8, "2012-06-30": -6.3, "2012-03-31": "-6.80000", "2011-12-31": -6.5, "2011-09-30": -6.5, "2011-06-30": -6.5, "2011-03-31": "-6.50000", "2010-12-31": -6.5, "2010-09-30": -6.5, "2010-06-30": -6.5, "2010-03-31": "-6.50000", "2009-12-31": -6.5, "2009-09-30": -6.5, "2009-06-30": -6.5, "2009-03-31": "-6.50000", "2008-12-31": -6.5, "2008-09-30": -6.5, "2008-06-30": -6.5, "2008-03-31": "-6.50000", "2007-12-31": -6.5, "2007-09-30": -6.5, "2007-06-30": -6.5, "2007-03-31": "-6.50000", "2006-12-31": -6.5, "2006-09-30": -9.2, "2006-06-30": 0, "2006-03-31": "", "2005-12-31": 0, "2005-09-30": 0, "2005-06-30": 0, "2005-03-31": ""}, "Financial Activities - Other": {"2020-12-31": -16, "2020-09-30": -8.5, "2020-06-30": -5.2, "2020-03-31": "-204.90000", "2019-12-31": -32.7, "2019-09-30": -196.1, "2019-06-30": 4, "2019-03-31": "-48.40000", "2018-12-31": 3.1, "2018-09-30": -15.9, "2018-06-30": -12.8, "2018-03-31": "-91.30000", "2017-12-31": -2, "2017-09-30": -13.3, "2017-06-30": -13.8, "2017-03-31": "-25.60000", "2016-12-31": -7, "2016-09-30": -17.8, "2016-06-30": -20.8, "2016-03-31": "-28.00000", "2015-12-31": -25.1, "2015-09-30": -35.2, "2015-06-30": -14.5, "2015-03-31": "-26.60000", "2014-12-31": -13.2, "2014-09-30": -14.7, "2014-06-30": -9, "2014-03-31": "-10.00000", "2013-12-31": -3.6, "2013-09-30": -22, "2013-06-30": -7, "2013-03-31": "-9.90000", "2012-12-31": -11, "2012-09-30": -18.9, "2012-06-30": 1.2, "2012-03-31": "-17.40000", "2011-12-31": -10.2, "2011-09-30": -10.7, "2011-06-30": -7, "2011-03-31": "-16.30000", "2010-12-31": -23, "2010-09-30": -7.9, "2010-06-30": -4.7, "2010-03-31": "-12.70000", "2009-12-31": -20.9, "2009-09-30": -7, "2009-06-30": -8.2, "2009-03-31": "-5.10000", "2008-12-31": 23.3, "2008-09-30": -47.2, "2008-06-30": -1.2, "2008-03-31": "-22.90000", "2007-12-31": -9.9, "2007-09-30": -3.2, "2007-06-30": -52.2, "2007-03-31": "-12.90000", "2006-12-31": -40.8, "2006-09-30": -6, "2006-06-30": -49.1, "2006-03-31": "-111.90000", "2005-12-31": 0.54, "2005-09-30": -19.204, "2005-06-30": -11.067, "2005-03-31": "-56.16900"}, "Cash Flow From Financial Activities": {"2020-12-31": -354.2, "2020-09-30": -45.6, "2020-06-30": 182.8, "2020-03-31": "71.10000", "2019-12-31": -424.1, "2019-09-30": 431.8, "2019-06-30": 122.2, "2019-03-31": "-81.70000", "2018-12-31": -67.7, "2018-09-30": -137, "2018-06-30": 0.2, "2018-03-31": "-116.70000", "2017-12-31": -89.3, "2017-09-30": -100.8, "2017-06-30": -63.5, "2017-03-31": "-106.30000", "2016-12-31": -88.1, "2016-09-30": -120.7, "2016-06-30": -89.1, "2016-03-31": "-118.50000", "2015-12-31": 76.6, "2015-09-30": 645.5, "2015-06-30": -184.7, "2015-03-31": "85.30000", "2014-12-31": 438.8, "2014-09-30": 122.2, "2014-06-30": -76.1, "2014-03-31": "-50.70000", "2013-12-31": -72.4, "2013-09-30": -50.5, "2013-06-30": -63.3, "2013-03-31": "-126.20000", "2012-12-31": -85.2, "2012-09-30": 50.9, "2012-06-30": -61.8, "2012-03-31": "-33.90000", "2011-12-31": -89.7, "2011-09-30": -149.6, "2011-06-30": -123.5, "2011-03-31": "26.50000", "2010-12-31": -173.9, "2010-09-30": -22.2, "2010-06-30": -18.7, "2010-03-31": "-22.70000", "2009-12-31": -71.7, "2009-09-30": -18.8, "2009-06-30": -39.4, "2009-03-31": "-94.40000", "2008-12-31": -42.6, "2008-09-30": -73, "2008-06-30": -26, "2008-03-31": "-34.40000", "2007-12-31": -363.3, "2007-09-30": -18.9, "2007-06-30": -996.7, "2007-03-31": "-57.70000", "2006-12-31": 48.3, "2006-09-30": -23.7, "2006-06-30": -79.1, "2006-03-31": "-15.30000", "2005-12-31": 6.566, "2005-09-30": -22.993, "2005-06-30": -67.389, "2005-03-31": "-64.58400"}, "Net Cash Flow": {"2020-12-31": -217.2, "2020-09-30": 38.1, "2020-06-30": 313, "2020-03-31": "17.40000", "2019-12-31": -354.2, "2019-09-30": 226.1, "2019-06-30": 167.5, "2019-03-31": "-13.30000", "2018-12-31": 12.5, "2018-09-30": -3.8, "2018-06-30": -31, "2018-03-31": "39.00000", "2017-12-31": -21.6, "2017-09-30": -5.7, "2017-06-30": 17.3, "2017-03-31": "25.40000", "2016-12-31": -20.9, "2016-09-30": 6.1, "2016-06-30": -2.9, "2016-03-31": "11.60000", "2015-12-31": -740, "2015-09-30": 756.1, "2015-06-30": -162.8, "2015-03-31": "141.60000", "2014-12-31": -205.6, "2014-09-30": 206.5, "2014-06-30": 12.7, "2014-03-31": "-11.40000", "2013-12-31": -0.5, "2013-09-30": -3.7, "2013-06-30": -11.4, "2013-03-31": "-52.70000", "2012-12-31": -30.4, "2012-09-30": 122.1, "2012-06-30": -3.2, "2012-03-31": "14.20000", "2011-12-31": -17.6, "2011-09-30": -12.5, "2011-06-30": -80.7, "2011-03-31": "92.60000", "2010-12-31": -142.1, "2010-09-30": 18.1, "2010-06-30": 55.7, "2010-03-31": "35.90000", "2009-12-31": -36, "2009-09-30": 67.4, "2009-06-30": -41, "2009-03-31": "58.60000", "2008-12-31": 6.9, "2008-09-30": -42.3, "2008-06-30": 6.8, "2008-03-31": "40.60000", "2007-12-31": -10.2, "2007-09-30": -5, "2007-06-30": -4.7, "2007-03-31": "-1.50000", "2006-12-31": 5.8, "2006-09-30": -35, "2006-06-30": -58.6, "2006-03-31": "-49.60000", "2005-12-31": -77.045, "2005-09-30": -5.244, "2005-06-30": -95.178, "2005-03-31": "-81.03300"}, "Stock-Based Compensation": {"2020-12-31": 4.2, "2020-09-30": 8.3, "2020-06-30": 9.9, "2020-03-31": "7.10000", "2019-12-31": 27.4, "2019-09-30": 21.7, "2019-06-30": 45.9, "2019-03-31": "19.40000", "2018-12-31": 20.3, "2018-09-30": 18.1, "2018-06-30": 21.4, "2018-03-31": "26.10000", "2017-12-31": 9.8, "2017-09-30": 9.2, "2017-06-30": 20.7, "2017-03-31": "8.00000", "2016-12-31": 10, "2016-09-30": 4.3, "2016-06-30": 8.6, "2016-03-31": "4.50000", "2015-12-31": 4.4, "2015-09-30": 6.2, "2015-06-30": 6.2, "2015-03-31": "9.40000", "2014-12-31": 4.6, "2014-09-30": 5, "2014-06-30": 7, "2014-03-31": "7.30000", "2013-12-31": 5.8, "2013-09-30": 6.2, "2013-06-30": 6.5, "2013-03-31": "6.30000", "2012-12-31": 6, "2012-09-30": 6.1, "2012-06-30": 5.9, "2012-03-31": "6.10000", "2011-12-31": 5.9, "2011-09-30": 4.9, "2011-06-30": 5.3, "2011-03-31": "4.20000", "2010-12-31": 5.2, "2010-09-30": 3.4, "2010-06-30": 4, "2010-03-31": "3.80000", "2009-12-31": 3.5, "2009-09-30": 3.3, "2009-06-30": 2.9, "2009-03-31": "3.70000", "2008-12-31": 3.2, "2008-09-30": 2.5, "2008-06-30": 2.7, "2008-03-31": "3.30000", "2007-12-31": 8.9, "2007-09-30": 0, "2007-06-30": 0, "2007-03-31": "", "2006-12-31": 12.1, "2006-09-30": 0, "2006-06-30": 0, "2006-03-31": "", "2005-12-31": 0, "2005-09-30": 0, "2005-06-30": 0, "2005-03-31": ""}, "Common Stock Dividends Paid": {"2020-12-31": -27.6, "2020-09-30": -27.6, "2020-06-30": -27.7, "2020-03-31": "-29.00000", "2019-12-31": -27.4, "2019-09-30": -26.4, "2019-06-30": -26.6, "2019-03-31": "-28.30000", "2018-12-31": -26.4, "2018-09-30": -24.5, "2018-06-30": -24.5, "2018-03-31": "-25.40000", "2017-12-31": -24.5, "2017-09-30": -23.5, "2017-06-30": -21.3, "2017-03-31": "-22.20000", "2016-12-31": -21.4, "2016-09-30": -20.5, "2016-06-30": -20.6, "2016-03-31": "-21.30000", "2015-12-31": -20.9, "2015-09-30": -19.2, "2015-06-30": -18.5, "2015-03-31": "-18.60000", "2014-12-31": -18.4, "2014-09-30": -15.8, "2014-06-30": -15.8, "2014-03-31": "-15.80000", "2013-12-31": -15.7, "2013-09-30": 0, "2013-06-30": 0, "2013-03-31": "", "2012-12-31": 0, "2012-09-30": 0, "2012-06-30": 0, "2012-03-31": "", "2011-12-31": 0, "2011-09-30": 0, "2011-06-30": 0, "2011-03-31": "", "2010-12-31": 0, "2010-09-30": 0, "2010-06-30": 0, "2010-03-31": "", "2009-12-31": 0, "2009-09-30": 0, "2009-06-30": 0, "2009-03-31": "", "2008-12-31": 0, "2008-09-30": 0, "2008-06-30": 0, "2008-03-31": "", "2007-12-31": 0, "2007-09-30": 0, "2007-06-30": 0, "2007-03-31": "", "2006-12-31": 0, "2006-09-30": 0, "2006-06-30": 0, "2006-03-31": "", "2005-12-31": 0, "2005-09-30": 0, "2005-06-30": 0, "2005-03-31": ""}}, "financial ratios": {"Current Ratio": {"2019-12-31": "1.04830", "2018-12-31": "0.98450", "2017-12-31": "1.35690", "2016-12-31": "1.37620", "2015-12-31": "1.40410", "2014-12-31": "1.88470", "2013-12-31": "1.86260", "2012-12-31": "2.11630", "2011-12-31": "1.56960", "2010-12-31": "1.13050", "2009-12-31": "1.08900", "2008-12-31": "0.91490", "2007-12-31": "0.65680", "2006-12-31": "0.69780", "2005-12-31": "0.78780"}, "Long-term Debt / Capital": {"2019-12-31": "0.64100", "2018-12-31": "0.61420", "2017-12-31": "0.64590", "2016-12-31": "0.76240", "2015-12-31": "0.80090", "2014-12-31": "0.77140", "2013-12-31": "0.76260", "2012-12-31": "0.75450", "2011-12-31": "0.85970", "2010-12-31": "1.00150", "2009-12-31": "2.20740", "2008-12-31": "2.54780", "2007-12-31": "4.70210", "2006-12-31": "2.88570", "2005-12-31": "1.84310"}, "Debt/Equity Ratio": {"2019-12-31": "1.80890", "2018-12-31": "1.61490", "2017-12-31": "1.84730", "2016-12-31": "3.24800", "2015-12-31": "4.06970", "2014-12-31": "3.40790", "2013-12-31": "3.23770", "2012-12-31": "3.10660", "2011-12-31": "6.22370", "2010-12-31": "-708.90910", "2009-12-31": "-1.91120", "2008-12-31": "-1.71270", "2007-12-31": "-1.61220", "2006-12-31": "-1.85040", "2005-12-31": "-2.53680"}, "Gross Margin": {"2019-12-31": "100.00000", "2018-12-31": "100.00000", "2017-12-31": "100.00000", "2016-12-31": "100.00000", "2015-12-31": "100.00000", "2014-12-31": "100.00000", "2013-12-31": "100.00000", "2012-12-31": "100.00000", "2011-12-31": "100.00000", "2010-12-31": "100.00000", "2009-12-31": "100.00000", "2008-12-31": "100.00000", "2007-12-31": "100.00000", "2006-12-31": "100.00000", "2005-12-31": "100.00000"}, "Operating Margin": {"2019-12-31": "14.87080", "2018-12-31": "14.71960", "2017-12-31": "16.31880", "2016-12-31": "17.81150", "2015-12-31": "16.82770", "2014-12-31": "19.12990", "2013-12-31": "21.46230", "2012-12-31": "19.52780", "2011-12-31": "19.26320", "2010-12-31": "17.55320", "2009-12-31": "14.61150", "2008-12-31": "22.30120", "2007-12-31": "10.98350", "2006-12-31": "6.44060", "2005-12-31": "-4.16930"}, "EBIT Margin": {"2019-12-31": "14.87080", "2018-12-31": "14.71960", "2017-12-31": "16.31880", "2016-12-31": "17.81150", "2015-12-31": "16.82770", "2014-12-31": "19.12990", "2013-12-31": "21.46230", "2012-12-31": "19.52780", "2011-12-31": "19.26320", "2010-12-31": "17.55320", "2009-12-31": "14.61150", "2008-12-31": "22.30120", "2007-12-31": "10.98350", "2006-12-31": "6.44060", "2005-12-31": "-4.16930"}, "EBITDA Margin": {"2019-12-31": "19.71770", "2018-12-31": "19.48190", "2017-12-31": "21.23710", "2016-12-31": "22.92870", "2015-12-31": "21.77040", "2014-12-31": "24.20080", "2013-12-31": "25.89890", "2012-12-31": "23.56550", "2011-12-31": "23.19160", "2010-12-31": "21.48080", "2009-12-31": "18.76860", "2008-12-31": "27.16040", "2007-12-31": "15.77600", "2006-12-31": "12.71600", "2005-12-31": "3.16980"}, "Pre-Tax Profit Margin": {"2019-12-31": "12.21060", "2018-12-31": "11.53060", "2017-12-31": "12.68300", "2016-12-31": "13.23230", "2015-12-31": "12.69700", "2014-12-31": "16.29530", "2013-12-31": "17.58630", "2012-12-31": "15.92580", "2011-12-31": "12.10930", "2010-12-31": "10.20310", "2009-12-31": "6.02270", "2008-12-31": "10.68600", "2007-12-31": "-5.44820", "2006-12-31": "-30.44530", "2005-12-31": "-20.96070"}, "Net Profit Margin": {"2019-12-31": "7.78940", "2018-12-31": "6.83380", "2017-12-31": "6.92660", "2016-12-31": "6.79730", "2015-12-31": "5.82530", "2014-12-31": "9.08480", "2013-12-31": "10.27950", "2012-12-31": "7.50850", "2011-12-31": "9.10810", "2010-12-31": "46.90520", "2009-12-31": "3.85460", "2008-12-31": "12.37500", "2007-12-31": "36.40270", "2006-12-31": "-38.17160", "2005-12-31": "-25.47260"}, "Asset Turnover": {"2019-12-31": "0.75730", "2018-12-31": "0.82650", "2017-12-31": "0.80460", "2016-12-31": "0.77800", "2015-12-31": "0.67640", "2014-12-31": "0.70070", "2013-12-31": "0.88670", "2012-12-31": "0.88070", "2011-12-31": "0.88320", "2010-12-31": "0.78460", "2009-12-31": "1.06150", "2008-12-31": "0.91560", "2007-12-31": "0.84050", "2006-12-31": "0.50450", "2005-12-31": "0.48740"}, "Inventory Turnover Ratio": {"2019-12-31": "", "2018-12-31": "", "2017-12-31": "", "2016-12-31": "", "2015-12-31": "", "2014-12-31": "", "2013-12-31": "", "2012-12-31": "", "2011-12-31": "", "2010-12-31": "", "2009-12-31": "", "2008-12-31": "", "2007-12-31": "", "2006-12-31": "", "2005-12-31": ""}, "Receiveable Turnover": {"2019-12-31": "9.09900", "2018-12-31": "9.14540", "2017-12-31": "8.29040", "2016-12-31": "8.20780", "2015-12-31": "7.59000", "2014-12-31": "7.34620", "2013-12-31": "8.58370", "2012-12-31": "8.56360", "2011-12-31": "9.00310", "2010-12-31": "9.00440", "2009-12-31": "8.12430", "2008-12-31": "4.37990", "2007-12-31": "3.84970", "2006-12-31": "3.81960", "2005-12-31": "4.46660"}, "Days Sales In Receivables": {"2019-12-31": "40.11430", "2018-12-31": "39.91080", "2017-12-31": "44.02680", "2016-12-31": "44.47020", "2015-12-31": "48.08950", "2014-12-31": "49.68540", "2013-12-31": "42.52270", "2012-12-31": "42.62240", "2011-12-31": "40.54140", "2010-12-31": "40.53590", "2009-12-31": "44.92720", "2008-12-31": "83.33450", "2007-12-31": "94.81320", "2006-12-31": "95.56090", "2005-12-31": "81.71800"}, "ROE - Return On Equity": {"2019-12-31": "26.36580", "2018-12-31": "24.03980", "2017-12-31": "25.12540", "2016-12-31": "34.25220", "2015-12-31": "32.55490", "2014-12-31": "44.58430", "2013-12-31": "81.60870", "2012-12-31": "57.34820", "2011-12-31": "102.08330", "2010-12-31": "-42306.37000", "2009-12-31": "-12.29950", "2008-12-31": "-24.42970", "2007-12-31": "-10.49860", "2006-12-31": "24.65440", "2005-12-31": "25.09250"}, "Return On Tangible Equity": {"2019-12-31": "-41.01430", "2018-12-31": "-37.91530", "2017-12-31": "-35.76460", "2016-12-31": "-22.56350", "2015-12-31": "-16.57950", "2014-12-31": "-35.84220", "2013-12-31": "-500.65430", "2012-12-31": "-216.26170", "2011-12-31": "-74.08200", "2010-12-31": "-193.49280", "2009-12-31": "-8.11760", "2008-12-31": "-17.19870", "2007-12-31": "-8.21460", "2006-12-31": "20.54860", "2005-12-31": "15.44180"}, "ROA - Return On Assets": {"2019-12-31": "7.34130", "2018-12-31": "7.23290", "2017-12-31": "7.20730", "2016-12-31": "6.79430", "2015-12-31": "5.50790", "2014-12-31": "8.15160", "2013-12-31": "15.09230", "2012-12-31": "9.54540", "2011-12-31": "9.06130", "2010-12-31": "39.23530", "2009-12-31": "6.56560", "2008-12-31": "13.29200", "2007-12-31": "7.95860", "2006-12-31": "-16.02600", "2005-12-31": "-10.76220"}, "ROI - Return On Investment": {"2019-12-31": "9.46480", "2018-12-31": "9.27500", "2017-12-31": "8.89670", "2016-12-31": "8.13970", "2015-12-31": "6.48190", "2014-12-31": "10.19230", "2013-12-31": "19.37790", "2012-12-31": "14.08060", "2011-12-31": "14.31750", "2010-12-31": "62.27080", "2009-12-31": "14.85070", "2008-12-31": "37.81320", "2007-12-31": "38.86640", "2006-12-31": "-46.49120", "2005-12-31": "-21.15570"}, "Book Value Per Share": {"2019-12-31": "17.17260", "2018-12-31": "15.73900", "2017-12-31": "14.19450", "2016-12-31": "10.44310", "2015-12-31": "8.64640", "2014-12-31": "7.05670", "2013-12-31": "5.32650", "2012-12-31": "4.21690", "2011-12-31": "2.11660", "2010-12-31": "-0.02350", "2009-12-31": "-9.62240", "2008-12-31": "-12.35190", "2007-12-31": "-19.74920", "2006-12-31": "-27.75930", "2005-12-31": "-19.36960"}, "Operating Cash Flow Per Share": {"2019-12-31": -1.248, "2018-12-31": 1.0099, "2017-12-31": 0.1952, "2016-12-31": 1.4639, "2015-12-31": 0.5522, "2014-12-31": -0.1882, "2013-12-31": 0.7996, "2012-12-31": 0.6684, "2011-12-31": 0.0876, "2010-12-31": -0.8806, "2009-12-31": 1.5745, "2008-12-31": -0.1497, "2007-12-31": 3.9417, "2006-12-31": -1.0998, "2005-12-31": -0.3354}, "Free Cash Flow Per Share": {"2019-12-31": -2.4148, "2018-12-31": 0.7668, "2017-12-31": -0.4731, "2016-12-31": 1.1748, "2015-12-31": 0.9063, "2014-12-31": 0.0683, "2013-12-31": 0.1565, "2012-12-31": 0.1901, "2011-12-31": -0.2728, "2010-12-31": -0.9065, "2009-12-31": 0.9803, "2008-12-31": 0.2436, "2007-12-31": 4.1057, "2006-12-31": -0.8855, "2005-12-31": -1.1256}}, "financial ratios, quarterly": {"Current Ratio": {"2020-09-30": "1.72070", "2020-06-30": "1.65820", "2020-03-31": "1.33830", "2019-12-31": "1.04830", "2019-09-30": "0.97190", "2019-06-30": "1.12220", "2019-03-31": "0.88870", "2018-12-31": "0.98450", "2018-09-30": "1.04660", "2018-06-30": "1.17020", "2018-03-31": "1.23860", "2017-12-31": "1.35690", "2017-09-30": "1.34470", "2017-06-30": "1.40580", "2017-03-31": "1.40020", "2016-12-31": "1.37620", "2016-09-30": "1.39920", "2016-06-30": "1.43650", "2016-03-31": "1.36290", "2015-12-31": "1.40410", "2015-09-30": "3.62490", "2015-06-30": "1.95390", "2015-03-31": "1.74040", "2014-12-31": "1.88470", "2014-09-30": "1.52130", "2014-06-30": "1.94090", "2014-03-31": "1.93770", "2013-12-31": "1.86260", "2013-09-30": "1.84450", "2013-06-30": "1.89830", "2013-03-31": "1.88420", "2012-12-31": "2.11630", "2012-09-30": "1.45260", "2012-06-30": "1.30780", "2012-03-31": "1.36990", "2011-12-31": "1.56960", "2011-09-30": "1.42450", "2011-06-30": "1.34280", "2011-03-31": "1.54310", "2010-12-31": "1.13050", "2010-09-30": "1.31870", "2010-06-30": "1.28740", "2010-03-31": "1.23070", "2009-12-31": "1.08900", "2009-09-30": "1.08010", "2009-06-30": "0.88970", "2009-03-31": "0.92440", "2008-12-31": "0.91490", "2008-09-30": "0.74670", "2008-06-30": "0.80780", "2008-03-31": "0.76490", "2007-12-31": "0.65680", "2007-09-30": "0.65610", "2007-06-30": "0.59610", "2007-03-31": "0.68090", "2006-12-31": "0.69780", "2006-09-30": "0.63110", "2006-06-30": "0.69760", "2006-03-31": "0.78520", "2005-12-31": "0.78780", "2005-09-30": "", "2005-06-30": "", "2005-03-31": ""}, "Long-term Debt / Capital": {"2020-09-30": "0.65120", "2020-06-30": "0.65950", "2020-03-31": "0.64890", "2019-12-31": "0.64100", "2019-09-30": "0.63930", "2019-06-30": "0.63200", "2019-03-31": "0.60940", "2018-12-31": "0.61420", "2018-09-30": "0.61260", "2018-06-30": "0.63400", "2018-03-31": "0.63850", "2017-12-31": "0.64590", "2017-09-30": "0.65360", "2017-06-30": "0.66490", "2017-03-31": "0.74860", "2016-12-31": "0.76240", "2016-09-30": "0.76500", "2016-06-30": "0.78220", "2016-03-31": "0.78890", "2015-12-31": "0.80090", "2015-09-30": "0.77990", "2015-06-30": "0.73350", "2015-03-31": "0.76820", "2014-12-31": "0.77140", "2014-09-30": "0.70860", "2014-06-30": "0.72650", "2014-03-31": "0.75710", "2013-12-31": "0.76260", "2013-09-30": "0.74720", "2013-06-30": "0.77070", "2013-03-31": "0.85930", "2012-12-31": "0.75450", "2012-09-30": "0.77730", "2012-06-30": "0.80590", "2012-03-31": "0.84080", "2011-12-31": "0.85970", "2011-09-30": "0.89610", "2011-06-30": "0.93710", "2011-03-31": "0.95550", "2010-12-31": "1.00150", "2010-09-30": "1.91300", "2010-06-30": "2.00200", "2010-03-31": "2.11370", "2009-12-31": "2.20740", "2009-09-30": "2.22450", "2009-06-30": "2.66770", "2009-03-31": "2.57610", "2008-12-31": "2.54780", "2008-09-30": "3.83650", "2008-06-30": "3.80790", "2008-03-31": "4.41310", "2007-12-31": "4.70210", "2007-09-30": "2.77870", "2007-06-30": "4.13170", "2007-03-31": "3.16020", "2006-12-31": "2.88570", "2006-09-30": "2.81170", "2006-06-30": "2.61060", "2006-03-31": "2.47560", "2005-12-31": "1.84310", "2005-09-30": "", "2005-06-30": "", "2005-03-31": ""}, "Debt/Equity Ratio": {"2020-09-30": "1.88660", "2020-06-30": "1.95680", "2020-03-31": "1.87070", "2019-12-31": "1.80890", "2019-09-30": "2.03380", "2019-06-30": "1.74120", "2019-03-31": "1.58310", "2018-12-31": "1.61490", "2018-09-30": "1.60450", "2018-06-30": "1.75610", "2018-03-31": "1.78870", "2017-12-31": "1.84730", "2017-09-30": "1.90970", "2017-06-30": "2.01320", "2017-03-31": "3.01640", "2016-12-31": "3.24800", "2016-09-30": "3.29480", "2016-06-30": "3.63370", "2016-03-31": "3.78230", "2015-12-31": "4.06970", "2015-09-30": "3.57420", "2015-06-30": "2.77990", "2015-03-31": "3.54830", "2014-12-31": "3.40790", "2014-09-30": "2.78320", "2014-06-30": "2.65590", "2014-03-31": "3.11720", "2013-12-31": "3.23770", "2013-09-30": "2.95520", "2013-06-30": "3.36060", "2013-03-31": "6.10870", "2012-12-31": "3.10660", "2012-09-30": "3.48960", "2012-06-30": "4.15190", "2012-03-31": "5.28270", "2011-12-31": "6.22370", "2011-09-30": "8.62120", "2011-06-30": "14.90790", "2011-03-31": "21.44950", "2010-12-31": "-708.90910", "2010-09-30": "-2.11590", "2010-06-30": "-2.02430", "2010-03-31": "-1.92280", "2009-12-31": "-1.91120", "2009-09-30": "-1.84040", "2009-06-30": "-1.62040", "2009-03-31": "-1.65530", "2008-12-31": "-1.71270", "2008-09-30": "-1.39410", "2008-06-30": "-1.39820", "2008-03-31": "-1.33300", "2007-12-31": "-1.61220", "2007-09-30": "-1.58940", "2007-06-30": "-1.34930", "2007-03-31": "-1.48940", "2006-12-31": "-1.85040", "2006-09-30": "-1.63420", "2006-06-30": "-1.71110", "2006-03-31": "-1.77690", "2005-12-31": "-2.53680", "2005-09-30": "", "2005-06-30": "", "2005-03-31": ""}, "Gross Margin": {"2020-09-30": "100.00000", "2020-06-30": "100.00000", "2020-03-31": "100.00000", "2019-12-31": "100.00000", "2019-09-30": "100.00000", "2019-06-30": "100.00000", "2019-03-31": "100.00000", "2018-12-31": "104.67150", "2018-09-30": "95.20420", "2018-06-30": "100.00000", "2018-03-31": "100.00000", "2017-12-31": "100.00000", "2017-09-30": "100.00000", "2017-06-30": "100.00000", "2017-03-31": "100.00000", "2016-12-31": "100.00000", "2016-09-30": "100.00000", "2016-06-30": "100.00000", "2016-03-31": "100.00000", "2015-12-31": "100.00000", "2015-09-30": "100.00000", "2015-06-30": "100.00000", "2015-03-31": "100.00000", "2014-12-31": "100.00000", "2014-09-30": "100.00000", "2014-06-30": "100.00000", "2014-03-31": "100.00000", "2013-12-31": "100.00000", "2013-09-30": "100.00000", "2013-06-30": "100.00000", "2013-03-31": "100.00000", "2012-12-31": "113.74380", "2012-09-30": "100.00000", "2012-06-30": "85.76580", "2012-03-31": "100.00000", "2011-12-31": "100.00000", "2011-09-30": "100.00000", "2011-06-30": "100.00000", "2011-03-31": "100.00000", "2010-12-31": "100.00000", "2010-09-30": "100.00000", "2010-06-30": "100.00000", "2010-03-31": "100.00000", "2009-12-31": "118.52780", "2009-09-30": "85.82060", "2009-06-30": "100.00000", "2009-03-31": "100.00000", "2008-12-31": "100.00000", "2008-09-30": "100.00000", "2008-06-30": "100.00000", "2008-03-31": "100.00000", "2007-12-31": "100.00000", "2007-09-30": "100.00000", "2007-06-30": "100.00000", "2007-03-31": "100.00000", "2006-12-31": "100.00000", "2006-09-30": "100.00000", "2006-06-30": "100.00000", "2006-03-31": "100.00000", "2005-12-31": "100.00000", "2005-09-30": "100.00000", "2005-06-30": "100.00000", "2005-03-31": "100.00000"}, "Operating Margin": {"2020-09-30": "14.69460", "2020-06-30": "9.24490", "2020-03-31": "15.24540", "2019-12-31": "13.07840", "2019-09-30": "14.79860", "2019-06-30": "15.02200", "2019-03-31": "16.68150", "2018-12-31": "10.10040", "2018-09-30": "16.21390", "2018-06-30": "16.54960", "2018-03-31": "16.16640", "2017-12-31": "15.70180", "2017-09-30": "16.50370", "2017-06-30": "16.11140", "2017-03-31": "16.98880", "2016-12-31": "17.40340", "2016-09-30": "17.77410", "2016-06-30": "18.11550", "2016-03-31": "17.96710", "2015-12-31": "14.96590", "2015-09-30": "17.69760", "2015-06-30": "18.36760", "2015-03-31": "16.52950", "2014-12-31": "15.95260", "2014-09-30": "19.27980", "2014-06-30": "21.44180", "2014-03-31": "19.92460", "2013-12-31": "20.96750", "2013-09-30": "23.57910", "2013-06-30": "20.01790", "2013-03-31": "21.30220", "2012-12-31": "19.20470", "2012-09-30": "19.60380", "2012-06-30": "19.51040", "2012-03-31": "19.80090", "2011-12-31": "19.42620", "2011-09-30": "18.12340", "2011-06-30": "19.79810", "2011-03-31": "19.69270", "2010-12-31": "19.09070", "2010-09-30": "16.31940", "2010-06-30": "16.94840", "2010-03-31": "17.90220", "2009-12-31": "17.16670", "2009-09-30": "14.17940", "2009-06-30": "8.01500", "2009-03-31": "19.81390", "2008-12-31": "44.35120", "2008-09-30": "8.93520", "2008-06-30": "16.03150", "2008-03-31": "20.05600", "2007-12-31": "6.84560", "2007-09-30": "11.48730", "2007-06-30": "16.77680", "2007-03-31": "8.62110", "2006-12-31": "2.82120", "2006-09-30": "8.19830", "2006-06-30": "6.13300", "2006-03-31": "2.60420", "2005-12-31": "2.15440", "2005-09-30": "14.28500", "2005-06-30": "8.43720", "2005-03-31": "-11.78120"}, "EBIT Margin": {"2020-09-30": "14.69460", "2020-06-30": "9.24490", "2020-03-31": "15.24540", "2019-12-31": "13.07840", "2019-09-30": "14.79860", "2019-06-30": "15.02200", "2019-03-31": "16.68150", "2018-12-31": "10.10040", "2018-09-30": "16.21390", "2018-06-30": "16.54960", "2018-03-31": "16.16640", "2017-12-31": "15.70180", "2017-09-30": "16.50370", "2017-06-30": "16.11140", "2017-03-31": "16.98880", "2016-12-31": "17.40340", "2016-09-30": "17.77410", "2016-06-30": "18.11550", "2016-03-31": "17.96710", "2015-12-31": "14.96590", "2015-09-30": "17.69760", "2015-06-30": "18.36760", "2015-03-31": "16.52950", "2014-12-31": "15.95260", "2014-09-30": "19.27980", "2014-06-30": "21.44180", "2014-03-31": "19.92460", "2013-12-31": "20.96750", "2013-09-30": "23.57910", "2013-06-30": "20.01790", "2013-03-31": "21.30220", "2012-12-31": "19.20470", "2012-09-30": "19.60380", "2012-06-30": "19.51040", "2012-03-31": "19.80090", "2011-12-31": "19.42620", "2011-09-30": "18.12340", "2011-06-30": "19.79810", "2011-03-31": "19.69270", "2010-12-31": "19.09070", "2010-09-30": "16.31940", "2010-06-30": "16.94840", "2010-03-31": "17.90220", "2009-12-31": "17.16670", "2009-09-30": "14.17940", "2009-06-30": "8.01500", "2009-03-31": "19.81390", "2008-12-31": "44.35120", "2008-09-30": "8.93520", "2008-06-30": "16.03150", "2008-03-31": "20.05600", "2007-12-31": "6.84570", "2007-09-30": "11.48730", "2007-06-30": "16.77680", "2007-03-31": "8.62110", "2006-12-31": "2.82120", "2006-09-30": "8.19830", "2006-06-30": "6.13300", "2006-03-31": "2.60420", "2005-12-31": "2.15440", "2005-09-30": "14.28500", "2005-06-30": "8.43720", "2005-03-31": "-11.78120"}, "EBITDA Margin": {"2020-09-30": "", "2020-06-30": "", "2020-03-31": "", "2019-12-31": "", "2019-09-30": "", "2019-06-30": "", "2019-03-31": "", "2018-12-31": "", "2018-09-30": "", "2018-06-30": "", "2018-03-31": "", "2017-12-31": "", "2017-09-30": "", "2017-06-30": "", "2017-03-31": "", "2016-12-31": "", "2016-09-30": "", "2016-06-30": "", "2016-03-31": "", "2015-12-31": "", "2015-09-30": "", "2015-06-30": "", "2015-03-31": "", "2014-12-31": "", "2014-09-30": "", "2014-06-30": "", "2014-03-31": "", "2013-12-31": "", "2013-09-30": "", "2013-06-30": "", "2013-03-31": "", "2012-12-31": "", "2012-09-30": "", "2012-06-30": "", "2012-03-31": "", "2011-12-31": "", "2011-09-30": "", "2011-06-30": "", "2011-03-31": "", "2010-12-31": "", "2010-09-30": "", "2010-06-30": "", "2010-03-31": "", "2009-12-31": "", "2009-09-30": "", "2009-06-30": "", "2009-03-31": "", "2008-12-31": "", "2008-09-30": "", "2008-06-30": "", "2008-03-31": "", "2007-12-31": "", "2007-09-30": "", "2007-06-30": "", "2007-03-31": "", "2006-12-31": "", "2006-09-30": "", "2006-06-30": "", "2006-03-31": "", "2005-12-31": "", "2005-09-30": "", "2005-06-30": "", "2005-03-31": ""}, "Pre-Tax Profit Margin": {"2020-09-30": "10.81860", "2020-06-30": "5.58610", "2020-03-31": "11.49750", "2019-12-31": "9.92060", "2019-09-30": "13.24040", "2019-06-30": "11.85020", "2019-03-31": "13.92350", "2018-12-31": "6.89780", "2018-09-30": "13.07610", "2018-06-30": "13.32770", "2018-03-31": "12.97320", "2017-12-31": "13.47150", "2017-09-30": "13.07050", "2017-06-30": "11.15480", "2017-03-31": "12.99760", "2016-12-31": "13.03650", "2016-09-30": "13.19080", "2016-06-30": "13.66400", "2016-03-31": "13.04150", "2015-12-31": "12.55060", "2015-09-30": "13.46530", "2015-06-30": "12.47510", "2015-03-31": "12.29080", "2014-12-31": "12.21160", "2014-09-30": "14.91420", "2014-06-30": "21.94590", "2014-03-31": "16.17270", "2013-12-31": "16.64030", "2013-09-30": "19.49640", "2013-06-30": "16.57400", "2013-03-31": "17.65750", "2012-12-31": "15.00830", "2012-09-30": "16.69810", "2012-06-30": "15.80950", "2012-03-31": "16.21270", "2011-12-31": "16.47740", "2011-09-30": "10.38780", "2011-06-30": "8.29540", "2011-03-31": "13.28810", "2010-12-31": "9.63580", "2010-09-30": "8.31160", "2010-06-30": "11.32040", "2010-03-31": "11.42570", "2009-12-31": "4.41670", "2009-09-30": "6.84520", "2009-06-30": "0.41530", "2009-03-31": "12.13790", "2008-12-31": "29.30270", "2008-09-30": "-1.49290", "2008-06-30": "12.52740", "2008-03-31": "2.64970", "2007-12-31": "-7.66810", "2007-09-30": "-7.26130", "2007-06-30": "-1.27650", "2007-03-31": "-5.75490", "2006-12-31": "-8.36760", "2006-09-30": "-13.54290", "2006-06-30": "-5.97520", "2006-03-31": "-94.90490", "2005-12-31": "-10.39000", "2005-09-30": "1.37450", "2005-06-30": "-5.61230", "2005-03-31": "-27.04520"}, "Net Profit Margin": {"2020-09-30": "6.59340", "2020-06-30": "3.11890", "2020-03-31": "7.36040", "2019-12-31": "5.74130", "2019-09-30": "8.36780", "2019-06-30": "8.03520", "2019-03-31": "9.10140", "2018-12-31": "2.59120", "2018-09-30": "8.29900", "2018-06-30": "8.56980", "2018-03-31": "8.01150", "2017-12-31": "7.47420", "2017-09-30": "6.71350", "2017-06-30": "6.51900", "2017-03-31": "6.97940", "2016-12-31": "7.00640", "2016-09-30": "6.76540", "2016-06-30": "6.91480", "2016-03-31": "6.49280", "2015-12-31": "5.43160", "2015-09-30": "6.60240", "2015-06-30": "5.69340", "2015-03-31": "5.61040", "2014-12-31": "6.67440", "2014-09-30": "8.23850", "2014-06-30": "13.71200", "2014-03-31": "7.72660", "2013-12-31": "-4.66140", "2013-09-30": "9.44240", "2013-06-30": "28.59190", "2013-03-31": "8.06790", "2012-12-31": "7.65990", "2012-09-30": "7.69810", "2012-06-30": "7.66750", "2012-03-31": "7.00730", "2011-12-31": "8.66710", "2011-09-30": "10.14670", "2011-06-30": "3.04890", "2011-03-31": "14.62490", "2010-12-31": "174.77950", "2010-09-30": "5.49050", "2010-06-30": "8.73100", "2010-03-31": "6.96540", "2009-12-31": "8.91670", "2009-09-30": "2.18960", "2009-06-30": "-2.49170", "2009-03-31": "8.12010", "2008-12-31": "38.70260", "2008-09-30": "0.02200", "2008-06-30": "8.23480", "2008-03-31": "2.86510", "2007-12-31": "-12.67540", "2007-09-30": "65.63160", "2007-06-30": "105.26550", "2007-03-31": "-14.24060", "2006-12-31": "-10.66830", "2006-09-30": "-19.97580", "2006-06-30": "-11.63470", "2006-03-31": "-98.52810", "2005-12-31": "-15.53040", "2005-09-30": "-1.50610", "2005-06-30": "-7.62740", "2005-03-31": "-30.42720"}, "Asset Turnover": {"2020-09-30": "0.17760", "2020-06-30": "0.16520", "2020-03-31": "0.19260", "2019-12-31": "0.19480", "2019-09-30": "0.18190", "2019-06-30": "0.19530", "2019-03-31": "0.20130", "2018-12-31": "0.21180", "2018-09-30": "0.20800", "2018-06-30": "0.20980", "2018-03-31": "0.21180", "2017-12-31": "0.20740", "2017-09-30": "0.20100", "2017-06-30": "0.19970", "2017-03-31": "0.20350", "2016-12-31": "0.19910", "2016-09-30": "0.19690", "2016-06-30": "0.19540", "2016-03-31": "0.19380", "2015-12-31": "0.18790", "2015-09-30": "0.18070", "2015-06-30": "0.21720", "2015-03-31": "0.20380", "2014-12-31": "0.17910", "2014-09-30": "0.21070", "2014-06-30": "0.23100", "2014-03-31": "0.22990", "2013-12-31": "0.22430", "2013-09-30": "0.21750", "2013-06-30": "0.22200", "2013-03-31": "0.23630", "2012-12-31": "0.22510", "2012-09-30": "0.21580", "2012-06-30": "0.22750", "2012-03-31": "0.23190", "2011-12-31": "0.22100", "2011-09-30": "0.21920", "2011-06-30": "0.21250", "2011-03-31": "0.20200", "2010-12-31": "0.18640", "2010-09-30": "0.25640", "2010-06-30": "0.26610", "2010-03-31": "0.28610", "2009-12-31": "0.21410", "2009-09-30": "0.26810", "2009-06-30": "0.25500", "2009-03-31": "0.24610", "2008-12-31": "0.22680", "2008-09-30": "0.23000", "2008-06-30": "0.23240", "2008-03-31": "0.23070", "2007-12-31": "0.20160", "2007-09-30": "0.16940", "2007-06-30": "0.18260", "2007-03-31": "0.13690", "2006-12-31": "0.21730", "2006-09-30": "0.12590", "2006-06-30": "0.13400", "2006-03-31": "0.12770", "2005-12-31": "0.20420", "2005-09-30": "", "2005-06-30": "", "2005-03-31": ""}, "Inventory Turnover Ratio": {"2020-09-30": "", "2020-06-30": "", "2020-03-31": "", "2019-12-31": "", "2019-09-30": "", "2019-06-30": "", "2019-03-31": "", "2018-12-31": "", "2018-09-30": "", "2018-06-30": "", "2018-03-31": "", "2017-12-31": "", "2017-09-30": "", "2017-06-30": "", "2017-03-31": "", "2016-12-31": "", "2016-09-30": "", "2016-06-30": "", "2016-03-31": "", "2015-12-31": "", "2015-09-30": "", "2015-06-30": "", "2015-03-31": "", "2014-12-31": "", "2014-09-30": "", "2014-06-30": "", "2014-03-31": "", "2013-12-31": "", "2013-09-30": "", "2013-06-30": "", "2013-03-31": "", "2012-12-31": "", "2012-09-30": "", "2012-06-30": "", "2012-03-31": "", "2011-12-31": "", "2011-09-30": "", "2011-06-30": "", "2011-03-31": "", "2010-12-31": "", "2010-09-30": "", "2010-06-30": "", "2010-03-31": "", "2009-12-31": "", "2009-09-30": "", "2009-06-30": "", "2009-03-31": "", "2008-12-31": "", "2008-09-30": "", "2008-06-30": "", "2008-03-31": "", "2007-12-31": "", "2007-09-30": "", "2007-06-30": "", "2007-03-31": "", "2006-12-31": "", "2006-09-30": "", "2006-06-30": "", "2006-03-31": "", "2005-12-31": "", "2005-09-30": "", "2005-06-30": "", "2005-03-31": ""}, "Receiveable Turnover": {"2020-09-30": "1.97860", "2020-06-30": "1.94160", "2020-03-31": "2.17520", "2019-12-31": "2.34020", "2019-09-30": "2.24720", "2019-06-30": "2.28830", "2019-03-31": "2.24530", "2018-12-31": "2.34340", "2018-09-30": "2.33100", "2018-06-30": "2.33840", "2018-03-31": "2.25870", "2017-12-31": "2.13680", "2017-09-30": "2.22280", "2017-06-30": "2.26590", "2017-03-31": "2.18520", "2016-12-31": "2.10000", "2016-09-30": "2.17560", "2016-06-30": "2.15240", "2016-03-31": "2.06830", "2015-12-31": "2.10790", "2015-09-30": "2.18840", "2015-06-30": "2.14180", "2015-03-31": "2.15740", "2014-12-31": "1.87750", "2014-09-30": "2.25040", "2014-06-30": "2.18550", "2014-03-31": "2.14040", "2013-12-31": "2.17150", "2013-09-30": "2.19420", "2013-06-30": "2.03690", "2013-03-31": "2.12240", "2012-12-31": "2.18890", "2012-09-30": "2.14140", "2012-06-30": "2.14450", "2012-03-31": "2.18160", "2011-12-31": "2.25270", "2011-09-30": "2.27050", "2011-06-30": "2.37360", "2011-03-31": "2.08050", "2010-12-31": "2.13880", "2010-09-30": "2.14130", "2010-06-30": "2.07870", "2010-03-31": "2.09740", "2009-12-31": "1.63860", "2009-09-30": "2.17580", "2009-06-30": "1.13000", "2009-03-31": "1.11740", "2008-12-31": "1.08500", "2008-09-30": "0.99890", "2008-06-30": "0.96960", "2008-03-31": "0.98580", "2007-12-31": "0.92340", "2007-09-30": "0.93170", "2007-06-30": "0.98500", "2007-03-31": "0.97530", "2006-12-31": "1.64500", "2006-09-30": "0.99860", "2006-06-30": "1.09590", "2006-03-31": "1.05660", "2005-12-31": "1.87090", "2005-09-30": "", "2005-06-30": "", "2005-03-31": ""}, "Days Sales In Receivables": {"2020-09-30": "45.48680", "2020-06-30": "46.35320", "2020-03-31": "41.37560", "2019-12-31": "38.45750", "2019-09-30": "40.04910", "2019-06-30": "39.33040", "2019-03-31": "40.08360", "2018-12-31": "38.40600", "2018-09-30": "38.61000", "2018-06-30": "38.48830", "2018-03-31": "39.84610", "2017-12-31": "42.11840", "2017-09-30": "40.48900", "2017-06-30": "39.71960", "2017-03-31": "41.18690", "2016-12-31": "42.85620", "2016-09-30": "41.36840", "2016-06-30": "41.81380", "2016-03-31": "43.51390", "2015-12-31": "42.69620", "2015-09-30": "41.12650", "2015-06-30": "42.01990", "2015-03-31": "41.71610", "2014-12-31": "47.93670", "2014-09-30": "39.99320", "2014-06-30": "41.18130", "2014-03-31": "42.04730", "2013-12-31": "41.44590", "2013-09-30": "41.01800", "2013-06-30": "44.18480", "2013-03-31": "42.40450", "2012-12-31": "41.11600", "2012-09-30": "42.02830", "2012-06-30": "41.96810", "2012-03-31": "41.25490", "2011-12-31": "39.95220", "2011-09-30": "39.63830", "2011-06-30": "37.91720", "2011-03-31": "43.25820", "2010-12-31": "42.07870", "2010-09-30": "42.03130", "2010-06-30": "43.29550", "2010-03-31": "42.91040", "2009-12-31": "54.92500", "2009-09-30": "41.36480", "2009-06-30": "79.64700", "2009-03-31": "80.54130", "2008-12-31": "82.95010", "2008-09-30": "90.09880", "2008-06-30": "92.81870", "2008-03-31": "91.29900", "2007-12-31": "97.46740", "2007-09-30": "96.59820", "2007-06-30": "91.37450", "2007-03-31": "92.27490", "2006-12-31": "54.71240", "2006-09-30": "90.12490", "2006-06-30": "82.12610", "2006-03-31": "85.17660", "2005-12-31": "48.10470", "2005-09-30": "", "2005-06-30": "", "2005-03-31": ""}, "ROE - Return On Equity": {"2020-09-30": "5.28040", "2020-06-30": "2.63190", "2020-03-31": "6.05390", "2019-12-31": "5.32750", "2019-09-30": "7.15010", "2019-06-30": "7.00850", "2019-03-31": "7.77610", "2018-12-31": "2.96720", "2018-09-30": "6.90790", "2018-06-30": "7.52680", "2018-03-31": "7.33620", "2017-12-31": "7.27390", "2017-09-30": "6.20450", "2017-06-30": "5.98640", "2017-03-31": "8.65080", "2016-12-31": "8.80800", "2016-09-30": "8.55770", "2016-06-30": "9.57150", "2016-03-31": "9.32150", "2015-12-31": "8.35370", "2015-09-30": "8.54210", "2015-06-30": "8.08160", "2015-03-31": "9.25980", "2014-12-31": "8.84580", "2014-09-30": "11.08300", "2014-06-30": "16.94280", "2014-03-31": "12.77480", "2013-12-31": "13.67610", "2013-09-30": "16.56110", "2013-06-30": "45.55640", "2013-03-31": "29.66440", "2012-12-31": "14.22550", "2012-09-30": "16.96630", "2012-06-30": "19.20330", "2012-03-31": "24.24760", "2011-12-31": "33.48220", "2011-09-30": "22.13440", "2011-06-30": "31.78050", "2011-03-31": "102.35140", "2010-12-31": "-35646.99000", "2010-09-30": "-4.94700", "2010-06-30": "-6.63160", "2010-03-31": "-6.21880", "2009-12-31": "-2.00530", "2009-09-30": "-3.67720", "2009-06-30": "-0.21900", "2009-03-31": "-5.38310", "2008-12-31": "-16.66670", "2008-09-30": "-1.16620", "2008-06-30": "-4.19300", "2008-03-31": "-0.79310", "2007-12-31": "4.03990", "2007-09-30": "-16.61240", "2007-06-30": "-0.26270", "2007-03-31": "1.27890", "2006-12-31": "3.22710", "2006-09-30": "2.77090", "2006-06-30": "1.56950", "2006-03-31": "21.94750", "2005-12-31": "5.45210", "2005-09-30": "", "2005-06-30": "", "2005-03-31": ""}, "Return On Tangible Equity": {"2020-09-30": "-11.57360", "2020-06-30": "-5.11080", "2020-03-31": "-11.10660", "2019-12-31": "-8.28740", "2019-09-30": "-10.66300", "2019-06-30": "-11.42680", "2019-03-31": "-13.50890", "2018-12-31": "-4.67990", "2018-09-30": "-11.63090", "2018-06-30": "-11.11330", "2018-03-31": "-11.38520", "2017-12-31": "-10.35400", "2017-09-30": "-8.48940", "2017-06-30": "-7.67890", "2017-03-31": "-6.24310", "2016-12-31": "-5.80220", "2016-09-30": "-5.53860", "2016-06-30": "-5.55140", "2016-03-31": "-5.17590", "2015-12-31": "-4.25430", "2015-09-30": "-10.55510", "2015-06-30": "-9.38780", "2015-03-31": "-7.83150", "2014-12-31": "-7.11130", "2014-09-30": "5474.94400", "2014-06-30": "-237.62640", "2014-03-31": "-95.80120", "2013-12-31": "-83.90050", "2013-09-30": "-71.41460", "2013-06-30": "-118.24190", "2013-03-31": "-21.91010", "2012-12-31": "-53.64490", "2012-09-30": "-38.99290", "2012-06-30": "-28.62940", "2012-03-31": "-23.17670", "2011-12-31": "-24.29810", "2011-09-30": "-10.79350", "2011-06-30": "-8.32430", "2011-03-31": "-18.24910", "2010-12-31": "-163.03540", "2010-09-30": "-3.08020", "2010-06-30": "-4.24600", "2010-03-31": "-4.07910", "2009-12-31": "-1.32350", "2009-09-30": "-2.46670", "2009-06-30": "-0.15290", "2009-03-31": "-3.74740", "2008-12-31": "-11.73350", "2008-09-30": "-0.86980", "2008-06-30": "-3.17920", "2008-03-31": "-0.61950", "2007-12-31": "3.16100", "2007-09-30": "-12.90040", "2007-06-30": "-0.21140", "2007-03-31": "1.07160", "2006-12-31": "2.68970", "2006-09-30": "1.89560", "2006-06-30": "1.06230", "2006-03-31": "14.73580", "2005-12-31": "3.35520", "2005-09-30": "", "2005-06-30": "", "2005-03-31": ""}, "ROA - Return On Assets": {"2020-09-30": "1.51430", "2020-06-30": "0.74130", "2020-03-31": "1.77270", "2019-12-31": "1.48340", "2019-09-30": "1.87100", "2019-06-30": "1.90980", "2019-03-31": "2.25120", "2018-12-31": "0.89280", "2018-09-30": "2.13180", "2018-06-30": "2.22030", "2018-03-31": "2.13980", "2017-12-31": "2.08650", "2017-09-30": "1.74470", "2017-06-30": "1.63640", "2017-03-31": "1.80070", "2016-12-31": "1.74720", "2016-09-30": "1.68850", "2016-06-30": "1.75500", "2016-03-31": "1.66660", "2015-12-31": "1.41330", "2015-09-30": "1.58850", "2015-06-30": "1.78120", "2015-03-31": "1.65740", "2014-12-31": "1.61730", "2014-09-30": "2.35150", "2014-06-30": "3.65220", "2014-03-31": "2.42610", "2013-12-31": "2.52920", "2013-09-30": "2.86330", "2013-06-30": "7.12270", "2013-03-31": "2.77140", "2012-12-31": "2.36780", "2012-09-30": "2.45910", "2012-06-30": "2.43550", "2012-03-31": "2.49190", "2011-12-31": "2.97200", "2011-09-30": "1.47950", "2011-06-30": "1.29130", "2011-03-31": "2.98250", "2010-12-31": "33.05930", "2010-09-30": "2.15370", "2010-06-30": "3.08640", "2010-03-31": "3.12340", "2009-12-31": "1.07050", "2009-09-30": "1.93230", "2009-06-30": "0.12180", "2009-03-31": "2.92450", "2008-12-31": "9.06820", "2008-09-30": "0.79270", "2008-06-30": "2.87520", "2008-03-31": "0.60640", "2007-12-31": "-3.06250", "2007-09-30": "9.88970", "2007-06-30": "0.19560", "2007-03-31": "-0.88950", "2006-12-31": "-2.09770", "2006-09-30": "-1.76860", "2006-06-30": "-0.95750", "2006-03-31": "-12.51970", "2005-12-31": "-2.33840", "2005-09-30": "", "2005-06-30": "", "2005-03-31": ""}, "ROI - Return On Investment": {"2020-09-30": "1.84170", "2020-06-30": "0.89620", "2020-03-31": "2.12540", "2019-12-31": "1.91250", "2019-09-30": "2.57920", "2019-06-30": "2.57940", "2019-03-31": "3.03750", "2018-12-31": "1.14480", "2018-09-30": "2.67640", "2018-06-30": "2.75490", "2018-03-31": "2.65230", "2017-12-31": "2.57560", "2017-09-30": "2.14910", "2017-06-30": "2.00600", "2017-03-31": "2.17480", "2016-12-31": "2.09310", "2016-09-30": "2.01140", "2016-06-30": "2.08490", "2016-03-31": "1.96750", "2015-12-31": "1.66330", "2015-09-30": "1.87980", "2015-06-30": "2.15400", "2015-03-31": "2.14630", "2014-12-31": "2.02220", "2014-09-30": "3.22980", "2014-06-30": "4.63430", "2014-03-31": "3.10280", "2013-12-31": "3.24740", "2013-09-30": "4.18720", "2013-06-30": "10.44730", "2013-03-31": "4.17300", "2012-12-31": "3.49280", "2012-09-30": "3.77900", "2012-06-30": "3.72740", "2012-03-31": "3.85940", "2011-12-31": "4.69600", "2011-09-30": "2.30060", "2011-06-30": "1.99780", "2011-03-31": "4.55920", "2010-12-31": "52.46890", "2010-09-30": "4.51680", "2010-06-30": "6.64460", "2010-03-31": "6.92600", "2009-12-31": "2.42130", "2009-09-30": "4.50260", "2009-06-30": "0.36520", "2009-03-31": "8.48430", "2008-12-31": "25.79730", "2008-09-30": "3.30800", "2008-06-30": "11.77330", "2008-03-31": "2.70690", "2007-12-31": "-14.95590", "2007-09-30": "29.54870", "2007-06-30": "0.82280", "2007-03-31": "-2.76260", "2006-12-31": "-6.08550", "2006-09-30": "-5.02010", "2006-06-30": "-2.52780", "2006-03-31": "-32.38510", "2005-12-31": "-4.59670", "2005-09-30": "", "2005-06-30": "", "2005-03-31": ""}, "Book Value Per Share": {"2020-09-30": "19.07140", "2020-06-30": "18.42460", "2020-03-31": "18.08050", "2019-12-31": "17.17140", "2019-09-30": "16.95030", "2019-06-30": "16.06290", "2019-03-31": "16.31180", "2018-12-31": "15.73900", "2018-09-30": "16.01310", "2018-06-30": "15.18000", "2018-03-31": "14.58300", "2017-12-31": "14.19450", "2017-09-30": "13.96950", "2017-06-30": "14.73270", "2017-03-31": "10.93970", "2016-12-31": "10.44310", "2016-09-30": "10.17600", "2016-06-30": "9.45880", "2016-03-31": "9.15300", "2015-12-31": "8.64640", "2015-09-30": "8.64190", "2015-06-30": "8.35740", "2015-03-31": "7.26080", "2014-12-31": "7.05670", "2014-09-30": "6.75510", "2014-06-30": "6.33100", "2014-03-31": "5.47260", "2013-12-31": "5.32650", "2013-09-30": "5.05560", "2013-06-30": "4.49850", "2013-03-31": "2.56250", "2012-12-31": "4.21690", "2012-09-30": "3.72000", "2012-06-30": "3.06900", "2012-03-31": "2.46760", "2011-12-31": "2.11660", "2011-09-30": "1.59290", "2011-06-30": "1.01360", "2011-03-31": "0.75950", "2010-12-31": "-0.02350", "2010-09-30": "-8.37130", "2010-06-30": "-8.74510", "2010-03-31": "-9.21180", "2009-12-31": "-9.62240", "2009-09-30": "-9.87980", "2009-06-30": "-11.89470", "2009-03-31": "-11.82270", "2008-12-31": "-12.35190", "2008-09-30": "-15.29270", "2008-06-30": "-15.30070", "2008-03-31": "-19.45370", "2007-12-31": "-19.74920", "2007-09-30": "-19.15540", "2007-06-30": "-22.74900", "2007-03-31": "-28.60160", "2006-12-31": "-27.75930", "2006-09-30": "-26.34020", "2006-06-30": "-25.36420", "2006-03-31": "-24.76210", "2005-12-31": "-19.36960", "2005-09-30": "", "2005-06-30": "", "2005-03-31": ""}, "Operating Cash Flow Per Share": {"2020-09-30": 1.7358, "2020-06-30": 2.2243, "2020-03-31": "0.29420", "2019-12-31": 2.169, "2019-09-30": 1.1478, "2019-06-30": 1.4707, "2019-03-31": "1.60380", "2018-12-31": 1.7993, "2018-09-30": 1.9695, "2018-06-30": 1.6944, "2018-03-31": "2.17610", "2017-12-31": 1.5092, "2017-09-30": 1.7633, "2017-06-30": 1.5306, "2017-03-31": "1.82630", "2016-12-31": 1.4101, "2016-09-30": 1.7867, "2016-06-30": 1.5312, "2016-03-31": "1.70620", "2015-12-31": 1.3427, "2015-09-30": 1.6089, "2015-06-30": 1.0098, "2015-03-31": "1.00890", "2014-12-31": 0.6897, "2014-09-30": 1.3914, "2014-06-30": 1.2756, "2014-03-31": "1.06140", "2013-12-31": 0.927, "2013-09-30": 1.4068, "2013-06-30": 1.139, "2013-03-31": "1.13350", "2012-12-31": 1.0111, "2012-09-30": 0.99, "2012-06-30": 1.0604, "2012-03-31": "0.74520", "2011-12-31": 1.1859, "2011-09-30": 0.5086, "2011-06-30": 0.6227, "2011-03-31": "0.82110", "2010-12-31": 0.6139, "2010-09-30": 0.837, "2010-06-30": 0.8146, "2010-03-31": "0.78520", "2009-12-31": 0.3882, "2009-09-30": 1.285, "2009-06-30": 0.4434, "2009-03-31": "1.81470", "2008-12-31": 0.8786, "2008-09-30": 0.7578, "2008-06-30": 0.2675, "2008-03-31": "0.45290", "2007-12-31": 4.0218, "2007-09-30": -0.3752, "2007-06-30": -1.1173, "2007-03-31": "-0.02280", "2006-12-31": -0.546, "2006-09-30": -0.2271, "2006-06-30": 0.2542, "2006-03-31": "-0.88070", "2005-12-31": -1.4475, "2005-09-30": 1.367, "2005-06-30": -0.463, "2005-03-31": "0.20770"}, "Free Cash Flow Per Share": {"2020-09-30": 0.8829, "2020-06-30": 1.351, "2020-03-31": "-0.54420", "2019-12-31": 0.9065, "2019-09-30": 0.1685, "2019-06-30": 0.5605, "2019-03-31": "0.87860", "2018-12-31": 0.9359, "2018-09-30": 1.3123, "2018-06-30": 1.1073, "2018-03-31": "1.57340", "2017-12-31": 0.7621, "2017-09-30": 1.1513, "2017-06-30": 0.8386, "2017-03-31": "1.41010", "2016-12-31": 0.933, "2016-09-30": 1.336, "2016-06-30": 1.0533, "2016-03-31": "1.31290", "2015-12-31": 0.8762, "2015-09-30": 1.1714, "2015-06-30": 0.667, "2015-03-31": "0.74580", "2014-12-31": 0.2835, "2014-09-30": 0.9326, "2014-06-30": 0.9069, "2014-03-31": "0.43110", "2013-12-31": 0.6232, "2013-09-30": 0.4007, "2013-06-30": 0.6851, "2013-03-31": "0.77680", "2012-12-31": 0.7197, "2012-09-30": 0.6781, "2012-06-30": 0.5, "2012-03-31": "0.43150", "2011-12-31": 0.7537, "2011-09-30": 0.2659, "2011-06-30": 0.4178, "2011-03-31": "0.70180", "2010-12-31": 0.4259, "2010-09-30": 0.6552, "2010-06-30": 0.6753, "2010-03-31": "0.65560", "2009-12-31": 0.3058, "2009-09-30": 1.0935, "2009-06-30": 0.274, "2009-03-31": "1.64520", "2008-12-31": 0.7174, "2008-09-30": 0.5896, "2008-06-30": 0.197, "2008-03-31": "0.83420", "2007-12-31": 3.8789, "2007-09-30": -0.4814, "2007-06-30": -1.215, "2007-03-31": "-0.08790", "2006-12-31": -0.6489, "2006-09-30": -0.4554, "2006-06-30": 0.0721, "2006-03-31": "-0.92890", "2005-12-31": -1.2105, "2005-09-30": 0.9374, "2005-06-30": -0.748, "2005-03-31": "-0.10590"}}, "revenue": {"Encompass Health Annual Revenue (Millions of US $)": {"2020": "$4,644", "2019": "$4,605", "2018": "$4,277", "2017": "$3,914", "2016": "$3,643", "2015": "$3,116", "2014": "$2,374", "2013": "$2,247", "2012": "$2,135", "2011": "$2,006", "2010": "$1,861", "2009": "$1,785", "2008": "$1,830", "2007": "$1,724", "2006": "$1,696", "2005": "$1,751"}, "Encompass Health Quarterly Revenue (Millions of US $)": {"2020-12-31": "$1,214", "2020-09-30": "$1,174", "2020-06-30": "$1,074", "2020-03-31": "$1,182", "2019-12-31": "$1,184", "2019-09-30": "$1,162", "2019-06-30": "$1,135", "2019-03-31": "$1,124", "2018-12-31": "$1,096", "2018-09-30": "$1,068", "2018-06-30": "$1,068", "2018-03-31": "$1,046", "2017-12-31": "$1,009", "2017-09-30": "$982", "2017-06-30": "$966", "2017-03-31": "$957", "2016-12-31": "$932", "2016-09-30": "$912", "2016-06-30": "$905", "2016-03-31": "$893", "2015-12-31": "$865", "2015-09-30": "$768", "2015-06-30": "$754", "2015-03-31": "$729", "2014-12-31": "$607", "2014-09-30": "$589", "2014-06-30": "$595", "2014-03-31": "$584", "2013-12-31": "$569", "2013-09-30": "$556", "2013-06-30": "$558", "2013-03-31": "$565", "2012-12-31": "$546", "2012-09-30": "$530", "2012-06-30": "$527", "2012-03-31": "$532", "2011-12-31": "$502", "2011-09-30": "$498", "2011-06-30": "$505", "2011-03-31": "$501", "2010-12-31": "$442", "2010-09-30": "$461", "2010-06-30": "$467", "2010-03-31": "$491", "2009-12-31": "$360", "2009-09-30": "$470", "2009-06-30": "$482", "2009-03-31": "$473", "2008-12-31": "$453", "2008-09-30": "$456", "2008-06-30": "$457", "2008-03-31": "$464", "2007-12-31": "$413", "2007-09-30": "$428", "2007-06-30": "$439", "2007-03-31": "$443", "2006-12-31": "$730", "2006-09-30": "$414", "2006-06-30": "$444", "2006-03-31": "$442", "2005-12-31": "$733", "2005-09-30": "$766", "2005-06-30": "$818", "2005-03-31": "$849"}}, "gross-profit": {"Encompass Health Annual Gross Profit (Millions of US $)": {"2020": "$4,644", "2019": "$4,605", "2018": "$4,277", "2017": "$3,914", "2016": "$3,643", "2015": "$3,116", "2014": "$2,374", "2013": "$2,247", "2012": "$2,135", "2011": "$2,006", "2010": "$1,861", "2009": "$1,785", "2008": "$1,830", "2007": "$1,724", "2006": "$1,696", "2005": "$1,751"}, "Encompass Health Quarterly Gross Profit (Millions of US $)": {"2020-12-31": "$1,214", "2020-09-30": "$1,174", "2020-06-30": "$1,074", "2020-03-31": "$1,182", "2019-12-31": "$1,184", "2019-09-30": "$1,162", "2019-06-30": "$1,135", "2019-03-31": "$1,124", "2018-12-31": "$1,096", "2018-09-30": "$1,016", "2018-06-30": "$1,068", "2018-03-31": "$1,046", "2017-12-31": "$1,009", "2017-09-30": "$982", "2017-06-30": "$966", "2017-03-31": "$957", "2016-12-31": "$932", "2016-09-30": "$912", "2016-06-30": "$905", "2016-03-31": "$893", "2015-12-31": "$865", "2015-09-30": "$768", "2015-06-30": "$754", "2015-03-31": "$729", "2014-12-31": "$607", "2014-09-30": "$589", "2014-06-30": "$595", "2014-03-31": "$584", "2013-12-31": "$569", "2013-09-30": "$556", "2013-06-30": "$558", "2013-03-31": "$565", "2012-12-31": "$546", "2012-09-30": "$530", "2012-06-30": "$452", "2012-03-31": "$532", "2011-12-31": "$502", "2011-09-30": "$498", "2011-06-30": "$505", "2011-03-31": "$501", "2010-12-31": "$442", "2010-09-30": "$461", "2010-06-30": "$467", "2010-03-31": "$491", "2009-12-31": "$360", "2009-09-30": "$404", "2009-06-30": "$482", "2009-03-31": "$473", "2008-12-31": "$453", "2008-09-30": "$456", "2008-06-30": "$457", "2008-03-31": "$464", "2007-12-31": "$413", "2007-09-30": "$428", "2007-06-30": "$439", "2007-03-31": "$443", "2006-12-31": "$730", "2006-09-30": "$414", "2006-06-30": "$444", "2006-03-31": "$442", "2005-12-31": "$733", "2005-09-30": "$766", "2005-06-30": "$818", "2005-03-31": "$849"}}, "operating-income": {"Encompass Health Annual Operating Income (Millions of US $)": {"2020": "$645", "2019": "$685", "2018": "$630", "2017": "$639", "2016": "$649", "2015": "$524", "2014": "$454", "2013": "$482", "2012": "$417", "2011": "$386", "2010": "$327", "2009": "$261", "2008": "$408", "2007": "$189", "2006": "$109", "2005": "$-73"}, "Encompass Health Quarterly Operating Income (Millions of US $)": {"2020-12-31": "$193", "2020-09-30": "$173", "2020-06-30": "$99", "2020-03-31": "$180", "2019-12-31": "$155", "2019-09-30": "$172", "2019-06-30": "$171", "2019-03-31": "$188", "2018-12-31": "$111", "2018-09-30": "$173", "2018-06-30": "$177", "2018-03-31": "$169", "2017-12-31": "$158", "2017-09-30": "$162", "2017-06-30": "$156", "2017-03-31": "$163", "2016-12-31": "$162", "2016-09-30": "$162", "2016-06-30": "$164", "2016-03-31": "$161", "2015-12-31": "$130", "2015-09-30": "$136", "2015-06-30": "$138", "2015-03-31": "$121", "2014-12-31": "$97", "2014-09-30": "$114", "2014-06-30": "$128", "2014-03-31": "$116", "2013-12-31": "$119", "2013-09-30": "$131", "2013-06-30": "$112", "2013-03-31": "$120", "2012-12-31": "$105", "2012-09-30": "$104", "2012-06-30": "$103", "2012-03-31": "$105", "2011-12-31": "$98", "2011-09-30": "$90", "2011-06-30": "$100", "2011-03-31": "$99", "2010-12-31": "$84", "2010-09-30": "$75", "2010-06-30": "$79", "2010-03-31": "$88", "2009-12-31": "$62", "2009-09-30": "$67", "2009-06-30": "$39", "2009-03-31": "$94", "2008-12-31": "$201", "2008-09-30": "$41", "2008-06-30": "$73", "2008-03-31": "$93", "2007-12-31": "$28", "2007-09-30": "$49", "2007-06-30": "$74", "2007-03-31": "$38", "2006-12-31": "$21", "2006-09-30": "$34", "2006-06-30": "$27", "2006-03-31": "$12", "2005-12-31": "$16", "2005-09-30": "$109", "2005-06-30": "$69", "2005-03-31": "$-100"}}, "ebitda": {"Encompass Health Annual EBITDA (Millions of US $)": {"2019": "$908", "2018": "$833", "2017": "$831", "2016": "$835", "2015": "$678", "2014": "$575", "2013": "$582", "2012": "$503", "2011": "$465", "2010": "$400", "2009": "$335", "2008": "$497", "2007": "$272", "2006": "$216", "2005": "$56"}, "Encompass Health Quarterly EBITDA (Millions of US $)": {"2020-09-30": "$234", "2020-06-30": "$160", "2020-03-31": "$239", "2019-12-31": "$218", "2019-09-30": "$227", "2019-06-30": "$223", "2019-03-31": "$240", "2018-12-31": "$168", "2018-09-30": "$224", "2018-06-30": "$226", "2018-03-31": "$215", "2017-12-31": "$214", "2017-09-30": "$208", "2017-06-30": "$202", "2017-03-31": "$208", "2016-12-31": "$220", "2016-09-30": "$206", "2016-06-30": "$207", "2016-03-31": "$203", "2015-12-31": "$185", "2015-09-30": "$170", "2015-06-30": "$171", "2015-03-31": "$152", "2014-12-31": "$137", "2014-09-30": "$141", "2014-06-30": "$154", "2014-03-31": "$143", "2013-12-31": "$149", "2013-09-30": "$155", "2013-06-30": "$135", "2013-03-31": "$143", "2012-12-31": "$130", "2012-09-30": "$125", "2012-06-30": "$123", "2012-03-31": "$125", "2011-12-31": "$114", "2011-09-30": "$113", "2011-06-30": "$120", "2011-03-31": "$118", "2010-12-31": "$99", "2010-09-30": "$99", "2010-06-30": "$96", "2010-03-31": "$106", "2009-12-31": "$78", "2009-09-30": "$89", "2009-06-30": "$56", "2009-03-31": "$111", "2008-12-31": "$220", "2008-09-30": "$60", "2008-06-30": "$94", "2008-03-31": "$123", "2007-12-31": "$28", "2007-09-30": "$49", "2007-06-30": "$74", "2007-03-31": "$38", "2006-12-31": "$21", "2006-09-30": "$34", "2006-06-30": "$27", "2006-03-31": "$12", "2005-12-31": "$16", "2005-09-30": "$109", "2005-06-30": "$69", "2005-03-31": "$-100"}}, "net-income": {"Encompass Health Annual Net Income (Millions of US $)": {"2020": "$284", "2019": "$359", "2018": "$292", "2017": "$271", "2016": "$248", "2015": "$182", "2014": "$216", "2013": "$231", "2012": "$160", "2011": "$183", "2010": "$873", "2009": "$69", "2008": "$226", "2007": "$627", "2006": "$-647", "2005": "$-446"}, "Encompass Health Quarterly Net Income (Millions of US $)": {"2020-12-31": "$86", "2020-09-30": "$77", "2020-06-30": "$34", "2020-03-31": "$87", "2019-12-31": "$68", "2019-09-30": "$97", "2019-06-30": "$91", "2019-03-31": "$102", "2018-12-31": "$28", "2018-09-30": "$89", "2018-06-30": "$92", "2018-03-31": "$84", "2017-12-31": "$75", "2017-09-30": "$66", "2017-06-30": "$63", "2017-03-31": "$67", "2016-12-31": "$65", "2016-09-30": "$62", "2016-06-30": "$63", "2016-03-31": "$58", "2015-12-31": "$47", "2015-09-30": "$51", "2015-06-30": "$43", "2015-03-31": "$41", "2014-12-31": "$41", "2014-09-30": "$49", "2014-06-30": "$82", "2014-03-31": "$45", "2013-12-31": "$-27", "2013-09-30": "$53", "2013-06-30": "$159", "2013-03-31": "$46", "2012-12-31": "$42", "2012-09-30": "$41", "2012-06-30": "$40", "2012-03-31": "$37", "2011-12-31": "$44", "2011-09-30": "$51", "2011-06-30": "$15", "2011-03-31": "$73", "2010-12-31": "$773", "2010-09-30": "$25", "2010-06-30": "$41", "2010-03-31": "$34", "2009-12-31": "$32", "2009-09-30": "$10", "2009-06-30": "$-12", "2009-03-31": "$38", "2008-12-31": "$175", "2008-09-30": "$0", "2008-06-30": "$38", "2008-03-31": "$13", "2007-12-31": "$-52", "2007-09-30": "$281", "2007-06-30": "$462", "2007-03-31": "$-63", "2006-12-31": "$-78", "2006-09-30": "$-83", "2006-06-30": "$-52", "2006-03-31": "$-435", "2005-12-31": "$-114", "2005-09-30": "$-12", "2005-06-30": "$-62", "2005-03-31": "$-258"}}, "eps-earnings-per-share-diluted": {"Encompass Health Annual EPS": {"2020": "$2.85", "2019": "$3.61", "2018": "$2.93", "2017": "$2.84", "2016": "$2.59", "2015": "$1.91", "2014": "$2.29", "2013": "$2.58", "2012": "$1.67", "2011": "$1.91", "2010": "$8.28", "2009": "$0.77", "2008": "$2.62", "2007": "$7.10", "2006": "$-8.14", "2005": "$-5.62"}, "Encompass Health Quarterly EPS": {"2020-12-31": "$0.86", "2020-09-30": "$0.78", "2020-06-30": "$0.34", "2020-03-31": "$0.87", "2019-12-31": "$0.68", "2019-09-30": "$0.98", "2019-06-30": "$0.92", "2019-03-31": "$1.03", "2018-12-31": "$0.28", "2018-09-30": "$0.89", "2018-06-30": "$0.92", "2018-03-31": "$0.84", "2017-12-31": "$0.77", "2017-09-30": "$0.67", "2017-06-30": "$0.70", "2017-03-31": "$0.70", "2016-12-31": "$0.69", "2016-09-30": "$0.64", "2016-06-30": "$0.65", "2016-03-31": "$0.61", "2015-12-31": "$0.50", "2015-09-30": "$0.52", "2015-06-30": "$0.45", "2015-03-31": "$0.44", "2014-12-31": "$0.44", "2014-09-30": "$0.52", "2014-06-30": "$0.85", "2014-03-31": "$0.48", "2013-12-31": "$-0.14", "2013-09-30": "$0.58", "2013-06-30": "$1.66", "2013-03-31": "$0.48", "2012-12-31": "$0.42", "2012-09-30": "$0.43", "2012-06-30": "$0.43", "2012-03-31": "$0.39", "2011-12-31": "$0.47", "2011-09-30": "$0.54", "2011-06-30": "$0.17", "2011-03-31": "$0.73", "2010-12-31": "$7.20", "2010-09-30": "$0.27", "2010-06-30": "$0.44", "2010-03-31": "$0.37", "2009-12-31": "$0.35", "2009-09-30": "$0.12", "2009-06-30": "$-0.14", "2009-03-31": "$0.44", "2008-12-31": "$1.98", "2008-09-30": "$0.00", "2008-06-30": "$0.47", "2008-03-31": "$0.17", "2007-12-31": "$-1.10", "2007-09-30": "$3.13", "2007-06-30": "$5.87", "2007-03-31": "$-0.80", "2006-12-31": "$-0.98", "2006-09-30": "$-1.04", "2006-06-30": "$-0.65", "2006-03-31": "$-5.47", "2005-12-31": "$-1.44", "2005-09-30": "$-0.15", "2005-06-30": "$-0.80", "2005-03-31": "$-3.25"}}, "shares-outstanding": {"Encompass Health Annual Shares Outstanding (Millions of Shares)": {"2020": "100", "2019": "99", "2018": "100", "2017": "99", "2016": "100", "2015": "101", "2014": "101", "2013": "102", "2012": "108", "2011": "109", "2010": "109", "2009": "103", "2008": "96", "2007": "92", "2006": "90", "2005": "80"}, "Encompass Health Quarterly Shares Outstanding (Millions of Shares)": {"2020-12-31": "100", "2020-09-30": "100", "2020-06-30": "100", "2020-03-31": "100", "2019-12-31": "99", "2019-09-30": "99", "2019-06-30": "99", "2019-03-31": "100", "2018-12-31": "100", "2018-09-30": "100", "2018-06-30": "100", "2018-03-31": "99", "2017-12-31": "99", "2017-09-30": "99", "2017-06-30": "99", "2017-03-31": "99", "2016-12-31": "100", "2016-09-30": "99", "2016-06-30": "99", "2016-03-31": "99", "2015-12-31": "101", "2015-09-30": "102", "2015-06-30": "102", "2015-03-31": "101", "2014-12-31": "101", "2014-09-30": "101", "2014-06-30": "101", "2014-03-31": "101", "2013-12-31": "102", "2013-09-30": "100", "2013-06-30": "100", "2013-03-31": "107", "2012-12-31": "108", "2012-09-30": "108", "2012-06-30": "108", "2012-03-31": "109", "2011-12-31": "109", "2011-09-30": "109", "2011-06-30": "110", "2011-03-31": "109", "2010-12-31": "109", "2010-09-30": "108", "2010-06-30": "108", "2010-03-31": "108", "2009-12-31": "103", "2009-09-30": "102", "2009-06-30": "102", "2009-03-31": "101", "2008-12-31": "96", "2008-09-30": "101", "2008-06-30": "93", "2008-03-31": "92", "2007-12-31": "92", "2007-09-30": "92", "2007-06-30": "92", "2007-03-31": "92", "2006-12-31": "93", "2006-09-30": "93", "2006-06-30": "93", "2006-03-31": "83", "2005-12-31": "80", "2005-09-30": "80", "2005-06-30": "80", "2005-03-31": "80"}}, "total-assets": {"Encompass Health Annual Total Assets (Millions of US $)": {"2019": "$6,081", "2018": "$5,175", "2017": "$4,865", "2016": "$4,682", "2015": "$4,606", "2014": "$3,388", "2013": "$2,534", "2012": "$2,424", "2011": "$2,271", "2010": "$2,372", "2009": "$1,682", "2008": "$1,998", "2007": "$2,051", "2006": "$3,361", "2005": "$3,592"}, "Encompass Health Quarterly Total Assets (Millions of US $)": {"2020-09-30": "$6,611", "2020-06-30": "$6,503", "2020-03-31": "$6,138", "2019-12-31": "$6,081", "2019-09-30": "$6,387", "2019-06-30": "$5,812", "2019-03-31": "$5,584", "2018-12-31": "$5,175", "2018-09-30": "$5,132", "2018-06-30": "$5,089", "2018-03-31": "$4,940", "2017-12-31": "$4,865", "2017-09-30": "$4,883", "2017-06-30": "$4,840", "2017-03-31": "$4,704", "2016-12-31": "$4,682", "2016-09-30": "$4,631", "2016-06-30": "$4,633", "2016-03-31": "$4,608", "2015-12-31": "$4,606", "2015-09-30": "$4,249", "2015-06-30": "$3,470", "2015-03-31": "$3,578", "2014-12-31": "$3,388", "2014-09-30": "$2,794", "2014-06-30": "$2,577", "2014-03-31": "$2,539", "2013-12-31": "$2,534", "2013-09-30": "$2,557", "2013-06-30": "$2,512", "2013-03-31": "$2,392", "2012-12-31": "$2,424", "2012-09-30": "$2,456", "2012-06-30": "$2,316", "2012-03-31": "$2,295", "2011-12-31": "$2,271", "2011-09-30": "$2,271", "2011-06-30": "$2,377", "2011-03-31": "$2,481", "2010-12-31": "$2,372", "2010-09-30": "$1,797", "2010-06-30": "$1,756", "2010-03-31": "$1,716", "2009-12-31": "$1,682", "2009-09-30": "$1,754", "2009-06-30": "$1,888", "2009-03-31": "$1,922", "2008-12-31": "$1,998", "2008-09-30": "$1,981", "2008-06-30": "$1,965", "2008-03-31": "$2,012", "2007-12-31": "$2,051", "2007-09-30": "$2,529", "2007-06-30": "$2,402", "2007-03-31": "$3,238", "2006-12-31": "$3,361", "2006-09-30": "$3,285", "2006-06-30": "$3,311", "2006-03-31": "$3,457", "2005-12-31": "$3,592", "2005-09-30": "$0", "2005-06-30": "$0", "2005-03-31": "$0"}}, "cash-on-hand": {"Encompass Health Annual Cash on Hand (Millions of US $)": {"2019": "$152", "2018": "$128", "2017": "$117", "2016": "$101", "2015": "$108", "2014": "$112", "2013": "$117", "2012": "$182", "2011": "$65", "2010": "$103", "2009": "$151", "2008": "$206", "2007": "$112", "2006": "$125", "2005": "$350"}, "Encompass Health Quarterly Cash on Hand (Millions of US $)": {"2020-09-30": "$507", "2020-06-30": "$475", "2020-03-31": "$162", "2019-12-31": "$152", "2019-09-30": "$489", "2019-06-30": "$279", "2019-03-31": "$115", "2018-12-31": "$128", "2018-09-30": "$119", "2018-06-30": "$125", "2018-03-31": "$156", "2017-12-31": "$117", "2017-09-30": "$68", "2017-06-30": "$71", "2017-03-31": "$61", "2016-12-31": "$101", "2016-09-30": "$76", "2016-06-30": "$70", "2016-03-31": "$73", "2015-12-31": "$108", "2015-09-30": "$802", "2015-06-30": "$46", "2015-03-31": "$208", "2014-12-31": "$112", "2014-09-30": "$272", "2014-06-30": "$66", "2014-03-31": "$53", "2013-12-31": "$117", "2013-09-30": "$65", "2013-06-30": "$69", "2013-03-31": "$80", "2012-12-31": "$182", "2012-09-30": "$163", "2012-06-30": "$41", "2012-03-31": "$44", "2011-12-31": "$65", "2011-09-30": "$48", "2011-06-30": "$60", "2011-03-31": "$141", "2010-12-31": "$103", "2010-09-30": "$224", "2010-06-30": "$222", "2010-03-31": "$193", "2009-12-31": "$151", "2009-09-30": "$213", "2009-06-30": "$143", "2009-03-31": "$170", "2008-12-31": "$206", "2008-09-30": "$126", "2008-06-30": "$143", "2008-03-31": "$154", "2007-12-31": "$112", "2007-09-30": "$87", "2007-06-30": "$89", "2007-03-31": "$96", "2006-12-31": "$125", "2006-09-30": "$165", "2006-06-30": "$215", "2006-03-31": "$298", "2005-12-31": "$350", "2005-09-30": "", "2005-06-30": "", "2005-03-31": ""}}, "long-term-debt": {"Encompass Health Annual Long Term Debt (Millions of US $)": {"2019": "$3,023", "2018": "$2,479", "2017": "$2,545", "2016": "$2,979", "2015": "$3,135", "2014": "$2,090", "2013": "$1,505", "2012": "$1,240", "2011": "$1,236", "2010": "$1,497", "2009": "$1,641", "2008": "$1,790", "2007": "$1,974", "2006": "$3,343", "2005": "$3,368"}, "Encompass Health Quarterly Long Term Debt (Millions of US $)": {"2020-09-30": "$3,539", "2020-06-30": "$3,547", "2020-03-31": "$3,322", "2019-12-31": "$3,023", "2019-09-30": "$2,962", "2019-06-30": "$2,720", "2019-03-31": "$2,522", "2018-12-31": "$2,479", "2018-09-30": "$2,504", "2018-06-30": "$2,601", "2018-03-31": "$2,544", "2017-12-31": "$2,545", "2017-09-30": "$2,591", "2017-06-30": "$2,625", "2017-03-31": "$2,916", "2016-12-31": "$2,979", "2016-09-30": "$2,974", "2016-06-30": "$3,050", "2016-03-31": "$3,080", "2015-12-31": "$3,135", "2015-09-30": "$2,801", "2015-06-30": "$2,104", "2015-03-31": "$2,123", "2014-12-31": "$2,090", "2014-09-30": "$1,441", "2014-06-30": "$1,475", "2014-03-31": "$1,503", "2013-12-31": "$1,505", "2013-09-30": "$1,306", "2013-06-30": "$1,320", "2013-03-31": "$1,365", "2012-12-31": "$1,240", "2012-09-30": "$1,242", "2012-06-30": "$1,219", "2012-03-31": "$1,246", "2011-12-31": "$1,236", "2011-09-30": "$1,309", "2011-06-30": "$1,440", "2011-03-31": "$1,551", "2010-12-31": "$1,497", "2010-09-30": "$1,639", "2010-06-30": "$1,633", "2010-03-31": "$1,636", "2009-12-31": "$1,641", "2009-09-30": "$1,675", "2009-06-30": "$1,680", "2009-03-31": "$1,706", "2008-12-31": "$1,790", "2008-09-30": "$1,821", "2008-06-30": "$1,827", "2008-03-31": "$1,989", "2007-12-31": "$1,974", "2007-09-30": "$2,352", "2007-06-30": "$2,360", "2007-03-31": "$3,295", "2006-12-31": "$3,343", "2006-09-30": "$3,254", "2006-06-30": "$3,274", "2006-03-31": "$3,308", "2005-12-31": "$3,368", "2005-09-30": "", "2005-06-30": "", "2005-03-31": ""}}, "total-liabilities": {"Encompass Health Annual Total Liabilities (Millions of US $)": {"2019": "$4,388", "2018": "$3,618", "2017": "$3,469", "2016": "$3,753", "2015": "$3,827", "2014": "$2,769", "2013": "$2,066", "2012": "$2,021", "2011": "$2,070", "2010": "$2,374", "2009": "$2,579", "2008": "$3,085", "2007": "$3,605", "2006": "$5,545", "2005": "$5,133"}, "Encompass Health Quarterly Total Liabilities (Millions of US $)": {"2020-09-30": "$4,715", "2020-06-30": "$4,671", "2020-03-31": "$4,341", "2019-12-31": "$4,388", "2019-09-30": "$4,716", "2019-06-30": "$4,228", "2019-03-31": "$3,967", "2018-12-31": "$3,618", "2018-09-30": "$3,548", "2018-06-30": "$3,588", "2018-03-31": "$3,499", "2017-12-31": "$3,469", "2017-09-30": "$3,510", "2017-06-30": "$3,517", "2017-03-31": "$3,725", "2016-12-31": "$3,753", "2016-09-30": "$3,718", "2016-06-30": "$3,783", "2016-03-31": "$3,784", "2015-12-31": "$3,827", "2015-09-30": "$3,459", "2015-06-30": "$2,705", "2015-03-31": "$2,938", "2014-12-31": "$2,769", "2014-09-30": "$2,201", "2014-06-30": "$2,021", "2014-03-31": "$2,057", "2013-12-31": "$2,066", "2013-09-30": "$2,115", "2013-06-30": "$2,119", "2013-03-31": "$2,169", "2012-12-31": "$2,021", "2012-09-30": "$2,100", "2012-06-30": "$2,022", "2012-03-31": "$2,060", "2011-12-31": "$2,070", "2011-09-30": "$2,119", "2011-06-30": "$2,281", "2011-03-31": "$2,409", "2010-12-31": "$2,374", "2010-09-30": "$2,579", "2010-06-30": "$2,573", "2010-03-31": "$2,578", "2009-12-31": "$2,579", "2009-09-30": "$2,676", "2009-06-30": "$2,939", "2009-03-31": "$2,966", "2008-12-31": "$3,085", "2008-09-30": "$3,327", "2008-06-30": "$3,313", "2008-03-31": "$3,550", "2007-12-31": "$3,605", "2007-09-30": "$4,034", "2007-06-30": "$4,191", "2007-03-31": "$5,490", "2006-12-31": "$5,545", "2006-09-30": "$5,382", "2006-06-30": "$5,330", "2006-03-31": "$5,429", "2005-12-31": "$5,133", "2005-09-30": "", "2005-06-30": "", "2005-03-31": ""}}, "total-share-holder-equity": {"Encompass Health Annual Share Holder Equity (Millions of US $)": {"2019": "$1,693", "2018": "$1,557", "2017": "$1,395", "2016": "$929", "2015": "$779", "2014": "$620", "2013": "$469", "2012": "$404", "2011": "$202", "2010": "$-2", "2009": "$-898", "2008": "$-1,087", "2007": "$-1,555", "2006": "$-2,185", "2005": "$-1,541"}, "Encompass Health Quarterly Share Holder Equity (Millions of US $)": {"2020-09-30": "$1,896", "2020-06-30": "$1,831", "2020-03-31": "$1,797", "2019-12-31": "$1,693", "2019-09-30": "$1,671", "2019-06-30": "$1,584", "2019-03-31": "$1,617", "2018-12-31": "$1,557", "2018-09-30": "$1,584", "2018-06-30": "$1,501", "2018-03-31": "$1,441", "2017-12-31": "$1,395", "2017-09-30": "$1,373", "2017-06-30": "$1,323", "2017-03-31": "$979", "2016-12-31": "$929", "2016-09-30": "$914", "2016-06-30": "$849", "2016-03-31": "$824", "2015-12-31": "$779", "2015-09-30": "$790", "2015-06-30": "$765", "2015-03-31": "$640", "2014-12-31": "$620", "2014-09-30": "$593", "2014-06-30": "$555", "2014-03-31": "$482", "2013-12-31": "$469", "2013-09-30": "$442", "2013-06-30": "$393", "2013-03-31": "$224", "2012-12-31": "$404", "2012-09-30": "$356", "2012-06-30": "$294", "2012-03-31": "$236", "2011-12-31": "$202", "2011-09-30": "$152", "2011-06-30": "$97", "2011-03-31": "$72", "2010-12-31": "$-2", "2010-09-30": "$-782", "2010-06-30": "$-817", "2010-03-31": "$-862", "2009-12-31": "$-898", "2009-09-30": "$-922", "2009-06-30": "$-1,050", "2009-03-31": "$-1,044", "2008-12-31": "$-1,087", "2008-09-30": "$-1,346", "2008-06-30": "$-1,348", "2008-03-31": "$-1,538", "2007-12-31": "$-1,555", "2007-09-30": "$-1,506", "2007-06-30": "$-1,789", "2007-03-31": "$-2,252", "2006-12-31": "$-2,185", "2006-09-30": "$-2,097", "2006-06-30": "$-2,020", "2006-03-31": "$-1,972", "2005-12-31": "$-1,541", "2005-09-30": "", "2005-06-30": "", "2005-03-31": ""}}, "profit-margins": {"current": "6.12%"}, "gross margin": {"2020-12-31": "100.00%", "2020-09-30": "100.00%", "2020-06-30": "100.00%", "2020-03-31": "100.00%", "2019-12-31": "100.00%", "2019-09-30": "100.00%", "2019-06-30": "98.82%", "2019-03-31": "98.81%", "2018-12-31": "98.78%", "2018-09-30": "98.76%", "2018-06-30": "100.00%", "2018-03-31": "100.00%", "2017-12-31": "100.00%", "2017-09-30": "100.00%", "2017-06-30": "100.00%", "2017-03-31": "100.00%", "2016-12-31": "100.00%", "2016-09-30": "100.00%", "2016-06-30": "100.00%", "2016-03-31": "100.00%", "2015-12-31": "100.00%", "2015-09-30": "100.00%", "2015-06-30": "100.00%", "2015-03-31": "100.00%", "2014-12-31": "100.00%", "2014-09-30": "100.00%", "2014-06-30": "100.00%", "2014-03-31": "100.00%", "2013-12-31": "100.00%", "2013-09-30": "100.00%", "2013-06-30": "100.00%", "2013-03-31": "96.54%", "2012-12-31": "96.49%", "2012-09-30": "96.41%", "2012-06-30": "96.36%", "2012-03-31": "100.00%", "2011-12-31": "100.00%", "2011-09-30": "100.00%", "2011-06-30": "100.00%", "2011-03-31": "100.00%", "2010-12-31": "100.00%", "2010-09-30": "100.00%", "2010-06-30": "96.31%", "2010-03-31": "96.34%", "2009-12-31": "96.30%", "2009-09-30": "96.49%", "2009-06-30": "100.00%", "2009-03-31": "100.00%", "2008-12-31": "100.00%", "2008-09-30": "100.00%", "2008-06-30": "100.00%", "2008-03-31": "100.00%", "2007-12-31": "100.00%", "2007-09-30": "100.00%", "2007-06-30": "100.00%", "2007-03-31": "100.00%", "2006-12-31": "100.00%", "2006-09-30": "100.00%", "2006-06-30": "100.00%", "2006-03-31": "100.00%", "2005-12-31": "100.00%"}, "operating margin": {"2020-12-31": "13.89%", "2020-09-30": "13.16%", "2020-06-30": "13.17%", "2020-03-31": "14.54%", "2019-12-31": "14.90%", "2019-09-30": "14.21%", "2019-06-30": "14.54%", "2019-03-31": "14.90%", "2018-12-31": "14.73%", "2018-09-30": "16.15%", "2018-06-30": "16.22%", "2018-03-31": "16.11%", "2017-12-31": "16.33%", "2017-09-30": "16.76%", "2017-06-30": "17.07%", "2017-03-31": "17.57%", "2016-12-31": "17.79%", "2016-09-30": "17.20%", "2016-06-30": "17.17%", "2016-03-31": "17.16%", "2015-12-31": "16.82%", "2015-09-30": "17.21%", "2015-06-30": "17.54%", "2015-03-31": "18.25%", "2014-12-31": "19.16%", "2014-09-30": "20.42%", "2014-06-30": "21.45%", "2014-03-31": "21.09%", "2013-12-31": "21.45%", "2013-09-30": "21.03%", "2013-06-30": "20.05%", "2013-03-31": "19.93%", "2012-12-31": "19.53%", "2012-09-30": "19.56%", "2012-06-30": "19.18%", "2012-03-31": "19.24%", "2011-12-31": "19.24%", "2011-09-30": "19.17%", "2011-06-30": "18.75%", "2011-03-31": "18.01%", "2010-12-31": "17.52%", "2010-09-30": "17.09%", "2010-06-30": "16.55%", "2010-03-31": "14.20%", "2009-12-31": "14.68%", "2009-09-30": "21.35%", "2009-06-30": "20.12%", "2009-03-31": "22.24%", "2008-12-31": "22.30%", "2008-09-30": "13.13%", "2008-06-30": "13.79%", "2008-03-31": "13.99%", "2007-12-31": "10.97%", "2007-09-30": "8.92%", "2007-06-30": "8.24%", "2007-03-31": "5.91%", "2006-12-31": "4.63%", "2006-09-30": "4.38%", "2006-06-30": "6.88%", "2006-03-31": "7.47%", "2005-12-31": "2.97%"}, "ebitda margin": {"2020-09-30": "18.44%", "2020-06-30": "18.34%", "2020-03-31": "19.45%", "2019-12-31": "19.72%", "2019-09-30": "18.99%", "2019-06-30": "19.33%", "2019-03-31": "19.70%", "2018-12-31": "19.47%", "2018-09-30": "20.97%", "2018-06-30": "21.02%", "2018-03-31": "20.96%", "2017-12-31": "21.26%", "2017-09-30": "21.84%", "2017-06-30": "22.19%", "2017-03-31": "22.69%", "2016-12-31": "22.95%", "2016-09-30": "22.41%", "2016-06-30": "22.30%", "2016-03-31": "22.23%", "2015-12-31": "21.76%", "2015-09-30": "22.04%", "2015-06-30": "22.43%", "2015-03-31": "23.17%", "2014-12-31": "24.21%", "2014-09-30": "25.13%", "2014-06-30": "26.10%", "2014-03-31": "25.68%", "2013-12-31": "25.90%", "2013-09-30": "25.30%", "2013-06-30": "24.24%", "2013-03-31": "24.03%", "2012-12-31": "23.56%", "2012-09-30": "23.29%", "2012-06-30": "23.07%", "2012-03-31": "23.17%", "2011-12-31": "23.18%", "2011-09-30": "23.12%", "2011-06-30": "22.84%", "2011-03-31": "22.02%", "2010-12-31": "21.49%", "2010-09-30": "21.30%", "2010-06-30": "20.64%", "2010-03-31": "18.25%", "2009-12-31": "18.71%", "2009-09-30": "25.35%", "2009-06-30": "23.98%", "2009-03-31": "26.37%", "2008-12-31": "27.16%", "2008-09-30": "17.04%", "2008-06-30": "16.69%", "2008-03-31": "15.71%", "2007-12-31": "10.97%", "2007-09-30": "8.92%", "2007-06-30": "8.24%", "2007-03-31": "5.91%", "2006-12-31": "4.63%", "2006-09-30": "4.38%", "2006-06-30": "6.88%", "2006-03-31": "7.47%", "2005-12-31": "2.97%"}, "pre tax profit margin": {"2020-12-31": "10.19%", "2020-09-30": "9.56%", "2020-06-30": "10.17%", "2020-03-31": "11.64%", "2019-12-31": "12.25%", "2019-09-30": "11.56%", "2019-06-30": "11.49%", "2019-03-31": "11.82%", "2018-12-31": "11.55%", "2018-09-30": "13.22%", "2018-06-30": "13.20%", "2018-03-31": "12.69%", "2017-12-31": "12.67%", "2017-09-30": "12.56%", "2017-06-30": "12.58%", "2017-03-31": "13.22%", "2016-12-31": "13.26%", "2016-09-30": "13.15%", "2016-06-30": "13.20%", "2016-03-31": "12.90%", "2015-12-31": "12.71%", "2015-09-30": "12.63%", "2015-06-30": "12.92%", "2015-03-31": "15.20%", "2014-12-31": "16.29%", "2014-09-30": "17.47%", "2014-06-30": "18.58%", "2014-03-31": "17.17%", "2013-12-31": "17.58%", "2013-09-30": "17.17%", "2013-06-30": "16.51%", "2013-03-31": "16.33%", "2012-12-31": "15.93%", "2012-09-30": "16.31%", "2012-06-30": "14.76%", "2012-03-31": "12.91%", "2011-12-31": "12.16%", "2011-09-30": "10.48%", "2011-06-30": "9.95%", "2011-03-31": "10.74%", "2010-12-31": "10.21%", "2010-09-30": "9.16%", "2010-06-30": "8.78%", "2010-03-31": "5.88%", "2009-12-31": "5.99%", "2009-09-30": "11.93%", "2009-06-30": "9.92%", "2009-03-31": "13.05%", "2008-12-31": "10.66%", "2008-09-30": "1.68%", "2008-06-30": "0.34%", "2008-03-31": "-3.27%", "2007-12-31": "-5.51%", "2007-09-30": "-6.08%", "2007-06-30": "-7.35%", "2007-03-31": "-8.37%", "2006-12-31": "-27.73%", "2006-09-30": "-28.43%", "2006-06-30": "-21.43%", "2006-03-31": "-19.21%", "2005-12-31": "-10.77%"}, "net profit margin": {"2020-12-31": "6.12%", "2020-09-30": "5.77%", "2020-06-30": "6.21%", "2020-03-31": "7.36%", "2019-12-31": "7.77%", "2019-09-30": "7.04%", "2019-06-30": "7.01%", "2019-03-31": "7.14%", "2018-12-31": "6.85%", "2018-09-30": "8.11%", "2018-06-30": "7.72%", "2018-03-31": "7.19%", "2017-12-31": "6.92%", "2017-09-30": "6.80%", "2017-06-30": "6.82%", "2017-03-31": "6.93%", "2016-12-31": "6.81%", "2016-09-30": "6.43%", "2016-06-30": "6.38%", "2016-03-31": "6.07%", "2015-12-31": "5.84%", "2015-09-30": "6.16%", "2015-06-30": "6.49%", "2015-03-31": "8.45%", "2014-12-31": "9.14%", "2014-09-30": "6.38%", "2014-06-30": "6.64%", "2014-03-31": "10.15%", "2013-12-31": "10.28%", "2013-09-30": "13.48%", "2013-06-30": "13.10%", "2013-03-31": "7.80%", "2012-12-31": "7.49%", "2012-09-30": "7.75%", "2012-06-30": "8.35%", "2012-03-31": "7.22%", "2011-12-31": "9.12%", "2011-09-30": "46.87%", "2011-06-30": "46.41%", "2011-03-31": "48.74%", "2010-12-31": "46.91%", "2010-09-30": "7.42%", "2010-06-30": "6.54%", "2010-03-31": "3.55%", "2009-12-31": "3.81%", "2009-09-30": "11.24%", "2009-06-30": "10.78%", "2009-03-31": "13.65%", "2008-12-31": "12.35%", "2008-09-30": "-0.06%", "2008-06-30": "15.89%", "2008-03-31": "40.37%", "2007-12-31": "36.45%", "2007-09-30": "29.51%", "2007-06-30": "11.75%", "2007-03-31": "-13.59%", "2006-12-31": "-31.92%", "2006-09-30": "-33.64%", "2006-06-30": "-25.70%", "2006-03-31": "-22.58%", "2005-12-31": "-14.09%"}, "pe ratio": {"current": "28.46", "2021-02-05": "41.33", "2020-12-31": "41.55", "2020-09-30": "24.25", "2020-06-30": "21.41", "2020-03-31": "18.33", "2019-12-31": "18.87", "2019-09-30": "19.31", "2019-06-30": "19.81", "2019-03-31": "18.18", "2018-12-31": "20.36", "2018-09-30": "23.11", "2018-06-30": "21.46", "2018-03-31": "19.46", "2017-12-31": "17.62", "2017-09-30": "16.03", "2017-06-30": "16.83", "2017-03-31": "15.09", "2016-12-31": "14.96", "2016-09-30": "15.79", "2016-06-30": "15.82", "2016-03-31": "16.72", "2015-12-31": "16.74", "2015-09-30": "18.83", "2015-06-30": "22.47", "2015-03-31": "17.71", "2014-12-31": "15.02", "2014-09-30": "21.31", "2014-06-30": "19.82", "2014-03-31": "13.12", "2013-12-31": "12.10", "2013-09-30": "9.50", "2013-06-30": "8.26", "2013-03-31": "12.76", "2012-12-31": "10.76", "2012-09-30": "12.12", "2012-06-30": "11.07", "2012-03-31": "11.37", "2011-12-31": "8.06", "2011-09-30": "1.50", "2011-06-30": "2.73", "2011-03-31": "2.52", "2010-12-31": "2.18", "2010-09-30": "11.63", "2010-06-30": "12.66", "2010-03-31": "23.14", "2009-12-31": "21.11", "2009-09-30": "6.07", "2009-06-30": "5.93", "2009-03-31": "2.83", "2008-12-31": "3.87", "2008-09-30": "228.05", "2008-06-30": "4.50", "2008-03-31": "1.99", "2007-12-31": "2.64", "2007-09-30": "2.34", "2007-06-30": "6.82", "2007-03-31": "0.00", "2006-12-31": "0.00"}, "price sales": {"2021-02-05": "1.77", "2020-12-31": "1.78", "2020-09-30": "1.40", "2020-06-30": "1.33", "2020-03-31": "1.35", "2019-12-31": "1.47", "2019-09-30": "1.37", "2019-06-30": "1.39", "2019-03-31": "1.30", "2018-12-31": "1.39", "2018-09-30": "1.79", "2018-06-30": "1.58", "2018-03-31": "1.36", "2017-12-31": "1.19", "2017-09-30": "1.14", "2017-06-30": "1.21", "2017-03-31": "1.08", "2016-12-31": "1.05", "2016-09-30": "1.05", "2016-06-30": "1.05", "2016-03-31": "1.06", "2015-12-31": "1.03", "2015-09-30": "1.23", "2015-06-30": "1.57", "2015-03-31": "1.59", "2014-12-31": "1.46", "2014-09-30": "1.42", "2014-06-30": "1.39", "2014-03-31": "1.41", "2013-12-31": "1.33", "2013-09-30": "1.40", "2013-06-30": "1.20", "2013-03-31": "1.14", "2012-12-31": "0.93", "2012-09-30": "1.08", "2012-06-30": "1.06", "2012-03-31": "0.95", "2011-12-31": "0.83", "2011-09-30": "0.72", "2011-06-30": "1.30", "2011-03-31": "1.25", "2010-12-31": "1.04", "2010-09-30": "1.00", "2010-06-30": "0.96", "2010-03-31": "0.93", "2009-12-31": "0.93", "2009-09-30": "0.72", "2009-06-30": "0.67", "2009-03-31": "0.41", "2008-12-31": "0.50", "2008-09-30": "0.84", "2008-06-30": "0.75", "2008-03-31": "0.81", "2007-12-31": "0.97", "2007-09-30": "0.69", "2007-06-30": "0.72", "2007-03-31": "0.83", "2006-12-31": "0.87"}, "price book": {"current": "4.15", "2021-02-05": "4.31", "2020-09-30": "3.40", "2020-06-30": "3.34", "2020-03-31": "3.50", "2019-12-31": "3.97", "2019-09-30": "3.66", "2019-06-30": "3.85", "2019-03-31": "3.48", "2018-12-31": "3.79", "2018-09-30": "4.71", "2018-06-30": "4.30", "2018-03-31": "3.76", "2017-12-31": "3.33", "2017-09-30": "3.15", "2017-06-30": "3.11", "2017-03-31": "3.68", "2016-12-31": "3.70", "2016-09-30": "3.71", "2016-06-30": "3.80", "2016-03-31": "3.78", "2015-12-31": "3.68", "2015-09-30": "4.03", "2015-06-30": "4.97", "2015-03-31": "5.49", "2014-12-31": "4.87", "2014-09-30": "4.86", "2014-06-30": "5.01", "2014-03-31": "5.78", "2013-12-31": "5.48", "2013-09-30": "5.94", "2013-06-30": "5.55", "2013-03-31": "8.91", "2012-12-31": "4.34", "2012-09-30": "5.60", "2012-06-30": "6.56", "2012-03-31": "7.19", "2011-12-31": "7.23", "2011-09-30": "8.12", "2011-06-30": "22.43", "2011-03-31": "28.49", "2010-12-31": "-763.32", "2010-09-30": "-1.99", "2010-06-30": "-1.85", "2010-03-31": "-1.76", "2009-12-31": "-1.69", "2009-09-30": "-1.37", "2009-06-30": "-1.05", "2009-03-31": "-0.65", "2008-12-31": "-0.77", "2008-09-30": "-1.04", "2008-06-30": "-0.94", "2008-03-31": "-0.79", "2007-12-31": "-0.92", "2007-09-30": "-0.79", "2007-06-30": "-0.69", "2007-03-31": "-0.64", "2006-12-31": "-0.71", "2006-09-30": "-0.82", "2006-06-30": "-0.66", "2006-03-31": "-0.87"}, "price fcf": {"2021-02-05": "", "2020-09-30": "$2.60", "2020-06-30": "$1.88", "2020-03-31": "$1.09", "2019-12-31": "$2.51", "2019-09-30": "$2.54", "2019-06-30": "$3.69", "2019-03-31": "$4.23", "2018-12-31": "$4.93", "2018-09-30": "$4.76", "2018-06-30": "$4.59", "2018-03-31": "$4.33", "2017-12-31": "$4.16", "2017-09-30": "$4.33", "2017-06-30": "$4.52", "2017-03-31": "$4.73", "2016-12-31": "$4.64", "2016-09-30": "$4.58", "2016-06-30": "$4.41", "2016-03-31": "$4.03", "2015-12-31": "$3.46", "2015-09-30": "$2.87", "2015-06-30": "$2.63", "2015-03-31": "$2.87", "2014-12-31": "$2.55", "2014-09-30": "$2.89", "2014-06-30": "$2.36", "2014-03-31": "$2.14", "2013-12-31": "$2.49", "2013-09-30": "$2.58", "2013-06-30": "$2.86", "2013-03-31": "$2.67", "2012-12-31": "$2.33", "2012-09-30": "$2.36", "2012-06-30": "$1.95", "2012-03-31": "$1.87", "2011-12-31": "$2.14", "2011-09-30": "$1.81", "2011-06-30": "$2.20", "2011-03-31": "$2.46", "2010-12-31": "$2.41", "2010-09-30": "$2.29", "2010-06-30": "$2.73", "2010-03-31": "$2.33", "2009-12-31": "$3.32", "2009-09-30": "$3.73", "2009-06-30": "$3.23", "2009-03-31": "$3.15", "2008-12-31": "$2.34", "2008-09-30": "$5.50", "2008-06-30": "$4.43", "2008-03-31": "$3.02", "2007-12-31": "$2.09", "2007-09-30": "$-2.43", "2007-06-30": "$-2.41", "2007-03-31": "$-1.12", "2006-12-31": "$-1.96"}, "net worth": {"value": "$8.18B"}, "current ratio": {"2020-12-31": "1.32", "2020-09-30": "1.72", "2020-06-30": "1.66", "2020-03-31": "1.34", "2019-12-31": "1.05", "2019-09-30": "0.97", "2019-06-30": "1.12", "2019-03-31": "0.89", "2018-12-31": "0.99", "2018-09-30": "1.05", "2018-06-30": "1.17", "2018-03-31": "1.24", "2017-12-31": "1.36", "2017-09-30": "1.35", "2017-06-30": "1.41", "2017-03-31": "1.40", "2016-12-31": "1.38", "2016-09-30": "1.40", "2016-06-30": "1.44", "2016-03-31": "1.36", "2015-12-31": "1.40", "2015-09-30": "3.63", "2015-06-30": "1.95", "2015-03-31": "1.74", "2014-12-31": "1.89", "2014-09-30": "1.52", "2014-06-30": "1.94", "2014-03-31": "1.94", "2013-12-31": "1.86", "2013-09-30": "1.84", "2013-06-30": "1.90", "2013-03-31": "1.88", "2012-12-31": "2.12", "2012-09-30": "1.45", "2012-06-30": "1.31", "2012-03-31": "1.37", "2011-12-31": "1.57", "2011-09-30": "1.43", "2011-06-30": "1.34", "2011-03-31": "1.54", "2010-12-31": "1.13", "2010-09-30": "1.32", "2010-06-30": "1.29", "2010-03-31": "1.23", "2009-12-31": "1.09", "2009-09-30": "1.08", "2009-06-30": "0.89", "2009-03-31": "0.92", "2008-12-31": "0.92", "2008-09-30": "0.75", "2008-06-30": "0.81", "2008-03-31": "0.77", "2007-12-31": "0.66", "2007-09-30": "0.66", "2007-06-30": "0.60", "2007-03-31": "0.68", "2006-12-31": "0.70", "2006-09-30": "0.63", "2006-06-30": "0.70", "2006-03-31": "0.79", "2005-12-31": "0.79", "2005-09-30": "0.00", "2005-06-30": "0.00", "2005-03-31": "0.00"}, "quick ratio": {"2020-12-31": "0.00", "2020-09-30": "0.00", "2020-06-30": "0.00", "2020-03-31": "0.00", "2019-12-31": "0.00", "2019-09-30": "0.00", "2019-06-30": "0.00", "2019-03-31": "0.00", "2018-12-31": "0.00", "2018-09-30": "0.00", "2018-06-30": "0.00", "2018-03-31": "0.00", "2017-12-31": "0.00", "2017-09-30": "0.00", "2017-06-30": "0.00", "2017-03-31": "0.00", "2016-12-31": "0.00", "2016-09-30": "0.00", "2016-06-30": "0.00", "2016-03-31": "0.00", "2015-12-31": "0.00", "2015-09-30": "0.00", "2015-06-30": "0.00", "2015-03-31": "0.00", "2014-12-31": "0.00", "2014-09-30": "0.00", "2014-06-30": "0.00", "2014-03-31": "0.00", "2013-12-31": "0.00", "2013-09-30": "0.00", "2013-06-30": "0.00", "2013-03-31": "0.00", "2012-12-31": "0.00", "2012-09-30": "0.00", "2012-06-30": "0.00", "2012-03-31": "0.00", "2011-12-31": "0.00", "2011-09-30": "0.00", "2011-06-30": "0.00", "2011-03-31": "0.00", "2010-12-31": "0.00", "2010-09-30": "0.00", "2010-06-30": "0.00", "2010-03-31": "0.00", "2009-12-31": "0.00", "2009-09-30": "0.00", "2009-06-30": "0.00", "2009-03-31": "0.00", "2008-12-31": "0.00", "2008-09-30": "0.00", "2008-06-30": "0.00", "2008-03-31": "0.00", "2007-12-31": "0.00", "2007-09-30": "0.00", "2007-06-30": "0.00", "2007-03-31": "0.00", "2006-12-31": "0.00", "2006-09-30": "0.00", "2006-06-30": "0.00", "2006-03-31": "0.00", "2005-12-31": "0.00", "2005-09-30": "0.00", "2005-06-30": "0.00", "2005-03-31": "0.00"}, "debt equity ratio": {"current": "1.65", "2020-12-31": "2.27", "2020-09-30": "2.49", "2020-06-30": "2.55", "2020-03-31": "2.42", "2019-12-31": "2.59", "2019-09-30": "2.82", "2019-06-30": "2.67", "2019-03-31": "2.45", "2018-12-31": "2.32", "2018-09-30": "2.24", "2018-06-30": "2.39", "2018-03-31": "2.43", "2017-12-31": "2.49", "2017-09-30": "2.56", "2017-06-30": "2.66", "2017-03-31": "3.80", "2016-12-31": "4.04", "2016-09-30": "4.07", "2016-06-30": "4.45", "2016-03-31": "4.59", "2015-12-31": "4.91", "2015-09-30": "4.38", "2015-06-30": "3.54", "2015-03-31": "4.59", "2014-12-31": "4.47", "2014-09-30": "3.71", "2014-06-30": "3.64", "2014-03-31": "4.27", "2013-12-31": "4.41", "2013-09-30": "4.78", "2013-06-30": "5.40", "2013-03-31": "9.70", "2012-12-31": "5.01", "2012-09-30": "5.90", "2012-06-30": "6.89", "2012-03-31": "8.73", "2011-12-31": "10.27", "2011-09-30": "13.96", "2011-06-30": "23.61", "2011-03-31": "33.32", "2010-12-31": "-1079.23", "2010-09-30": "-3.30", "2010-06-30": "-3.15", "2010-03-31": "-2.99", "2009-12-31": "-2.87", "2009-09-30": "-2.90", "2009-06-30": "-2.80", "2009-03-31": "-2.84", "2008-12-31": "-2.84", "2008-09-30": "-2.47", "2008-06-30": "-2.46", "2008-03-31": "-2.31", "2007-12-31": "-2.32", "2007-09-30": "-2.68", "2007-06-30": "-2.34", "2007-03-31": "-2.44", "2006-12-31": "-2.54", "2006-09-30": "-2.57", "2006-06-30": "-2.64", "2006-03-31": "-2.75", "2005-12-31": "-3.33", "2005-09-30": "0.00", "2005-06-30": "0.00", "2005-03-31": "0.00"}, "return on equity": {"2020-12-31": "15.16%", "2020-09-30": "14.74%", "2020-06-30": "16.36%", "2020-03-31": "20.34%", "2019-12-31": "21.81%", "2019-09-30": "19.79%", "2019-06-30": "19.55%", "2019-03-31": "19.88%", "2018-12-31": "19.27%", "2018-09-30": "22.97%", "2018-06-30": "22.21%", "2018-03-31": "20.82%", "2017-12-31": "21.38%", "2017-09-30": "22.68%", "2017-06-30": "24.80%", "2017-03-31": "28.00%", "2016-12-31": "28.21%", "2016-09-30": "27.33%", "2016-06-30": "27.02%", "2016-03-31": "25.21%", "2015-12-31": "24.48%", "2015-09-30": "25.01%", "2015-06-30": "26.59%", "2015-03-31": "35.38%", "2014-12-31": "38.58%", "2014-09-30": "28.39%", "2014-06-30": "31.42%", "2014-03-31": "51.51%", "2013-12-31": "60.47%", "2013-09-30": "82.02%", "2013-06-30": "83.66%", "2013-03-31": "52.90%", "2012-12-31": "49.61%", "2012-09-30": "59.56%", "2012-06-30": "77.83%", "2012-03-31": "85.59%", "2011-12-31": "139.96%", "2011-09-30": "1143.57%", "2011-06-30": "-576.26%", "2011-03-31": "-238.59%", "2010-12-31": "-141.78%", "2010-09-30": "-15.72%", "2010-06-30": "-13.38%", "2010-03-31": "-6.86%", "2009-12-31": "-6.95%", "2009-09-30": "-20.57%", "2009-06-30": "-17.76%", "2009-03-31": "-20.81%", "2008-12-31": "-17.00%", "2008-09-30": "0.07%", "2008-06-30": "-18.83%", "2008-03-31": "-44.08%", "2007-12-31": "-35.37%", "2007-09-30": "-31.14%", "2007-06-30": "-11.44%", "2007-03-31": "12.91%", "2006-12-31": "31.33%", "2006-09-30": "35.86%", "2006-06-30": "44.32%", "2006-03-31": "70.94%", "2005-12-31": "115.77%"}, "return on assets": {"2020-12-31": "4.42%", "2020-09-30": "4.20%", "2020-06-30": "4.56%", "2020-03-31": "5.62%", "2019-12-31": "6.00%", "2019-09-30": "5.54%", "2019-06-30": "5.71%", "2019-03-31": "5.93%", "2018-12-31": "5.76%", "2018-09-30": "6.79%", "2018-06-30": "6.41%", "2018-03-31": "5.90%", "2017-12-31": "5.62%", "2017-09-30": "5.46%", "2017-06-30": "5.45%", "2017-03-31": "5.51%", "2016-12-31": "5.35%", "2016-09-30": "4.98%", "2016-06-30": "4.84%", "2016-03-31": "4.70%", "2015-12-31": "4.58%", "2015-09-30": "4.79%", "2015-06-30": "5.26%", "2015-03-31": "6.91%", "2014-12-31": "7.68%", "2014-09-30": "5.71%", "2014-06-30": "6.00%", "2014-03-31": "9.07%", "2013-12-31": "9.24%", "2013-09-30": "12.14%", "2013-06-30": "11.77%", "2013-03-31": "7.05%", "2012-12-31": "6.74%", "2012-09-30": "6.94%", "2012-06-30": "7.52%", "2012-03-31": "6.38%", "2011-12-31": "7.79%", "2011-09-30": "38.40%", "2011-06-30": "39.26%", "2011-03-31": "43.40%", "2010-12-31": "45.70%", "2010-09-30": "7.60%", "2010-06-30": "6.77%", "2010-03-31": "3.64%", "2009-12-31": "3.75%", "2009-09-30": "11.16%", "2009-06-30": "10.32%", "2009-03-31": "12.76%", "2008-12-31": "11.36%", "2008-09-30": "-0.05%", "2008-06-30": "13.09%", "2008-03-31": "31.31%", "2007-12-31": "24.58%", "2007-09-30": "20.88%", "2007-06-30": "7.75%", "2007-03-31": "-8.37%", "2006-12-31": "-19.32%", "2006-09-30": "-20.05%", "2006-06-30": "-23.67%", "2006-03-31": "-35.35%", "2005-12-31": "-49.67%"}, "return on investments": {"2020-12-31": "12.20%", "2020-09-30": "11.76%", "2020-06-30": "12.21%", "2020-03-31": "14.45%", "2019-12-31": "15.42%", "2019-09-30": "15.01%", "2019-06-30": "15.53%", "2019-03-31": "15.86%", "2018-12-31": "15.55%", "2018-09-30": "16.80%", "2018-06-30": "16.66%", "2018-03-31": "16.29%", "2017-12-31": "16.23%", "2017-09-30": "16.37%", "2017-06-30": "16.45%", "2017-03-31": "16.70%", "2016-12-31": "16.62%", "2016-09-30": "15.76%", "2016-06-30": "15.39%", "2016-03-31": "15.77%", "2015-12-31": "15.95%", "2015-09-30": "16.49%", "2015-06-30": "18.12%", "2015-03-31": "19.29%", "2014-12-31": "20.78%", "2014-09-30": "23.78%", "2014-06-30": "25.54%", "2014-03-31": "25.77%", "2013-12-31": "27.45%", "2013-09-30": "27.97%", "2013-06-30": "26.96%", "2013-03-31": "27.24%", "2012-12-31": "26.75%", "2012-09-30": "27.13%", "2012-06-30": "26.81%", "2012-03-31": "26.50%", "2011-12-31": "25.49%", "2011-09-30": "24.40%", "2011-06-30": "25.98%", "2011-03-31": "28.14%", "2010-12-31": "33.08%", "2010-09-30": "38.12%", "2010-06-30": "38.37%", "2010-03-31": "35.31%", "2009-12-31": "37.59%", "2009-09-30": "58.39%", "2009-06-30": "60.75%", "2009-03-31": "70.55%", "2008-12-31": "77.42%", "2008-09-30": "51.48%", "2008-06-30": "44.24%", "2008-03-31": "42.66%", "2007-12-31": "26.25%", "2007-09-30": "20.12%", "2007-06-30": "17.00%", "2007-03-31": "10.41%", "2006-12-31": "7.66%", "2006-09-30": "6.39%", "2006-06-30": "14.85%", "2006-03-31": "26.05%", "2005-12-31": "20.58%"}, "return on tangible equity": {"2020-09-30": "-27.45%", "2020-06-30": "-27.69%", "2020-03-31": "-32.98%", "2019-12-31": "-34.83%", "2019-09-30": "-31.72%", "2019-06-30": "-32.38%", "2019-03-31": "-32.09%", "2018-12-31": "-30.26%", "2018-09-30": "-35.18%", "2018-06-30": "-32.27%", "2018-03-31": "-29.22%", "2017-12-31": "-24.79%", "2017-09-30": "-21.74%", "2017-06-30": "-19.73%", "2017-03-31": "-18.21%", "2016-12-31": "-17.19%", "2016-09-30": "-15.62%", "2016-06-30": "-17.11%", "2016-03-31": "-18.46%", "2015-12-31": "-20.31%", "2015-09-30": "-24.91%", "2015-06-30": "-31.85%", "2015-03-31": "-54.37%", "2014-12-31": "-99.31%", "2014-09-30": "-332.96%", "2014-06-30": "-216.25%", "2014-03-31": "-233.50%", "2013-12-31": "-145.97%", "2013-09-30": "-180.72%", "2013-06-30": "-160.89%", "2013-03-31": "-88.71%", "2012-12-31": "-90.65%", "2012-09-30": "-73.89%", "2012-06-30": "-66.60%", "2012-03-31": "-48.80%", "2011-12-31": "-53.71%", "2011-09-30": "-232.95%", "2011-06-30": "-141.14%", "2011-03-31": "-106.70%", "2010-12-31": "-80.68%", "2010-09-30": "-10.14%", "2010-06-30": "-8.79%", "2010-03-31": "-4.61%", "2009-12-31": "-4.74%", "2009-09-30": "-14.25%", "2009-06-30": "-12.66%", "2009-03-31": "-15.15%", "2008-12-31": "-12.74%", "2008-09-30": "0.05%", "2008-06-30": "-14.60%", "2008-03-31": "-34.69%", "2007-12-31": "-28.43%", "2007-09-30": "-25.42%", "2007-06-30": "-8.98%", "2007-03-31": "9.72%", "2006-12-31": "22.33%", "2006-09-30": "23.81%", "2006-06-30": "29.10%", "2006-03-31": "45.80%", "2005-12-31": "71.25%"}, "dividend yield history": {"last payout": "$1.12", "last yield": "1.36%"}}