{"ticker": "ENR", "price": {"title": "Energizer Holdings Historical Annual Stock Price Data", "value": 47.38, "historical": {"2020": {"Average Stock Price": "43.5733", "Year Open": "48.5500", "Year High": "53.3100", "Year Low": "27.2400", "Year Close": "42.1800", "Annual % Change": "-16.01%"}, "2019": {"Average Stock Price": "44.1387", "Year Open": "44.7200", "Year High": "52.1000", "Year Low": "33.4900", "Year Close": "50.2200", "Annual % Change": "11.23%"}, "2018": {"Average Stock Price": "57.2208", "Year Open": "47.8800", "Year High": "65.0600", "Year Low": "43.1100", "Year Close": "45.1500", "Annual % Change": "-5.90%"}, "2017": {"Average Stock Price": "49.4839", "Year Open": "46.0100", "Year High": "59.8200", "Year Low": "41.1400", "Year Close": "47.9800", "Annual % Change": "7.55%"}, "2016": {"Average Stock Price": "44.3577", "Year Open": "34.7000", "Year High": "52.3500", "Year Low": "30.2300", "Year Close": "44.6100", "Annual % Change": "30.97%"}, "2015": {"Average Stock Price": "39.1247", "Year Open": "34.0500", "Year High": "43.2500", "Year Low": "33.2000", "Year Close": "34.0600", "Annual % Change": "0.00%"}}}, "market cap": {"value": "$3.25B"}, "income statement": {"Revenue": {"2020-09-30": "2744.80000", "2019-09-30": "2494.50000", "2018-09-30": "1797.70000", "2017-09-30": "1755.70000", "2016-09-30": "1634.20000", "2015-09-30": "1631.60000", "2014-09-30": "1840.40000", "2013-09-30": "2012.20000", "2012-09-30": "4567.20000", "2011-09-30": "4645.70000", "2010-09-30": "4248.30000", "2009-09-30": "3999.80000", "2008-09-30": "4331.00000", "2007-09-30": "3365.10000", "2006-09-30": "3076.90000", "2005-09-30": "2989.80000"}, "Cost Of Goods Sold": {"2020-09-30": "1662.90000", "2019-09-30": "1490.70000", "2018-09-30": "966.80000", "2017-09-30": "944.40000", "2016-09-30": "921.80000", "2015-09-30": "875.40000", "2014-09-30": "990.00000", "2013-09-30": "1110.30000", "2012-09-30": "2429.30000", "2011-09-30": "2500.00000", "2010-09-30": "2229.00000", "2009-09-30": "2141.20000", "2008-09-30": "2293.30000", "2007-09-30": "1760.40000", "2006-09-30": "1596.10000", "2005-09-30": "1512.10000"}, "Gross Profit": {"2020-09-30": "1081.90000", "2019-09-30": "1003.80000", "2018-09-30": "830.90000", "2017-09-30": "811.29990", "2016-09-30": "712.40000", "2015-09-30": "756.20000", "2014-09-30": "850.40000", "2013-09-30": "901.89990", "2012-09-30": "2137.90000", "2011-09-30": "2145.70000", "2010-09-30": "2019.30000", "2009-09-30": "1858.60000", "2008-09-30": "2037.70000", "2007-09-30": "1604.70000", "2006-09-30": "1480.80000", "2005-09-30": "1477.70000"}, "Research And Development Expenses": {"2020-09-30": "35.40000", "2019-09-30": "32.80000", "2018-09-30": "22.40000", "2017-09-30": "22.00000", "2016-09-30": "26.60000", "2015-09-30": "24.90000", "2014-09-30": "25.30000", "2013-09-30": "29.70000", "2012-09-30": "112.50000", "2011-09-30": "108.30000", "2010-09-30": "97.10000", "2009-09-30": "90.50000", "2008-09-30": "91.70000", "2007-09-30": "70.70000", "2006-09-30": "74.20000", "2005-09-30": "69.90000"}, "SG&A Expenses": {"2020-09-30": "630.40000", "2019-09-30": "643.00000", "2018-09-30": "534.60000", "2017-09-30": "477.40000", "2016-09-30": "463.80000", "2015-09-30": "558.60000", "2014-09-30": "513.00000", "2013-09-30": "515.10000", "2012-09-30": "1337.30000", "2011-09-30": "1380.10000", "2010-09-30": "1227.00000", "2009-09-30": "1157.10000", "2008-09-30": "1280.80000", "2007-09-30": "1023.10000", "2006-09-30": "970.80000", "2005-09-30": "969.00000"}, "Other Operating Income Or Expenses": {"2020-09-30": "", "2019-09-30": "", "2018-09-30": "", "2017-09-30": "", "2016-09-30": "", "2015-09-30": "", "2014-09-30": "", "2013-09-30": "", "2012-09-30": "", "2011-09-30": "", "2010-09-30": "", "2009-09-30": "", "2008-09-30": "", "2007-09-30": "", "2006-09-30": "", "2005-09-30": ""}, "Operating Expenses": {"2020-09-30": "2385.20000", "2019-09-30": "2209.70000", "2018-09-30": "1535.30000", "2017-09-30": "1451.20000", "2016-09-30": "1423.30000", "2015-09-30": "1572.80000", "2014-09-30": "1571.80000", "2013-09-30": "1779.00000", "2012-09-30": "3879.60000", "2011-09-30": "4067.40000", "2010-09-30": "3553.10000", "2009-09-30": "3388.80000", "2008-09-30": "3665.80000", "2007-09-30": "2854.20000", "2006-09-30": "2641.10000", "2005-09-30": "2551.00000"}, "Operating Income": {"2020-09-30": "359.59990", "2019-09-30": "284.80000", "2018-09-30": "262.39990", "2017-09-30": "304.50000", "2016-09-30": "210.89990", "2015-09-30": "58.79990", "2014-09-30": "268.60000", "2013-09-30": "233.19980", "2012-09-30": "687.60010", "2011-09-30": "578.30030", "2010-09-30": "695.19970", "2009-09-30": "611.00020", "2008-09-30": "665.20000", "2007-09-30": "510.90010", "2006-09-30": "435.79980", "2005-09-30": "438.80000"}, "Total Non-Operating Income/Expense": {"2020-09-30": "-291.90000", "2019-09-30": "-211.70000", "2018-09-30": "-87.20000", "2017-09-30": "-31.20000", "2016-09-30": "-45.20000", "2015-09-30": "-59.50000", "2014-09-30": "-53.40000", "2013-09-30": "-71.20000", "2012-09-30": "-122.20000", "2011-09-30": "-172.30000", "2010-09-30": "-151.80000", "2009-09-30": "-165.70000", "2008-09-30": "-192.00000", "2007-09-30": "-76.70000", "2006-09-30": "-79.20000", "2005-09-30": "-50.10000"}, "Pre-Tax Income": {"2020-09-30": "67.70000", "2019-09-30": "73.10000", "2018-09-30": "175.20000", "2017-09-30": "273.30000", "2016-09-30": "165.70000", "2015-09-30": "-0.70000", "2014-09-30": "215.20000", "2013-09-30": "162.00000", "2012-09-30": "565.40000", "2011-09-30": "406.00000", "2010-09-30": "543.40000", "2009-09-30": "445.30000", "2008-09-30": "473.20000", "2007-09-30": "434.20000", "2006-09-30": "356.60000", "2005-09-30": "388.70000"}, "Income Taxes": {"2020-09-30": "20.90000", "2019-09-30": "8.40000", "2018-09-30": "81.70000", "2017-09-30": "71.80000", "2016-09-30": "38.00000", "2015-09-30": "3.30000", "2014-09-30": "57.90000", "2013-09-30": "47.10000", "2012-09-30": "156.50000", "2011-09-30": "144.80000", "2010-09-30": "140.40000", "2009-09-30": "147.50000", "2008-09-30": "143.90000", "2007-09-30": "112.80000", "2006-09-30": "95.70000", "2005-09-30": "108.00000"}, "Income After Taxes": {"2020-09-30": "46.80000", "2019-09-30": "64.70000", "2018-09-30": "93.50000", "2017-09-30": "201.50000", "2016-09-30": "127.70000", "2015-09-30": "-4.00000", "2014-09-30": "157.30000", "2013-09-30": "114.90000", "2012-09-30": "408.90000", "2011-09-30": "261.20000", "2010-09-30": "403.00000", "2009-09-30": "297.80000", "2008-09-30": "329.30000", "2007-09-30": "321.40000", "2006-09-30": "260.90000", "2005-09-30": "280.70000"}, "Other Income": {"2020-09-30": "", "2019-09-30": "", "2018-09-30": "", "2017-09-30": "", "2016-09-30": "", "2015-09-30": "", "2014-09-30": "", "2013-09-30": "", "2012-09-30": "", "2011-09-30": "", "2010-09-30": "", "2009-09-30": "", "2008-09-30": "", "2007-09-30": "", "2006-09-30": "", "2005-09-30": ""}, "Income From Continuous Operations": {"2020-09-30": "46.80000", "2019-09-30": "64.70000", "2018-09-30": "93.50000", "2017-09-30": "201.50000", "2016-09-30": "127.70000", "2015-09-30": "-4.00000", "2014-09-30": "157.30000", "2013-09-30": "114.90000", "2012-09-30": "408.90000", "2011-09-30": "261.20000", "2010-09-30": "403.00000", "2009-09-30": "297.80000", "2008-09-30": "329.30000", "2007-09-30": "321.40000", "2006-09-30": "260.90000", "2005-09-30": "280.70000"}, "Income From Discontinued Operations": {"2020-09-30": "-140.10000", "2019-09-30": "-13.60000", "2018-09-30": "", "2017-09-30": "", "2016-09-30": "", "2015-09-30": "", "2014-09-30": "", "2013-09-30": "", "2012-09-30": "", "2011-09-30": "", "2010-09-30": "", "2009-09-30": "", "2008-09-30": "", "2007-09-30": "", "2006-09-30": "", "2005-09-30": ""}, "Net Income": {"2020-09-30": "-109.50000", "2019-09-30": "39.10000", "2018-09-30": "93.50000", "2017-09-30": "201.50000", "2016-09-30": "127.70000", "2015-09-30": "-4.00000", "2014-09-30": "157.30000", "2013-09-30": "114.90000", "2012-09-30": "408.90000", "2011-09-30": "261.20000", "2010-09-30": "403.00000", "2009-09-30": "297.80000", "2008-09-30": "329.30000", "2007-09-30": "321.40000", "2006-09-30": "260.90000", "2005-09-30": "280.70000"}, "EBITDA": {"2020-09-30": "471.49980", "2019-09-30": "377.60000", "2018-09-30": "307.49990", "2017-09-30": "354.70000", "2016-09-30": "245.19990", "2015-09-30": "100.59990", "2014-09-30": "310.80000", "2013-09-30": "289.09980", "2012-09-30": "849.80010", "2011-09-30": "759.60030", "2010-09-30": "834.39970", "2009-09-30": "741.40030", "2008-09-30": "806.49990", "2007-09-30": "625.90010", "2006-09-30": "553.29980", "2005-09-30": "555.10000"}, "EBIT": {"2020-09-30": "359.59990", "2019-09-30": "284.80000", "2018-09-30": "262.39990", "2017-09-30": "304.50000", "2016-09-30": "210.89990", "2015-09-30": "58.79990", "2014-09-30": "268.60000", "2013-09-30": "233.19980", "2012-09-30": "687.60010", "2011-09-30": "578.30030", "2010-09-30": "695.19970", "2009-09-30": "611.00020", "2008-09-30": "665.20000", "2007-09-30": "510.90010", "2006-09-30": "435.79980", "2005-09-30": "438.80000"}, "Basic Shares Outstanding": {"2020-09-30": "68.80000", "2019-09-30": "66.40000", "2018-09-30": "59.80000", "2017-09-30": "61.70000", "2016-09-30": "61.90000", "2015-09-30": "62.20000", "2014-09-30": "62.20000", "2013-09-30": "62.20000", "2012-09-30": "64.90000", "2011-09-30": "69.60000", "2010-09-30": "70.00000", "2009-09-30": "62.40000", "2008-09-30": "57.60000", "2007-09-30": "56.70000", "2006-09-30": "61.20000", "2005-09-30": "71.00000"}, "Shares Outstanding": {"2020-09-30": "69.50000", "2019-09-30": "67.30000", "2018-09-30": "61.40000", "2017-09-30": "62.60000", "2016-09-30": "62.50000", "2015-09-30": "62.20000", "2014-09-30": "62.20000", "2013-09-30": "62.20000", "2012-09-30": "65.70000", "2011-09-30": "70.30000", "2010-09-30": "70.50000", "2009-09-30": "63.10000", "2008-09-30": "58.90000", "2007-09-30": "58.30000", "2006-09-30": "63.10000", "2005-09-30": "73.50000"}, "Basic EPS": {"2020-09-30": "-1.59000", "2019-09-30": "0.59000", "2018-09-30": "1.56000", "2017-09-30": "3.27000", "2016-09-30": "2.06000", "2015-09-30": "-0.06000", "2014-09-30": "2.53000", "2013-09-30": "1.85000", "2012-09-30": "6.30000", "2011-09-30": "3.75000", "2010-09-30": "5.76000", "2009-09-30": "4.77000", "2008-09-30": "5.71000", "2007-09-30": "5.67000", "2006-09-30": "4.26000", "2005-09-30": "3.95000"}, "EPS - Earnings Per Share": {"2020-09-30": "-1.58000", "2019-09-30": "0.58000", "2018-09-30": "1.52000", "2017-09-30": "3.22000", "2016-09-30": "2.04000", "2015-09-30": "-0.06000", "2014-09-30": "2.53000", "2013-09-30": "1.85000", "2012-09-30": "6.22000", "2011-09-30": "3.72000", "2010-09-30": "5.72000", "2009-09-30": "4.72000", "2008-09-30": "5.59000", "2007-09-30": "5.51000", "2006-09-30": "4.14000", "2005-09-30": "3.82000"}}, "income statement, quarterly": {"Revenue": {"2020-09-30": "763.00010", "2020-06-30": "658.00000", "2020-03-31": "587.00000", "2019-12-31": "736.80000", "2019-09-30": "719.00000", "2019-06-30": "647.20000", "2019-03-31": "556.40000", "2018-12-31": "571.90000", "2018-09-30": "457.19990", "2018-06-30": "392.80000", "2018-03-31": "374.40000", "2017-12-31": "573.30000", "2017-09-30": "465.10000", "2017-06-30": "372.00000", "2017-03-31": "359.00000", "2016-12-31": "559.60000", "2016-09-30": "432.40000", "2016-06-30": "361.00000", "2016-03-31": "334.00000", "2015-12-31": "506.80000", "2015-09-30": "399.10000", "2015-06-30": "374.30000", "2015-03-31": "356.90000", "2014-12-31": "501.30000", "2014-09-30": "486.70000", "2014-06-30": "411.70000", "2014-03-31": "1062.40000", "2013-12-31": "1113.90000", "2013-09-30": "654.70000", "2013-06-30": "1111.50000", "2013-03-31": "1095.90000", "2012-12-31": "1192.50000", "2012-09-30": "1143.20000", "2012-06-30": "1124.10000", "2012-03-31": "1101.80000", "2011-12-31": "1198.10000", "2011-09-30": "1198.80000", "2011-06-30": "1234.50000", "2011-03-31": "1035.30000", "2010-12-31": "1177.10000", "2010-09-30": "1059.70000", "2010-06-30": "1076.80000", "2010-03-31": "935.10000", "2009-12-31": "1176.70000", "2009-09-30": "1079.40000", "2009-06-30": "997.50000", "2009-03-31": "880.40000", "2008-12-31": "1042.50000", "2008-09-30": "1123.40000", "2008-06-30": "1066.70000", "2008-03-31": "951.00000", "2007-12-31": "1189.90000", "2007-09-30": "875.00010", "2007-06-30": "800.00000", "2007-03-31": "730.90000", "2006-12-31": "959.20000", "2006-09-30": "830.10000", "2006-06-30": "734.90000", "2006-03-31": "629.50000", "2005-12-31": "882.40000", "2005-09-30": "793.70010", "2005-06-30": "691.20000", "2005-03-31": "629.00000"}, "Cost Of Goods Sold": {"2020-09-30": "481.20010", "2020-06-30": "394.80000", "2020-03-31": "351.40000", "2019-12-31": "435.50000", "2019-09-30": "431.19990", "2019-06-30": "400.90000", "2019-03-31": "362.20000", "2018-12-31": "296.40000", "2018-09-30": "249.20000", "2018-06-30": "216.70000", "2018-03-31": "205.90000", "2017-12-31": "295.00000", "2017-09-30": "251.30000", "2017-06-30": "214.00000", "2017-03-31": "191.10000", "2016-12-31": "288.00000", "2016-09-30": "245.10000", "2016-06-30": "207.30000", "2016-03-31": "192.40000", "2015-12-31": "277.00000", "2015-09-30": "216.00000", "2015-06-30": "203.50000", "2015-03-31": "188.40000", "2014-12-31": "267.50000", "2014-09-30": "252.00000", "2014-06-30": "219.40000", "2014-03-31": "554.10000", "2013-12-31": "602.10000", "2013-09-30": "312.50000", "2013-06-30": "601.10000", "2013-03-31": "565.20000", "2012-12-31": "630.90000", "2012-09-30": "615.80000", "2012-06-30": "595.30000", "2012-03-31": "584.60000", "2011-12-31": "633.60000", "2011-09-30": "652.80000", "2011-06-30": "661.50000", "2011-03-31": "564.20000", "2010-12-31": "621.50000", "2010-09-30": "565.40000", "2010-06-30": "559.20000", "2010-03-31": "487.90000", "2009-12-31": "616.50000", "2009-09-30": "605.70000", "2009-06-30": "539.70000", "2009-03-31": "466.80000", "2008-12-31": "529.00000", "2008-09-30": "588.70010", "2008-06-30": "557.70000", "2008-03-31": "493.20000", "2007-12-31": "653.70000", "2007-09-30": "449.30000", "2007-06-30": "421.50000", "2007-03-31": "384.60000", "2006-12-31": "505.00000", "2006-09-30": "445.90000", "2006-06-30": "377.50000", "2006-03-31": "321.70000", "2005-12-31": "451.00000", "2005-09-30": "419.80000", "2005-06-30": "352.00000", "2005-03-31": "309.80000"}, "Gross Profit": {"2020-09-30": "281.80000", "2020-06-30": "263.20000", "2020-03-31": "235.60000", "2019-12-31": "301.30000", "2019-09-30": "287.80010", "2019-06-30": "246.30000", "2019-03-31": "194.20000", "2018-12-31": "275.50000", "2018-09-30": "207.99990", "2018-06-30": "176.10000", "2018-03-31": "168.50000", "2017-12-31": "278.30000", "2017-09-30": "213.79990", "2017-06-30": "158.00000", "2017-03-31": "167.90000", "2016-12-31": "271.60000", "2016-09-30": "187.30000", "2016-06-30": "153.70000", "2016-03-31": "141.60000", "2015-12-31": "229.80000", "2015-09-30": "183.10000", "2015-06-30": "170.80000", "2015-03-31": "168.50000", "2014-12-31": "233.80000", "2014-09-30": "234.70000", "2014-06-30": "192.30000", "2014-03-31": "508.30000", "2013-12-31": "511.80000", "2013-09-30": "342.20000", "2013-06-30": "510.40000", "2013-03-31": "530.70000", "2012-12-31": "561.60000", "2012-09-30": "527.40000", "2012-06-30": "528.80000", "2012-03-31": "517.20010", "2011-12-31": "564.50000", "2011-09-30": "546.00010", "2011-06-30": "573.00000", "2011-03-31": "471.10000", "2010-12-31": "555.60000", "2010-09-30": "494.29990", "2010-06-30": "517.60000", "2010-03-31": "447.20000", "2009-12-31": "560.20000", "2009-09-30": "473.70000", "2009-06-30": "457.80000", "2009-03-31": "413.60000", "2008-12-31": "513.50000", "2008-09-30": "534.69990", "2008-06-30": "508.99990", "2008-03-31": "457.80000", "2007-12-31": "536.20000", "2007-09-30": "425.70000", "2007-06-30": "378.50000", "2007-03-31": "346.30000", "2006-12-31": "454.20000", "2006-09-30": "384.20000", "2006-06-30": "357.40000", "2006-03-31": "307.80000", "2005-12-31": "431.40000", "2005-09-30": "373.90010", "2005-06-30": "339.20000", "2005-03-31": "319.20000"}, "Research And Development Expenses": {"2020-09-30": "9.80000", "2020-06-30": "8.40000", "2020-03-31": "8.30000", "2019-12-31": "8.90000", "2019-09-30": "9.10000", "2019-06-30": "9.50000", "2019-03-31": "8.70000", "2018-12-31": "5.50000", "2018-09-30": "6.50000", "2018-06-30": "5.20000", "2018-03-31": "5.40000", "2017-12-31": "5.30000", "2017-09-30": "6.00000", "2017-06-30": "5.10000", "2017-03-31": "5.10000", "2016-12-31": "5.80000", "2016-09-30": "7.50000", "2016-06-30": "6.60000", "2016-03-31": "6.40000", "2015-12-31": "6.10000", "2015-09-30": "5.80000", "2015-06-30": "6.50000", "2015-03-31": "6.40000", "2014-12-31": "6.20000", "2014-09-30": "7.30000", "2014-06-30": "6.00000", "2014-03-31": "22.70000", "2013-12-31": "21.90000", "2013-09-30": "19.60000", "2013-06-30": "24.20000", "2013-03-31": "24.80000", "2012-12-31": "24.60000", "2012-09-30": "30.60000", "2012-06-30": "28.60000", "2012-03-31": "27.70000", "2011-12-31": "25.60000", "2011-09-30": "30.80000", "2011-06-30": "27.80000", "2011-03-31": "26.30000", "2010-12-31": "23.40000", "2010-09-30": "28.60000", "2010-06-30": "23.60000", "2010-03-31": "23.50000", "2009-12-31": "21.40000", "2009-09-30": "26.50000", "2009-06-30": "22.60000", "2009-03-31": "21.50000", "2008-12-31": "19.90000", "2008-09-30": "24.40000", "2008-06-30": "23.10000", "2008-03-31": "22.80000", "2007-12-31": "21.40000", "2007-09-30": "19.70000", "2007-06-30": "17.40000", "2007-03-31": "17.60000", "2006-12-31": "16.00000", "2006-09-30": "19.50000", "2006-06-30": "21.70000", "2006-03-31": "17.50000", "2005-12-31": "15.50000", "2005-09-30": "18.50000", "2005-06-30": "17.00000", "2005-03-31": "17.90000"}, "SG&A Expenses": {"2020-09-30": "172.50000", "2020-06-30": "150.10000", "2020-03-31": "138.90000", "2019-12-31": "168.90000", "2019-09-30": "169.60000", "2019-06-30": "161.90000", "2019-03-31": "166.00000", "2018-12-31": "145.50000", "2018-09-30": "138.20000", "2018-06-30": "134.80000", "2018-03-31": "125.10000", "2017-12-31": "136.50000", "2017-09-30": "142.90000", "2017-06-30": "106.50000", "2017-03-31": "109.30000", "2016-12-31": "118.70000", "2016-09-30": "138.70000", "2016-06-30": "109.80000", "2016-03-31": "101.50000", "2015-12-31": "113.80000", "2015-09-30": "137.10000", "2015-06-30": "143.30000", "2015-03-31": "133.20000", "2014-12-31": "145.00000", "2014-09-30": "142.50000", "2014-06-30": "121.00000", "2014-03-31": "297.30000", "2013-12-31": "284.50000", "2013-09-30": "269.30000", "2013-06-30": "322.80000", "2013-03-31": "312.40000", "2012-12-31": "295.30000", "2012-09-30": "307.30000", "2012-06-30": "375.60000", "2012-03-31": "343.90000", "2011-12-31": "310.50000", "2011-09-30": "356.20000", "2011-06-30": "371.40000", "2011-03-31": "317.10000", "2010-12-31": "335.40000", "2010-09-30": "359.40000", "2010-06-30": "330.30000", "2010-03-31": "264.60000", "2009-12-31": "272.70000", "2009-09-30": "352.39990", "2009-06-30": "295.90000", "2009-03-31": "237.70000", "2008-12-31": "271.10000", "2008-09-30": "328.80010", "2008-06-30": "340.50000", "2008-03-31": "292.10000", "2007-12-31": "319.40000", "2007-09-30": "304.30000", "2007-06-30": "267.00000", "2007-03-31": "212.30000", "2006-12-31": "239.50000", "2006-09-30": "294.10000", "2006-06-30": "252.90000", "2006-03-31": "200.60000", "2005-12-31": "223.20000", "2005-09-30": "265.60000", "2005-06-30": "242.10000", "2005-03-31": "217.40000"}, "Other Operating Income Or Expenses": {"2020-09-30": "", "2020-06-30": "", "2020-03-31": "", "2019-12-31": "", "2019-09-30": "", "2019-06-30": "", "2019-03-31": "", "2018-12-31": "", "2018-09-30": "", "2018-06-30": "", "2018-03-31": "", "2017-12-31": "", "2017-09-30": "", "2017-06-30": "", "2017-03-31": "", "2016-12-31": "", "2016-09-30": "", "2016-06-30": "", "2016-03-31": "", "2015-12-31": "", "2015-09-30": "", "2015-06-30": "", "2015-03-31": "", "2014-12-31": "", "2014-09-30": "", "2014-06-30": "", "2014-03-31": "", "2013-12-31": "", "2013-09-30": "", "2013-06-30": "", "2013-03-31": "", "2012-12-31": "", "2012-09-30": "", "2012-06-30": "", "2012-03-31": "", "2011-12-31": "", "2011-09-30": "", "2011-06-30": "", "2011-03-31": "", "2010-12-31": "", "2010-09-30": "", "2010-06-30": "", "2010-03-31": "", "2009-12-31": "", "2009-09-30": "", "2009-06-30": "", "2009-03-31": "", "2008-12-31": "", "2008-09-30": "", "2008-06-30": "", "2008-03-31": "", "2007-12-31": "", "2007-09-30": "", "2007-06-30": "", "2007-03-31": "", "2006-12-31": "", "2006-09-30": "", "2006-06-30": "", "2006-03-31": "", "2005-12-31": "", "2005-09-30": "", "2005-06-30": "", "2005-03-31": ""}, "Operating Expenses": {"2020-09-30": "677.70030", "2020-06-30": "567.60000", "2020-03-31": "512.80000", "2019-12-31": "627.10000", "2019-09-30": "623.00000", "2019-06-30": "586.70000", "2019-03-31": "549.40000", "2018-12-31": "450.60000", "2018-09-30": "397.00010", "2018-06-30": "359.50000", "2018-03-31": "339.20000", "2017-12-31": "439.60000", "2017-09-30": "402.99990", "2017-06-30": "328.40000", "2017-03-31": "306.00000", "2016-12-31": "413.80000", "2016-09-30": "398.90010", "2016-06-30": "324.60000", "2016-03-31": "299.80000", "2015-12-31": "400.00000", "2015-09-30": "362.80000", "2015-06-30": "383.10000", "2015-03-31": "416.70000", "2014-12-31": "410.20000", "2014-09-30": "406.50000", "2014-06-30": "348.30000", "2014-03-31": "896.80000", "2013-12-31": "932.90000", "2013-09-30": "613.00010", "2013-06-30": "970.80000", "2013-03-31": "939.80000", "2012-12-31": "962.40000", "2012-09-30": "961.40020", "2012-06-30": "1000.00000", "2012-03-31": "957.70000", "2011-12-31": "960.49990", "2011-09-30": "1059.20000", "2011-06-30": "1081.70000", "2011-03-31": "944.30000", "2010-12-31": "982.20010", "2010-09-30": "953.40000", "2010-06-30": "913.10000", "2010-03-31": "776.00000", "2009-12-31": "910.60000", "2009-09-30": "984.59990", "2009-06-30": "858.20000", "2009-03-31": "726.00000", "2008-12-31": "820.00000", "2008-09-30": "941.90000", "2008-06-30": "921.30000", "2008-03-31": "808.10000", "2007-12-31": "994.50000", "2007-09-30": "773.29980", "2007-06-30": "705.90000", "2007-03-31": "614.50000", "2006-12-31": "760.50000", "2006-09-30": "759.50010", "2006-06-30": "652.10000", "2006-03-31": "539.80000", "2005-12-31": "689.70000", "2005-09-30": "703.90000", "2005-06-30": "611.10000", "2005-03-31": "545.10000"}, "Operating Income": {"2020-09-30": "85.29970", "2020-06-30": "90.40000", "2020-03-31": "74.20000", "2019-12-31": "109.70000", "2019-09-30": "96.00000", "2019-06-30": "60.50010", "2019-03-31": "7.00000", "2018-12-31": "121.30000", "2018-09-30": "60.19980", "2018-06-30": "33.30000", "2018-03-31": "35.20000", "2017-12-31": "133.70000", "2017-09-30": "62.10000", "2017-06-30": "43.60000", "2017-03-31": "53.00000", "2016-12-31": "145.80000", "2016-09-30": "33.49990", "2016-06-30": "36.40000", "2016-03-31": "34.20000", "2015-12-31": "106.80000", "2015-09-30": "36.30000", "2015-06-30": "-8.80000", "2015-03-31": "-59.80000", "2014-12-31": "91.10000", "2014-09-30": "80.20000", "2014-06-30": "63.40000", "2014-03-31": "165.60000", "2013-12-31": "181.00000", "2013-09-30": "41.70000", "2013-06-30": "140.70000", "2013-03-31": "156.10000", "2012-12-31": "230.10000", "2012-09-30": "181.79990", "2012-06-30": "124.10000", "2012-03-31": "144.10010", "2011-12-31": "237.60000", "2011-09-30": "139.60030", "2011-06-30": "152.80000", "2011-03-31": "91.00010", "2010-12-31": "194.89990", "2010-09-30": "106.30000", "2010-06-30": "163.70010", "2010-03-31": "159.10000", "2009-12-31": "266.09990", "2009-09-30": "94.80010", "2009-06-30": "139.30000", "2009-03-31": "154.40000", "2008-12-31": "222.50000", "2008-09-30": "181.50000", "2008-06-30": "145.40000", "2008-03-31": "142.90000", "2007-12-31": "195.40000", "2007-09-30": "101.70030", "2007-06-30": "94.10000", "2007-03-31": "116.40000", "2006-12-31": "198.70000", "2006-09-30": "70.59990", "2006-06-30": "82.80010", "2006-03-31": "89.70000", "2005-12-31": "192.70000", "2005-09-30": "89.80010", "2005-06-30": "80.10000", "2005-03-31": "83.90000"}, "Total Non-Operating Income/Expense": {"2020-09-30": "-137.10000", "2020-06-30": "-51.50000", "2020-03-31": "-52.30000", "2019-12-31": "-51.00000", "2019-09-30": "-48.30000", "2019-06-30": "-51.10000", "2019-03-31": "-81.00000", "2018-12-31": "-31.30000", "2018-09-30": "-53.30000", "2018-06-30": "-1.80000", "2018-03-31": "-17.40000", "2017-12-31": "-14.70000", "2017-09-30": "-12.70000", "2017-06-30": "-13.10000", "2017-03-31": "6.30000", "2016-12-31": "-11.70000", "2016-09-30": "-7.00000", "2016-06-30": "-12.70000", "2016-03-31": "-13.20000", "2015-12-31": "-12.30000", "2015-09-30": "-6.20000", "2015-06-30": "-31.70000", "2015-03-31": "-11.90000", "2014-12-31": "-9.70000", "2014-09-30": "-12.70000", "2014-06-30": "-14.20000", "2014-03-31": "-29.80000", "2013-12-31": "-29.20000", "2013-09-30": "-33.20000", "2013-06-30": "-34.30000", "2013-03-31": "-43.10000", "2012-12-31": "-41.40000", "2012-09-30": "-26.60000", "2012-06-30": "-35.30000", "2012-03-31": "-31.10000", "2011-12-31": "-29.20000", "2011-09-30": "-58.00000", "2011-06-30": "-51.90000", "2011-03-31": "-30.00000", "2010-12-31": "-32.40000", "2010-09-30": "-32.50000", "2010-06-30": "-20.90000", "2010-03-31": "-30.80000", "2009-12-31": "-67.60000", "2009-09-30": "-36.90000", "2009-06-30": "-27.50000", "2009-03-31": "-41.40000", "2008-12-31": "-59.90000", "2008-09-30": "-46.30000", "2008-06-30": "-43.90000", "2008-03-31": "-54.70000", "2007-12-31": "-47.10000", "2007-09-30": "-17.90000", "2007-06-30": "-17.50000", "2007-03-31": "-19.80000", "2006-12-31": "-21.50000", "2006-09-30": "-23.00000", "2006-06-30": "-20.90000", "2006-03-31": "-17.30000", "2005-12-31": "-18.00000", "2005-09-30": "-18.50000", "2005-06-30": "-10.90000", "2005-03-31": "-12.80000"}, "Pre-Tax Income": {"2020-09-30": "-51.80000", "2020-06-30": "38.90000", "2020-03-31": "21.90000", "2019-12-31": "58.70000", "2019-09-30": "47.70000", "2019-06-30": "9.40000", "2019-03-31": "-74.00000", "2018-12-31": "90.00000", "2018-09-30": "6.90000", "2018-06-30": "31.50000", "2018-03-31": "17.80000", "2017-12-31": "119.00000", "2017-09-30": "49.40000", "2017-06-30": "30.50000", "2017-03-31": "59.30000", "2016-12-31": "134.10000", "2016-09-30": "26.50000", "2016-06-30": "23.70000", "2016-03-31": "21.00000", "2015-12-31": "94.50000", "2015-09-30": "30.10000", "2015-06-30": "-40.50000", "2015-03-31": "-71.70000", "2014-12-31": "81.40000", "2014-09-30": "67.50000", "2014-06-30": "49.20000", "2014-03-31": "135.80000", "2013-12-31": "151.80000", "2013-09-30": "8.50000", "2013-06-30": "106.40000", "2013-03-31": "113.00000", "2012-12-31": "188.70000", "2012-09-30": "155.20000", "2012-06-30": "88.80000", "2012-03-31": "113.00000", "2011-12-31": "208.40000", "2011-09-30": "81.60000", "2011-06-30": "100.90000", "2011-03-31": "61.00000", "2010-12-31": "162.50000", "2010-09-30": "73.80010", "2010-06-30": "142.80000", "2010-03-31": "128.30000", "2009-12-31": "198.50000", "2009-09-30": "57.90000", "2009-06-30": "111.80000", "2009-03-31": "113.00000", "2008-12-31": "162.60000", "2008-09-30": "135.20000", "2008-06-30": "101.50000", "2008-03-31": "88.20000", "2007-12-31": "148.30000", "2007-09-30": "83.80000", "2007-06-30": "76.60000", "2007-03-31": "96.60000", "2006-12-31": "177.20000", "2006-09-30": "47.60000", "2006-06-30": "61.90000", "2006-03-31": "72.40000", "2005-12-31": "174.70000", "2005-09-30": "71.30000", "2005-06-30": "69.20000", "2005-03-31": "71.10000"}, "Income Taxes": {"2020-09-30": "-10.10000", "2020-06-30": "9.90000", "2020-03-31": "8.20000", "2019-12-31": "12.90000", "2019-09-30": "0.70000", "2019-06-30": "0.20000", "2019-03-31": "-11.70000", "2018-12-31": "19.20000", "2018-09-30": "5.40000", "2018-06-30": "7.70000", "2018-03-31": "10.00000", "2017-12-31": "58.60000", "2017-09-30": "15.30000", "2017-06-30": "5.60000", "2017-03-31": "12.40000", "2016-12-31": "38.50000", "2016-09-30": "4.90000", "2016-06-30": "-0.50000", "2016-03-31": "4.60000", "2015-12-31": "29.00000", "2015-09-30": "7.00000", "2015-06-30": "-20.90000", "2015-03-31": "-2.50000", "2014-12-31": "19.70000", "2014-09-30": "21.00000", "2014-06-30": "12.90000", "2014-03-31": "37.30000", "2013-12-31": "43.90000", "2013-09-30": "-10.00000", "2013-06-30": "19.20000", "2013-03-31": "28.10000", "2012-12-31": "58.90000", "2012-09-30": "38.20000", "2012-06-30": "18.60000", "2012-03-31": "35.10000", "2011-12-31": "64.60000", "2011-09-30": "35.80000", "2011-06-30": "35.00000", "2011-03-31": "21.90000", "2010-12-31": "52.10000", "2010-09-30": "-11.00000", "2010-06-30": "38.80000", "2010-03-31": "39.80000", "2009-12-31": "72.80000", "2009-09-30": "20.80000", "2009-06-30": "39.10000", "2009-03-31": "36.00000", "2008-12-31": "51.60000", "2008-09-30": "36.10000", "2008-06-30": "34.80000", "2008-03-31": "27.30000", "2007-12-31": "45.70000", "2007-09-30": "13.80000", "2007-06-30": "14.10000", "2007-03-31": "30.00000", "2006-12-31": "54.90000", "2006-09-30": "8.50000", "2006-06-30": "10.60000", "2006-03-31": "22.40000", "2005-12-31": "54.20000", "2005-09-30": "19.50000", "2005-06-30": "16.90000", "2005-03-31": "14.90000"}, "Income After Taxes": {"2020-09-30": "-41.70000", "2020-06-30": "29.00000", "2020-03-31": "13.70000", "2019-12-31": "45.80000", "2019-09-30": "47.00000", "2019-06-30": "9.20000", "2019-03-31": "-62.30000", "2018-12-31": "70.80000", "2018-09-30": "1.50000", "2018-06-30": "23.80000", "2018-03-31": "7.80000", "2017-12-31": "60.40000", "2017-09-30": "34.10000", "2017-06-30": "24.90000", "2017-03-31": "46.90000", "2016-12-31": "95.60000", "2016-09-30": "21.60000", "2016-06-30": "24.20000", "2016-03-31": "16.40000", "2015-12-31": "65.50000", "2015-09-30": "23.10000", "2015-06-30": "-19.60000", "2015-03-31": "-69.20000", "2014-12-31": "61.70000", "2014-09-30": "46.50000", "2014-06-30": "36.30000", "2014-03-31": "98.50000", "2013-12-31": "107.90000", "2013-09-30": "18.50000", "2013-06-30": "87.20000", "2013-03-31": "84.90000", "2012-12-31": "129.80000", "2012-09-30": "117.00000", "2012-06-30": "70.20000", "2012-03-31": "77.90000", "2011-12-31": "143.80000", "2011-09-30": "45.80000", "2011-06-30": "65.90000", "2011-03-31": "39.10000", "2010-12-31": "110.40000", "2010-09-30": "84.80000", "2010-06-30": "104.00000", "2010-03-31": "88.50000", "2009-12-31": "125.70000", "2009-09-30": "37.10000", "2009-06-30": "72.70000", "2009-03-31": "77.00000", "2008-12-31": "111.00000", "2008-09-30": "99.10000", "2008-06-30": "66.70000", "2008-03-31": "60.90000", "2007-12-31": "102.60000", "2007-09-30": "70.00000", "2007-06-30": "62.50000", "2007-03-31": "66.60000", "2006-12-31": "122.30000", "2006-09-30": "39.10000", "2006-06-30": "51.30000", "2006-03-31": "50.00000", "2005-12-31": "120.50000", "2005-09-30": "51.80000", "2005-06-30": "52.30000", "2005-03-31": "56.20000"}, "Other Income": {"2020-09-30": "", "2020-06-30": "", "2020-03-31": "", "2019-12-31": "", "2019-09-30": "", "2019-06-30": "", "2019-03-31": "", "2018-12-31": "", "2018-09-30": "", "2018-06-30": "", "2018-03-31": "", "2017-12-31": "", "2017-09-30": "", "2017-06-30": "", "2017-03-31": "", "2016-12-31": "", "2016-09-30": "", "2016-06-30": "", "2016-03-31": "", "2015-12-31": "", "2015-09-30": "", "2015-06-30": "", "2015-03-31": "", "2014-12-31": "", "2014-09-30": "", "2014-06-30": "", "2014-03-31": "", "2013-12-31": "", "2013-09-30": "", "2013-06-30": "", "2013-03-31": "", "2012-12-31": "", "2012-09-30": "", "2012-06-30": "", "2012-03-31": "", "2011-12-31": "", "2011-09-30": "", "2011-06-30": "", "2011-03-31": "", "2010-12-31": "", "2010-09-30": "", "2010-06-30": "", "2010-03-31": "", "2009-12-31": "", "2009-09-30": "", "2009-06-30": "", "2009-03-31": "", "2008-12-31": "", "2008-09-30": "", "2008-06-30": "", "2008-03-31": "", "2007-12-31": "", "2007-09-30": "", "2007-06-30": "", "2007-03-31": "", "2006-12-31": "", "2006-09-30": "", "2006-06-30": "", "2006-03-31": "", "2005-12-31": "", "2005-09-30": "", "2005-06-30": "", "2005-03-31": ""}, "Income From Continuous Operations": {"2020-09-30": "-41.70000", "2020-06-30": "29.00000", "2020-03-31": "13.70000", "2019-12-31": "45.80000", "2019-09-30": "47.00000", "2019-06-30": "9.20000", "2019-03-31": "-62.30000", "2018-12-31": "70.80000", "2018-09-30": "1.50000", "2018-06-30": "23.80000", "2018-03-31": "7.80000", "2017-12-31": "60.40000", "2017-09-30": "34.10000", "2017-06-30": "24.90000", "2017-03-31": "46.90000", "2016-12-31": "95.60000", "2016-09-30": "21.60000", "2016-06-30": "24.20000", "2016-03-31": "16.40000", "2015-12-31": "65.50000", "2015-09-30": "23.10000", "2015-06-30": "-19.60000", "2015-03-31": "-69.20000", "2014-12-31": "61.70000", "2014-09-30": "46.50000", "2014-06-30": "36.30000", "2014-03-31": "98.50000", "2013-12-31": "107.90000", "2013-09-30": "18.50000", "2013-06-30": "87.20000", "2013-03-31": "84.90000", "2012-12-31": "129.80000", "2012-09-30": "117.00000", "2012-06-30": "70.20000", "2012-03-31": "77.90000", "2011-12-31": "143.80000", "2011-09-30": "45.80000", "2011-06-30": "65.90000", "2011-03-31": "39.10000", "2010-12-31": "110.40000", "2010-09-30": "84.80000", "2010-06-30": "104.00000", "2010-03-31": "88.50000", "2009-12-31": "125.70000", "2009-09-30": "37.10000", "2009-06-30": "72.70000", "2009-03-31": "77.00000", "2008-12-31": "111.00000", "2008-09-30": "99.10000", "2008-06-30": "66.70000", "2008-03-31": "60.90000", "2007-12-31": "102.60000", "2007-09-30": "70.00000", "2007-06-30": "62.50000", "2007-03-31": "66.60000", "2006-12-31": "122.30000", "2006-09-30": "39.10000", "2006-06-30": "51.30000", "2006-03-31": "50.00000", "2005-12-31": "120.50000", "2005-09-30": "51.80000", "2005-06-30": "52.30000", "2005-03-31": "56.20000"}, "Income From Discontinued Operations": {"2020-09-30": "-9.80000", "2020-06-30": "0.80000", "2020-03-31": "-131.40000", "2019-12-31": "0.30000", "2019-09-30": "-0.80000", "2019-06-30": "-1.80000", "2019-03-31": "-11.00000", "2018-12-31": "", "2018-09-30": "", "2018-06-30": "", "2018-03-31": "", "2017-12-31": "", "2017-09-30": "", "2017-06-30": "", "2017-03-31": "", "2016-12-31": "", "2016-09-30": "", "2016-06-30": "", "2016-03-31": "", "2015-12-31": "", "2015-09-30": "", "2015-06-30": "", "2015-03-31": "", "2014-12-31": "", "2014-09-30": "", "2014-06-30": "", "2014-03-31": "", "2013-12-31": "", "2013-09-30": "", "2013-06-30": "", "2013-03-31": "", "2012-12-31": "", "2012-09-30": "", "2012-06-30": "", "2012-03-31": "", "2011-12-31": "", "2011-09-30": "", "2011-06-30": "", "2011-03-31": "", "2010-12-31": "", "2010-09-30": "", "2010-06-30": "", "2010-03-31": "", "2009-12-31": "", "2009-09-30": "", "2009-06-30": "", "2009-03-31": "", "2008-12-31": "", "2008-09-30": "", "2008-06-30": "", "2008-03-31": "", "2007-12-31": "", "2007-09-30": "", "2007-06-30": "", "2007-03-31": "", "2006-12-31": "", "2006-09-30": "", "2006-06-30": "", "2006-03-31": "", "2005-12-31": "", "2005-09-30": "", "2005-06-30": "", "2005-03-31": ""}, "Net Income": {"2020-09-30": "-55.60000", "2020-06-30": "25.80000", "2020-03-31": "-121.80000", "2019-12-31": "42.10000", "2019-09-30": "41.90000", "2019-06-30": "3.00000", "2019-03-31": "-76.60000", "2018-12-31": "70.80000", "2018-09-30": "1.50000", "2018-06-30": "23.80000", "2018-03-31": "7.80000", "2017-12-31": "60.40000", "2017-09-30": "34.10000", "2017-06-30": "24.90000", "2017-03-31": "46.90000", "2016-12-31": "95.60000", "2016-09-30": "21.60000", "2016-06-30": "24.20000", "2016-03-31": "16.40000", "2015-12-31": "65.50000", "2015-09-30": "23.10000", "2015-06-30": "-19.60000", "2015-03-31": "-69.20000", "2014-12-31": "61.70000", "2014-09-30": "46.50000", "2014-06-30": "36.30000", "2014-03-31": "98.50000", "2013-12-31": "107.90000", "2013-09-30": "85.20000", "2013-06-30": "87.20000", "2013-03-31": "84.90000", "2012-12-31": "129.80000", "2012-09-30": "117.00000", "2012-06-30": "70.20000", "2012-03-31": "77.90000", "2011-12-31": "143.80000", "2011-09-30": "45.80000", "2011-06-30": "65.90000", "2011-03-31": "39.10000", "2010-12-31": "110.40000", "2010-09-30": "84.80000", "2010-06-30": "104.00000", "2010-03-31": "88.50000", "2009-12-31": "125.70000", "2009-09-30": "37.10000", "2009-06-30": "72.70000", "2009-03-31": "77.00000", "2008-12-31": "111.00000", "2008-09-30": "99.10000", "2008-06-30": "66.70000", "2008-03-31": "60.90000", "2007-12-31": "102.60000", "2007-09-30": "70.00000", "2007-06-30": "62.50000", "2007-03-31": "66.60000", "2006-12-31": "122.30000", "2006-09-30": "39.10000", "2006-06-30": "51.30000", "2006-03-31": "50.00000", "2005-12-31": "120.50000", "2005-09-30": "51.80000", "2005-06-30": "52.30000", "2005-03-31": "56.20000"}, "EBITDA": {"2020-09-30": "112.89970", "2020-06-30": "118.60000", "2020-03-31": "102.70000", "2019-12-31": "137.30000", "2019-09-30": "118.00000", "2019-06-30": "91.30010", "2019-03-31": "35.40000", "2018-12-31": "132.90000", "2018-09-30": "71.49980", "2018-06-30": "44.70000", "2018-03-31": "45.60000", "2017-12-31": "145.70000", "2017-09-30": "74.00000", "2017-06-30": "56.10000", "2017-03-31": "68.20000", "2016-12-31": "156.40000", "2016-09-30": "44.39990", "2016-06-30": "44.20000", "2016-03-31": "42.00000", "2015-12-31": "114.60000", "2015-09-30": "44.90000", "2015-06-30": "2.10000", "2015-03-31": "-48.20000", "2014-12-31": "101.80000", "2014-09-30": "94.70000", "2014-06-30": "26.20000", "2014-03-31": "197.10000", "2013-12-31": "214.40000", "2013-09-30": "-11.40010", "2013-06-30": "175.80000", "2013-03-31": "191.70000", "2012-12-31": "268.40000", "2012-09-30": "223.39990", "2012-06-30": "164.60000", "2012-03-31": "144.10010", "2011-12-31": "237.60000", "2011-09-30": "139.60030", "2011-06-30": "152.80000", "2011-03-31": "91.00010", "2010-12-31": "194.89990", "2010-09-30": "106.30000", "2010-06-30": "163.70010", "2010-03-31": "159.10000", "2009-12-31": "266.09990", "2009-09-30": "94.80010", "2009-06-30": "139.30000", "2009-03-31": "154.40000", "2008-12-31": "222.50000", "2008-09-30": "181.50000", "2008-06-30": "145.40000", "2008-03-31": "142.90000", "2007-12-31": "195.40000", "2007-09-30": "101.70030", "2007-06-30": "94.10000", "2007-03-31": "116.40000", "2006-12-31": "198.70000", "2006-09-30": "70.59990", "2006-06-30": "82.80010", "2006-03-31": "89.70000", "2005-12-31": "192.70000", "2005-09-30": "89.80010", "2005-06-30": "80.10000", "2005-03-31": "83.90000"}, "EBIT": {"2020-09-30": "85.29980", "2020-06-30": "90.40000", "2020-03-31": "74.20000", "2019-12-31": "109.70000", "2019-09-30": "96.00000", "2019-06-30": "60.50010", "2019-03-31": "7.00000", "2018-12-31": "121.30000", "2018-09-30": "60.19990", "2018-06-30": "33.30000", "2018-03-31": "35.20000", "2017-12-31": "133.70000", "2017-09-30": "62.10000", "2017-06-30": "43.60000", "2017-03-31": "53.00000", "2016-12-31": "145.80000", "2016-09-30": "33.49990", "2016-06-30": "36.40000", "2016-03-31": "34.20000", "2015-12-31": "106.80000", "2015-09-30": "36.30000", "2015-06-30": "-8.80000", "2015-03-31": "-59.80000", "2014-12-31": "91.10000", "2014-09-30": "80.20000", "2014-06-30": "63.40000", "2014-03-31": "165.60000", "2013-12-31": "181.00000", "2013-09-30": "41.70000", "2013-06-30": "140.70000", "2013-03-31": "156.10000", "2012-12-31": "230.10000", "2012-09-30": "181.80000", "2012-06-30": "124.10000", "2012-03-31": "144.10010", "2011-12-31": "237.60000", "2011-09-30": "139.60030", "2011-06-30": "152.80000", "2011-03-31": "91.00010", "2010-12-31": "194.89990", "2010-09-30": "106.29970", "2010-06-30": "163.70010", "2010-03-31": "159.10000", "2009-12-31": "266.09990", "2009-09-30": "94.80020", "2009-06-30": "139.30000", "2009-03-31": "154.40000", "2008-12-31": "222.50000", "2008-09-30": "181.49990", "2008-06-30": "145.40000", "2008-03-31": "142.90000", "2007-12-31": "195.40000", "2007-09-30": "101.70010", "2007-06-30": "94.10000", "2007-03-31": "116.40000", "2006-12-31": "198.70000", "2006-09-30": "70.59980", "2006-06-30": "82.80010", "2006-03-31": "89.70000", "2005-12-31": "192.70000", "2005-09-30": "89.80000", "2005-06-30": "80.10000", "2005-03-31": "83.90000"}, "Basic Shares Outstanding": {"2020-09-30": "68.80000", "2020-06-30": "68.50000", "2020-03-31": "69.10000", "2019-12-31": "69.10000", "2019-09-30": "66.40000", "2019-06-30": "69.60000", "2019-03-31": "67.30000", "2018-12-31": "59.70000", "2018-09-30": "59.80000", "2018-06-30": "59.70000", "2018-03-31": "59.70000", "2017-12-31": "60.20000", "2017-09-30": "61.70000", "2017-06-30": "61.80000", "2017-03-31": "61.80000", "2016-12-31": "61.80000", "2016-09-30": "61.90000", "2016-06-30": "61.80000", "2016-03-31": "61.80000", "2015-12-31": "62.00000", "2015-09-30": "62.20000", "2015-06-30": "62.20000", "2015-03-31": "62.20000", "2014-12-31": "62.20000", "2014-09-30": "62.20000", "2014-06-30": "62.20000", "2014-03-31": "62.00000", "2013-12-31": "62.50000", "2013-09-30": "61.80000", "2013-06-30": "62.30000", "2013-03-31": "62.10000", "2012-12-31": "61.80000", "2012-09-30": "64.90000", "2012-06-30": "65.10000", "2012-03-31": "65.40000", "2011-12-31": "66.20000", "2011-09-30": "69.60000", "2011-06-30": "69.70000", "2011-03-31": "70.10000", "2010-12-31": "70.60000", "2010-09-30": "70.00000", "2010-06-30": "70.10000", "2010-03-31": "69.90000", "2009-12-31": "69.70000", "2009-09-30": "62.40000", "2009-06-30": "63.40000", "2009-03-31": "58.30000", "2008-12-31": "58.30000", "2008-09-30": "57.60000", "2008-06-30": "57.60000", "2008-03-31": "57.50000", "2007-12-31": "57.40000", "2007-09-30": "56.70000", "2007-06-30": "56.60000", "2007-03-31": "56.30000", "2006-12-31": "56.60000", "2006-09-30": "61.20000", "2006-06-30": "59.90000", "2006-03-31": "61.90000", "2005-12-31": "65.70000", "2005-09-30": "71.00000", "2005-06-30": "71.10000", "2005-03-31": "71.20000"}, "Shares Outstanding": {"2020-09-30": "69.50000", "2020-06-30": "68.70000", "2020-03-31": "69.50000", "2019-12-31": "70.20000", "2019-09-30": "67.30000", "2019-06-30": "70.60000", "2019-03-31": "67.30000", "2018-12-31": "61.00000", "2018-09-30": "61.40000", "2018-06-30": "61.40000", "2018-03-31": "61.10000", "2017-12-31": "61.50000", "2017-09-30": "62.60000", "2017-06-30": "62.80000", "2017-03-31": "62.80000", "2016-12-31": "62.90000", "2016-09-30": "62.50000", "2016-06-30": "62.70000", "2016-03-31": "62.30000", "2015-12-31": "62.30000", "2015-09-30": "62.80000", "2015-06-30": "62.20000", "2015-03-31": "62.20000", "2014-12-31": "62.20000", "2014-09-30": "62.20000", "2014-06-30": "62.20000", "2014-03-31": "62.60000", "2013-12-31": "63.10000", "2013-09-30": "62.50000", "2013-06-30": "63.30000", "2013-03-31": "63.00000", "2012-12-31": "62.60000", "2012-09-30": "65.70000", "2012-06-30": "66.00000", "2012-03-31": "66.40000", "2011-12-31": "66.90000", "2011-09-30": "70.30000", "2011-06-30": "70.60000", "2011-03-31": "70.80000", "2010-12-31": "71.20000", "2010-09-30": "70.50000", "2010-06-30": "70.70000", "2010-03-31": "70.50000", "2009-12-31": "70.50000", "2009-09-30": "63.10000", "2009-06-30": "64.30000", "2009-03-31": "59.10000", "2008-12-31": "59.10000", "2008-09-30": "58.90000", "2008-06-30": "59.10000", "2008-03-31": "59.10000", "2007-12-31": "59.00000", "2007-09-30": "58.30000", "2007-06-30": "58.40000", "2007-03-31": "58.40000", "2006-12-31": "58.70000", "2006-09-30": "63.10000", "2006-06-30": "62.00000", "2006-03-31": "64.40000", "2005-12-31": "68.10000", "2005-09-30": "73.50000", "2005-06-30": "73.80000", "2005-03-31": "73.90000"}, "Basic EPS": {"2020-09-30": "-0.82000", "2020-06-30": "0.38000", "2020-03-31": "-1.76000", "2019-12-31": "0.61000", "2019-09-30": "0.50000", "2019-06-30": "0.04000", "2019-03-31": "-1.14000", "2018-12-31": "1.19000", "2018-09-30": "0.03000", "2018-06-30": "0.40000", "2018-03-31": "0.13000", "2017-12-31": "1.00000", "2017-09-30": "0.56000", "2017-06-30": "0.40000", "2017-03-31": "0.76000", "2016-12-31": "1.55000", "2016-09-30": "0.34000", "2016-06-30": "0.39000", "2016-03-31": "0.27000", "2015-12-31": "1.06000", "2015-09-30": "0.37000", "2015-06-30": "-0.32000", "2015-03-31": "-1.11000", "2014-12-31": "0.99000", "2014-09-30": "0.75000", "2014-06-30": "0.58000", "2014-03-31": "1.59000", "2013-12-31": "1.73000", "2013-09-30": "1.38000", "2013-06-30": "1.40000", "2013-03-31": "1.37000", "2012-12-31": "2.10000", "2012-09-30": "1.86000", "2012-06-30": "1.08000", "2012-03-31": "1.19000", "2011-12-31": "2.17000", "2011-09-30": "0.68000", "2011-06-30": "0.95000", "2011-03-31": "0.56000", "2010-12-31": "1.56000", "2010-09-30": "1.21000", "2010-06-30": "1.48000", "2010-03-31": "1.27000", "2009-12-31": "1.80000", "2009-09-30": "0.40000", "2009-06-30": "1.15000", "2009-03-31": "1.32000", "2008-12-31": "1.90000", "2008-09-30": "1.70000", "2008-06-30": "1.16000", "2008-03-31": "1.06000", "2007-12-31": "1.79000", "2007-09-30": "1.23000", "2007-06-30": "1.10000", "2007-03-31": "1.18000", "2006-12-31": "2.16000", "2006-09-30": "0.76000", "2006-06-30": "0.86000", "2006-03-31": "0.81000", "2005-12-31": "1.83000", "2005-09-30": "0.75000", "2005-06-30": "0.74000", "2005-03-31": "0.79000"}, "EPS - Earnings Per Share": {"2020-09-30": "-0.81000", "2020-06-30": "0.38000", "2020-03-31": "-1.75000", "2019-12-31": "0.60000", "2019-09-30": "0.52000", "2019-06-30": "0.04000", "2019-03-31": "-1.14000", "2018-12-31": "1.16000", "2018-09-30": "0.02000", "2018-06-30": "0.39000", "2018-03-31": "0.13000", "2017-12-31": "0.98000", "2017-09-30": "0.55000", "2017-06-30": "0.40000", "2017-03-31": "0.75000", "2016-12-31": "1.52000", "2016-09-30": "0.34000", "2016-06-30": "0.39000", "2016-03-31": "0.26000", "2015-12-31": "1.05000", "2015-09-30": "0.37000", "2015-06-30": "-0.32000", "2015-03-31": "-1.11000", "2014-12-31": "0.99000", "2014-09-30": "0.75000", "2014-06-30": "0.58000", "2014-03-31": "1.57000", "2013-12-31": "1.71000", "2013-09-30": "1.36000", "2013-06-30": "1.38000", "2013-03-31": "1.35000", "2012-12-31": "2.07000", "2012-09-30": "1.84000", "2012-06-30": "1.06000", "2012-03-31": "1.17000", "2011-12-31": "2.15000", "2011-09-30": "0.68000", "2011-06-30": "0.94000", "2011-03-31": "0.55000", "2010-12-31": "1.55000", "2010-09-30": "1.22000", "2010-06-30": "1.47000", "2010-03-31": "1.25000", "2009-12-31": "1.78000", "2009-09-30": "0.41000", "2009-06-30": "1.13000", "2009-03-31": "1.30000", "2008-12-31": "1.88000", "2008-09-30": "1.69000", "2008-06-30": "1.13000", "2008-03-31": "1.03000", "2007-12-31": "1.74000", "2007-09-30": "1.23000", "2007-06-30": "1.06000", "2007-03-31": "1.14000", "2006-12-31": "2.08000", "2006-09-30": "0.76000", "2006-06-30": "0.83000", "2006-03-31": "0.78000", "2005-12-31": "1.77000", "2005-09-30": "0.75000", "2005-06-30": "0.71000", "2005-03-31": "0.76000"}}, "balance sheet": {"Cash On Hand": {"2020-09-30": "1249.80000", "2019-09-30": "258.50000", "2018-09-30": "522.10000", "2017-09-30": "378.00000", "2016-09-30": "287.30000", "2015-09-30": "502.10000", "2014-09-30": "89.60000", "2013-09-30": "998.30000", "2012-09-30": "718.50000", "2011-09-30": "471.20000", "2010-09-30": "629.70000", "2009-09-30": "359.30000", "2008-09-30": "171.20000", "2007-09-30": "363.20000", "2006-09-30": "134.30000", "2005-09-30": "84.50000"}, "Receivables": {"2020-09-30": "292.00000", "2019-09-30": "340.20000", "2018-09-30": "230.40000", "2017-09-30": "230.20000", "2016-09-30": "190.90000", "2015-09-30": "155.50000", "2014-09-30": "218.50000", "2013-09-30": "480.60000", "2012-09-30": "676.70000", "2011-09-30": "709.80000", "2010-09-30": "824.80000", "2009-09-30": "810.00000", "2008-09-30": "923.20000", "2007-09-30": "788.30000", "2006-09-30": "699.60000", "2005-09-30": "677.30000"}, "Inventory": {"2020-09-30": "511.30000", "2019-09-30": "469.30000", "2018-09-30": "323.10000", "2017-09-30": "317.10000", "2016-09-30": "289.20000", "2015-09-30": "275.90000", "2014-09-30": "292.40000", "2013-09-30": "616.30000", "2012-09-30": "672.40000", "2011-09-30": "653.40000", "2010-09-30": "666.30000", "2009-09-30": "667.30000", "2008-09-30": "674.60000", "2007-09-30": "582.30000", "2006-09-30": "553.90000", "2005-09-30": "491.00000"}, "Pre-Paid Expenses": {"2020-09-30": "", "2019-09-30": "", "2018-09-30": "", "2017-09-30": "", "2016-09-30": "", "2015-09-30": "", "2014-09-30": "", "2013-09-30": "", "2012-09-30": "", "2011-09-30": "", "2010-09-30": "", "2009-09-30": "", "2008-09-30": "", "2007-09-30": "", "2006-09-30": "", "2005-09-30": ""}, "Other Current Assets": {"2020-09-30": "157.80000", "2019-09-30": "968.80000", "2018-09-30": "95.50000", "2017-09-30": "94.90000", "2016-09-30": "122.10000", "2015-09-30": "143.40000", "2014-09-30": "146.60000", "2013-09-30": "473.20000", "2012-09-30": "455.00000", "2011-09-30": "426.30000", "2010-09-30": "308.70000", "2009-09-30": "289.20000", "2008-09-30": "257.80000", "2007-09-30": "270.50000", "2006-09-30": "247.30000", "2005-09-30": "211.20000"}, "Total Current Assets": {"2020-09-30": "2210.90000", "2019-09-30": "2036.80000", "2018-09-30": "1171.10000", "2017-09-30": "1020.20000", "2016-09-30": "889.50000", "2015-09-30": "1076.90000", "2014-09-30": "747.10000", "2013-09-30": "2568.40000", "2012-09-30": "2522.60000", "2011-09-30": "2260.70000", "2010-09-30": "2429.50000", "2009-09-30": "2125.80000", "2008-09-30": "2026.80000", "2007-09-30": "2004.30000", "2006-09-30": "1635.10000", "2005-09-30": "1464.00000"}, "Property, Plant, And Equipment": {"2020-09-30": "352.10000", "2019-09-30": "362.00000", "2018-09-30": "166.70000", "2017-09-30": "176.50000", "2016-09-30": "201.70000", "2015-09-30": "205.60000", "2014-09-30": "212.50000", "2013-09-30": "755.60000", "2012-09-30": "848.50000", "2011-09-30": "885.40000", "2010-09-30": "840.60000", "2009-09-30": "863.40000", "2008-09-30": "835.50000", "2007-09-30": "649.90000", "2006-09-30": "659.90000", "2005-09-30": "682.50000"}, "Long-Term Investments": {"2020-09-30": "", "2019-09-30": "", "2018-09-30": "", "2017-09-30": "", "2016-09-30": "", "2015-09-30": "", "2014-09-30": "", "2013-09-30": "", "2012-09-30": "", "2011-09-30": "", "2010-09-30": "", "2009-09-30": "", "2008-09-30": "", "2007-09-30": "", "2006-09-30": "", "2005-09-30": ""}, "Goodwill And Intangible Assets": {"2020-09-30": "2925.00000", "2019-09-30": "2963.70000", "2018-09-30": "476.90000", "2017-09-30": "453.80000", "2016-09-30": "464.40000", "2015-09-30": "114.40000", "2014-09-30": "117.20000", "2013-09-30": "3311.30000", "2012-09-30": "3323.20000", "2011-09-30": "3353.50000", "2010-09-30": "3090.60000", "2009-09-30": "3114.80000", "2008-09-30": "2869.60000", "2007-09-30": "690.50000", "2006-09-30": "671.20000", "2005-09-30": "664.00000"}, "Other Long-Term Assets": {"2020-09-30": "94.10000", "2019-09-30": "64.30000", "2018-09-30": "1327.20000", "2017-09-30": "125.40000", "2016-09-30": "112.20000", "2015-09-30": "58.60000", "2014-09-30": "41.70000", "2013-09-30": "82.10000", "2012-09-30": "36.90000", "2011-09-30": "31.90000", "2010-09-30": "27.20000", "2009-09-30": "45.00000", "2008-09-30": "84.80000", "2007-09-30": "181.00000", "2006-09-30": "166.40000", "2005-09-30": "163.30000"}, "Total Long-Term Assets": {"2020-09-30": "3517.40000", "2019-09-30": "3412.80000", "2018-09-30": "2007.70000", "2017-09-30": "803.40000", "2016-09-30": "842.00000", "2015-09-30": "541.70000", "2014-09-30": "447.60000", "2013-09-30": "4149.00000", "2012-09-30": "4208.60000", "2011-09-30": "4270.80000", "2010-09-30": "3958.40000", "2009-09-30": "4023.20000", "2008-09-30": "3789.90000", "2007-09-30": "1521.40000", "2006-09-30": "1497.50000", "2005-09-30": "1509.80000"}, "Total Assets": {"2020-09-30": "5728.30000", "2019-09-30": "5449.60000", "2018-09-30": "3178.80000", "2017-09-30": "1823.60000", "2016-09-30": "1731.50000", "2015-09-30": "1618.60000", "2014-09-30": "1194.70000", "2013-09-30": "6717.40000", "2012-09-30": "6731.20000", "2011-09-30": "6531.50000", "2010-09-30": "6387.90000", "2009-09-30": "6149.00000", "2008-09-30": "5816.70000", "2007-09-30": "3525.70000", "2006-09-30": "3132.60000", "2005-09-30": "2973.80000"}, "Total Current Liabilities": {"2020-09-30": "1648.40000", "2019-09-30": "1069.00000", "2018-09-30": "751.20000", "2017-09-30": "582.00000", "2016-09-30": "533.10000", "2015-09-30": "466.40000", "2014-09-30": "380.40000", "2013-09-30": "1153.40000", "2012-09-30": "1307.50000", "2011-09-30": "1027.40000", "2010-09-30": "1253.50000", "2009-09-30": "1159.50000", "2008-09-30": "1361.70000", "2007-09-30": "1115.80000", "2006-09-30": "926.90000", "2005-09-30": "837.60000"}, "Long Term Debt": {"2020-09-30": "3306.90000", "2019-09-30": "3461.60000", "2018-09-30": "976.10000", "2017-09-30": "978.50000", "2016-09-30": "981.70000", "2015-09-30": "984.30000", "2014-09-30": "", "2013-09-30": "1998.80000", "2012-09-30": "2138.60000", "2011-09-30": "2206.50000", "2010-09-30": "2022.50000", "2009-09-30": "2288.50000", "2008-09-30": "2589.50000", "2007-09-30": "1372.00000", "2006-09-30": "1625.00000", "2005-09-30": "1295.00000"}, "Other Non-Current Liabilities": {"2020-09-30": "211.60000", "2019-09-30": "204.60000", "2018-09-30": "1407.70000", "2017-09-30": "178.00000", "2016-09-30": "246.70000", "2015-09-30": "228.00000", "2014-09-30": "89.80000", "2013-09-30": "1111.60000", "2012-09-30": "1215.60000", "2011-09-30": "1196.30000", "2010-09-30": "1012.30000", "2009-09-30": "938.70000", "2008-09-30": "869.20000", "2007-09-30": "384.00000", "2006-09-30": "368.30000", "2005-09-30": "360.70000"}, "Total Long Term Liabilities": {"2020-09-30": "3770.80000", "2019-09-30": "3836.80000", "2018-09-30": "2403.10000", "2017-09-30": "1156.50000", "2016-09-30": "1228.40000", "2015-09-30": "1212.30000", "2014-09-30": "89.80000", "2013-09-30": "3110.40000", "2012-09-30": "3354.20000", "2011-09-30": "3402.80000", "2010-09-30": "3034.80000", "2009-09-30": "3227.20000", "2008-09-30": "3458.70000", "2007-09-30": "1756.00000", "2006-09-30": "1993.30000", "2005-09-30": "1655.70000"}, "Total Liabilities": {"2020-09-30": "5419.20000", "2019-09-30": "4905.80000", "2018-09-30": "3154.30000", "2017-09-30": "1738.50000", "2016-09-30": "1761.50000", "2015-09-30": "1678.70000", "2014-09-30": "470.20000", "2013-09-30": "4263.80000", "2012-09-30": "4661.70000", "2011-09-30": "4430.20000", "2010-09-30": "4288.30000", "2009-09-30": "4386.70000", "2008-09-30": "4820.40000", "2007-09-30": "2871.80000", "2006-09-30": "2920.20000", "2005-09-30": "2493.30000"}, "Common Stock Net": {"2020-09-30": "0.70000", "2019-09-30": "0.70000", "2018-09-30": "0.60000", "2017-09-30": "0.60000", "2016-09-30": "0.60000", "2015-09-30": "0.60000", "2014-09-30": "", "2013-09-30": "0.70000", "2012-09-30": "1.10000", "2011-09-30": "1.10000", "2010-09-30": "1.10000", "2009-09-30": "1.10000", "2008-09-30": "1.00000", "2007-09-30": "1.00000", "2006-09-30": "1.00000", "2005-09-30": "1.00000"}, "Retained Earnings (Accumulated Deficit)": {"2020-09-30": "-66.20000", "2019-09-30": "129.50000", "2018-09-30": "177.30000", "2017-09-30": "198.70000", "2016-09-30": "70.90000", "2015-09-30": "6.90000", "2014-09-30": "", "2013-09-30": "1144.10000", "2012-09-30": "2993.20000", "2011-09-30": "2613.00000", "2010-09-30": "2353.90000", "2009-09-30": "1963.20000", "2008-09-30": "1671.80000", "2007-09-30": "1362.70000", "2006-09-30": "1073.20000", "2005-09-30": "832.70000"}, "Comprehensive Income": {"2020-09-30": "-307.70000", "2019-09-30": "-298.30000", "2018-09-30": "-241.80000", "2017-09-30": "-238.80000", "2016-09-30": "-266.10000", "2015-09-30": "-249.30000", "2014-09-30": "-31.70000", "2013-09-30": "-172.90000", "2012-09-30": "-217.80000", "2011-09-30": "-180.70000", "2010-09-30": "-157.30000", "2009-09-30": "-54.90000", "2008-09-30": "7.90000", "2007-09-30": "46.80000", "2006-09-30": "-57.80000", "2005-09-30": "-88.90000"}, "Other Share Holders Equity": {"2020-09-30": "", "2019-09-30": "", "2018-09-30": "", "2017-09-30": "", "2016-09-30": "", "2015-09-30": "", "2014-09-30": "756.20000", "2013-09-30": "", "2012-09-30": "", "2011-09-30": "", "2010-09-30": "", "2009-09-30": "", "2008-09-30": "", "2007-09-30": "", "2006-09-30": "", "2005-09-30": ""}, "Share Holder Equity": {"2020-09-30": "309.10000", "2019-09-30": "543.80000", "2018-09-30": "24.50000", "2017-09-30": "85.10000", "2016-09-30": "-30.00000", "2015-09-30": "-60.10000", "2014-09-30": "724.50000", "2013-09-30": "2453.60000", "2012-09-30": "2069.50000", "2011-09-30": "2101.30000", "2010-09-30": "2099.60000", "2009-09-30": "1762.30000", "2008-09-30": "996.30000", "2007-09-30": "653.90000", "2006-09-30": "212.40000", "2005-09-30": "480.50000"}, "Total Liabilities And Share Holders Equity": {"2020-09-30": "5728.30000", "2019-09-30": "5449.60000", "2018-09-30": "3178.80000", "2017-09-30": "1823.60000", "2016-09-30": "1731.50000", "2015-09-30": "1618.60000", "2014-09-30": "1194.70000", "2013-09-30": "6717.40000", "2012-09-30": "6731.20000", "2011-09-30": "6531.50000", "2010-09-30": "6387.90000", "2009-09-30": "6149.00000", "2008-09-30": "5816.70000", "2007-09-30": "3525.70000", "2006-09-30": "3132.60000", "2005-09-30": "2973.80000"}}, "balance sheet, quarterly": {"Cash On Hand": {"2020-09-30": "1249.80000", "2020-06-30": "595.60000", "2020-03-31": "277.90000", "2019-12-31": "293.50000", "2019-09-30": "258.50000", "2019-06-30": "206.40000", "2019-03-31": "332.90000", "2018-12-31": "607.30000", "2018-09-30": "522.10000", "2018-06-30": "510.90000", "2018-03-31": "490.30000", "2017-12-31": "454.30000", "2017-09-30": "378.00000", "2017-06-30": "404.40000", "2017-03-31": "372.20000", "2016-12-31": "297.70000", "2016-09-30": "287.30000", "2016-06-30": "567.10000", "2016-03-31": "576.30000", "2015-12-31": "556.40000", "2015-09-30": "502.10000", "2015-06-30": "82.50000", "2015-03-31": "1114.30000", "2014-12-31": "1131.60000", "2014-09-30": "89.60000", "2014-06-30": "1088.70000", "2014-03-31": "991.70000", "2013-12-31": "881.50000", "2013-09-30": "998.30000", "2013-06-30": "948.80000", "2013-03-31": "850.70000", "2012-12-31": "787.10000", "2012-09-30": "718.50000", "2012-06-30": "632.10000", "2012-03-31": "561.80000", "2011-12-31": "476.90000", "2011-09-30": "471.20000", "2011-06-30": "507.30000", "2011-03-31": "478.00000", "2010-12-31": "444.10000", "2010-09-30": "629.70000", "2010-06-30": "488.80000", "2010-03-31": "396.20000", "2009-12-31": "408.20000", "2009-09-30": "359.30000", "2009-06-30": "443.30000", "2009-03-31": "130.70000", "2008-12-31": "127.90000", "2008-09-30": "171.20000", "2008-06-30": "97.40000", "2008-03-31": "115.80000", "2007-12-31": "83.30000", "2007-09-30": "363.20000", "2007-06-30": "340.30000", "2007-03-31": "278.60000", "2006-12-31": "141.30000", "2006-09-30": "134.30000", "2006-06-30": "66.00000", "2006-03-31": "82.20000", "2005-12-31": "108.10000", "2005-09-30": "84.50000", "2005-06-30": "175.60000", "2005-03-31": "132.70000"}, "Receivables": {"2020-09-30": "292.00000", "2020-06-30": "317.90000", "2020-03-31": "311.60000", "2019-12-31": "369.90000", "2019-09-30": "340.20000", "2019-06-30": "341.10000", "2019-03-31": "352.60000", "2018-12-31": "216.00000", "2018-09-30": "230.40000", "2018-06-30": "165.60000", "2018-03-31": "164.60000", "2017-12-31": "214.80000", "2017-09-30": "230.20000", "2017-06-30": "173.60000", "2017-03-31": "157.50000", "2016-12-31": "218.60000", "2016-09-30": "190.90000", "2016-06-30": "145.20000", "2016-03-31": "131.00000", "2015-12-31": "181.20000", "2015-09-30": "155.50000", "2015-06-30": "175.40000", "2015-03-31": "448.90000", "2014-12-31": "456.00000", "2014-09-30": "218.50000", "2014-06-30": "508.20000", "2014-03-31": "457.70000", "2013-12-31": "463.40000", "2013-09-30": "480.60000", "2013-06-30": "572.90000", "2013-03-31": "624.90000", "2012-12-31": "684.80000", "2012-09-30": "676.70000", "2012-06-30": "688.30000", "2012-03-31": "687.60000", "2011-12-31": "954.90000", "2011-09-30": "709.80000", "2011-06-30": "972.70000", "2011-03-31": "843.90000", "2010-12-31": "960.10000", "2010-09-30": "824.80000", "2010-06-30": "840.00000", "2010-03-31": "773.60000", "2009-12-31": "922.30000", "2009-09-30": "810.00000", "2009-06-30": "838.20000", "2009-03-31": "731.30000", "2008-12-31": "909.80000", "2008-09-30": "923.20000", "2008-06-30": "937.80000", "2008-03-31": "857.40000", "2007-12-31": "1009.80000", "2007-09-30": "788.30000", "2007-06-30": "743.80000", "2007-03-31": "713.30000", "2006-12-31": "861.90000", "2006-09-30": "699.60000", "2006-06-30": "639.20000", "2006-03-31": "566.80000", "2005-12-31": "758.20000", "2005-09-30": "677.30000", "2005-06-30": "572.60000", "2005-03-31": "556.60000"}, "Inventory": {"2020-09-30": "511.30000", "2020-06-30": "518.60000", "2020-03-31": "470.70000", "2019-12-31": "435.80000", "2019-09-30": "469.30000", "2019-06-30": "524.30000", "2019-03-31": "491.10000", "2018-12-31": "290.20000", "2018-09-30": "323.10000", "2018-06-30": "307.80000", "2018-03-31": "292.60000", "2017-12-31": "276.20000", "2017-09-30": "317.10000", "2017-06-30": "301.20000", "2017-03-31": "277.50000", "2016-12-31": "231.60000", "2016-09-30": "289.20000", "2016-06-30": "231.90000", "2016-03-31": "218.00000", "2015-12-31": "209.00000", "2015-09-30": "275.90000", "2015-06-30": "276.30000", "2015-03-31": "657.90000", "2014-12-31": "643.10000", "2014-09-30": "292.40000", "2014-06-30": "620.20000", "2014-03-31": "621.10000", "2013-12-31": "611.60000", "2013-09-30": "616.30000", "2013-06-30": "630.20000", "2013-03-31": "664.20000", "2012-12-31": "637.90000", "2012-09-30": "672.40000", "2012-06-30": "669.60000", "2012-03-31": "686.40000", "2011-12-31": "640.90000", "2011-09-30": "653.40000", "2011-06-30": "709.20000", "2011-03-31": "746.30000", "2010-12-31": "679.60000", "2010-09-30": "666.30000", "2010-06-30": "631.60000", "2010-03-31": "637.60000", "2009-12-31": "590.00000", "2009-09-30": "667.30000", "2009-06-30": "700.00000", "2009-03-31": "723.00000", "2008-12-31": "708.50000", "2008-09-30": "674.60000", "2008-06-30": "708.70000", "2008-03-31": "717.50000", "2007-12-31": "647.10000", "2007-09-30": "582.30000", "2007-06-30": "551.80000", "2007-03-31": "523.40000", "2006-12-31": "478.80000", "2006-09-30": "553.90000", "2006-06-30": "539.90000", "2006-03-31": "511.30000", "2005-12-31": "443.60000", "2005-09-30": "491.00000", "2005-06-30": "502.50000", "2005-03-31": "471.10000"}, "Pre-Paid Expenses": {"2020-09-30": "", "2020-06-30": "", "2020-03-31": "", "2019-12-31": "", "2019-09-30": "", "2019-06-30": "", "2019-03-31": "", "2018-12-31": "", "2018-09-30": "", "2018-06-30": "", "2018-03-31": "", "2017-12-31": "", "2017-09-30": "", "2017-06-30": "", "2017-03-31": "", "2016-12-31": "", "2016-09-30": "", "2016-06-30": "", "2016-03-31": "", "2015-12-31": "", "2015-09-30": "", "2015-06-30": "", "2015-03-31": "", "2014-12-31": "", "2014-09-30": "", "2014-06-30": "", "2014-03-31": "", "2013-12-31": "", "2013-09-30": "", "2013-06-30": "", "2013-03-31": "", "2012-12-31": "", "2012-09-30": "", "2012-06-30": "", "2012-03-31": "", "2011-12-31": "", "2011-09-30": "", "2011-06-30": "", "2011-03-31": "", "2010-12-31": "", "2010-09-30": "", "2010-06-30": "", "2010-03-31": "", "2009-12-31": "", "2009-09-30": "", "2009-06-30": "", "2009-03-31": "", "2008-12-31": "", "2008-09-30": "", "2008-06-30": "", "2008-03-31": "", "2007-12-31": "", "2007-09-30": "", "2007-06-30": "", "2007-03-31": "", "2006-12-31": "", "2006-09-30": "", "2006-06-30": "", "2006-03-31": "", "2005-12-31": "", "2005-09-30": "", "2005-06-30": "", "2005-03-31": ""}, "Other Current Assets": {"2020-09-30": "157.80000", "2020-06-30": "186.00000", "2020-03-31": "205.90000", "2019-12-31": "968.50000", "2019-09-30": "968.80000", "2019-06-30": "1003.60000", "2019-03-31": "1001.80000", "2018-12-31": "95.30000", "2018-09-30": "95.50000", "2018-06-30": "106.60000", "2018-03-31": "100.30000", "2017-12-31": "93.70000", "2017-09-30": "94.90000", "2017-06-30": "101.80000", "2017-03-31": "115.70000", "2016-12-31": "126.90000", "2016-09-30": "122.10000", "2016-06-30": "118.30000", "2016-03-31": "118.10000", "2015-12-31": "139.50000", "2015-09-30": "143.40000", "2015-06-30": "127.10000", "2015-03-31": "490.20000", "2014-12-31": "537.00000", "2014-09-30": "146.60000", "2014-06-30": "539.70000", "2014-03-31": "540.60000", "2013-12-31": "561.30000", "2013-09-30": "473.20000", "2013-06-30": "541.60000", "2013-03-31": "495.50000", "2012-12-31": "465.50000", "2012-09-30": "455.00000", "2012-06-30": "474.60000", "2012-03-31": "457.80000", "2011-12-31": "382.50000", "2011-09-30": "426.30000", "2011-06-30": "331.80000", "2011-03-31": "325.70000", "2010-12-31": "309.60000", "2010-09-30": "308.70000", "2010-06-30": "271.40000", "2010-03-31": "273.60000", "2009-12-31": "274.20000", "2009-09-30": "289.20000", "2009-06-30": "288.30000", "2009-03-31": "297.00000", "2008-12-31": "278.80000", "2008-09-30": "257.80000", "2008-06-30": "295.40000", "2008-03-31": "284.90000", "2007-12-31": "280.60000", "2007-09-30": "270.50000", "2007-06-30": "263.50000", "2007-03-31": "250.30000", "2006-12-31": "250.60000", "2006-09-30": "247.30000", "2006-06-30": "224.90000", "2006-03-31": "213.60000", "2005-12-31": "214.20000", "2005-09-30": "211.20000", "2005-06-30": "211.40000", "2005-03-31": "209.70000"}, "Total Current Assets": {"2020-09-30": "2210.90000", "2020-06-30": "1618.10000", "2020-03-31": "1266.10000", "2019-12-31": "2067.70000", "2019-09-30": "2036.80000", "2019-06-30": "2075.40000", "2019-03-31": "2178.40000", "2018-12-31": "1208.80000", "2018-09-30": "1171.10000", "2018-06-30": "1090.90000", "2018-03-31": "1047.80000", "2017-12-31": "1039.00000", "2017-09-30": "1020.20000", "2017-06-30": "981.00000", "2017-03-31": "922.90000", "2016-12-31": "874.80000", "2016-09-30": "889.50000", "2016-06-30": "1062.50000", "2016-03-31": "1043.40000", "2015-12-31": "1086.10000", "2015-09-30": "1076.90000", "2015-06-30": "661.30000", "2015-03-31": "2711.30000", "2014-12-31": "2767.70000", "2014-09-30": "747.10000", "2014-06-30": "2756.80000", "2014-03-31": "2611.10000", "2013-12-31": "2517.80000", "2013-09-30": "2568.40000", "2013-06-30": "2693.50000", "2013-03-31": "2635.30000", "2012-12-31": "2575.30000", "2012-09-30": "2522.60000", "2012-06-30": "2464.60000", "2012-03-31": "2393.60000", "2011-12-31": "2455.20000", "2011-09-30": "2260.70000", "2011-06-30": "2521.00000", "2011-03-31": "2393.90000", "2010-12-31": "2393.40000", "2010-09-30": "2429.50000", "2010-06-30": "2231.80000", "2010-03-31": "2081.00000", "2009-12-31": "2194.70000", "2009-09-30": "2125.80000", "2009-06-30": "2269.80000", "2009-03-31": "1882.00000", "2008-12-31": "2025.00000", "2008-09-30": "2026.80000", "2008-06-30": "2039.30000", "2008-03-31": "1975.60000", "2007-12-31": "2020.80000", "2007-09-30": "2004.30000", "2007-06-30": "1899.40000", "2007-03-31": "1765.60000", "2006-12-31": "1732.60000", "2006-09-30": "1635.10000", "2006-06-30": "1470.00000", "2006-03-31": "1373.90000", "2005-12-31": "1524.10000", "2005-09-30": "1464.00000", "2005-06-30": "1462.10000", "2005-03-31": "1370.10000"}, "Property, Plant, And Equipment": {"2020-09-30": "352.10000", "2020-06-30": "344.90000", "2020-03-31": "346.60000", "2019-12-31": "357.70000", "2019-09-30": "362.00000", "2019-06-30": "361.00000", "2019-03-31": "363.70000", "2018-12-31": "162.60000", "2018-09-30": "166.70000", "2018-06-30": "166.90000", "2018-03-31": "171.70000", "2017-12-31": "171.70000", "2017-09-30": "176.50000", "2017-06-30": "178.20000", "2017-03-31": "182.10000", "2016-12-31": "188.90000", "2016-09-30": "201.70000", "2016-06-30": "197.20000", "2016-03-31": "202.50000", "2015-12-31": "199.40000", "2015-09-30": "205.60000", "2015-06-30": "217.80000", "2015-03-31": "714.60000", "2014-12-31": "742.40000", "2014-09-30": "212.50000", "2014-06-30": "778.40000", "2014-03-31": "786.90000", "2013-12-31": "847.60000", "2013-09-30": "755.60000", "2013-06-30": "763.40000", "2013-03-31": "783.90000", "2012-12-31": "806.80000", "2012-09-30": "848.50000", "2012-06-30": "847.30000", "2012-03-31": "863.60000", "2011-12-31": "860.80000", "2011-09-30": "885.40000", "2011-06-30": "916.40000", "2011-03-31": "936.50000", "2010-12-31": "958.30000", "2010-09-30": "840.60000", "2010-06-30": "821.40000", "2010-03-31": "838.70000", "2009-12-31": "853.40000", "2009-09-30": "863.40000", "2009-06-30": "855.60000", "2009-03-31": "832.00000", "2008-12-31": "832.20000", "2008-09-30": "835.50000", "2008-06-30": "822.10000", "2008-03-31": "816.90000", "2007-12-31": "798.90000", "2007-09-30": "649.90000", "2007-06-30": "635.80000", "2007-03-31": "641.60000", "2006-12-31": "648.80000", "2006-09-30": "659.90000", "2006-06-30": "664.70000", "2006-03-31": "663.70000", "2005-12-31": "666.80000", "2005-09-30": "682.50000", "2005-06-30": "678.40000", "2005-03-31": "696.50000"}, "Long-Term Investments": {"2020-09-30": "", "2020-06-30": "", "2020-03-31": "", "2019-12-31": "", "2019-09-30": "", "2019-06-30": "", "2019-03-31": "", "2018-12-31": "", "2018-09-30": "", "2018-06-30": "", "2018-03-31": "", "2017-12-31": "", "2017-09-30": "", "2017-06-30": "", "2017-03-31": "", "2016-12-31": "", "2016-09-30": "", "2016-06-30": "", "2016-03-31": "", "2015-12-31": "", "2015-09-30": "", "2015-06-30": "", "2015-03-31": "", "2014-12-31": "", "2014-09-30": "", "2014-06-30": "", "2014-03-31": "", "2013-12-31": "", "2013-09-30": "", "2013-06-30": "", "2013-03-31": "", "2012-12-31": "", "2012-09-30": "", "2012-06-30": "", "2012-03-31": "", "2011-12-31": "", "2011-09-30": "", "2011-06-30": "", "2011-03-31": "", "2010-12-31": "", "2010-09-30": "", "2010-06-30": "", "2010-03-31": "", "2009-12-31": "", "2009-09-30": "", "2009-06-30": "", "2009-03-31": "", "2008-12-31": "", "2008-09-30": "", "2008-06-30": "", "2008-03-31": "", "2007-12-31": "", "2007-09-30": "", "2007-06-30": "", "2007-03-31": "", "2006-12-31": "", "2006-09-30": "", "2006-06-30": "", "2006-03-31": "", "2005-12-31": "", "2005-09-30": "", "2005-06-30": "", "2005-03-31": ""}, "Goodwill And Intangible Assets": {"2020-09-30": "2925.00000", "2020-06-30": "2932.10000", "2020-03-31": "2943.20000", "2019-12-31": "2968.80000", "2019-09-30": "2963.70000", "2019-06-30": "2984.60000", "2019-03-31": "2949.20000", "2018-12-31": "473.30000", "2018-09-30": "476.90000", "2018-06-30": "444.20000", "2018-03-31": "448.70000", "2017-12-31": "451.00000", "2017-09-30": "453.80000", "2017-06-30": "456.00000", "2017-03-31": "458.10000", "2016-12-31": "460.00000", "2016-09-30": "464.40000", "2016-06-30": "114.30000", "2016-03-31": "115.20000", "2015-12-31": "114.80000", "2015-09-30": "114.40000", "2015-06-30": "116.40000", "2015-03-31": "3276.30000", "2014-12-31": "3315.60000", "2014-09-30": "117.20000", "2014-06-30": "3366.00000", "2014-03-31": "3369.50000", "2013-12-31": "3353.30000", "2013-09-30": "3311.30000", "2013-06-30": "3304.00000", "2013-03-31": "3308.50000", "2012-12-31": "3323.30000", "2012-09-30": "3323.20000", "2012-06-30": "3320.70000", "2012-03-31": "3343.90000", "2011-12-31": "3338.10000", "2011-09-30": "3353.50000", "2011-06-30": "3321.80000", "2011-03-31": "3322.10000", "2010-12-31": "3320.80000", "2010-09-30": "3090.60000", "2010-06-30": "3067.70000", "2010-03-31": "3094.30000", "2009-12-31": "3106.70000", "2009-09-30": "3114.80000", "2009-06-30": "3110.40000", "2009-03-31": "2840.00000", "2008-12-31": "2854.70000", "2008-09-30": "2869.60000", "2008-06-30": "2905.50000", "2008-03-31": "2908.80000", "2007-12-31": "2894.70000", "2007-09-30": "690.50000", "2007-06-30": "684.30000", "2007-03-31": "680.10000", "2006-12-31": "678.80000", "2006-09-30": "671.20000", "2006-06-30": "669.90000", "2006-03-31": "663.60000", "2005-12-31": "658.40000", "2005-09-30": "664.00000", "2005-06-30": "662.50000", "2005-03-31": "678.20000"}, "Other Long-Term Assets": {"2020-09-30": "94.10000", "2020-06-30": "85.60000", "2020-03-31": "82.80000", "2019-12-31": "66.30000", "2019-09-30": "64.30000", "2019-06-30": "103.80000", "2019-03-31": "100.80000", "2018-12-31": "2536.30000", "2018-09-30": "1327.20000", "2018-06-30": "69.00000", "2018-03-31": "70.80000", "2017-12-31": "68.30000", "2017-09-30": "125.40000", "2017-06-30": "119.50000", "2017-03-31": "121.80000", "2016-12-31": "118.20000", "2016-09-30": "112.20000", "2016-06-30": "59.90000", "2016-03-31": "59.50000", "2015-12-31": "56.90000", "2015-09-30": "58.60000", "2015-06-30": "47.30000", "2015-03-31": "105.30000", "2014-12-31": "107.10000", "2014-09-30": "41.70000", "2014-06-30": "99.80000", "2014-03-31": "102.80000", "2013-12-31": "81.80000", "2013-09-30": "82.10000", "2013-06-30": "39.30000", "2013-03-31": "41.20000", "2012-12-31": "39.90000", "2012-09-30": "36.90000", "2012-06-30": "34.50000", "2012-03-31": "30.60000", "2011-12-31": "30.80000", "2011-09-30": "31.90000", "2011-06-30": "35.60000", "2011-03-31": "28.70000", "2010-12-31": "29.50000", "2010-09-30": "27.20000", "2010-06-30": "36.60000", "2010-03-31": "38.20000", "2009-12-31": "43.30000", "2009-09-30": "45.00000", "2009-06-30": "83.70000", "2009-03-31": "79.10000", "2008-12-31": "80.70000", "2008-09-30": "84.80000", "2008-06-30": "207.30000", "2008-03-31": "205.90000", "2007-12-31": "204.60000", "2007-09-30": "181.00000", "2007-06-30": "163.80000", "2007-03-31": "167.10000", "2006-12-31": "168.30000", "2006-09-30": "166.40000", "2006-06-30": "162.00000", "2006-03-31": "162.20000", "2005-12-31": "162.60000", "2005-09-30": "163.30000", "2005-06-30": "175.70000", "2005-03-31": "179.60000"}, "Total Long-Term Assets": {"2020-09-30": "3517.40000", "2020-06-30": "3508.40000", "2020-03-31": "3486.40000", "2019-12-31": "3499.10000", "2019-09-30": "3412.80000", "2019-06-30": "3502.30000", "2019-03-31": "3463.90000", "2018-12-31": "3207.30000", "2018-09-30": "2007.70000", "2018-06-30": "713.90000", "2018-03-31": "724.60000", "2017-12-31": "725.10000", "2017-09-30": "803.40000", "2017-06-30": "799.00000", "2017-03-31": "805.09990", "2016-12-31": "807.90000", "2016-09-30": "842.00000", "2016-06-30": "534.30000", "2016-03-31": "541.00000", "2015-12-31": "531.40000", "2015-09-30": "541.70000", "2015-06-30": "455.80000", "2015-03-31": "4096.20000", "2014-12-31": "4165.10000", "2014-09-30": "447.60000", "2014-06-30": "4244.20000", "2014-03-31": "4259.20000", "2013-12-31": "4282.70000", "2013-09-30": "4149.00000", "2013-06-30": "4106.70000", "2013-03-31": "4133.60000", "2012-12-31": "4170.00000", "2012-09-30": "4208.60000", "2012-06-30": "4202.50000", "2012-03-31": "4238.10000", "2011-12-31": "4229.70000", "2011-09-30": "4270.80000", "2011-06-30": "4273.80000", "2011-03-31": "4287.30000", "2010-12-31": "4308.60000", "2010-09-30": "3958.40000", "2010-06-30": "3925.70000", "2010-03-31": "3971.20000", "2009-12-31": "4003.40000", "2009-09-30": "4023.20000", "2009-06-30": "4049.70000", "2009-03-31": "3751.10000", "2008-12-31": "3767.60000", "2008-09-30": "3789.90000", "2008-06-30": "3934.90000", "2008-03-31": "3931.60000", "2007-12-31": "3898.20000", "2007-09-30": "1521.40000", "2007-06-30": "1483.90000", "2007-03-31": "1488.80000", "2006-12-31": "1495.90000", "2006-09-30": "1497.50000", "2006-06-30": "1496.60000", "2006-03-31": "1489.50000", "2005-12-31": "1487.80000", "2005-09-30": "1509.80000", "2005-06-30": "1516.60000", "2005-03-31": "1554.30000"}, "Total Assets": {"2020-09-30": "5728.30000", "2020-06-30": "5126.50000", "2020-03-31": "4752.50000", "2019-12-31": "5566.80000", "2019-09-30": "5449.60000", "2019-06-30": "5577.70000", "2019-03-31": "5642.30000", "2018-12-31": "4416.10000", "2018-09-30": "3178.80000", "2018-06-30": "1804.80000", "2018-03-31": "1772.40000", "2017-12-31": "1764.10000", "2017-09-30": "1823.60000", "2017-06-30": "1780.00000", "2017-03-31": "1728.00000", "2016-12-31": "1682.70000", "2016-09-30": "1731.50000", "2016-06-30": "1596.80000", "2016-03-31": "1584.40000", "2015-12-31": "1617.50000", "2015-09-30": "1618.60000", "2015-06-30": "1117.10000", "2015-03-31": "6807.50000", "2014-12-31": "6932.80000", "2014-09-30": "1194.70000", "2014-06-30": "7001.00000", "2014-03-31": "6870.30000", "2013-12-31": "6800.50000", "2013-09-30": "6717.40000", "2013-06-30": "6800.20000", "2013-03-31": "6768.90000", "2012-12-31": "6745.30000", "2012-09-30": "6731.20000", "2012-06-30": "6667.10000", "2012-03-31": "6631.70000", "2011-12-31": "6684.90000", "2011-09-30": "6531.50000", "2011-06-30": "6794.80000", "2011-03-31": "6681.20000", "2010-12-31": "6702.00000", "2010-09-30": "6387.90000", "2010-06-30": "6157.50000", "2010-03-31": "6052.20000", "2009-12-31": "6198.10000", "2009-09-30": "6149.00000", "2009-06-30": "6319.50000", "2009-03-31": "5633.10000", "2008-12-31": "5792.60000", "2008-09-30": "5816.70000", "2008-06-30": "5974.20000", "2008-03-31": "5907.20000", "2007-12-31": "5919.00000", "2007-09-30": "3525.70000", "2007-06-30": "3383.30000", "2007-03-31": "3254.40000", "2006-12-31": "3228.50000", "2006-09-30": "3132.60000", "2006-06-30": "2966.60000", "2006-03-31": "2863.40000", "2005-12-31": "3011.90000", "2005-09-30": "2973.80000", "2005-06-30": "2978.70000", "2005-03-31": "2924.40000"}, "Total Current Liabilities": {"2020-09-30": "1648.40000", "2020-06-30": "984.40000", "2020-03-31": "892.90000", "2019-12-31": "1144.90000", "2019-09-30": "1069.00000", "2019-06-30": "1105.60000", "2019-03-31": "1016.20000", "2018-12-31": "832.00000", "2018-09-30": "751.20000", "2018-06-30": "599.30000", "2018-03-31": "552.30000", "2017-12-31": "546.90000", "2017-09-30": "582.00000", "2017-06-30": "505.20000", "2017-03-31": "471.40000", "2016-12-31": "458.30000", "2016-09-30": "533.10000", "2016-06-30": "406.80000", "2016-03-31": "400.20000", "2015-12-31": "446.80000", "2015-09-30": "466.40000", "2015-06-30": "344.90000", "2015-03-31": "1701.40000", "2014-12-31": "1621.20000", "2014-09-30": "380.40000", "2014-06-30": "1371.60000", "2014-03-31": "1290.70000", "2013-12-31": "1181.30000", "2013-09-30": "1153.40000", "2013-06-30": "1294.40000", "2013-03-31": "1203.80000", "2012-12-31": "1233.30000", "2012-09-30": "1307.50000", "2012-06-30": "1176.90000", "2012-03-31": "1444.20000", "2011-12-31": "1614.10000", "2011-09-30": "1027.40000", "2011-06-30": "1166.10000", "2011-03-31": "1391.20000", "2010-12-31": "1429.90000", "2010-09-30": "1253.50000", "2010-06-30": "1242.90000", "2010-03-31": "995.90000", "2009-12-31": "1201.20000", "2009-09-30": "1159.50000", "2009-06-30": "1350.00000", "2009-03-31": "1278.20000", "2008-12-31": "1469.90000", "2008-09-30": "1361.70000", "2008-06-30": "1499.40000", "2008-03-31": "1396.80000", "2007-12-31": "1503.20000", "2007-09-30": "1115.80000", "2007-06-30": "972.20000", "2007-03-31": "927.20000", "2006-12-31": "969.70000", "2006-09-30": "926.90000", "2006-06-30": "811.70000", "2006-03-31": "816.90000", "2005-12-31": "938.20000", "2005-09-30": "837.60000", "2005-06-30": "849.80000", "2005-03-31": "756.10000"}, "Long Term Debt": {"2020-09-30": "3306.90000", "2020-06-30": "3252.50000", "2020-03-31": "3010.60000", "2019-12-31": "3383.60000", "2019-09-30": "3461.60000", "2019-06-30": "3493.20000", "2019-03-31": "3557.10000", "2018-12-31": "975.40000", "2018-09-30": "976.10000", "2018-06-30": "976.70000", "2018-03-31": "977.30000", "2017-12-31": "977.90000", "2017-09-30": "978.50000", "2017-06-30": "979.20000", "2017-03-31": "979.80000", "2016-12-31": "981.10000", "2016-09-30": "981.70000", "2016-06-30": "982.40000", "2016-03-31": "983.00000", "2015-12-31": "983.70000", "2015-09-30": "984.30000", "2015-06-30": "995.00000", "2015-03-31": "1699.00000", "2014-12-31": "1699.00000", "2014-09-30": "", "2014-06-30": "1918.90000", "2014-03-31": "1918.90000", "2013-12-31": "1918.80000", "2013-09-30": "1998.80000", "2013-06-30": "1998.70000", "2013-03-31": "2138.70000", "2012-12-31": "2138.70000", "2012-09-30": "2138.60000", "2012-06-30": "2138.60000", "2012-03-31": "1765.00000", "2011-12-31": "1765.00000", "2011-09-30": "2206.50000", "2011-06-30": "2208.00000", "2011-03-31": "1969.50000", "2010-12-31": "1971.00000", "2010-09-30": "2022.50000", "2010-06-30": "2024.00000", "2010-03-31": "2190.50000", "2009-12-31": "2192.00000", "2009-09-30": "2288.50000", "2009-06-30": "2340.00000", "2009-03-31": "2386.50000", "2008-12-31": "2388.00000", "2008-09-30": "2589.50000", "2008-06-30": "2591.00000", "2008-03-31": "2692.50000", "2007-12-31": "2694.00000", "2007-09-30": "1372.00000", "2007-06-30": "1482.00000", "2007-03-31": "1528.00000", "2006-12-31": "1553.00000", "2006-09-30": "1625.00000", "2006-06-30": "1550.00000", "2006-03-31": "1288.00000", "2005-12-31": "1317.00000", "2005-09-30": "1295.00000", "2005-06-30": "1082.00000", "2005-03-31": "1101.10000"}, "Other Non-Current Liabilities": {"2020-09-30": "211.60000", "2020-06-30": "218.70000", "2020-03-31": "222.30000", "2019-12-31": "206.20000", "2019-09-30": "204.60000", "2019-06-30": "408.20000", "2019-03-31": "423.70000", "2018-12-31": "2538.30000", "2018-09-30": "1407.70000", "2018-06-30": "181.00000", "2018-03-31": "198.10000", "2017-12-31": "205.60000", "2017-09-30": "178.00000", "2017-06-30": "208.60000", "2017-03-31": "210.00000", "2016-12-31": "226.00000", "2016-09-30": "246.70000", "2016-06-30": "210.40000", "2016-03-31": "211.40000", "2015-12-31": "219.50000", "2015-09-30": "228.00000", "2015-06-30": "74.10000", "2015-03-31": "558.10000", "2014-12-31": "586.00000", "2014-09-30": "89.80000", "2014-06-30": "1144.90000", "2014-03-31": "1142.30000", "2013-12-31": "1165.90000", "2013-09-30": "1111.60000", "2013-06-30": "1201.10000", "2013-03-31": "1171.00000", "2012-12-31": "1176.90000", "2012-09-30": "1215.60000", "2012-06-30": "1179.30000", "2012-03-31": "1204.50000", "2011-12-31": "1215.40000", "2011-09-30": "1196.30000", "2011-06-30": "1072.10000", "2011-03-31": "1084.40000", "2010-12-31": "1086.70000", "2010-09-30": "1012.30000", "2010-06-30": "913.10000", "2010-03-31": "939.40000", "2009-12-31": "943.00000", "2009-09-30": "938.70000", "2009-06-30": "860.30000", "2009-03-31": "838.40000", "2008-12-31": "854.40000", "2008-09-30": "869.20000", "2008-06-30": "889.70000", "2008-03-31": "903.40000", "2007-12-31": "935.60000", "2007-09-30": "384.00000", "2007-06-30": "431.20000", "2007-03-31": "407.50000", "2006-12-31": "387.60000", "2006-09-30": "368.30000", "2006-06-30": "377.60000", "2006-03-31": "362.70000", "2005-12-31": "355.70000", "2005-09-30": "360.70000", "2005-06-30": "357.00000", "2005-03-31": "354.20000"}, "Total Long Term Liabilities": {"2020-09-30": "3770.80000", "2020-06-30": "3756.30000", "2020-03-31": "3485.90000", "2019-12-31": "3834.40000", "2019-09-30": "3836.80000", "2019-06-30": "3901.40000", "2019-03-31": "3980.80000", "2018-12-31": "3513.70000", "2018-09-30": "2403.10000", "2018-06-30": "1157.70000", "2018-03-31": "1175.40000", "2017-12-31": "1183.50000", "2017-09-30": "1156.50000", "2017-06-30": "1187.80000", "2017-03-31": "1189.80000", "2016-12-31": "1207.10000", "2016-09-30": "1228.40000", "2016-06-30": "1192.80000", "2016-03-31": "1194.40000", "2015-12-31": "1203.20000", "2015-09-30": "1212.30000", "2015-06-30": "1069.10000", "2015-03-31": "2742.80000", "2014-12-31": "2772.10000", "2014-09-30": "89.80000", "2014-06-30": "3063.80000", "2014-03-31": "3061.20000", "2013-12-31": "3084.70000", "2013-09-30": "3110.40000", "2013-06-30": "3199.80000", "2013-03-31": "3309.70000", "2012-12-31": "3315.60000", "2012-09-30": "3354.20000", "2012-06-30": "3317.90000", "2012-03-31": "2969.50000", "2011-12-31": "2980.40000", "2011-09-30": "3402.80000", "2011-06-30": "3280.10000", "2011-03-31": "3053.90000", "2010-12-31": "3057.70000", "2010-09-30": "3034.80000", "2010-06-30": "2937.10000", "2010-03-31": "3129.90000", "2009-12-31": "3135.00000", "2009-09-30": "3227.20000", "2009-06-30": "3200.30000", "2009-03-31": "3224.90000", "2008-12-31": "3242.40000", "2008-09-30": "3458.70000", "2008-06-30": "3480.70000", "2008-03-31": "3595.90000", "2007-12-31": "3629.60000", "2007-09-30": "1756.00000", "2007-06-30": "1913.20000", "2007-03-31": "1935.50000", "2006-12-31": "1940.60000", "2006-09-30": "1993.30000", "2006-06-30": "1927.60000", "2006-03-31": "1650.70000", "2005-12-31": "1672.70000", "2005-09-30": "1655.70000", "2005-06-30": "1439.00000", "2005-03-31": "1455.30000"}, "Total Liabilities": {"2020-09-30": "5419.20000", "2020-06-30": "4740.70000", "2020-03-31": "4378.80000", "2019-12-31": "4979.30000", "2019-09-30": "4905.80000", "2019-06-30": "5007.00000", "2019-03-31": "4997.00000", "2018-12-31": "4345.70000", "2018-09-30": "3154.30000", "2018-06-30": "1757.00000", "2018-03-31": "1727.70000", "2017-12-31": "1730.40000", "2017-09-30": "1738.50000", "2017-06-30": "1693.00000", "2017-03-31": "1661.20000", "2016-12-31": "1665.40000", "2016-09-30": "1761.50000", "2016-06-30": "1599.60000", "2016-03-31": "1594.60000", "2015-12-31": "1650.00000", "2015-09-30": "1678.70000", "2015-06-30": "1414.00000", "2015-03-31": "4444.20000", "2014-12-31": "4393.30000", "2014-09-30": "470.20000", "2014-06-30": "4435.40000", "2014-03-31": "4351.90000", "2013-12-31": "4266.00000", "2013-09-30": "4263.80000", "2013-06-30": "4494.20000", "2013-03-31": "4513.50000", "2012-12-31": "4548.90000", "2012-09-30": "4661.70000", "2012-06-30": "4494.80000", "2012-03-31": "4413.70000", "2011-12-31": "4594.50000", "2011-09-30": "4430.20000", "2011-06-30": "4446.20000", "2011-03-31": "4445.10000", "2010-12-31": "4487.60000", "2010-09-30": "4288.30000", "2010-06-30": "4180.00000", "2010-03-31": "4125.80000", "2009-12-31": "4336.20000", "2009-09-30": "4386.70000", "2009-06-30": "4550.30000", "2009-03-31": "4503.10000", "2008-12-31": "4712.30000", "2008-09-30": "4820.40000", "2008-06-30": "4980.10000", "2008-03-31": "4992.70000", "2007-12-31": "5132.80000", "2007-09-30": "2871.80000", "2007-06-30": "2885.40000", "2007-03-31": "2862.70000", "2006-12-31": "2910.30000", "2006-09-30": "2920.20000", "2006-06-30": "2739.30000", "2006-03-31": "2467.60000", "2005-12-31": "2610.90000", "2005-09-30": "2493.30000", "2005-06-30": "2288.80000", "2005-03-31": "2211.40000"}, "Common Stock Net": {"2020-09-30": "0.70000", "2020-06-30": "0.70000", "2020-03-31": "0.70000", "2019-12-31": "0.70000", "2019-09-30": "0.70000", "2019-06-30": "0.70000", "2019-03-31": "0.70000", "2018-12-31": "0.60000", "2018-09-30": "0.60000", "2018-06-30": "0.60000", "2018-03-31": "0.60000", "2017-12-31": "0.60000", "2017-09-30": "0.60000", "2017-06-30": "0.60000", "2017-03-31": "0.60000", "2016-12-31": "0.60000", "2016-09-30": "0.60000", "2016-06-30": "0.60000", "2016-03-31": "0.60000", "2015-12-31": "0.60000", "2015-09-30": "0.60000", "2015-06-30": "", "2015-03-31": "0.70000", "2014-12-31": "0.70000", "2014-09-30": "", "2014-06-30": "0.70000", "2014-03-31": "0.70000", "2013-12-31": "0.70000", "2013-09-30": "0.70000", "2013-06-30": "0.70000", "2013-03-31": "1.10000", "2012-12-31": "1.10000", "2012-09-30": "1.10000", "2012-06-30": "1.10000", "2012-03-31": "1.10000", "2011-12-31": "1.10000", "2011-09-30": "1.10000", "2011-06-30": "1.10000", "2011-03-31": "1.10000", "2010-12-31": "1.10000", "2010-09-30": "1.10000", "2010-06-30": "1.10000", "2010-03-31": "1.10000", "2009-12-31": "1.10000", "2009-09-30": "1.10000", "2009-06-30": "1.10000", "2009-03-31": "1.00000", "2008-12-31": "1.00000", "2008-09-30": "1.00000", "2008-06-30": "1.00000", "2008-03-31": "1.00000", "2007-12-31": "1.00000", "2007-09-30": "1.00000", "2007-06-30": "1.00000", "2007-03-31": "1.00000", "2006-12-31": "1.00000", "2006-09-30": "1.00000", "2006-06-30": "1.00000", "2006-03-31": "1.00000", "2005-12-31": "1.00000", "2005-09-30": "1.00000", "2005-06-30": "1.00000", "2005-03-31": "1.00000"}, "Retained Earnings (Accumulated Deficit)": {"2020-09-30": "-66.20000", "2020-06-30": "10.80000", "2020-03-31": "5.80000", "2019-12-31": "149.10000", "2019-09-30": "129.50000", "2019-06-30": "109.50000", "2019-03-31": "127.90000", "2018-12-31": "226.10000", "2018-09-30": "177.30000", "2018-06-30": "196.40000", "2018-03-31": "190.50000", "2017-12-31": "180.40000", "2017-09-30": "198.70000", "2017-06-30": "182.40000", "2017-03-31": "174.80000", "2016-12-31": "145.70000", "2016-09-30": "70.90000", "2016-06-30": "65.30000", "2016-03-31": "57.10000", "2015-12-31": "56.60000", "2015-09-30": "6.90000", "2015-06-30": "", "2015-03-31": "1326.80000", "2014-12-31": "1447.00000", "2014-09-30": "", "2014-06-30": "1319.20000", "2014-03-31": "1287.00000", "2013-12-31": "1220.10000", "2013-09-30": "1144.10000", "2013-06-30": "1070.70000", "2013-03-31": "3155.20000", "2012-12-31": "3097.50000", "2012-09-30": "2993.20000", "2012-06-30": "2902.50000", "2012-03-31": "2834.30000", "2011-12-31": "2756.50000", "2011-09-30": "2613.00000", "2011-06-30": "2568.20000", "2011-03-31": "2502.50000", "2010-12-31": "2463.50000", "2010-09-30": "2353.90000", "2010-06-30": "2272.30000", "2010-03-31": "2171.90000", "2009-12-31": "2088.10000", "2009-09-30": "1963.20000", "2009-06-30": "1931.00000", "2009-03-31": "1859.30000", "2008-12-31": "1782.60000", "2008-09-30": "1671.80000", "2008-06-30": "1587.00000", "2008-03-31": "1523.90000", "2007-12-31": "1464.50000", "2007-09-30": "1362.70000", "2007-06-30": "1307.10000", "2007-03-31": "1252.80000", "2006-12-31": "1192.20000", "2006-09-30": "1073.20000", "2006-06-30": "1046.30000", "2006-03-31": "998.10000", "2005-12-31": "950.00000", "2005-09-30": "832.70000", "2005-06-30": "783.40000", "2005-03-31": "737.90000"}, "Comprehensive Income": {"2020-09-30": "-307.70000", "2020-06-30": "-305.30000", "2020-03-31": "-307.10000", "2019-12-31": "-273.10000", "2019-09-30": "-298.30000", "2019-06-30": "-245.30000", "2019-03-31": "-227.50000", "2018-12-31": "-247.70000", "2018-09-30": "-241.80000", "2018-06-30": "-255.90000", "2018-03-31": "-234.10000", "2017-12-31": "-227.70000", "2017-09-30": "-238.80000", "2017-06-30": "-265.30000", "2017-03-31": "-272.00000", "2016-12-31": "-286.00000", "2016-09-30": "-266.10000", "2016-06-30": "-240.60000", "2016-03-31": "-235.30000", "2015-12-31": "-251.10000", "2015-09-30": "-249.30000", "2015-06-30": "-79.40000", "2015-03-31": "-390.90000", "2014-12-31": "-324.50000", "2014-09-30": "-31.70000", "2014-06-30": "-163.80000", "2014-03-31": "-166.40000", "2013-12-31": "-168.50000", "2013-09-30": "-172.90000", "2013-06-30": "-234.90000", "2013-03-31": "-214.90000", "2012-12-31": "-195.80000", "2012-09-30": "-217.80000", "2012-06-30": "-211.50000", "2012-03-31": "-168.00000", "2011-12-31": "-204.60000", "2011-09-30": "-180.70000", "2011-06-30": "-83.40000", "2011-03-31": "-119.10000", "2010-12-31": "-159.80000", "2010-09-30": "-157.30000", "2010-06-30": "-183.30000", "2010-03-31": "-118.60000", "2009-12-31": "-81.70000", "2009-09-30": "-54.90000", "2009-06-30": "1.10000", "2009-03-31": "-54.90000", "2008-12-31": "-22.30000", "2008-09-30": "7.90000", "2008-06-30": "129.40000", "2008-03-31": "127.00000", "2007-12-31": "68.60000", "2007-09-30": "46.80000", "2007-06-30": "-27.50000", "2007-03-31": "-44.40000", "2006-12-31": "-35.40000", "2006-09-30": "-57.80000", "2006-06-30": "-64.20000", "2006-03-31": "-82.00000", "2005-12-31": "-94.80000", "2005-09-30": "-88.90000", "2005-06-30": "-72.30000", "2005-03-31": "-37.20000"}, "Other Share Holders Equity": {"2020-09-30": "", "2020-06-30": "", "2020-03-31": "", "2019-12-31": "", "2019-09-30": "", "2019-06-30": "", "2019-03-31": "", "2018-12-31": "", "2018-09-30": "", "2018-06-30": "", "2018-03-31": "", "2017-12-31": "", "2017-09-30": "", "2017-06-30": "", "2017-03-31": "", "2016-12-31": "", "2016-09-30": "", "2016-06-30": "", "2016-03-31": "", "2015-12-31": "", "2015-09-30": "", "2015-06-30": "-217.50000", "2015-03-31": "", "2014-12-31": "", "2014-09-30": "756.20000", "2014-06-30": "", "2014-03-31": "", "2013-12-31": "", "2013-09-30": "", "2013-06-30": "", "2013-03-31": "", "2012-12-31": "", "2012-09-30": "", "2012-06-30": "", "2012-03-31": "", "2011-12-31": "", "2011-09-30": "", "2011-06-30": "", "2011-03-31": "", "2010-12-31": "", "2010-09-30": "", "2010-06-30": "", "2010-03-31": "", "2009-12-31": "", "2009-09-30": "", "2009-06-30": "", "2009-03-31": "", "2008-12-31": "", "2008-09-30": "", "2008-06-30": "", "2008-03-31": "", "2007-12-31": "", "2007-09-30": "", "2007-06-30": "", "2007-03-31": "", "2006-12-31": "", "2006-09-30": "", "2006-06-30": "", "2006-03-31": "", "2005-12-31": "", "2005-09-30": "", "2005-06-30": "", "2005-03-31": ""}, "Share Holder Equity": {"2020-09-30": "309.10000", "2020-06-30": "385.80000", "2020-03-31": "373.70000", "2019-12-31": "587.50000", "2019-09-30": "543.80000", "2019-06-30": "570.70000", "2019-03-31": "645.30000", "2018-12-31": "70.40000", "2018-09-30": "24.50000", "2018-06-30": "47.80000", "2018-03-31": "44.70000", "2017-12-31": "33.70000", "2017-09-30": "85.10000", "2017-06-30": "87.00000", "2017-03-31": "66.80000", "2016-12-31": "17.30000", "2016-09-30": "-30.00000", "2016-06-30": "-2.80000", "2016-03-31": "-10.20000", "2015-12-31": "-32.50000", "2015-09-30": "-60.10000", "2015-06-30": "-296.90000", "2015-03-31": "2363.30000", "2014-12-31": "2539.50000", "2014-09-30": "724.50000", "2014-06-30": "2565.60000", "2014-03-31": "2518.40000", "2013-12-31": "2534.50000", "2013-09-30": "2453.60000", "2013-06-30": "2306.00000", "2013-03-31": "2255.40000", "2012-12-31": "2196.40000", "2012-09-30": "2069.50000", "2012-06-30": "2172.30000", "2012-03-31": "2218.00000", "2011-12-31": "2090.40000", "2011-09-30": "2101.30000", "2011-06-30": "2348.60000", "2011-03-31": "2236.10000", "2010-12-31": "2214.40000", "2010-09-30": "2099.60000", "2010-06-30": "1977.50000", "2010-03-31": "1926.40000", "2009-12-31": "1861.90000", "2009-09-30": "1762.30000", "2009-06-30": "1769.20000", "2009-03-31": "1130.00000", "2008-12-31": "1080.30000", "2008-09-30": "996.30000", "2008-06-30": "994.10000", "2008-03-31": "914.50000", "2007-12-31": "786.20000", "2007-09-30": "653.90000", "2007-06-30": "497.90000", "2007-03-31": "391.70000", "2006-12-31": "318.20000", "2006-09-30": "212.40000", "2006-06-30": "227.30000", "2006-03-31": "395.80000", "2005-12-31": "401.00000", "2005-09-30": "480.50000", "2005-06-30": "689.90000", "2005-03-31": "713.00000"}, "Total Liabilities And Share Holders Equity": {"2020-09-30": "5728.30000", "2020-06-30": "5126.50000", "2020-03-31": "4752.50000", "2019-12-31": "5566.80000", "2019-09-30": "5449.60000", "2019-06-30": "5577.70000", "2019-03-31": "5642.30000", "2018-12-31": "4416.10000", "2018-09-30": "3178.80000", "2018-06-30": "1804.80000", "2018-03-31": "1772.40000", "2017-12-31": "1764.10000", "2017-09-30": "1823.60000", "2017-06-30": "1780.00000", "2017-03-31": "1728.00000", "2016-12-31": "1682.70000", "2016-09-30": "1731.50000", "2016-06-30": "1596.80000", "2016-03-31": "1584.40000", "2015-12-31": "1617.50000", "2015-09-30": "1618.60000", "2015-06-30": "1117.10000", "2015-03-31": "6807.50000", "2014-12-31": "6932.80000", "2014-09-30": "1194.70000", "2014-06-30": "7001.00000", "2014-03-31": "6870.30000", "2013-12-31": "6800.50000", "2013-09-30": "6717.40000", "2013-06-30": "6800.20000", "2013-03-31": "6768.90000", "2012-12-31": "6745.30000", "2012-09-30": "6731.20000", "2012-06-30": "6667.10000", "2012-03-31": "6631.70000", "2011-12-31": "6684.90000", "2011-09-30": "6531.50000", "2011-06-30": "6794.80000", "2011-03-31": "6681.20000", "2010-12-31": "6702.00000", "2010-09-30": "6387.90000", "2010-06-30": "6157.50000", "2010-03-31": "6052.20000", "2009-12-31": "6198.10000", "2009-09-30": "6149.00000", "2009-06-30": "6319.50000", "2009-03-31": "5633.10000", "2008-12-31": "5792.60000", "2008-09-30": "5816.70000", "2008-06-30": "5974.20000", "2008-03-31": "5907.20000", "2007-12-31": "5919.00000", "2007-09-30": "3525.70000", "2007-06-30": "3383.30000", "2007-03-31": "3254.40000", "2006-12-31": "3228.50000", "2006-09-30": "3132.60000", "2006-06-30": "2966.60000", "2006-03-31": "2863.40000", "2005-12-31": "3011.90000", "2005-09-30": "2973.80000", "2005-06-30": "2978.70000", "2005-03-31": "2924.40000"}}, "cash flow statement": {"Net Income/Loss": {"2020-09-30": "-93.30000", "2019-09-30": "51.10000", "2018-09-30": "93.50000", "2017-09-30": "201.50000", "2016-09-30": "127.70000", "2015-09-30": "-4.00000", "2014-09-30": "157.30000", "2013-09-30": "114.90000", "2012-09-30": "408.90000", "2011-09-30": "261.20000", "2010-09-30": "403.00000", "2009-09-30": "297.80000", "2008-09-30": "329.30000", "2007-09-30": "321.40000", "2006-09-30": "260.90000", "2005-09-30": "280.70000"}, "Total Depreciation And Amortization - Cash Flow": {"2020-09-30": "111.90000", "2019-09-30": "92.80000", "2018-09-30": "45.10000", "2017-09-30": "50.20000", "2016-09-30": "34.30000", "2015-09-30": "41.80000", "2014-09-30": "42.20000", "2013-09-30": "55.90000", "2012-09-30": "162.20000", "2011-09-30": "181.30000", "2010-09-30": "139.20000", "2009-09-30": "130.40000", "2008-09-30": "141.30000", "2007-09-30": "115.00000", "2006-09-30": "117.50000", "2005-09-30": "116.30000"}, "Other Non-Cash Items": {"2020-09-30": "245.60000", "2019-09-30": "75.20000", "2018-09-30": "75.70000", "2017-09-30": "-22.00000", "2016-09-30": "20.60000", "2015-09-30": "62.30000", "2014-09-30": "22.90000", "2013-09-30": "2.10000", "2012-09-30": "15.00000", "2011-09-30": "80.20000", "2010-09-30": "83.40000", "2009-09-30": "50.20000", "2008-09-30": "41.20000", "2007-09-30": "20.90000", "2006-09-30": "13.10000", "2005-09-30": "4.10000"}, "Total Non-Cash Items": {"2020-09-30": "357.50000", "2019-09-30": "168.00000", "2018-09-30": "120.80000", "2017-09-30": "28.20000", "2016-09-30": "54.90000", "2015-09-30": "104.10000", "2014-09-30": "65.10000", "2013-09-30": "58.00000", "2012-09-30": "177.20000", "2011-09-30": "261.50000", "2010-09-30": "222.60000", "2009-09-30": "180.60000", "2008-09-30": "182.50000", "2007-09-30": "135.90000", "2006-09-30": "130.60000", "2005-09-30": "120.40000"}, "Change In Accounts Receivable": {"2020-09-30": "47.80000", "2019-09-30": "-24.90000", "2018-09-30": "-1.10000", "2017-09-30": "-43.70000", "2016-09-30": "-4.10000", "2015-09-30": "9.70000", "2014-09-30": "-13.50000", "2013-09-30": "119.60000", "2012-09-30": "38.20000", "2011-09-30": "-19.70000", "2010-09-30": "-17.40000", "2009-09-30": "106.70000", "2008-09-30": "-39.40000", "2007-09-30": "-41.60000", "2006-09-30": "-15.00000", "2005-09-30": "-46.00000"}, "Change In Inventories": {"2020-09-30": "-39.80000", "2019-09-30": "-15.20000", "2018-09-30": "-12.10000", "2017-09-30": "-30.70000", "2016-09-30": "11.90000", "2015-09-30": "-0.10000", "2014-09-30": "35.50000", "2013-09-30": "5.00000", "2012-09-30": "-17.60000", "2011-09-30": "65.10000", "2010-09-30": "-2.30000", "2009-09-30": "21.80000", "2008-09-30": "29.50000", "2007-09-30": "-7.10000", "2006-09-30": "-54.20000", "2005-09-30": "-30.30000"}, "Change In Accounts Payable": {"2020-09-30": "76.20000", "2019-09-30": "5.20000", "2018-09-30": "4.40000", "2017-09-30": "13.40000", "2016-09-30": "43.70000", "2015-09-30": "-18.20000", "2014-09-30": "10.70000", "2013-09-30": "12.30000", "2012-09-30": "47.10000", "2011-09-30": "-12.00000", "2010-09-30": "41.30000", "2009-09-30": "-28.10000", "2008-09-30": "-9.80000", "2007-09-30": "4.20000", "2006-09-30": "11.50000", "2005-09-30": "-10.40000"}, "Change In Assets/Liabilities": {"2020-09-30": "28.00000", "2019-09-30": "-34.70000", "2018-09-30": "23.20000", "2017-09-30": "28.50000", "2016-09-30": "-40.20000", "2015-09-30": "70.30000", "2014-09-30": "-35.20000", "2013-09-30": "19.80000", "2012-09-30": "-22.20000", "2011-09-30": "-143.60000", "2010-09-30": "5.20000", "2009-09-30": "-89.60000", "2008-09-30": "-25.60000", "2007-09-30": "32.50000", "2006-09-30": "39.20000", "2005-09-30": "-18.50000"}, "Total Change In Assets/Liabilities": {"2020-09-30": "112.20000", "2019-09-30": "-69.60000", "2018-09-30": "14.40000", "2017-09-30": "-32.50000", "2016-09-30": "11.30000", "2015-09-30": "61.70000", "2014-09-30": "-2.50000", "2013-09-30": "156.70000", "2012-09-30": "45.50000", "2011-09-30": "-110.20000", "2010-09-30": "26.80000", "2009-09-30": "10.80000", "2008-09-30": "-45.30000", "2007-09-30": "-12.00000", "2006-09-30": "-18.50000", "2005-09-30": "-105.20000"}, "Cash Flow From Operating Activities": {"2020-09-30": "376.40000", "2019-09-30": "149.50000", "2018-09-30": "228.70000", "2017-09-30": "197.20000", "2016-09-30": "193.90000", "2015-09-30": "161.80000", "2014-09-30": "219.90000", "2013-09-30": "329.60000", "2012-09-30": "631.60000", "2011-09-30": "412.50000", "2010-09-30": "652.40000", "2009-09-30": "489.20000", "2008-09-30": "466.50000", "2007-09-30": "445.30000", "2006-09-30": "373.00000", "2005-09-30": "295.90000"}, "Net Change In Property, Plant, And Equipment": {"2020-09-30": "-58.90000", "2019-09-30": "-54.90000", "2018-09-30": "-18.10000", "2017-09-30": "2.00000", "2016-09-30": "-27.20000", "2015-09-30": "-26.70000", "2014-09-30": "-22.80000", "2013-09-30": "-16.80000", "2012-09-30": "-91.70000", "2011-09-30": "-90.40000", "2010-09-30": "-107.90000", "2009-09-30": "-137.20000", "2008-09-30": "-158.80000", "2007-09-30": "-85.00000", "2006-09-30": "-88.30000", "2005-09-30": "-97.60000"}, "Net Change In Intangible Assets": {"2020-09-30": "", "2019-09-30": "", "2018-09-30": "", "2017-09-30": "", "2016-09-30": "", "2015-09-30": "", "2014-09-30": "", "2013-09-30": "", "2012-09-30": "", "2011-09-30": "", "2010-09-30": "", "2009-09-30": "", "2008-09-30": "", "2007-09-30": "", "2006-09-30": "", "2005-09-30": ""}, "Net Acquisitions/Divestitures": {"2020-09-30": "-5.10000", "2019-09-30": "-2460.00000", "2018-09-30": "-38.10000", "2017-09-30": "", "2016-09-30": "-344.00000", "2015-09-30": "-12.10000", "2014-09-30": "", "2013-09-30": "", "2012-09-30": "", "2011-09-30": "-267.10000", "2010-09-30": "", "2009-09-30": "-275.00000", "2008-09-30": "-1882.10000", "2007-09-30": "", "2006-09-30": "", "2005-09-30": ""}, "Net Change In Short-term Investments": {"2020-09-30": "", "2019-09-30": "", "2018-09-30": "", "2017-09-30": "", "2016-09-30": "", "2015-09-30": "", "2014-09-30": "", "2013-09-30": "", "2012-09-30": "", "2011-09-30": "", "2010-09-30": "", "2009-09-30": "", "2008-09-30": "", "2007-09-30": "", "2006-09-30": "", "2005-09-30": ""}, "Net Change In Long-Term Investments": {"2020-09-30": "", "2019-09-30": "", "2018-09-30": "", "2017-09-30": "", "2016-09-30": "", "2015-09-30": "", "2014-09-30": "", "2013-09-30": "", "2012-09-30": "", "2011-09-30": "", "2010-09-30": "", "2009-09-30": "", "2008-09-30": "", "2007-09-30": "", "2006-09-30": "", "2005-09-30": ""}, "Net Change In Investments - Total": {"2020-09-30": "", "2019-09-30": "", "2018-09-30": "", "2017-09-30": "", "2016-09-30": "", "2015-09-30": "", "2014-09-30": "", "2013-09-30": "", "2012-09-30": "", "2011-09-30": "", "2010-09-30": "", "2009-09-30": "", "2008-09-30": "", "2007-09-30": "", "2006-09-30": "", "2005-09-30": ""}, "Investing Activities - Other": {"2020-09-30": "280.90000", "2019-09-30": "-407.40000", "2018-09-30": "", "2017-09-30": "", "2016-09-30": "", "2015-09-30": "", "2014-09-30": "", "2013-09-30": "", "2012-09-30": "-3.20000", "2011-09-30": "-6.00000", "2010-09-30": "-5.40000", "2009-09-30": "", "2008-09-30": "46.40000", "2007-09-30": "2.70000", "2006-09-30": "-27.30000", "2005-09-30": "0.50000"}, "Cash Flow From Investing Activities": {"2020-09-30": "216.90000", "2019-09-30": "-2922.30000", "2018-09-30": "-56.20000", "2017-09-30": "2.00000", "2016-09-30": "-371.20000", "2015-09-30": "-38.80000", "2014-09-30": "-22.80000", "2013-09-30": "-16.80000", "2012-09-30": "-94.90000", "2011-09-30": "-363.50000", "2010-09-30": "-113.30000", "2009-09-30": "-412.20000", "2008-09-30": "-1994.50000", "2007-09-30": "-82.30000", "2006-09-30": "-115.60000", "2005-09-30": "-97.10000"}, "Net Long-Term Debt": {"2020-09-30": "627.10000", "2019-09-30": "1270.50000", "2018-09-30": "1255.90000", "2017-09-30": "-4.00000", "2016-09-30": "-3.00000", "2015-09-30": "998.00000", "2014-09-30": "", "2013-09-30": "", "2012-09-30": "57.60000", "2011-09-30": "24.00000", "2010-09-30": "-101.00000", "2009-09-30": "-306.00000", "2008-09-30": "1213.30000", "2007-09-30": "-10.00000", "2006-09-30": "482.80000", "2005-09-30": "191.00000"}, "Net Current Debt": {"2020-09-30": "-30.20000", "2019-09-30": "-214.10000", "2018-09-30": "143.40000", "2017-09-30": "36.50000", "2016-09-30": "58.90000", "2015-09-30": "-12.40000", "2014-09-30": "", "2013-09-30": "", "2012-09-30": "100.90000", "2011-09-30": "45.70000", "2010-09-30": "-151.90000", "2009-09-30": "-102.00000", "2008-09-30": "97.40000", "2007-09-30": "-146.30000", "2006-09-30": "-123.20000", "2005-09-30": "-10.40000"}, "Debt Issuance/Retirement Net - Total": {"2020-09-30": "596.90000", "2019-09-30": "1056.40000", "2018-09-30": "1399.30000", "2017-09-30": "32.50000", "2016-09-30": "55.90000", "2015-09-30": "985.60000", "2014-09-30": "", "2013-09-30": "", "2012-09-30": "158.50000", "2011-09-30": "69.70000", "2010-09-30": "-252.90000", "2009-09-30": "-408.00000", "2008-09-30": "1310.70000", "2007-09-30": "-156.30000", "2006-09-30": "359.60000", "2005-09-30": "180.60000"}, "Net Common Equity Issued/Repurchased": {"2020-09-30": "-45.00000", "2019-09-30": "160.30000", "2018-09-30": "-70.00000", "2017-09-30": "-59.50000", "2016-09-30": "-31.80000", "2015-09-30": "-648.80000", "2014-09-30": "-185.50000", "2013-09-30": "-301.20000", "2012-09-30": "-414.80000", "2011-09-30": "-267.80000", "2010-09-30": "12.60000", "2009-09-30": "515.80000", "2008-09-30": "12.90000", "2007-09-30": "-17.30000", "2006-09-30": "-579.30000", "2005-09-30": "-421.50000"}, "Net Total Equity Issued/Repurchased": {"2020-09-30": "-45.00000", "2019-09-30": "359.80000", "2018-09-30": "-70.00000", "2017-09-30": "-59.50000", "2016-09-30": "-31.80000", "2015-09-30": "-648.80000", "2014-09-30": "-185.50000", "2013-09-30": "-301.20000", "2012-09-30": "-414.80000", "2011-09-30": "-267.80000", "2010-09-30": "12.60000", "2009-09-30": "515.80000", "2008-09-30": "12.90000", "2007-09-30": "-17.30000", "2006-09-30": "-579.30000", "2005-09-30": "-421.50000"}, "Total Common And Preferred Stock Dividends Paid": {"2020-09-30": "-101.60000", "2019-09-30": "-91.00000", "2018-09-30": "-70.00000", "2017-09-30": "-69.10000", "2016-09-30": "-62.70000", "2015-09-30": "-15.50000", "2014-09-30": "", "2013-09-30": "", "2012-09-30": "-24.90000", "2011-09-30": "", "2010-09-30": "", "2009-09-30": "", "2008-09-30": "", "2007-09-30": "", "2006-09-30": "", "2005-09-30": ""}, "Financial Activities - Other": {"2020-09-30": "-57.20000", "2019-09-30": "-53.10000", "2018-09-30": "-33.00000", "2017-09-30": "-10.80000", "2016-09-30": "-6.80000", "2015-09-30": "-12.10000", "2014-09-30": "", "2013-09-30": "", "2012-09-30": "-2.10000", "2011-09-30": "-3.90000", "2010-09-30": "5.80000", "2009-09-30": "3.20000", "2008-09-30": "16.50000", "2007-09-30": "36.20000", "2006-09-30": "8.20000", "2005-09-30": "19.60000"}, "Cash Flow From Financial Activities": {"2020-09-30": "393.10000", "2019-09-30": "1272.10000", "2018-09-30": "1226.30000", "2017-09-30": "-106.90000", "2016-09-30": "-45.40000", "2015-09-30": "309.20000", "2014-09-30": "-185.50000", "2013-09-30": "-301.20000", "2012-09-30": "-283.30000", "2011-09-30": "-202.00000", "2010-09-30": "-234.50000", "2009-09-30": "111.00000", "2008-09-30": "1340.10000", "2007-09-30": "-137.40000", "2006-09-30": "-211.50000", "2005-09-30": "-221.30000"}, "Net Cash Flow": {"2020-09-30": "991.30000", "2019-09-30": "-1509.80000", "2018-09-30": "1390.30000", "2017-09-30": "90.70000", "2016-09-30": "-214.80000", "2015-09-30": "412.50000", "2014-09-30": "11.60000", "2013-09-30": "11.30000", "2012-09-30": "247.30000", "2011-09-30": "-158.50000", "2010-09-30": "270.40000", "2009-09-30": "188.10000", "2008-09-30": "-192.00000", "2007-09-30": "228.90000", "2006-09-30": "49.80000", "2005-09-30": "-24.60000"}, "Stock-Based Compensation": {"2020-09-30": "24.50000", "2019-09-30": "27.10000", "2018-09-30": "28.20000", "2017-09-30": "24.30000", "2016-09-30": "20.40000", "2015-09-30": "13.50000", "2014-09-30": "13.20000", "2013-09-30": "16.00000", "2012-09-30": "", "2011-09-30": "", "2010-09-30": "", "2009-09-30": "", "2008-09-30": "", "2007-09-30": "", "2006-09-30": "", "2005-09-30": ""}, "Common Stock Dividends Paid": {"2020-09-30": "-85.40000", "2019-09-30": "-83.00000", "2018-09-30": "-70.00000", "2017-09-30": "-69.10000", "2016-09-30": "-62.70000", "2015-09-30": "-15.50000", "2014-09-30": "", "2013-09-30": "", "2012-09-30": "-24.90000", "2011-09-30": "", "2010-09-30": "", "2009-09-30": "", "2008-09-30": "", "2007-09-30": "", "2006-09-30": "", "2005-09-30": ""}}, "cash flow statement, quarterly": {"Net Income/Loss": {"2020-09-30": -51.5, "2020-06-30": 29.8, "2020-03-31": -117.7, "2019-12-31": "46.10000", "2019-09-30": 46.2, "2019-06-30": 7.4, "2019-03-31": -73.3, "2018-12-31": "70.80000", "2018-09-30": 1.5, "2018-06-30": 23.8, "2018-03-31": 7.8, "2017-12-31": "60.40000", "2017-09-30": 34.1, "2017-06-30": 24.9, "2017-03-31": 46.9, "2016-12-31": "95.60000", "2016-09-30": 21.6, "2016-06-30": 24.2, "2016-03-31": 16.4, "2015-12-31": "65.50000", "2015-09-30": 23.1, "2015-06-30": -19.6, "2015-03-31": -69.2, "2014-12-31": "61.70000", "2014-09-30": 46.5, "2014-06-30": -95.6, "2014-03-31": 98.5, "2013-12-31": "107.90000", "2013-09-30": -187, "2013-06-30": 87.2, "2013-03-31": 84.9, "2012-12-31": "129.80000", "2012-09-30": 117, "2012-06-30": 70.2, "2012-03-31": 77.9, "2011-12-31": "143.80000", "2011-09-30": 45.8, "2011-06-30": 65.9, "2011-03-31": 39.1, "2010-12-31": "110.40000", "2010-09-30": 84.8, "2010-06-30": 104, "2010-03-31": 88.5, "2009-12-31": "125.70000", "2009-09-30": 37.1, "2009-06-30": 72.7, "2009-03-31": 77, "2008-12-31": "111.00000", "2008-09-30": 99.1, "2008-06-30": 66.7, "2008-03-31": 60.9, "2007-12-31": "102.60000", "2007-09-30": 70, "2007-06-30": 62.5, "2007-03-31": 66.6, "2006-12-31": "122.30000", "2006-09-30": 39.1, "2006-06-30": 51.3, "2006-03-31": 50, "2005-12-31": "120.50000", "2005-09-30": 51.8, "2005-06-30": 52.3, "2005-03-31": 176.6}, "Total Depreciation And Amortization - Cash Flow": {"2020-09-30": 27.6, "2020-06-30": 28.2, "2020-03-31": 28.5, "2019-12-31": "27.60000", "2019-09-30": 22, "2019-06-30": 30.8, "2019-03-31": 28.4, "2018-12-31": "11.60000", "2018-09-30": 11.3, "2018-06-30": 11.4, "2018-03-31": 10.4, "2017-12-31": "12.00000", "2017-09-30": 11.9, "2017-06-30": 12.5, "2017-03-31": 15.2, "2016-12-31": "10.60000", "2016-09-30": 10.9, "2016-06-30": 7.8, "2016-03-31": 7.8, "2015-12-31": "7.80000", "2015-09-30": 8.6, "2015-06-30": 10.9, "2015-03-31": 11.6, "2014-12-31": "10.70000", "2014-09-30": 14.5, "2014-06-30": -37.2, "2014-03-31": 31.5, "2013-12-31": "33.40000", "2013-09-30": -53.1, "2013-06-30": 35.1, "2013-03-31": 35.6, "2012-12-31": "38.30000", "2012-09-30": 41.6, "2012-06-30": 40.5, "2012-03-31": 80.1, "2011-12-31": "", "2011-09-30": 181.3, "2011-06-30": 0, "2011-03-31": 0, "2010-12-31": "", "2010-09-30": 139.2, "2010-06-30": 0, "2010-03-31": 0, "2009-12-31": "", "2009-09-30": 130.4, "2009-06-30": 0, "2009-03-31": 0, "2008-12-31": "", "2008-09-30": 141.3, "2008-06-30": 0, "2008-03-31": 0, "2007-12-31": "", "2007-09-30": 115, "2007-06-30": 0, "2007-03-31": 0, "2006-12-31": "", "2006-09-30": 117.5, "2006-06-30": 0, "2006-03-31": 0, "2005-12-31": "", "2005-09-30": 116.3, "2005-06-30": 0, "2005-03-31": 0}, "Other Non-Cash Items": {"2020-09-30": 70, "2020-06-30": 16.5, "2020-03-31": 145.1, "2019-12-31": "14.00000", "2019-09-30": 85.2, "2019-06-30": -16.3, "2019-03-31": 7.7, "2018-12-31": "-1.40000", "2018-09-30": 29.9, "2018-06-30": -13, "2018-03-31": 6.8, "2017-12-31": "52.00000", "2017-09-30": -8.7, "2017-06-30": 8.2, "2017-03-31": -29, "2016-12-31": "7.50000", "2016-09-30": 17.7, "2016-06-30": 4.4, "2016-03-31": -6.4, "2015-12-31": "4.90000", "2015-09-30": -5.1, "2015-06-30": 7.2, "2015-03-31": 54.9, "2014-12-31": "5.30000", "2014-09-30": -34.2, "2014-06-30": 0.8, "2014-03-31": -2.5, "2013-12-31": "58.80000", "2013-09-30": -34.5, "2013-06-30": 16.7, "2013-03-31": 16.8, "2012-12-31": "3.10000", "2012-09-30": -3.1, "2012-06-30": -2.4, "2012-03-31": -37.7, "2011-12-31": "58.20000", "2011-09-30": -91.8, "2011-06-30": 68.5, "2011-03-31": 50.9, "2010-12-31": "52.60000", "2010-09-30": -73.1, "2010-06-30": 22.8, "2010-03-31": 44.7, "2009-12-31": "89.00000", "2009-09-30": -63.6, "2009-06-30": 42.5, "2009-03-31": 38.2, "2008-12-31": "33.10000", "2008-09-30": -79.7, "2008-06-30": 38.1, "2008-03-31": 36.2, "2007-12-31": "46.60000", "2007-09-30": -103, "2007-06-30": 41.1, "2007-03-31": 38, "2006-12-31": "44.80000", "2006-09-30": -85.4, "2006-06-30": 36.1, "2006-03-31": 36.6, "2005-12-31": "25.80000", "2005-09-30": -74.8, "2005-06-30": 30.4, "2005-03-31": 48.5}, "Total Non-Cash Items": {"2020-09-30": 97.6, "2020-06-30": 44.7, "2020-03-31": 173.6, "2019-12-31": "41.60000", "2019-09-30": 107.2, "2019-06-30": 14.5, "2019-03-31": 36.1, "2018-12-31": "10.20000", "2018-09-30": 41.2, "2018-06-30": -1.6, "2018-03-31": 17.2, "2017-12-31": "64.00000", "2017-09-30": 3.2, "2017-06-30": 20.7, "2017-03-31": -13.8, "2016-12-31": "18.10000", "2016-09-30": 28.6, "2016-06-30": 12.2, "2016-03-31": 1.4, "2015-12-31": "12.70000", "2015-09-30": 3.5, "2015-06-30": 18.1, "2015-03-31": 66.5, "2014-12-31": "16.00000", "2014-09-30": -19.7, "2014-06-30": -36.4, "2014-03-31": 29, "2013-12-31": "92.20000", "2013-09-30": -87.6, "2013-06-30": 51.8, "2013-03-31": 52.4, "2012-12-31": "41.40000", "2012-09-30": 38.5, "2012-06-30": 38.1, "2012-03-31": 42.4, "2011-12-31": "58.20000", "2011-09-30": 89.5, "2011-06-30": 68.5, "2011-03-31": 50.9, "2010-12-31": "52.60000", "2010-09-30": 66.1, "2010-06-30": 22.8, "2010-03-31": 44.7, "2009-12-31": "89.00000", "2009-09-30": 66.8, "2009-06-30": 42.5, "2009-03-31": 38.2, "2008-12-31": "33.10000", "2008-09-30": 61.6, "2008-06-30": 38.1, "2008-03-31": 36.2, "2007-12-31": "46.60000", "2007-09-30": 12, "2007-06-30": 41.1, "2007-03-31": 38, "2006-12-31": "44.80000", "2006-09-30": 32.1, "2006-06-30": 36.1, "2006-03-31": 36.6, "2005-12-31": "25.80000", "2005-09-30": 41.5, "2005-06-30": 30.4, "2005-03-31": 48.5}, "Change In Accounts Receivable": {"2020-09-30": 47.8, "2020-06-30": 0, "2020-03-31": 0, "2019-12-31": "", "2019-09-30": -24.9, "2019-06-30": 0, "2019-03-31": 0, "2018-12-31": "", "2018-09-30": -1.1, "2018-06-30": 0, "2018-03-31": 0, "2017-12-31": "", "2017-09-30": -43.7, "2017-06-30": 0, "2017-03-31": 0, "2016-12-31": "", "2016-09-30": -4.1, "2016-06-30": 0, "2016-03-31": 0, "2015-12-31": "", "2015-09-30": 9.7, "2015-06-30": 0, "2015-03-31": 0, "2014-12-31": "", "2014-09-30": -13.5, "2014-06-30": 0, "2014-03-31": 0, "2013-12-31": "", "2013-09-30": 119.6, "2013-06-30": 0, "2013-03-31": 0, "2012-12-31": "", "2012-09-30": 38.2, "2012-06-30": 0, "2012-03-31": 0, "2011-12-31": "", "2011-09-30": -19.7, "2011-06-30": 0, "2011-03-31": 0, "2010-12-31": "", "2010-09-30": -17.4, "2010-06-30": 0, "2010-03-31": 0, "2009-12-31": "", "2009-09-30": 106.7, "2009-06-30": 0, "2009-03-31": 0, "2008-12-31": "", "2008-09-30": -39.4, "2008-06-30": 0, "2008-03-31": 0, "2007-12-31": "", "2007-09-30": -41.6, "2007-06-30": 0, "2007-03-31": 0, "2006-12-31": "", "2006-09-30": -15, "2006-06-30": 0, "2006-03-31": 0, "2005-12-31": "", "2005-09-30": -46, "2005-06-30": 0, "2005-03-31": 0}, "Change In Inventories": {"2020-09-30": -39.8, "2020-06-30": 0, "2020-03-31": 0, "2019-12-31": "", "2019-09-30": -48.9, "2019-06-30": 6.5, "2019-03-31": 27.2, "2018-12-31": "", "2018-09-30": -12.1, "2018-06-30": 0, "2018-03-31": 0, "2017-12-31": "", "2017-09-30": -30.7, "2017-06-30": 0, "2017-03-31": 0, "2016-12-31": "", "2016-09-30": 11.9, "2016-06-30": 0, "2016-03-31": 0, "2015-12-31": "", "2015-09-30": -0.1, "2015-06-30": 0, "2015-03-31": 0, "2014-12-31": "", "2014-09-30": 35.5, "2014-06-30": 0, "2014-03-31": 0, "2013-12-31": "", "2013-09-30": 5, "2013-06-30": 0, "2013-03-31": 0, "2012-12-31": "", "2012-09-30": -17.6, "2012-06-30": 0, "2012-03-31": 0, "2011-12-31": "", "2011-09-30": 65.1, "2011-06-30": 0, "2011-03-31": 0, "2010-12-31": "", "2010-09-30": -2.3, "2010-06-30": 0, "2010-03-31": 0, "2009-12-31": "", "2009-09-30": 21.8, "2009-06-30": 0, "2009-03-31": 0, "2008-12-31": "", "2008-09-30": 29.5, "2008-06-30": 0, "2008-03-31": 0, "2007-12-31": "", "2007-09-30": -7.1, "2007-06-30": 0, "2007-03-31": 0, "2006-12-31": "", "2006-09-30": -54.2, "2006-06-30": 0, "2006-03-31": 0, "2005-12-31": "", "2005-09-30": -30.3, "2005-06-30": 0, "2005-03-31": 0}, "Change In Accounts Payable": {"2020-09-30": 76.2, "2020-06-30": 0, "2020-03-31": 0, "2019-12-31": "", "2019-09-30": 5.2, "2019-06-30": 0, "2019-03-31": 0, "2018-12-31": "", "2018-09-30": 4.4, "2018-06-30": 0, "2018-03-31": 0, "2017-12-31": "", "2017-09-30": 13.4, "2017-06-30": 0, "2017-03-31": 0, "2016-12-31": "", "2016-09-30": 43.7, "2016-06-30": 0, "2016-03-31": 0, "2015-12-31": "", "2015-09-30": -18.2, "2015-06-30": 0, "2015-03-31": 0, "2014-12-31": "", "2014-09-30": 10.7, "2014-06-30": 0, "2014-03-31": 0, "2013-12-31": "", "2013-09-30": 12.3, "2013-06-30": 0, "2013-03-31": 0, "2012-12-31": "", "2012-09-30": 47.1, "2012-06-30": 0, "2012-03-31": 0, "2011-12-31": "", "2011-09-30": -12, "2011-06-30": 0, "2011-03-31": 0, "2010-12-31": "", "2010-09-30": 41.3, "2010-06-30": 0, "2010-03-31": 0, "2009-12-31": "", "2009-09-30": -28.1, "2009-06-30": 0, "2009-03-31": 0, "2008-12-31": "", "2008-09-30": -9.8, "2008-06-30": 0, "2008-03-31": 0, "2007-12-31": "", "2007-09-30": 4.2, "2007-06-30": 0, "2007-03-31": 0, "2006-12-31": "", "2006-09-30": 11.5, "2006-06-30": 0, "2006-03-31": 0, "2005-12-31": "", "2005-09-30": -10.4, "2005-06-30": 0, "2005-03-31": 0}, "Change In Assets/Liabilities": {"2020-09-30": 27.1, "2020-06-30": 58.2, "2020-03-31": -93.1, "2019-12-31": "35.80000", "2019-09-30": 57.7, "2019-06-30": -23.2, "2019-03-31": -107.1, "2018-12-31": "37.90000", "2018-09-30": 6.8, "2018-06-30": 5.2, "2018-03-31": -5.4, "2017-12-31": "16.60000", "2017-09-30": 75.3, "2017-06-30": -24.3, "2017-03-31": -0.6, "2016-12-31": "-21.90000", "2016-09-30": -49.7, "2016-06-30": -22.8, "2016-03-31": 15, "2015-12-31": "17.30000", "2015-09-30": 40.9, "2015-06-30": -22.5, "2015-03-31": 69.5, "2014-12-31": "-17.60000", "2014-09-30": -59.3, "2014-06-30": 122.8, "2014-03-31": 50.3, "2013-12-31": "-149.00000", "2013-09-30": -2.5, "2013-06-30": 81.1, "2013-03-31": 40.8, "2012-12-31": "-99.60000", "2012-09-30": 61.6, "2012-06-30": 11.8, "2012-03-31": 78.6, "2011-12-31": "-174.20000", "2011-09-30": 67.4, "2011-06-30": -63.9, "2011-03-31": 16.9, "2010-12-31": "-164.00000", "2010-09-30": 40.6, "2010-06-30": 38.3, "2010-03-31": 43.7, "2009-12-31": "-117.40000", "2009-09-30": 33.4, "2009-06-30": 10.1, "2009-03-31": -13, "2008-12-31": "-120.10000", "2008-09-30": 40.4, "2008-06-30": -50.2, "2008-03-31": 64.1, "2007-12-31": "-79.90000", "2007-09-30": 65.6, "2007-06-30": -27.7, "2007-03-31": 74, "2006-12-31": "-79.40000", "2006-09-30": 95, "2006-06-30": -68.9, "2006-03-31": 63.2, "2005-12-31": "-50.10000", "2005-09-30": 69.4, "2005-06-30": -15, "2005-03-31": -72.9}, "Total Change In Assets/Liabilities": {"2020-09-30": 111.3, "2020-06-30": 58.2, "2020-03-31": -93.1, "2019-12-31": "35.80000", "2019-09-30": -10.9, "2019-06-30": -16.7, "2019-03-31": -79.9, "2018-12-31": "37.90000", "2018-09-30": -2, "2018-06-30": 5.2, "2018-03-31": -5.4, "2017-12-31": "16.60000", "2017-09-30": 14.3, "2017-06-30": -24.3, "2017-03-31": -0.6, "2016-12-31": "-21.90000", "2016-09-30": 1.8, "2016-06-30": -22.8, "2016-03-31": 15, "2015-12-31": "17.30000", "2015-09-30": 32.3, "2015-06-30": -22.5, "2015-03-31": 69.5, "2014-12-31": "-17.60000", "2014-09-30": -26.6, "2014-06-30": 122.8, "2014-03-31": 50.3, "2013-12-31": "-149.00000", "2013-09-30": 134.4, "2013-06-30": 81.1, "2013-03-31": 40.8, "2012-12-31": "-99.60000", "2012-09-30": 129.3, "2012-06-30": 11.8, "2012-03-31": 78.6, "2011-12-31": "-174.20000", "2011-09-30": 100.8, "2011-06-30": -63.9, "2011-03-31": 16.9, "2010-12-31": "-164.00000", "2010-09-30": 62.2, "2010-06-30": 38.3, "2010-03-31": 43.7, "2009-12-31": "-117.40000", "2009-09-30": 133.8, "2009-06-30": 10.1, "2009-03-31": -13, "2008-12-31": "-120.10000", "2008-09-30": 20.7, "2008-06-30": -50.2, "2008-03-31": 64.1, "2007-12-31": "-79.90000", "2007-09-30": 21.1, "2007-06-30": -27.7, "2007-03-31": 74, "2006-12-31": "-79.40000", "2006-09-30": 37.3, "2006-06-30": -68.9, "2006-03-31": 63.2, "2005-12-31": "-50.10000", "2005-09-30": -17.3, "2005-06-30": -15, "2005-03-31": -72.9}, "Cash Flow From Operating Activities": {"2020-09-30": 157.4, "2020-06-30": 132.7, "2020-03-31": -37.2, "2019-12-31": "123.50000", "2019-09-30": 142.5, "2019-06-30": 5.2, "2019-03-31": -117.1, "2018-12-31": "118.90000", "2018-09-30": 40.7, "2018-06-30": 27.4, "2018-03-31": 19.6, "2017-12-31": "141.00000", "2017-09-30": 51.6, "2017-06-30": 21.3, "2017-03-31": 32.5, "2016-12-31": "91.80000", "2016-09-30": 52, "2016-06-30": 13.6, "2016-03-31": 32.8, "2015-12-31": "95.50000", "2015-09-30": 58.9, "2015-06-30": -24, "2015-03-31": 66.8, "2014-12-31": "60.10000", "2014-09-30": 0.2, "2014-06-30": -9.2, "2014-03-31": 177.8, "2013-12-31": "51.10000", "2013-09-30": -140.2, "2013-06-30": 220.1, "2013-03-31": 178.1, "2012-12-31": "71.60000", "2012-09-30": 284.8, "2012-06-30": 120.1, "2012-03-31": 198.9, "2011-12-31": "27.80000", "2011-09-30": 236.1, "2011-06-30": 70.5, "2011-03-31": 106.9, "2010-12-31": "-1.00000", "2010-09-30": 213.1, "2010-06-30": 165.1, "2010-03-31": 176.9, "2009-12-31": "97.30000", "2009-09-30": 237.7, "2009-06-30": 125.3, "2009-03-31": 102.2, "2008-12-31": "24.00000", "2008-09-30": 181.4, "2008-06-30": 54.6, "2008-03-31": 161.2, "2007-12-31": "69.30000", "2007-09-30": 103.1, "2007-06-30": 75.9, "2007-03-31": 178.6, "2006-12-31": "87.70000", "2006-09-30": 108.5, "2006-06-30": 18.5, "2006-03-31": 149.8, "2005-12-31": "96.20000", "2005-09-30": 76, "2005-06-30": 67.7, "2005-03-31": 152.2}, "Net Change In Property, Plant, And Equipment": {"2020-09-30": -16, "2020-06-30": -16.7, "2020-03-31": -16, "2019-12-31": "-10.20000", "2019-09-30": -18.6, "2019-06-30": -15.7, "2019-03-31": -15.9, "2018-12-31": "-4.70000", "2018-09-30": -7, "2018-06-30": 0.2, "2018-03-31": -5.8, "2017-12-31": "-5.50000", "2017-09-30": -7.7, "2017-06-30": -1.1, "2017-03-31": 11.4, "2016-12-31": "-0.60000", "2016-09-30": -10.9, "2016-06-30": -2.8, "2016-03-31": -10.2, "2015-12-31": "-3.30000", "2015-09-30": -9.3, "2015-06-30": -12.9, "2015-03-31": 4, "2014-12-31": "-8.50000", "2014-09-30": -3.6, "2014-06-30": 12.9, "2014-03-31": -15.3, "2013-12-31": "-16.80000", "2013-09-30": 41.2, "2013-06-30": -20.6, "2013-03-31": -22.1, "2012-12-31": "-15.30000", "2012-09-30": -34.5, "2012-06-30": -24.7, "2012-03-31": -31.4, "2011-12-31": "-1.10000", "2011-09-30": -31.3, "2011-06-30": -22.9, "2011-03-31": -17.9, "2010-12-31": "-18.30000", "2010-09-30": -34.7, "2010-06-30": -25.1, "2010-03-31": -25.1, "2009-12-31": "-23.00000", "2009-09-30": -31, "2009-06-30": -31.1, "2009-03-31": -43.9, "2008-12-31": "-31.20000", "2008-09-30": -62.3, "2008-06-30": -39.2, "2008-03-31": -36.5, "2007-12-31": "-20.80000", "2007-09-30": -34.6, "2007-06-30": -20.1, "2007-03-31": -18.5, "2006-12-31": "-11.80000", "2006-09-30": -29.1, "2006-06-30": -22.8, "2006-03-31": -22.5, "2005-12-31": "-13.90000", "2005-09-30": -37.2, "2005-06-30": -21.5, "2005-03-31": -38.9}, "Net Change In Intangible Assets": {"2020-09-30": 0, "2020-06-30": 0, "2020-03-31": 0, "2019-12-31": "", "2019-09-30": 0, "2019-06-30": 0, "2019-03-31": 0, "2018-12-31": "", "2018-09-30": 0, "2018-06-30": 0, "2018-03-31": 0, "2017-12-31": "", "2017-09-30": 0, "2017-06-30": 0, "2017-03-31": 0, "2016-12-31": "", "2016-09-30": 0, "2016-06-30": 0, "2016-03-31": 0, "2015-12-31": "", "2015-09-30": 0, "2015-06-30": 0, "2015-03-31": 0, "2014-12-31": "", "2014-09-30": 0, "2014-06-30": 0, "2014-03-31": 0, "2013-12-31": "", "2013-09-30": 0, "2013-06-30": 0, "2013-03-31": 0, "2012-12-31": "", "2012-09-30": 0, "2012-06-30": 0, "2012-03-31": 0, "2011-12-31": "", "2011-09-30": 0, "2011-06-30": 0, "2011-03-31": 0, "2010-12-31": "", "2010-09-30": 0, "2010-06-30": 0, "2010-03-31": 0, "2009-12-31": "", "2009-09-30": 0, "2009-06-30": 0, "2009-03-31": 0, "2008-12-31": "", "2008-09-30": 0, "2008-06-30": 0, "2008-03-31": 0, "2007-12-31": "", "2007-09-30": 0, "2007-06-30": 0, "2007-03-31": 0, "2006-12-31": "", "2006-09-30": 0, "2006-06-30": 0, "2006-03-31": 0, "2005-12-31": "", "2005-09-30": 0, "2005-06-30": 0, "2005-03-31": 0}, "Net Acquisitions/Divestitures": {"2020-09-30": -0.6, "2020-06-30": 0, "2020-03-31": -0.9, "2019-12-31": "-3.60000", "2019-09-30": -6.2, "2019-06-30": -50, "2019-03-31": -2403.8, "2018-12-31": "", "2018-09-30": -38.1, "2018-06-30": 0, "2018-03-31": 0, "2017-12-31": "", "2017-09-30": 0, "2017-06-30": 0, "2017-03-31": 0, "2016-12-31": "", "2016-09-30": -344, "2016-06-30": 0, "2016-03-31": 0, "2015-12-31": "", "2015-09-30": 0, "2015-06-30": -1, "2015-03-31": 0, "2014-12-31": "-11.10000", "2014-09-30": 0, "2014-06-30": 185.3, "2014-03-31": 0, "2013-12-31": "-185.30000", "2013-09-30": 0, "2013-06-30": 0, "2013-03-31": 0, "2012-12-31": "", "2012-09-30": 0, "2012-06-30": 0, "2012-03-31": 0, "2011-12-31": "", "2011-09-30": 0, "2011-06-30": 0, "2011-03-31": 0, "2010-12-31": "-267.10000", "2010-09-30": 0, "2010-06-30": 0, "2010-03-31": 0, "2009-12-31": "", "2009-09-30": 0, "2009-06-30": -275, "2009-03-31": 0, "2008-12-31": "", "2008-09-30": 0, "2008-06-30": 0, "2008-03-31": 0, "2007-12-31": "-1882.10000", "2007-09-30": 0, "2007-06-30": 0, "2007-03-31": 0, "2006-12-31": "", "2006-09-30": 0, "2006-06-30": 0, "2006-03-31": 0, "2005-12-31": "", "2005-09-30": 0, "2005-06-30": 0, "2005-03-31": 0}, "Net Change In Short-term Investments": {"2020-09-30": 0, "2020-06-30": 0, "2020-03-31": 0, "2019-12-31": "", "2019-09-30": 0, "2019-06-30": 0, "2019-03-31": 0, "2018-12-31": "", "2018-09-30": 0, "2018-06-30": 0, "2018-03-31": 0, "2017-12-31": "", "2017-09-30": 0, "2017-06-30": 0, "2017-03-31": 0, "2016-12-31": "", "2016-09-30": 0, "2016-06-30": 0, "2016-03-31": 0, "2015-12-31": "", "2015-09-30": 0, "2015-06-30": 0, "2015-03-31": 0, "2014-12-31": "", "2014-09-30": 0, "2014-06-30": 0, "2014-03-31": 0, "2013-12-31": "", "2013-09-30": 0, "2013-06-30": 0, "2013-03-31": 0, "2012-12-31": "", "2012-09-30": 0, "2012-06-30": 0, "2012-03-31": 0, "2011-12-31": "", "2011-09-30": 0, "2011-06-30": 0, "2011-03-31": 0, "2010-12-31": "", "2010-09-30": 0, "2010-06-30": 0, "2010-03-31": 0, "2009-12-31": "", "2009-09-30": 0, "2009-06-30": 0, "2009-03-31": 0, "2008-12-31": "", "2008-09-30": 0, "2008-06-30": 0, "2008-03-31": 0, "2007-12-31": "", "2007-09-30": 0, "2007-06-30": 0, "2007-03-31": 0, "2006-12-31": "", "2006-09-30": 0, "2006-06-30": 0, "2006-03-31": 0, "2005-12-31": "", "2005-09-30": 0, "2005-06-30": 0, "2005-03-31": 0}, "Net Change In Long-Term Investments": {"2020-09-30": 0, "2020-06-30": 0, "2020-03-31": 0, "2019-12-31": "", "2019-09-30": 0, "2019-06-30": 0, "2019-03-31": 0, "2018-12-31": "", "2018-09-30": 0, "2018-06-30": 0, "2018-03-31": 0, "2017-12-31": "", "2017-09-30": 0, "2017-06-30": 0, "2017-03-31": 0, "2016-12-31": "", "2016-09-30": 0, "2016-06-30": 0, "2016-03-31": 0, "2015-12-31": "", "2015-09-30": 0, "2015-06-30": 0, "2015-03-31": 0, "2014-12-31": "", "2014-09-30": 0, "2014-06-30": 0, "2014-03-31": 0, "2013-12-31": "", "2013-09-30": 0, "2013-06-30": 0, "2013-03-31": 0, "2012-12-31": "", "2012-09-30": 0, "2012-06-30": 0, "2012-03-31": 0, "2011-12-31": "", "2011-09-30": 0, "2011-06-30": 0, "2011-03-31": 0, "2010-12-31": "", "2010-09-30": 0, "2010-06-30": 0, "2010-03-31": 0, "2009-12-31": "", "2009-09-30": 0, "2009-06-30": 0, "2009-03-31": 0, "2008-12-31": "", "2008-09-30": 0, "2008-06-30": 0, "2008-03-31": 0, "2007-12-31": "", "2007-09-30": 0, "2007-06-30": 0, "2007-03-31": 0, "2006-12-31": "", "2006-09-30": 0, "2006-06-30": 0, "2006-03-31": 0, "2005-12-31": "", "2005-09-30": 0, "2005-06-30": 0, "2005-03-31": 0}, "Net Change In Investments - Total": {"2020-09-30": 0, "2020-06-30": 0, "2020-03-31": 0, "2019-12-31": "", "2019-09-30": 0, "2019-06-30": 0, "2019-03-31": 0, "2018-12-31": "", "2018-09-30": 0, "2018-06-30": 0, "2018-03-31": 0, "2017-12-31": "", "2017-09-30": 0, "2017-06-30": 0, "2017-03-31": 0, "2016-12-31": "", "2016-09-30": 0, "2016-06-30": 0, "2016-03-31": 0, "2015-12-31": "", "2015-09-30": 0, "2015-06-30": 0, "2015-03-31": 0, "2014-12-31": "", "2014-09-30": 0, "2014-06-30": 0, "2014-03-31": 0, "2013-12-31": "", "2013-09-30": 0, "2013-06-30": 0, "2013-03-31": 0, "2012-12-31": "", "2012-09-30": 0, "2012-06-30": 0, "2012-03-31": 0, "2011-12-31": "", "2011-09-30": 0, "2011-06-30": 0, "2011-03-31": 0, "2010-12-31": "", "2010-09-30": 0, "2010-06-30": 0, "2010-03-31": 0, "2009-12-31": "", "2009-09-30": 0, "2009-06-30": 0, "2009-03-31": 0, "2008-12-31": "", "2008-09-30": 0, "2008-06-30": 0, "2008-03-31": 0, "2007-12-31": "", "2007-09-30": 0, "2007-06-30": 0, "2007-03-31": 0, "2006-12-31": "", "2006-09-30": 0, "2006-06-30": 0, "2006-03-31": 0, "2005-12-31": "", "2005-09-30": 0, "2005-06-30": 0, "2005-03-31": 0}, "Investing Activities - Other": {"2020-09-30": 0, "2020-06-30": -25, "2020-03-31": 308.3, "2019-12-31": "-2.40000", "2019-09-30": -4.3, "2019-06-30": 47.5, "2019-03-31": -450.6, "2018-12-31": "", "2018-09-30": 0, "2018-06-30": 0, "2018-03-31": 0, "2017-12-31": "", "2017-09-30": 0, "2017-06-30": 0, "2017-03-31": 0, "2016-12-31": "", "2016-09-30": 0, "2016-06-30": 0, "2016-03-31": 0, "2015-12-31": "", "2015-09-30": 0, "2015-06-30": 0, "2015-03-31": 0, "2014-12-31": "", "2014-09-30": 0, "2014-06-30": 0.2, "2014-03-31": -0.2, "2013-12-31": "", "2013-09-30": 0.3, "2013-06-30": -0.1, "2013-03-31": -0.1, "2012-12-31": "-0.10000", "2012-09-30": 0, "2012-06-30": 0.2, "2012-03-31": -1.9, "2011-12-31": "-1.50000", "2011-09-30": 0, "2011-06-30": -2.8, "2011-03-31": -0.2, "2010-12-31": "-3.00000", "2010-09-30": -0.3, "2010-06-30": -0.1, "2010-03-31": -5, "2009-12-31": "", "2009-09-30": 0.1, "2009-06-30": 0, "2009-03-31": -0.2, "2008-12-31": "0.10000", "2008-09-30": 0.1, "2008-06-30": 0, "2008-03-31": -0.5, "2007-12-31": "46.80000", "2007-09-30": 0.9, "2007-06-30": -0.9, "2007-03-31": 1.2, "2006-12-31": "1.50000", "2006-09-30": -25.8, "2006-06-30": -0.1, "2006-03-31": -1.9, "2005-12-31": "0.50000", "2005-09-30": 0.2, "2005-06-30": -0.3, "2005-03-31": 0.6}, "Cash Flow From Investing Activities": {"2020-09-30": -16.6, "2020-06-30": -41.7, "2020-03-31": 291.4, "2019-12-31": "-16.20000", "2019-09-30": -29.1, "2019-06-30": -18.2, "2019-03-31": -2870.3, "2018-12-31": "-4.70000", "2018-09-30": -45.1, "2018-06-30": 0.2, "2018-03-31": -5.8, "2017-12-31": "-5.50000", "2017-09-30": -7.7, "2017-06-30": -1.1, "2017-03-31": 11.4, "2016-12-31": "-0.60000", "2016-09-30": -354.9, "2016-06-30": -2.8, "2016-03-31": -10.2, "2015-12-31": "-3.30000", "2015-09-30": -9.3, "2015-06-30": -13.9, "2015-03-31": 4, "2014-12-31": "-19.60000", "2014-09-30": -3.6, "2014-06-30": 198.4, "2014-03-31": -15.5, "2013-12-31": "-202.10000", "2013-09-30": 41.5, "2013-06-30": -20.7, "2013-03-31": -22.2, "2012-12-31": "-15.40000", "2012-09-30": -34.5, "2012-06-30": -24.5, "2012-03-31": -33.3, "2011-12-31": "-2.60000", "2011-09-30": -31.3, "2011-06-30": -25.7, "2011-03-31": -18.1, "2010-12-31": "-288.40000", "2010-09-30": -35, "2010-06-30": -25.2, "2010-03-31": -30.1, "2009-12-31": "-23.00000", "2009-09-30": -30.9, "2009-06-30": -306.1, "2009-03-31": -44.1, "2008-12-31": "-31.10000", "2008-09-30": -62.2, "2008-06-30": -39.2, "2008-03-31": -37, "2007-12-31": "-1856.10000", "2007-09-30": -33.7, "2007-06-30": -21, "2007-03-31": -17.3, "2006-12-31": "-10.30000", "2006-09-30": -54.9, "2006-06-30": -22.9, "2006-03-31": -24.4, "2005-12-31": "-13.40000", "2005-09-30": -37, "2005-06-30": -21.8, "2005-03-31": -38.3}, "Net Long-Term Debt": {"2020-09-30": 776.8, "2020-06-30": 82.2, "2020-03-31": -196.6, "2019-12-31": "-35.30000", "2019-09-30": -15.7, "2019-06-30": 163.7, "2019-03-31": -76.5, "2018-12-31": "1199.00000", "2018-09-30": 1258.9, "2018-06-30": -1, "2018-03-31": -1, "2017-12-31": "-1.00000", "2017-09-30": -41.7, "2017-06-30": 39.7, "2017-03-31": -1, "2016-12-31": "-1.00000", "2016-09-30": -1, "2016-06-30": -1, "2016-03-31": -1, "2015-12-31": "", "2015-09-30": -1, "2015-06-30": 999, "2015-03-31": 0, "2014-12-31": "", "2014-09-30": 0, "2014-06-30": 0, "2014-03-31": 0, "2013-12-31": "", "2013-09-30": 231.5, "2013-06-30": -125, "2013-03-31": 0, "2012-12-31": "-106.50000", "2012-09-30": -1.5, "2012-06-30": 62.1, "2012-03-31": -1.5, "2011-12-31": "-1.50000", "2011-09-30": -1.5, "2011-06-30": 123.5, "2011-03-31": -1.5, "2010-12-31": "-96.50000", "2010-09-30": -51.5, "2010-06-30": -46.5, "2010-03-31": -1.5, "2009-12-31": "-1.50000", "2009-09-30": -201.5, "2009-06-30": -101.5, "2009-03-31": -1.5, "2008-12-31": "-1.50000", "2008-09-30": -51.6, "2008-06-30": -36.5, "2008-03-31": -1.5, "2007-12-31": "1302.90000", "2007-09-30": 0, "2007-06-30": -10, "2007-03-31": 0, "2006-12-31": "", "2006-09-30": 497.8, "2006-06-30": -15, "2006-03-31": 0, "2005-12-31": "", "2005-09-30": -96.9, "2005-06-30": 249.9, "2005-03-31": 38}, "Net Current Debt": {"2020-09-30": -201.7, "2020-06-30": 171.5, "2020-03-31": 4, "2019-12-31": "-4.00000", "2019-09-30": -9.6, "2019-06-30": -204.5, "2019-03-31": -28, "2018-12-31": "28.00000", "2018-09-30": 72.8, "2018-06-30": 27.2, "2018-03-31": 36.9, "2017-12-31": "6.50000", "2017-09-30": 36.5, "2017-06-30": -16, "2017-03-31": 43.9, "2016-12-31": "-27.90000", "2016-09-30": 54, "2016-06-30": 0.2, "2016-03-31": -0.7, "2015-12-31": "5.40000", "2015-09-30": -12.4, "2015-06-30": 0, "2015-03-31": 0, "2014-12-31": "", "2014-09-30": 0, "2014-06-30": -128.9, "2014-03-31": 70.6, "2013-12-31": "58.30000", "2013-09-30": -120.4, "2013-06-30": 46.4, "2013-03-31": -57.1, "2012-12-31": "131.10000", "2012-09-30": 58.7, "2012-06-30": 5.3, "2012-03-31": -84, "2011-12-31": "120.90000", "2011-09-30": -16.8, "2011-06-30": -138.5, "2011-03-31": 1, "2010-12-31": "200.00000", "2010-09-30": -9.8, "2010-06-30": 3.2, "2010-03-31": -151.9, "2009-12-31": "6.60000", "2009-09-30": -99.9, "2009-06-30": 73.5, "2009-03-31": -51, "2008-12-31": "-24.60000", "2008-09-30": -7.1, "2008-06-30": 6.2, "2008-03-31": -103.8, "2007-12-31": "202.10000", "2007-09-30": -71.3, "2007-06-30": -7.9, "2007-03-31": -37.8, "2006-12-31": "-29.30000", "2006-09-30": -423.7, "2006-06-30": 238.6, "2006-03-31": -69, "2005-12-31": "130.90000", "2005-09-30": 214.9, "2005-06-30": -202.5, "2005-03-31": -22.8}, "Debt Issuance/Retirement Net - Total": {"2020-09-30": 575.1, "2020-06-30": 253.7, "2020-03-31": -192.6, "2019-12-31": "-39.30000", "2019-09-30": -25.3, "2019-06-30": -40.8, "2019-03-31": -104.5, "2018-12-31": "1227.00000", "2018-09-30": 1331.7, "2018-06-30": 26.2, "2018-03-31": 35.9, "2017-12-31": "5.50000", "2017-09-30": -5.2, "2017-06-30": 23.7, "2017-03-31": 42.9, "2016-12-31": "-28.90000", "2016-09-30": 53, "2016-06-30": -0.8, "2016-03-31": -1.7, "2015-12-31": "5.40000", "2015-09-30": -13.4, "2015-06-30": 999, "2015-03-31": 0, "2014-12-31": "", "2014-09-30": 0, "2014-06-30": -128.9, "2014-03-31": 70.6, "2013-12-31": "58.30000", "2013-09-30": 111.1, "2013-06-30": -78.6, "2013-03-31": -57.1, "2012-12-31": "24.60000", "2012-09-30": 57.2, "2012-06-30": 67.4, "2012-03-31": -85.5, "2011-12-31": "119.40000", "2011-09-30": -18.3, "2011-06-30": -15, "2011-03-31": -0.5, "2010-12-31": "103.50000", "2010-09-30": -61.3, "2010-06-30": -43.3, "2010-03-31": -153.4, "2009-12-31": "5.10000", "2009-09-30": -301.4, "2009-06-30": -28, "2009-03-31": -52.5, "2008-12-31": "-26.10000", "2008-09-30": -58.7, "2008-06-30": -30.3, "2008-03-31": -105.3, "2007-12-31": "1505.00000", "2007-09-30": -71.3, "2007-06-30": -17.9, "2007-03-31": -37.8, "2006-12-31": "-29.30000", "2006-09-30": 74.1, "2006-06-30": 223.6, "2006-03-31": -69, "2005-12-31": "130.90000", "2005-09-30": 118, "2005-06-30": 47.4, "2005-03-31": 15.2}, "Net Common Equity Issued/Repurchased": {"2020-09-30": 0, "2020-06-30": 0, "2020-03-31": -45, "2019-12-31": "", "2019-09-30": 0, "2019-06-30": -45, "2019-03-31": 205.3, "2018-12-31": "", "2018-09-30": -20, "2018-06-30": 0, "2018-03-31": 0, "2017-12-31": "-50.00000", "2017-09-30": -50.2, "2017-06-30": 0, "2017-03-31": -1.2, "2016-12-31": "-8.10000", "2016-09-30": -10, "2016-06-30": 0, "2016-03-31": 0, "2015-12-31": "-21.80000", "2015-09-30": 417.8, "2015-06-30": -956.6, "2015-03-31": -72.7, "2014-12-31": "-37.30000", "2014-09-30": 6.9, "2014-06-30": -100.5, "2014-03-31": -93.9, "2013-12-31": "2.00000", "2013-09-30": -317.7, "2013-06-30": 1.1, "2013-03-31": 8.8, "2012-12-31": "6.60000", "2012-09-30": -205.6, "2012-06-30": -75.1, "2012-03-31": 0.6, "2011-12-31": "-134.70000", "2011-09-30": -205.9, "2011-06-30": 1.5, "2011-03-31": -67.4, "2010-12-31": "4.00000", "2010-09-30": 4.1, "2010-06-30": 3.5, "2010-03-31": 4.3, "2009-12-31": "0.70000", "2009-09-30": 4.5, "2009-06-30": 510.9, "2009-03-31": 0.3, "2008-12-31": "0.10000", "2008-09-30": 9.5, "2008-06-30": 0.7, "2008-03-31": 1.6, "2007-12-31": "1.10000", "2007-09-30": 9.9, "2007-06-30": 13.4, "2007-03-31": 7, "2006-12-31": "-47.60000", "2006-09-30": -69, "2006-06-30": -239.6, "2006-03-31": -81.6, "2005-12-31": "-189.10000", "2005-09-30": -249.9, "2005-06-30": -49.3, "2005-03-31": -122.3}, "Net Total Equity Issued/Repurchased": {"2020-09-30": 0, "2020-06-30": 0, "2020-03-31": -45, "2019-12-31": "", "2019-09-30": 0, "2019-06-30": -45, "2019-03-31": 404.8, "2018-12-31": "", "2018-09-30": -20, "2018-06-30": 0, "2018-03-31": 0, "2017-12-31": "-50.00000", "2017-09-30": -50.2, "2017-06-30": 0, "2017-03-31": -1.2, "2016-12-31": "-8.10000", "2016-09-30": -10, "2016-06-30": 0, "2016-03-31": 0, "2015-12-31": "-21.80000", "2015-09-30": 417.8, "2015-06-30": -956.6, "2015-03-31": -72.7, "2014-12-31": "-37.30000", "2014-09-30": 6.9, "2014-06-30": -100.5, "2014-03-31": -93.9, "2013-12-31": "2.00000", "2013-09-30": -317.7, "2013-06-30": 1.1, "2013-03-31": 8.8, "2012-12-31": "6.60000", "2012-09-30": -205.6, "2012-06-30": -75.1, "2012-03-31": 0.6, "2011-12-31": "-134.70000", "2011-09-30": -205.9, "2011-06-30": 1.5, "2011-03-31": -67.4, "2010-12-31": "4.00000", "2010-09-30": 4.1, "2010-06-30": 3.5, "2010-03-31": 4.3, "2009-12-31": "0.70000", "2009-09-30": 4.5, "2009-06-30": 510.9, "2009-03-31": 0.3, "2008-12-31": "0.10000", "2008-09-30": 9.5, "2008-06-30": 0.7, "2008-03-31": 1.6, "2007-12-31": "1.10000", "2007-09-30": 9.9, "2007-06-30": 13.4, "2007-03-31": 7, "2006-12-31": "-47.60000", "2006-09-30": -69, "2006-06-30": -239.6, "2006-03-31": -81.6, "2005-12-31": "-189.10000", "2005-09-30": -249.9, "2005-06-30": -49.3, "2005-03-31": -122.3}, "Total Common And Preferred Stock Dividends Paid": {"2020-09-30": -25.2, "2020-06-30": -24.6, "2020-03-31": -25.1, "2019-12-31": "-26.70000", "2019-09-30": -25.3, "2019-06-30": -24.9, "2019-03-31": -21, "2018-12-31": "-19.80000", "2018-09-30": -17.7, "2018-06-30": -17.3, "2018-03-31": -17.4, "2017-12-31": "-17.60000", "2017-09-30": -17, "2017-06-30": -17, "2017-03-31": -17, "2016-12-31": "-18.10000", "2016-09-30": -16.3, "2016-06-30": -15.5, "2016-03-31": -15.5, "2015-12-31": "-15.40000", "2015-09-30": -15.5, "2015-06-30": 0, "2015-03-31": 0, "2014-12-31": "", "2014-09-30": 0, "2014-06-30": 62.1, "2014-03-31": -30.8, "2013-12-31": "-31.30000", "2013-09-30": 74.5, "2013-06-30": -24.9, "2013-03-31": -24.8, "2012-12-31": "-24.80000", "2012-09-30": -24.9, "2012-06-30": 0, "2012-03-31": 0, "2011-12-31": "", "2011-09-30": 0, "2011-06-30": 0, "2011-03-31": 0, "2010-12-31": "", "2010-09-30": 0, "2010-06-30": 0, "2010-03-31": 0, "2009-12-31": "", "2009-09-30": 0, "2009-06-30": 0, "2009-03-31": 0, "2008-12-31": "", "2008-09-30": 0, "2008-06-30": 0, "2008-03-31": 0, "2007-12-31": "", "2007-09-30": 0, "2007-06-30": 0, "2007-03-31": 0, "2006-12-31": "", "2006-09-30": 0, "2006-06-30": 0, "2006-03-31": 0, "2005-12-31": "", "2005-09-30": 0, "2005-06-30": 0, "2005-03-31": 0}, "Financial Activities - Other": {"2020-09-30": -40.3, "2020-06-30": -5.2, "2020-03-31": -0.3, "2019-12-31": "-11.40000", "2019-09-30": -2.9, "2019-06-30": -2, "2019-03-31": -24.6, "2018-12-31": "-23.60000", "2018-09-30": -29.8, "2018-06-30": -1.4, "2018-03-31": 0, "2017-12-31": "-1.80000", "2017-09-30": -1.8, "2017-06-30": -0.2, "2017-03-31": -0.7, "2016-12-31": "-8.10000", "2016-09-30": -3.5, "2016-06-30": 0, "2016-03-31": -0.2, "2015-12-31": "-3.10000", "2015-09-30": 0, "2015-06-30": -12.1, "2015-03-31": 0, "2014-12-31": "", "2014-09-30": 0, "2014-06-30": -4.4, "2014-03-31": 0.4, "2013-12-31": "4.00000", "2013-09-30": -5.1, "2013-06-30": 0.3, "2013-03-31": 2.3, "2012-12-31": "2.50000", "2012-09-30": -0.1, "2012-06-30": -2.5, "2012-03-31": 0.1, "2011-12-31": "0.40000", "2011-09-30": 1.3, "2011-06-30": -7.3, "2011-03-31": 0.9, "2010-12-31": "1.20000", "2010-09-30": 1.2, "2010-06-30": 1.5, "2010-03-31": 2.3, "2009-12-31": "0.80000", "2009-09-30": 2.3, "2009-06-30": 0.5, "2009-03-31": 0.1, "2008-12-31": "0.30000", "2008-09-30": 8.7, "2008-06-30": 3.2, "2008-03-31": 2.1, "2007-12-31": "2.50000", "2007-09-30": 15.6, "2007-06-30": 10, "2007-03-31": 5.7, "2006-12-31": "4.90000", "2006-09-30": 9.1, "2006-06-30": 1.1, "2006-03-31": -2.3, "2005-12-31": "0.30000", "2005-09-30": 1.7, "2005-06-30": 3.1, "2005-03-31": 14.8}, "Cash Flow From Financial Activities": {"2020-09-30": 509.6, "2020-06-30": 223.9, "2020-03-31": -263, "2019-12-31": "-77.40000", "2019-09-30": -53.5, "2019-06-30": -112.7, "2019-03-31": 254.7, "2018-12-31": "1183.60000", "2018-09-30": 1264.2, "2018-06-30": 7.5, "2018-03-31": 18.5, "2017-12-31": "-63.90000", "2017-09-30": -74.2, "2017-06-30": 6.5, "2017-03-31": 24, "2016-12-31": "-63.20000", "2016-09-30": 23.2, "2016-06-30": -16.3, "2016-03-31": -17.4, "2015-12-31": "-34.90000", "2015-09-30": 388.9, "2015-06-30": 30.3, "2015-03-31": -72.7, "2014-12-31": "-37.30000", "2014-09-30": 6.9, "2014-06-30": -171.7, "2014-03-31": -53.7, "2013-12-31": "33.00000", "2013-09-30": -137.2, "2013-06-30": -102.1, "2013-03-31": -70.8, "2012-12-31": "8.90000", "2012-09-30": -173.4, "2012-06-30": -10.2, "2012-03-31": -84.8, "2011-12-31": "-14.90000", "2011-09-30": -222.9, "2011-06-30": -20.8, "2011-03-31": -67, "2010-12-31": "108.70000", "2010-09-30": -56, "2010-06-30": -38.3, "2010-03-31": -146.8, "2009-12-31": "6.60000", "2009-09-30": -294.6, "2009-06-30": 483.4, "2009-03-31": -52.1, "2008-12-31": "-25.70000", "2008-09-30": -40.5, "2008-06-30": -26.4, "2008-03-31": -101.6, "2007-12-31": "1508.60000", "2007-09-30": -45.8, "2007-06-30": 5.5, "2007-03-31": -25.1, "2006-12-31": "-72.00000", "2006-09-30": 14.2, "2006-06-30": -14.9, "2006-03-31": -152.9, "2005-12-31": "-57.90000", "2005-09-30": -130.2, "2005-06-30": 1.2, "2005-03-31": -92.3}, "Net Cash Flow": {"2020-09-30": 654.2, "2020-06-30": 317.7, "2020-03-31": -15.6, "2019-12-31": "35.00000", "2019-09-30": 52.1, "2019-06-30": -126.5, "2019-03-31": -2730.9, "2018-12-31": "1295.50000", "2018-09-30": 1257.4, "2018-06-30": 20.6, "2018-03-31": 36, "2017-12-31": "76.30000", "2017-09-30": -26.4, "2017-06-30": 32.2, "2017-03-31": 74.5, "2016-12-31": "10.40000", "2016-09-30": -279.8, "2016-06-30": -9.2, "2016-03-31": 19.9, "2015-12-31": "54.30000", "2015-09-30": 419.6, "2015-06-30": -7.6, "2015-03-31": -2.4, "2014-12-31": "2.90000", "2014-09-30": 3.7, "2014-06-30": 14.5, "2014-03-31": 110.2, "2013-12-31": "-116.80000", "2013-09-30": -219, "2013-06-30": 98.1, "2013-03-31": 63.6, "2012-12-31": "68.60000", "2012-09-30": 86.4, "2012-06-30": 70.3, "2012-03-31": 84.9, "2011-12-31": "5.70000", "2011-09-30": -36.1, "2011-06-30": 29.3, "2011-03-31": 33.9, "2010-12-31": "-185.60000", "2010-09-30": 140.9, "2010-06-30": 92.6, "2010-03-31": -12, "2009-12-31": "48.90000", "2009-09-30": -84, "2009-06-30": 312.6, "2009-03-31": 2.8, "2008-12-31": "-43.30000", "2008-09-30": 73.8, "2008-06-30": -18.4, "2008-03-31": 32.5, "2007-12-31": "-279.90000", "2007-09-30": 22.9, "2007-06-30": 61.7, "2007-03-31": 137.3, "2006-12-31": "7.00000", "2006-09-30": 68.3, "2006-06-30": -16.2, "2006-03-31": -25.9, "2005-12-31": "23.60000", "2005-09-30": -91.1, "2005-06-30": 42.9, "2005-03-31": 23.6}, "Stock-Based Compensation": {"2020-09-30": 3.3, "2020-06-30": 5.3, "2020-03-31": 8.7, "2019-12-31": "7.20000", "2019-09-30": 6.3, "2019-06-30": 6.7, "2019-03-31": 7.6, "2018-12-31": "6.50000", "2018-09-30": 7.2, "2018-06-30": 7, "2018-03-31": 7.3, "2017-12-31": "6.70000", "2017-09-30": 6.5, "2017-06-30": 5.9, "2017-03-31": 6.7, "2016-12-31": "5.20000", "2016-09-30": 5.1, "2016-06-30": 4.6, "2016-03-31": 6.1, "2015-12-31": "4.60000", "2015-09-30": 6.3, "2015-06-30": 1.8, "2015-03-31": 2.2, "2014-12-31": "3.20000", "2014-09-30": 3.5, "2014-06-30": 9.7, "2014-03-31": 0, "2013-12-31": "", "2013-09-30": 16, "2013-06-30": 0, "2013-03-31": 0, "2012-12-31": "", "2012-09-30": 0, "2012-06-30": 0, "2012-03-31": 0, "2011-12-31": "", "2011-09-30": 0, "2011-06-30": 0, "2011-03-31": 0, "2010-12-31": "", "2010-09-30": 0, "2010-06-30": 0, "2010-03-31": 0, "2009-12-31": "", "2009-09-30": 0, "2009-06-30": 0, "2009-03-31": 0, "2008-12-31": "", "2008-09-30": 0, "2008-06-30": 0, "2008-03-31": 0, "2007-12-31": "", "2007-09-30": 0, "2007-06-30": 0, "2007-03-31": 0, "2006-12-31": "", "2006-09-30": 0, "2006-06-30": 0, "2006-03-31": 0, "2005-12-31": "", "2005-09-30": 0, "2005-06-30": 0, "2005-03-31": 0}, "Common Stock Dividends Paid": {"2020-09-30": -21.1, "2020-06-30": -20.6, "2020-03-31": -21, "2019-12-31": "-22.70000", "2019-09-30": -21.3, "2019-06-30": -20.9, "2019-03-31": -21, "2018-12-31": "-19.80000", "2018-09-30": -17.7, "2018-06-30": -17.3, "2018-03-31": -17.4, "2017-12-31": "-17.60000", "2017-09-30": -17, "2017-06-30": -17, "2017-03-31": -17, "2016-12-31": "-18.10000", "2016-09-30": -16.3, "2016-06-30": -15.5, "2016-03-31": -15.5, "2015-12-31": "-15.40000", "2015-09-30": -15.5, "2015-06-30": 0, "2015-03-31": 0, "2014-12-31": "", "2014-09-30": 0, "2014-06-30": 62.1, "2014-03-31": -30.8, "2013-12-31": "-31.30000", "2013-09-30": 74.5, "2013-06-30": -24.9, "2013-03-31": -24.8, "2012-12-31": "-24.80000", "2012-09-30": -24.9, "2012-06-30": 0, "2012-03-31": 0, "2011-12-31": "", "2011-09-30": 0, "2011-06-30": 0, "2011-03-31": 0, "2010-12-31": "", "2010-09-30": 0, "2010-06-30": 0, "2010-03-31": 0, "2009-12-31": "", "2009-09-30": 0, "2009-06-30": 0, "2009-03-31": 0, "2008-12-31": "", "2008-09-30": 0, "2008-06-30": 0, "2008-03-31": 0, "2007-12-31": "", "2007-09-30": 0, "2007-06-30": 0, "2007-03-31": 0, "2006-12-31": "", "2006-09-30": 0, "2006-06-30": 0, "2006-03-31": 0, "2005-12-31": "", "2005-09-30": 0, "2005-06-30": 0, "2005-03-31": 0}}, "financial ratios": {"Current Ratio": {"2020-09-30": "1.34120", "2019-09-30": "1.90530", "2018-09-30": "1.55900", "2017-09-30": "1.75290", "2016-09-30": "1.66850", "2015-09-30": "2.30900", "2014-09-30": "1.96400", "2013-09-30": "2.22680", "2012-09-30": "1.92930", "2011-09-30": "2.20040", "2010-09-30": "1.93820", "2009-09-30": "1.83340", "2008-09-30": "1.48840", "2007-09-30": "1.79630", "2006-09-30": "1.76410", "2005-09-30": "1.74790"}, "Long-term Debt / Capital": {"2020-09-30": "0.91450", "2019-09-30": "0.86420", "2018-09-30": "0.97550", "2017-09-30": "0.92000", "2016-09-30": "1.03150", "2015-09-30": "1.06500", "2014-09-30": "", "2013-09-30": "0.44890", "2012-09-30": "0.50820", "2011-09-30": "0.51220", "2010-09-30": "0.49060", "2009-09-30": "0.56500", "2008-09-30": "0.72220", "2007-09-30": "0.67720", "2006-09-30": "0.88440", "2005-09-30": "0.72940"}, "Debt/Equity Ratio": {"2020-09-30": "13.43800", "2019-09-30": "6.42720", "2018-09-30": "50.09800", "2017-09-30": "12.76850", "2016-09-30": "-34.77000", "2015-09-30": "-16.51410", "2014-09-30": "", "2013-09-30": "0.91200", "2012-09-30": "1.22370", "2011-09-30": "1.12720", "2010-09-30": "1.10180", "2009-09-30": "1.45190", "2008-09-30": "2.97090", "2007-09-30": "2.48510", "2006-09-30": "8.35030", "2005-09-30": "2.93690"}, "Gross Margin": {"2020-09-30": "39.41640", "2019-09-30": "40.24050", "2018-09-30": "46.22020", "2017-09-30": "46.20950", "2016-09-30": "43.59320", "2015-09-30": "46.34720", "2014-09-30": "46.20740", "2013-09-30": "44.82160", "2012-09-30": "46.80990", "2011-09-30": "46.18680", "2010-09-30": "47.53200", "2009-09-30": "46.46730", "2008-09-30": "47.04920", "2007-09-30": "47.68650", "2006-09-30": "48.12640", "2005-09-30": "49.42470"}, "Operating Margin": {"2020-09-30": "13.10110", "2019-09-30": "11.41710", "2018-09-30": "14.59640", "2017-09-30": "17.34350", "2016-09-30": "12.90540", "2015-09-30": "3.60380", "2014-09-30": "14.59470", "2013-09-30": "11.58930", "2012-09-30": "15.05520", "2011-09-30": "12.44810", "2010-09-30": "16.36420", "2009-09-30": "15.27580", "2008-09-30": "15.35900", "2007-09-30": "15.18230", "2006-09-30": "14.16360", "2005-09-30": "14.67660"}, "EBIT Margin": {"2020-09-30": "13.10110", "2019-09-30": "11.41710", "2018-09-30": "14.59640", "2017-09-30": "17.34350", "2016-09-30": "12.90540", "2015-09-30": "3.60380", "2014-09-30": "14.59470", "2013-09-30": "11.58930", "2012-09-30": "15.05520", "2011-09-30": "12.44810", "2010-09-30": "16.36420", "2009-09-30": "15.27580", "2008-09-30": "15.35900", "2007-09-30": "15.18230", "2006-09-30": "14.16360", "2005-09-30": "14.67660"}, "EBITDA Margin": {"2020-09-30": "17.17790", "2019-09-30": "15.13730", "2018-09-30": "17.10520", "2017-09-30": "20.20280", "2016-09-30": "15.00430", "2015-09-30": "6.16570", "2014-09-30": "16.88760", "2013-09-30": "14.36740", "2012-09-30": "18.60660", "2011-09-30": "16.35060", "2010-09-30": "19.64080", "2009-09-30": "18.53590", "2008-09-30": "18.62160", "2007-09-30": "18.59980", "2006-09-30": "17.98240", "2005-09-30": "18.56650"}, "Pre-Tax Profit Margin": {"2020-09-30": "2.46650", "2019-09-30": "2.93040", "2018-09-30": "9.74580", "2017-09-30": "15.56640", "2016-09-30": "10.13950", "2015-09-30": "-0.04290", "2014-09-30": "11.69310", "2013-09-30": "8.05090", "2012-09-30": "12.37960", "2011-09-30": "8.73930", "2010-09-30": "12.79100", "2009-09-30": "11.13310", "2008-09-30": "10.92590", "2007-09-30": "12.90300", "2006-09-30": "11.58960", "2005-09-30": "13.00090"}, "Net Profit Margin": {"2020-09-30": "-3.98940", "2019-09-30": "1.56740", "2018-09-30": "5.20110", "2017-09-30": "11.47690", "2016-09-30": "7.81420", "2015-09-30": "-0.24520", "2014-09-30": "8.54710", "2013-09-30": "5.71020", "2012-09-30": "8.95300", "2011-09-30": "5.62240", "2010-09-30": "9.48610", "2009-09-30": "7.44540", "2008-09-30": "7.60330", "2007-09-30": "9.55100", "2006-09-30": "8.47930", "2005-09-30": "9.38860"}, "Asset Turnover": {"2020-09-30": "0.47920", "2019-09-30": "0.45770", "2018-09-30": "0.56550", "2017-09-30": "0.96280", "2016-09-30": "0.94380", "2015-09-30": "1.00800", "2014-09-30": "1.54050", "2013-09-30": "0.29960", "2012-09-30": "0.67850", "2011-09-30": "0.71130", "2010-09-30": "0.66510", "2009-09-30": "0.65050", "2008-09-30": "0.74460", "2007-09-30": "0.95440", "2006-09-30": "0.98220", "2005-09-30": "1.00540"}, "Inventory Turnover Ratio": {"2020-09-30": "3.25230", "2019-09-30": "3.17640", "2018-09-30": "2.99230", "2017-09-30": "2.97820", "2016-09-30": "3.18740", "2015-09-30": "3.17290", "2014-09-30": "3.38580", "2013-09-30": "1.80160", "2012-09-30": "3.61290", "2011-09-30": "3.82610", "2010-09-30": "3.34530", "2009-09-30": "3.20880", "2008-09-30": "3.39950", "2007-09-30": "3.02320", "2006-09-30": "2.88160", "2005-09-30": "3.07960"}, "Receiveable Turnover": {"2020-09-30": "9.40000", "2019-09-30": "7.33250", "2018-09-30": "7.80250", "2017-09-30": "7.62680", "2016-09-30": "8.56050", "2015-09-30": "10.49260", "2014-09-30": "8.42290", "2013-09-30": "4.18690", "2012-09-30": "6.74920", "2011-09-30": "6.54510", "2010-09-30": "5.15070", "2009-09-30": "4.93800", "2008-09-30": "4.69130", "2007-09-30": "4.26880", "2006-09-30": "4.39810", "2005-09-30": "4.41430"}, "Days Sales In Receivables": {"2020-09-30": "38.82980", "2019-09-30": "49.77870", "2018-09-30": "46.77980", "2017-09-30": "47.85730", "2016-09-30": "42.63770", "2015-09-30": "34.78640", "2014-09-30": "43.33430", "2013-09-30": "87.17770", "2012-09-30": "54.08030", "2011-09-30": "55.76710", "2010-09-30": "70.86410", "2009-09-30": "73.91620", "2008-09-30": "77.80370", "2007-09-30": "85.50400", "2006-09-30": "82.99070", "2005-09-30": "82.68600"}, "ROE - Return On Equity": {"2020-09-30": "15.14070", "2019-09-30": "11.89780", "2018-09-30": "381.63240", "2017-09-30": "236.78030", "2016-09-30": "-425.66670", "2015-09-30": "6.65560", "2014-09-30": "21.71150", "2013-09-30": "4.68290", "2012-09-30": "19.75840", "2011-09-30": "12.43040", "2010-09-30": "19.19410", "2009-09-30": "16.89840", "2008-09-30": "33.05230", "2007-09-30": "49.15130", "2006-09-30": "122.83430", "2005-09-30": "58.41830"}, "Return On Tangible Equity": {"2020-09-30": "-1.78910", "2019-09-30": "-2.67370", "2018-09-30": "-20.66760", "2017-09-30": "-54.65150", "2016-09-30": "-25.82930", "2015-09-30": "2.29230", "2014-09-30": "25.90150", "2013-09-30": "-13.39630", "2012-09-30": "-32.61550", "2011-09-30": "-20.85930", "2010-09-30": "-40.66600", "2009-09-30": "-22.01850", "2008-09-30": "-17.57860", "2007-09-30": "-878.13980", "2006-09-30": "-56.86580", "2005-09-30": "-152.97000"}, "ROA - Return On Assets": {"2020-09-30": "0.81700", "2019-09-30": "1.18720", "2018-09-30": "2.94140", "2017-09-30": "11.04960", "2016-09-30": "7.37510", "2015-09-30": "-0.24710", "2014-09-30": "13.16650", "2013-09-30": "1.71050", "2012-09-30": "6.07470", "2011-09-30": "3.99910", "2010-09-30": "6.30880", "2009-09-30": "4.84310", "2008-09-30": "5.66130", "2007-09-30": "9.11590", "2006-09-30": "8.32850", "2005-09-30": "9.43910"}, "ROI - Return On Investment": {"2020-09-30": "1.29420", "2019-09-30": "1.61530", "2018-09-30": "9.34440", "2017-09-30": "18.94510", "2016-09-30": "13.41810", "2015-09-30": "-0.43280", "2014-09-30": "21.71150", "2013-09-30": "2.58060", "2012-09-30": "9.71700", "2011-09-30": "6.06340", "2010-09-30": "9.77660", "2009-09-30": "7.35160", "2008-09-30": "9.18340", "2007-09-30": "15.86460", "2006-09-30": "14.19940", "2005-09-30": "15.80960"}, "Book Value Per Share": {"2020-09-30": "4.51120", "2019-09-30": "7.89240", "2018-09-30": "0.41100", "2017-09-30": "1.40180", "2016-09-30": "-0.48640", "2015-09-30": "-0.96630", "2014-09-30": "11.71880", "2013-09-30": "39.36850", "2012-09-30": "33.63840", "2011-09-30": "31.32720", "2010-09-30": "29.84250", "2009-09-30": "25.34920", "2008-09-30": "17.12360", "2007-09-30": "11.40950", "2006-09-30": "3.74780", "2005-09-30": "7.16750"}, "Operating Cash Flow Per Share": {"2020-09-30": 3.1944, "2019-09-30": -1.5034, "2018-09-30": 0.5746, "2017-09-30": 0.0478, "2016-09-30": 0.5011, "2015-09-30": -0.9341, "2014-09-30": -1.7636, "2013-09-30": -4.3144, "2012-09-30": 3.7457, "2011-09-30": -3.3862, "2010-09-30": 1.5011, "2009-09-30": -0.1674, "2008-09-30": 0.2821, "2007-09-30": 1.7268, "2006-09-30": 1.8854, "2005-09-30": 4.0259}, "Free Cash Flow Per Share": {"2020-09-30": 3.1627, "2019-09-30": -2.0244, "2018-09-30": 0.2479, "2017-09-30": 0.5149, "2016-09-30": 0.4952, "2015-09-30": -0.9968, "2014-09-30": -1.8601, "2013-09-30": -3.1888, "2012-09-30": 3.6359, "2011-09-30": -3.1416, "2010-09-30": 2.145, "2009-09-30": 0.3543, "2008-09-30": -0.956, "2007-09-30": 1.6682, "2006-09-30": 1.8139, "2005-09-30": 2.698}}, "financial ratios, quarterly": {"Current Ratio": {"2020-09-30": "1.34120", "2020-06-30": "1.64370", "2020-03-31": "1.41800", "2019-12-31": "1.80600", "2019-09-30": "1.90530", "2019-06-30": "1.87720", "2019-03-31": "2.14370", "2018-12-31": "1.45290", "2018-09-30": "1.55900", "2018-06-30": "1.82030", "2018-03-31": "1.89720", "2017-12-31": "1.89980", "2017-09-30": "1.75290", "2017-06-30": "1.94180", "2017-03-31": "1.95780", "2016-12-31": "1.90880", "2016-09-30": "1.66850", "2016-06-30": "2.61180", "2016-03-31": "2.60720", "2015-12-31": "2.43080", "2015-09-30": "2.30900", "2015-06-30": "1.91740", "2015-03-31": "1.59360", "2014-12-31": "1.70720", "2014-09-30": "1.96400", "2014-06-30": "2.00990", "2014-03-31": "2.02300", "2013-12-31": "2.13140", "2013-09-30": "2.22680", "2013-06-30": "2.08090", "2013-03-31": "2.18920", "2012-12-31": "2.08810", "2012-09-30": "1.92930", "2012-06-30": "2.09410", "2012-03-31": "1.65740", "2011-12-31": "1.52110", "2011-09-30": "2.20040", "2011-06-30": "2.16190", "2011-03-31": "1.72070", "2010-12-31": "1.67380", "2010-09-30": "1.93820", "2010-06-30": "1.79560", "2010-03-31": "2.08960", "2009-12-31": "1.82710", "2009-09-30": "1.83340", "2009-06-30": "1.68130", "2009-03-31": "1.47240", "2008-12-31": "1.37760", "2008-09-30": "1.48840", "2008-06-30": "1.36010", "2008-03-31": "1.41440", "2007-12-31": "1.34430", "2007-09-30": "1.79630", "2007-06-30": "1.95370", "2007-03-31": "1.90420", "2006-12-31": "1.78670", "2006-09-30": "1.76410", "2006-06-30": "1.81100", "2006-03-31": "1.68180", "2005-12-31": "1.62450", "2005-09-30": "1.74790", "2005-06-30": "1.72050", "2005-03-31": "1.81210"}, "Long-term Debt / Capital": {"2020-09-30": "0.91450", "2020-06-30": "0.89400", "2020-03-31": "0.88960", "2019-12-31": "0.85210", "2019-09-30": "0.86420", "2019-06-30": "0.85960", "2019-03-31": "0.84640", "2018-12-31": "0.93270", "2018-09-30": "0.97550", "2018-06-30": "0.95330", "2018-03-31": "0.95630", "2017-12-31": "0.96670", "2017-09-30": "0.92000", "2017-06-30": "0.91840", "2017-03-31": "0.93620", "2016-12-31": "0.98270", "2016-09-30": "1.03150", "2016-06-30": "1.00290", "2016-03-31": "1.01050", "2015-12-31": "1.03420", "2015-09-30": "1.06500", "2015-06-30": "1.42530", "2015-03-31": "0.41820", "2014-12-31": "0.40080", "2014-09-30": "", "2014-06-30": "0.42790", "2014-03-31": "0.43240", "2013-12-31": "0.43090", "2013-09-30": "0.44890", "2013-06-30": "0.46430", "2013-03-31": "0.48670", "2012-12-31": "0.49330", "2012-09-30": "0.50820", "2012-06-30": "0.49610", "2012-03-31": "0.44310", "2011-12-31": "0.45780", "2011-09-30": "0.51220", "2011-06-30": "0.48460", "2011-03-31": "0.46830", "2010-12-31": "0.47090", "2010-09-30": "0.49060", "2010-06-30": "0.50580", "2010-03-31": "0.53210", "2009-12-31": "0.54070", "2009-09-30": "0.56500", "2009-06-30": "0.56950", "2009-03-31": "0.67870", "2008-12-31": "0.68850", "2008-09-30": "0.72220", "2008-06-30": "0.72270", "2008-03-31": "0.74650", "2007-12-31": "0.77410", "2007-09-30": "0.67720", "2007-06-30": "0.74850", "2007-03-31": "0.79600", "2006-12-31": "0.82990", "2006-09-30": "0.88440", "2006-06-30": "0.87210", "2006-03-31": "0.76490", "2005-12-31": "0.76660", "2005-09-30": "0.72940", "2005-06-30": "0.61060", "2005-03-31": "0.60700"}, "Debt/Equity Ratio": {"2020-09-30": "13.43800", "2020-06-30": "9.20400", "2020-03-31": "8.79770", "2019-12-31": "5.92650", "2019-09-30": "6.42720", "2019-06-30": "6.21390", "2019-03-31": "5.54300", "2018-12-31": "18.67190", "2018-09-30": "50.09800", "2018-06-30": "24.16950", "2018-03-31": "25.25060", "2017-12-31": "32.41540", "2017-09-30": "12.76850", "2017-06-30": "12.54600", "2017-03-31": "15.97900", "2016-12-31": "58.61270", "2016-09-30": "-34.77000", "2016-06-30": "-355.60710", "2016-03-31": "-97.73530", "2015-12-31": "-30.69230", "2015-09-30": "-16.51410", "2015-06-30": "-3.36480", "2015-03-31": "1.02920", "2014-12-31": "0.94630", "2014-09-30": "", "2014-06-30": "0.91260", "2014-03-31": "0.93880", "2013-12-31": "0.90740", "2013-09-30": "0.91200", "2013-06-30": "1.04910", "2013-03-31": "1.10610", "2012-12-31": "1.16230", "2012-09-30": "1.22370", "2012-06-30": "1.13750", "2012-03-31": "1.08150", "2011-12-31": "1.18550", "2011-09-30": "1.12720", "2011-06-30": "1.02340", "2011-03-31": "1.08060", "2010-12-31": "1.08160", "2010-09-30": "1.10180", "2010-06-30": "1.19540", "2010-03-31": "1.25310", "2009-12-31": "1.37560", "2009-09-30": "1.45190", "2009-06-30": "1.61400", "2009-03-31": "2.54540", "2008-12-31": "2.71170", "2008-09-30": "2.97090", "2008-06-30": "3.03500", "2008-03-31": "3.33950", "2007-12-31": "4.01110", "2007-09-30": "2.48510", "2007-06-30": "3.42580", "2007-03-31": "4.40490", "2006-12-31": "5.52260", "2006-09-30": "8.35030", "2006-06-30": "7.50590", "2006-03-31": "3.73880", "2005-12-31": "3.88330", "2005-09-30": "2.93690", "2005-06-30": "1.89810", "2005-03-31": "1.77240"}, "Gross Margin": {"2020-09-30": "36.93320", "2020-06-30": "40.00000", "2020-03-31": "40.13630", "2019-12-31": "40.89310", "2019-09-30": "40.02780", "2019-06-30": "38.05620", "2019-03-31": "34.90300", "2018-12-31": "48.17280", "2018-09-30": "45.49430", "2018-06-30": "44.83200", "2018-03-31": "45.00530", "2017-12-31": "48.54350", "2017-09-30": "45.96860", "2017-06-30": "42.47310", "2017-03-31": "46.76880", "2016-12-31": "48.53470", "2016-09-30": "43.31640", "2016-06-30": "42.57620", "2016-03-31": "42.39520", "2015-12-31": "45.34330", "2015-09-30": "45.87820", "2015-06-30": "45.63190", "2015-03-31": "47.21210", "2014-12-31": "46.63870", "2014-09-30": "48.22270", "2014-06-30": "46.70880", "2014-03-31": "47.84450", "2013-12-31": "45.94670", "2013-09-30": "52.26820", "2013-06-30": "45.91990", "2013-03-31": "48.42600", "2012-12-31": "47.09430", "2012-09-30": "46.13370", "2012-06-30": "47.04210", "2012-03-31": "46.94140", "2011-12-31": "47.11630", "2011-09-30": "45.54550", "2011-06-30": "46.41560", "2011-03-31": "45.50370", "2010-12-31": "47.20070", "2010-09-30": "46.64530", "2010-06-30": "48.06840", "2010-03-31": "47.82380", "2009-12-31": "47.60770", "2009-09-30": "43.88550", "2009-06-30": "45.89470", "2009-03-31": "46.97870", "2008-12-31": "49.25660", "2008-09-30": "47.59660", "2008-06-30": "47.71730", "2008-03-31": "48.13880", "2007-12-31": "45.06260", "2007-09-30": "48.65140", "2007-06-30": "47.31250", "2007-03-31": "47.37990", "2006-12-31": "47.35200", "2006-09-30": "46.28360", "2006-06-30": "48.63250", "2006-03-31": "48.89600", "2005-12-31": "48.88940", "2005-09-30": "47.10850", "2005-06-30": "49.07410", "2005-03-31": "50.74720"}, "Operating Margin": {"2020-09-30": "11.17950", "2020-06-30": "13.73860", "2020-03-31": "12.64060", "2019-12-31": "14.88870", "2019-09-30": "13.35190", "2019-06-30": "9.34800", "2019-03-31": "1.25810", "2018-12-31": "21.21000", "2018-09-30": "13.16710", "2018-06-30": "8.47760", "2018-03-31": "9.40170", "2017-12-31": "23.32110", "2017-09-30": "13.35200", "2017-06-30": "11.72040", "2017-03-31": "14.76320", "2016-12-31": "26.05430", "2016-09-30": "7.74740", "2016-06-30": "10.08310", "2016-03-31": "10.23950", "2015-12-31": "21.07340", "2015-09-30": "9.09550", "2015-06-30": "-2.35110", "2015-03-31": "-16.75540", "2014-12-31": "18.17280", "2014-09-30": "16.47830", "2014-06-30": "15.39960", "2014-03-31": "15.58740", "2013-12-31": "16.24920", "2013-09-30": "6.36930", "2013-06-30": "12.65860", "2013-03-31": "14.24400", "2012-12-31": "19.29560", "2012-09-30": "15.90270", "2012-06-30": "11.03990", "2012-03-31": "13.07860", "2011-12-31": "19.83140", "2011-09-30": "11.64500", "2011-06-30": "12.37750", "2011-03-31": "8.78970", "2010-12-31": "16.55760", "2010-09-30": "10.03110", "2010-06-30": "15.20250", "2010-03-31": "17.01420", "2009-12-31": "22.61410", "2009-09-30": "8.78270", "2009-06-30": "13.96490", "2009-03-31": "17.53750", "2008-12-31": "21.34290", "2008-09-30": "16.15630", "2008-06-30": "13.63080", "2008-03-31": "15.02630", "2007-12-31": "16.42160", "2007-09-30": "11.62290", "2007-06-30": "11.76250", "2007-03-31": "15.92560", "2006-12-31": "20.71520", "2006-09-30": "8.50500", "2006-06-30": "11.26690", "2006-03-31": "14.24940", "2005-12-31": "21.83820", "2005-09-30": "11.31410", "2005-06-30": "11.58860", "2005-03-31": "13.33860"}, "EBIT Margin": {"2020-09-30": "11.17950", "2020-06-30": "13.73860", "2020-03-31": "12.64060", "2019-12-31": "14.88870", "2019-09-30": "13.35190", "2019-06-30": "9.34800", "2019-03-31": "1.25810", "2018-12-31": "21.21000", "2018-09-30": "13.16710", "2018-06-30": "8.47760", "2018-03-31": "9.40170", "2017-12-31": "23.32110", "2017-09-30": "13.35200", "2017-06-30": "11.72040", "2017-03-31": "14.76320", "2016-12-31": "26.05430", "2016-09-30": "7.74740", "2016-06-30": "10.08310", "2016-03-31": "10.23950", "2015-12-31": "21.07340", "2015-09-30": "9.09550", "2015-06-30": "-2.35110", "2015-03-31": "-16.75540", "2014-12-31": "18.17280", "2014-09-30": "16.47830", "2014-06-30": "15.39960", "2014-03-31": "15.58740", "2013-12-31": "16.24920", "2013-09-30": "6.36930", "2013-06-30": "12.65860", "2013-03-31": "14.24400", "2012-12-31": "19.29560", "2012-09-30": "15.90270", "2012-06-30": "11.03990", "2012-03-31": "13.07860", "2011-12-31": "19.83140", "2011-09-30": "11.64500", "2011-06-30": "12.37750", "2011-03-31": "8.78970", "2010-12-31": "16.55760", "2010-09-30": "10.03110", "2010-06-30": "15.20250", "2010-03-31": "17.01420", "2009-12-31": "22.61410", "2009-09-30": "8.78270", "2009-06-30": "13.96490", "2009-03-31": "17.53750", "2008-12-31": "21.34290", "2008-09-30": "16.15630", "2008-06-30": "13.63080", "2008-03-31": "15.02630", "2007-12-31": "16.42160", "2007-09-30": "11.62290", "2007-06-30": "11.76250", "2007-03-31": "15.92560", "2006-12-31": "20.71520", "2006-09-30": "8.50500", "2006-06-30": "11.26690", "2006-03-31": "14.24940", "2005-12-31": "21.83820", "2005-09-30": "11.31410", "2005-06-30": "11.58860", "2005-03-31": "13.33860"}, "EBITDA Margin": {"2020-09-30": "", "2020-06-30": "", "2020-03-31": "", "2019-12-31": "", "2019-09-30": "", "2019-06-30": "", "2019-03-31": "", "2018-12-31": "", "2018-09-30": "", "2018-06-30": "", "2018-03-31": "", "2017-12-31": "", "2017-09-30": "", "2017-06-30": "", "2017-03-31": "", "2016-12-31": "", "2016-09-30": "", "2016-06-30": "", "2016-03-31": "", "2015-12-31": "", "2015-09-30": "", "2015-06-30": "", "2015-03-31": "", "2014-12-31": "", "2014-09-30": "", "2014-06-30": "", "2014-03-31": "", "2013-12-31": "", "2013-09-30": "", "2013-06-30": "", "2013-03-31": "", "2012-12-31": "", "2012-09-30": "", "2012-06-30": "", "2012-03-31": "", "2011-12-31": "", "2011-09-30": "", "2011-06-30": "", "2011-03-31": "", "2010-12-31": "", "2010-09-30": "", "2010-06-30": "", "2010-03-31": "", "2009-12-31": "", "2009-09-30": "", "2009-06-30": "", "2009-03-31": "", "2008-12-31": "", "2008-09-30": "", "2008-06-30": "", "2008-03-31": "", "2007-12-31": "", "2007-09-30": "", "2007-06-30": "", "2007-03-31": "", "2006-12-31": "", "2006-09-30": "", "2006-06-30": "", "2006-03-31": "", "2005-12-31": "", "2005-09-30": "", "2005-06-30": "", "2005-03-31": ""}, "Pre-Tax Profit Margin": {"2020-09-30": "-6.78900", "2020-06-30": "5.91190", "2020-03-31": "3.73080", "2019-12-31": "7.96690", "2019-09-30": "6.63420", "2019-06-30": "1.45240", "2019-03-31": "-13.29980", "2018-12-31": "15.73700", "2018-09-30": "1.50920", "2018-06-30": "8.01930", "2018-03-31": "4.75430", "2017-12-31": "20.75700", "2017-09-30": "10.62140", "2017-06-30": "8.19890", "2017-03-31": "16.51810", "2016-12-31": "23.96360", "2016-09-30": "6.12860", "2016-06-30": "6.56510", "2016-03-31": "6.28740", "2015-12-31": "18.64640", "2015-09-30": "7.54200", "2015-06-30": "-10.82020", "2015-03-31": "-20.08970", "2014-12-31": "16.23780", "2014-09-30": "13.86890", "2014-06-30": "11.95050", "2014-03-31": "12.78240", "2013-12-31": "13.62780", "2013-09-30": "1.29830", "2013-06-30": "9.57270", "2013-03-31": "10.31120", "2012-12-31": "15.82390", "2012-09-30": "13.57590", "2012-06-30": "7.89970", "2012-03-31": "10.25600", "2011-12-31": "17.39420", "2011-09-30": "6.80680", "2011-06-30": "8.17330", "2011-03-31": "5.89200", "2010-12-31": "13.80510", "2010-09-30": "6.96420", "2010-06-30": "13.26150", "2010-03-31": "13.72050", "2009-12-31": "16.86920", "2009-09-30": "5.36410", "2009-06-30": "11.20800", "2009-03-31": "12.83510", "2008-12-31": "15.59710", "2008-09-30": "12.03490", "2008-06-30": "9.51530", "2008-03-31": "9.27440", "2007-12-31": "12.46320", "2007-09-30": "9.57710", "2007-06-30": "9.57500", "2007-03-31": "13.21660", "2006-12-31": "18.47370", "2006-09-30": "5.73430", "2006-06-30": "8.42290", "2006-03-31": "11.50120", "2005-12-31": "19.79830", "2005-09-30": "8.98320", "2005-06-30": "10.01160", "2005-03-31": "11.30370"}, "Net Profit Margin": {"2020-09-30": "-7.28700", "2020-06-30": "3.92100", "2020-03-31": "-20.74960", "2019-12-31": "5.71390", "2019-09-30": "5.82750", "2019-06-30": "0.46350", "2019-03-31": "-13.76710", "2018-12-31": "12.37980", "2018-09-30": "0.32810", "2018-06-30": "6.05910", "2018-03-31": "2.08330", "2017-12-31": "10.53550", "2017-09-30": "7.33180", "2017-06-30": "6.69350", "2017-03-31": "13.06410", "2016-12-31": "17.08360", "2016-09-30": "4.99540", "2016-06-30": "6.70360", "2016-03-31": "4.91020", "2015-12-31": "12.92420", "2015-09-30": "5.78800", "2015-06-30": "-5.23640", "2015-03-31": "-19.38920", "2014-12-31": "12.30800", "2014-09-30": "9.55410", "2014-06-30": "8.81710", "2014-03-31": "9.27150", "2013-12-31": "9.68670", "2013-09-30": "13.01360", "2013-06-30": "7.84530", "2013-03-31": "7.74710", "2012-12-31": "10.88470", "2012-09-30": "10.23440", "2012-06-30": "6.24500", "2012-03-31": "7.07020", "2011-12-31": "12.00230", "2011-09-30": "3.82050", "2011-06-30": "5.33820", "2011-03-31": "3.77670", "2010-12-31": "9.37900", "2010-09-30": "8.00230", "2010-06-30": "9.65820", "2010-03-31": "9.46420", "2009-12-31": "10.68240", "2009-09-30": "3.43710", "2009-06-30": "7.28820", "2009-03-31": "8.74600", "2008-12-31": "10.64750", "2008-09-30": "8.82140", "2008-06-30": "6.25290", "2008-03-31": "6.40380", "2007-12-31": "8.62260", "2007-09-30": "8.00000", "2007-06-30": "7.81250", "2007-03-31": "9.11210", "2006-12-31": "12.75020", "2006-09-30": "4.71030", "2006-06-30": "6.98050", "2006-03-31": "7.94280", "2005-12-31": "13.65590", "2005-09-30": "6.52640", "2005-06-30": "7.56660", "2005-03-31": "8.93480"}, "Asset Turnover": {"2020-09-30": "0.13320", "2020-06-30": "0.12840", "2020-03-31": "0.12350", "2019-12-31": "0.13240", "2019-09-30": "0.13190", "2019-06-30": "0.11600", "2019-03-31": "0.09860", "2018-12-31": "0.12950", "2018-09-30": "0.14380", "2018-06-30": "0.21760", "2018-03-31": "0.21120", "2017-12-31": "0.32500", "2017-09-30": "0.25500", "2017-06-30": "0.20900", "2017-03-31": "0.20780", "2016-12-31": "0.33260", "2016-09-30": "0.24970", "2016-06-30": "0.22610", "2016-03-31": "0.21080", "2015-12-31": "0.31330", "2015-09-30": "0.24660", "2015-06-30": "0.33510", "2015-03-31": "0.05240", "2014-12-31": "0.07230", "2014-09-30": "0.40740", "2014-06-30": "0.05880", "2014-03-31": "0.15460", "2013-12-31": "0.16380", "2013-09-30": "0.09750", "2013-06-30": "0.16350", "2013-03-31": "0.16190", "2012-12-31": "0.17680", "2012-09-30": "0.16980", "2012-06-30": "0.16860", "2012-03-31": "0.16610", "2011-12-31": "0.17920", "2011-09-30": "0.18350", "2011-06-30": "0.18170", "2011-03-31": "0.15500", "2010-12-31": "0.17560", "2010-09-30": "0.16590", "2010-06-30": "0.17490", "2010-03-31": "0.15450", "2009-12-31": "0.18980", "2009-09-30": "0.17550", "2009-06-30": "0.15780", "2009-03-31": "0.15630", "2008-12-31": "0.18000", "2008-09-30": "0.19310", "2008-06-30": "0.17860", "2008-03-31": "0.16100", "2007-12-31": "0.20100", "2007-09-30": "0.24820", "2007-06-30": "0.23650", "2007-03-31": "0.22460", "2006-12-31": "0.29710", "2006-09-30": "0.26500", "2006-06-30": "0.24770", "2006-03-31": "0.21980", "2005-12-31": "0.29300", "2005-09-30": "0.26690", "2005-06-30": "0.23200", "2005-03-31": "0.21510"}, "Inventory Turnover Ratio": {"2020-09-30": "0.94110", "2020-06-30": "0.76130", "2020-03-31": "0.74650", "2019-12-31": "0.99930", "2019-09-30": "0.91880", "2019-06-30": "0.76460", "2019-03-31": "0.73750", "2018-12-31": "1.02140", "2018-09-30": "0.77130", "2018-06-30": "0.70400", "2018-03-31": "0.70370", "2017-12-31": "1.06810", "2017-09-30": "0.79250", "2017-06-30": "0.71050", "2017-03-31": "0.68860", "2016-12-31": "1.24350", "2016-09-30": "0.84750", "2016-06-30": "0.89390", "2016-03-31": "0.88260", "2015-12-31": "1.32540", "2015-09-30": "0.78290", "2015-06-30": "0.73650", "2015-03-31": "0.28640", "2014-12-31": "0.41600", "2014-09-30": "0.86180", "2014-06-30": "0.35380", "2014-03-31": "0.89210", "2013-12-31": "0.98450", "2013-09-30": "0.50710", "2013-06-30": "0.95380", "2013-03-31": "0.85090", "2012-12-31": "0.98900", "2012-09-30": "0.91580", "2012-06-30": "0.88900", "2012-03-31": "0.85170", "2011-12-31": "0.98860", "2011-09-30": "0.99910", "2011-06-30": "0.93270", "2011-03-31": "0.75600", "2010-12-31": "0.91450", "2010-09-30": "0.84860", "2010-06-30": "0.88540", "2010-03-31": "0.76520", "2009-12-31": "1.04490", "2009-09-30": "0.90770", "2009-06-30": "0.77100", "2009-03-31": "0.64560", "2008-12-31": "0.74660", "2008-09-30": "0.87270", "2008-06-30": "0.78690", "2008-03-31": "0.68740", "2007-12-31": "1.01020", "2007-09-30": "0.77160", "2007-06-30": "0.76390", "2007-03-31": "0.73480", "2006-12-31": "1.05470", "2006-09-30": "0.80500", "2006-06-30": "0.69920", "2006-03-31": "0.62920", "2005-12-31": "1.01670", "2005-09-30": "0.85500", "2005-06-30": "0.70050", "2005-03-31": "0.65760"}, "Receiveable Turnover": {"2020-09-30": "2.61300", "2020-06-30": "2.06980", "2020-03-31": "1.88380", "2019-12-31": "1.99190", "2019-09-30": "2.11350", "2019-06-30": "1.89740", "2019-03-31": "1.57800", "2018-12-31": "2.64770", "2018-09-30": "1.98440", "2018-06-30": "2.37200", "2018-03-31": "2.27460", "2017-12-31": "2.66900", "2017-09-30": "2.02040", "2017-06-30": "2.14290", "2017-03-31": "2.27940", "2016-12-31": "2.55990", "2016-09-30": "2.26510", "2016-06-30": "2.48620", "2016-03-31": "2.54960", "2015-12-31": "2.79690", "2015-09-30": "2.56660", "2015-06-30": "2.13400", "2015-03-31": "0.79510", "2014-12-31": "1.09930", "2014-09-30": "2.22750", "2014-06-30": "0.81010", "2014-03-31": "2.32120", "2013-12-31": "2.40380", "2013-09-30": "1.36230", "2013-06-30": "1.94010", "2013-03-31": "1.75370", "2012-12-31": "1.74140", "2012-09-30": "1.68940", "2012-06-30": "1.63320", "2012-03-31": "1.60240", "2011-12-31": "1.25470", "2011-09-30": "1.68890", "2011-06-30": "1.26910", "2011-03-31": "1.22680", "2010-12-31": "1.22600", "2010-09-30": "1.28480", "2010-06-30": "1.28190", "2010-03-31": "1.20880", "2009-12-31": "1.27580", "2009-09-30": "1.33260", "2009-06-30": "1.19010", "2009-03-31": "1.20390", "2008-12-31": "1.14590", "2008-09-30": "1.21690", "2008-06-30": "1.13740", "2008-03-31": "1.10920", "2007-12-31": "1.17840", "2007-09-30": "1.11000", "2007-06-30": "1.07560", "2007-03-31": "1.02470", "2006-12-31": "1.11290", "2006-09-30": "1.18650", "2006-06-30": "1.14970", "2006-03-31": "1.11060", "2005-12-31": "1.16380", "2005-09-30": "1.17190", "2005-06-30": "1.20710", "2005-03-31": "1.13010"}, "Days Sales In Receivables": {"2020-09-30": "34.44300", "2020-06-30": "43.48180", "2020-03-31": "47.77510", "2019-12-31": "45.18320", "2019-09-30": "42.58410", "2019-06-30": "47.43360", "2019-03-31": "57.03450", "2018-12-31": "33.99200", "2018-09-30": "45.35430", "2018-06-30": "37.94300", "2018-03-31": "39.56730", "2017-12-31": "33.72060", "2017-09-30": "44.54530", "2017-06-30": "42.00000", "2017-03-31": "39.48470", "2016-12-31": "35.15730", "2016-09-30": "39.73400", "2016-06-30": "36.19950", "2016-03-31": "35.29940", "2015-12-31": "32.17840", "2015-09-30": "35.06640", "2015-06-30": "42.17470", "2015-03-31": "113.19980", "2014-12-31": "81.86710", "2014-09-30": "40.40480", "2014-06-30": "111.09550", "2014-03-31": "38.77350", "2013-12-31": "37.44140", "2013-09-30": "66.06690", "2013-06-30": "46.38870", "2013-03-31": "51.31950", "2012-12-31": "51.68300", "2012-09-30": "53.27410", "2012-06-30": "55.10810", "2012-03-31": "56.16630", "2011-12-31": "71.73110", "2011-09-30": "53.28830", "2011-06-30": "70.91370", "2011-03-31": "73.36130", "2010-12-31": "73.40840", "2010-09-30": "70.05000", "2010-06-30": "70.20800", "2010-03-31": "74.45620", "2009-12-31": "70.54220", "2009-09-30": "67.53750", "2009-06-30": "75.62710", "2009-03-31": "74.75810", "2008-12-31": "78.54390", "2008-09-30": "73.96120", "2008-06-30": "79.12440", "2008-03-31": "81.14200", "2007-12-31": "76.37780", "2007-09-30": "81.08230", "2007-06-30": "83.67750", "2007-03-31": "87.83280", "2006-12-31": "80.87050", "2006-09-30": "75.85110", "2006-06-30": "78.28000", "2006-03-31": "81.03570", "2005-12-31": "77.33230", "2005-09-30": "76.80110", "2005-06-30": "74.55730", "2005-03-31": "79.64070"}, "ROE - Return On Equity": {"2020-09-30": "-13.49080", "2020-06-30": "7.51680", "2020-03-31": "3.66600", "2019-12-31": "7.79570", "2019-09-30": "8.64290", "2019-06-30": "1.61210", "2019-03-31": "-9.65440", "2018-12-31": "100.56810", "2018-09-30": "6.12240", "2018-06-30": "49.79080", "2018-03-31": "17.44970", "2017-12-31": "179.22830", "2017-09-30": "40.07050", "2017-06-30": "28.62070", "2017-03-31": "70.20960", "2016-12-31": "552.60060", "2016-09-30": "-72.00000", "2016-06-30": "-864.28950", "2016-03-31": "-160.78410", "2015-12-31": "-201.53840", "2015-09-30": "-38.43590", "2015-06-30": "6.60160", "2015-03-31": "-2.92810", "2014-12-31": "2.42960", "2014-09-30": "6.41820", "2014-06-30": "1.41490", "2014-03-31": "3.91120", "2013-12-31": "4.25730", "2013-09-30": "0.75400", "2013-06-30": "3.78140", "2013-03-31": "3.76430", "2012-12-31": "5.90970", "2012-09-30": "5.65350", "2012-06-30": "3.23160", "2012-03-31": "3.51220", "2011-12-31": "6.87910", "2011-09-30": "2.17960", "2011-06-30": "2.80590", "2011-03-31": "1.74860", "2010-12-31": "4.98550", "2010-09-30": "4.03890", "2010-06-30": "5.25920", "2010-03-31": "4.59410", "2009-12-31": "6.75120", "2009-09-30": "2.10520", "2009-06-30": "4.10920", "2009-03-31": "6.81420", "2008-12-31": "10.27490", "2008-09-30": "9.94680", "2008-06-30": "6.70960", "2008-03-31": "6.65940", "2007-12-31": "13.05010", "2007-09-30": "10.70500", "2007-06-30": "12.55270", "2007-03-31": "17.00280", "2006-12-31": "38.43500", "2006-09-30": "18.40870", "2006-06-30": "22.56930", "2006-03-31": "12.63260", "2005-12-31": "30.04990", "2005-09-30": "10.78040", "2005-06-30": "7.58080", "2005-03-31": "7.88220"}, "Return On Tangible Equity": {"2020-09-30": "1.59410", "2020-06-30": "-1.13890", "2020-03-31": "-0.53320", "2019-12-31": "-1.92330", "2019-09-30": "-1.94220", "2019-06-30": "-0.38110", "2019-03-31": "2.70410", "2018-12-31": "-17.57260", "2018-09-30": "-0.33160", "2018-06-30": "-6.00400", "2018-03-31": "-1.93070", "2017-12-31": "-14.47400", "2017-09-30": "-9.24870", "2017-06-30": "-6.74800", "2017-03-31": "-11.98570", "2016-12-31": "-21.59480", "2016-09-30": "-4.36890", "2016-06-30": "-20.66610", "2016-03-31": "-13.07820", "2015-12-31": "-44.46710", "2015-09-30": "-13.23780", "2015-06-30": "4.74230", "2015-03-31": "7.57940", "2014-12-31": "-7.95000", "2014-09-30": "7.65680", "2014-06-30": "-4.53520", "2014-03-31": "-11.57330", "2013-12-31": "-13.17780", "2013-09-30": "-2.15690", "2013-06-30": "-8.73750", "2013-03-31": "-8.06190", "2012-12-31": "-11.51830", "2012-09-30": "-9.33240", "2012-06-30": "-6.11290", "2012-03-31": "-6.91890", "2011-12-31": "-11.52520", "2011-09-30": "-3.65760", "2011-06-30": "-6.77150", "2011-03-31": "-3.60040", "2010-12-31": "-9.97830", "2010-09-30": "-8.55700", "2010-06-30": "-9.53950", "2010-03-31": "-7.57770", "2009-12-31": "-10.09800", "2009-09-30": "-2.74310", "2009-06-30": "-5.42050", "2009-03-31": "-4.50290", "2008-12-31": "-6.25560", "2008-09-30": "-5.29010", "2008-06-30": "-3.48960", "2008-03-31": "-3.05370", "2007-12-31": "-4.86600", "2007-09-30": "-191.25640", "2007-06-30": "-33.53010", "2007-03-31": "-23.09290", "2006-12-31": "-33.91570", "2006-09-30": "-8.52220", "2006-06-30": "-11.59060", "2006-03-31": "-18.67060", "2005-12-31": "-46.81430", "2005-09-30": "-28.22890", "2005-06-30": "190.87660", "2005-03-31": "161.49430"}, "ROA - Return On Assets": {"2020-09-30": "-0.72800", "2020-06-30": "0.56570", "2020-03-31": "0.28830", "2019-12-31": "0.82270", "2019-09-30": "0.86240", "2019-06-30": "0.16490", "2019-03-31": "-1.10420", "2018-12-31": "1.60320", "2018-09-30": "0.04720", "2018-06-30": "1.31870", "2018-03-31": "0.44010", "2017-12-31": "3.42380", "2017-09-30": "1.86990", "2017-06-30": "1.39890", "2017-03-31": "2.71410", "2016-12-31": "5.68130", "2016-09-30": "1.24750", "2016-06-30": "1.51550", "2016-03-31": "1.03510", "2015-12-31": "4.04950", "2015-09-30": "1.42720", "2015-06-30": "-1.75450", "2015-03-31": "-1.01650", "2014-12-31": "0.89000", "2014-09-30": "3.89220", "2014-06-30": "0.51850", "2014-03-31": "1.43370", "2013-12-31": "1.58660", "2013-09-30": "0.27540", "2013-06-30": "1.28230", "2013-03-31": "1.25430", "2012-12-31": "1.92430", "2012-09-30": "1.73820", "2012-06-30": "1.05290", "2012-03-31": "1.17470", "2011-12-31": "2.15110", "2011-09-30": "0.70120", "2011-06-30": "0.96990", "2011-03-31": "0.58520", "2010-12-31": "1.64730", "2010-09-30": "1.32750", "2010-06-30": "1.68900", "2010-03-31": "1.46230", "2009-12-31": "2.02800", "2009-09-30": "0.60330", "2009-06-30": "1.15040", "2009-03-31": "1.36690", "2008-12-31": "1.91620", "2008-09-30": "1.70370", "2008-06-30": "1.11650", "2008-03-31": "1.03090", "2007-12-31": "1.73340", "2007-09-30": "1.98540", "2007-06-30": "1.84730", "2007-03-31": "2.04650", "2006-12-31": "3.78810", "2006-09-30": "1.24820", "2006-06-30": "1.72930", "2006-03-31": "1.74620", "2005-12-31": "4.00080", "2005-09-30": "1.74190", "2005-06-30": "1.75580", "2005-03-31": "1.92180"}, "ROI - Return On Investment": {"2020-09-30": "-1.15320", "2020-06-30": "0.79710", "2020-03-31": "0.40480", "2019-12-31": "1.15330", "2019-09-30": "1.17340", "2019-06-30": "0.22640", "2019-03-31": "-1.48250", "2018-12-31": "6.76990", "2018-09-30": "0.14990", "2018-06-30": "2.32310", "2018-03-31": "0.76320", "2017-12-31": "5.97070", "2017-09-30": "3.20610", "2017-06-30": "2.33540", "2017-03-31": "4.48120", "2016-12-31": "9.57530", "2016-09-30": "2.26960", "2016-06-30": "2.47040", "2016-03-31": "1.68590", "2015-12-31": "6.88600", "2015-09-30": "2.49950", "2015-06-30": "-2.80760", "2015-03-31": "-1.70350", "2014-12-31": "1.45570", "2014-09-30": "6.41820", "2014-06-30": "0.80950", "2014-03-31": "2.21980", "2013-12-31": "2.42290", "2013-09-30": "0.41550", "2013-06-30": "2.02570", "2013-03-31": "1.93210", "2012-12-31": "2.99420", "2012-09-30": "2.78040", "2012-06-30": "1.62840", "2012-03-31": "1.95580", "2011-12-31": "3.72980", "2011-09-30": "1.06320", "2011-06-30": "1.44630", "2011-03-31": "0.92970", "2010-12-31": "2.63770", "2010-09-30": "2.05720", "2010-06-30": "2.59900", "2010-03-31": "2.14970", "2009-12-31": "3.10070", "2009-09-30": "0.91590", "2009-06-30": "1.76920", "2009-03-31": "2.18970", "2008-12-31": "3.20040", "2008-09-30": "2.76370", "2008-06-30": "1.86050", "2008-03-31": "1.68840", "2007-12-31": "2.94810", "2007-09-30": "3.45530", "2007-06-30": "3.15670", "2007-03-31": "3.46930", "2006-12-31": "6.53590", "2006-09-30": "2.12800", "2006-06-30": "2.88640", "2006-03-31": "2.96950", "2005-12-31": "7.01400", "2005-09-30": "2.91750", "2005-06-30": "2.95160", "2005-03-31": "3.09800"}, "Book Value Per Share": {"2020-09-30": "4.51120", "2020-06-30": "5.63550", "2020-03-31": "5.45890", "2019-12-31": "8.48060", "2019-09-30": "7.89240", "2019-06-30": "8.29020", "2019-03-31": "9.23510", "2018-12-31": "1.17530", "2018-09-30": "0.41100", "2018-06-30": "0.79970", "2018-03-31": "0.74890", "2017-12-31": "0.56460", "2017-09-30": "1.40180", "2017-06-30": "1.40540", "2017-03-31": "1.08030", "2016-12-31": "0.27980", "2016-09-30": "-0.48640", "2016-06-30": "-0.04520", "2016-03-31": "-0.16500", "2015-12-31": "-0.52560", "2015-09-30": "-0.96630", "2015-06-30": "-4.77380", "2015-03-31": "38.00190", "2014-12-31": "40.86740", "2014-09-30": "11.71880", "2014-06-30": "41.53940", "2014-03-31": "40.83670", "2013-12-31": "40.45750", "2013-09-30": "39.36850", "2013-06-30": "37.02040", "2013-03-31": "36.23710", "2012-12-31": "35.39950", "2012-09-30": "33.63840", "2012-06-30": "33.72610", "2012-03-31": "33.92110", "2011-12-31": "31.98290", "2011-09-30": "31.32720", "2011-06-30": "34.15450", "2011-03-31": "32.08960", "2010-12-31": "31.34680", "2010-09-30": "29.84250", "2010-06-30": "28.17510", "2010-03-31": "27.50590", "2009-12-31": "26.66370", "2009-09-30": "25.34920", "2009-06-30": "25.49100", "2009-03-31": "19.36290", "2008-12-31": "18.52210", "2008-09-30": "17.12360", "2008-06-30": "17.09520", "2008-03-31": "15.90680", "2007-12-31": "13.68160", "2007-09-30": "11.40950", "2007-06-30": "8.74140", "2007-03-31": "6.93940", "2006-12-31": "5.66930", "2006-09-30": "3.74780", "2006-06-30": "3.99060", "2006-03-31": "6.40490", "2005-12-31": "6.40420", "2005-09-30": "7.16750", "2005-06-30": "9.72360", "2005-03-31": "9.97520"}, "Operating Cash Flow Per Share": {"2020-09-30": 2.228, "2020-06-30": 1.9461, "2020-03-31": -0.5176, "2019-12-31": "1.75930", "2019-09-30": 2.1222, "2019-06-30": 0.0725, "2019-03-31": -1.9225, "2018-12-31": "1.94920", "2018-09-30": 0.6629, "2018-06-30": 0.4334, "2018-03-31": 0.3358, "2017-12-31": "2.29270", "2017-09-30": 0.8317, "2017-06-30": 0.3392, "2017-03-31": 0.5198, "2016-12-31": "1.45950", "2016-09-30": 0.8392, "2016-06-30": 0.2038, "2016-03-31": 0.5265, "2015-12-31": "1.53290", "2015-09-30": 0.9221, "2015-06-30": -0.3859, "2015-03-31": 1.074, "2014-12-31": "0.96620", "2014-09-30": 0.0032, "2014-06-30": -0.1243, "2014-03-31": 2.8467, "2013-12-31": "0.80980", "2013-09-30": -2.1482, "2013-06-30": 3.4583, "2013-03-31": 2.8197, "2012-12-31": "1.14380", "2012-09-30": 4.3589, "2012-06-30": 1.8403, "2012-03-31": 2.9987, "2011-12-31": "0.41550", "2011-09-30": 3.3691, "2011-06-30": 1.0028, "2011-03-31": 1.5098, "2010-12-31": "-0.01400", "2010-09-30": 3.0403, "2010-06-30": 2.3242, "2010-03-31": 2.5093, "2009-12-31": "1.38010", "2009-09-30": 3.8414, "2009-06-30": 1.776, "2009-03-31": 1.7293, "2008-12-31": "0.40610", "2008-09-30": 3.0962, "2008-06-30": 0.9238, "2008-03-31": 2.7256, "2007-12-31": "1.17460", "2007-09-30": 1.7785, "2007-06-30": 1.2997, "2007-03-31": 3.0659, "2006-12-31": "1.49400", "2006-09-30": 1.6452, "2006-06-30": 0.4462, "2006-03-31": 2.4073, "2005-12-31": "1.41260", "2005-09-30": 1.0462, "2005-06-30": 0.9202, "2005-03-31": 2.0595}, "Free Cash Flow Per Share": {"2020-09-30": 2.005, "2020-06-30": 1.6986, "2020-03-31": -0.7493, "2019-12-31": "1.61400", "2019-09-30": 1.8206, "2019-06-30": -0.1357, "2019-03-31": -2.1514, "2018-12-31": "1.87210", "2018-09-30": 0.5489, "2018-06-30": 0.4376, "2018-03-31": 0.2402, "2017-12-31": "2.20330", "2017-09-30": 0.7092, "2017-06-30": 0.3216, "2017-03-31": 0.7014, "2016-12-31": "1.44990", "2016-09-30": 0.664, "2016-06-30": 0.1605, "2016-03-31": 0.3628, "2015-12-31": "1.47990", "2015-09-30": 0.7767, "2015-06-30": -0.5932, "2015-03-31": 1.1382, "2014-12-31": "0.82960", "2014-09-30": -0.0547, "2014-06-30": 0.0797, "2014-03-31": 2.6002, "2013-12-31": "0.54360", "2013-09-30": -1.5007, "2013-06-30": 3.1357, "2013-03-31": 2.4704, "2012-12-31": "0.89940", "2012-09-30": 3.8298, "2012-06-30": 1.4632, "2012-03-31": 2.5256, "2011-12-31": "0.39910", "2011-09-30": 2.9203, "2011-06-30": 0.677, "2011-03-31": 1.2556, "2010-12-31": "-0.27110", "2010-09-30": 2.5452, "2010-06-30": 1.9711, "2010-03-31": 2.1532, "2009-12-31": "1.05390", "2009-09-30": 3.3187, "2009-06-30": 1.3951, "2009-03-31": 0.9864, "2008-12-31": "-0.12180", "2008-09-30": 2.0329, "2008-06-30": 0.2606, "2008-03-31": 2.1086, "2007-12-31": "0.82200", "2007-09-30": 1.1835, "2007-06-30": 0.9555, "2007-03-31": 2.7481, "2006-12-31": "1.29300", "2006-09-30": 1.2006, "2006-06-30": 0.0566, "2006-03-31": 2.0462, "2005-12-31": "1.20850", "2005-09-30": 0.5368, "2005-06-30": 0.628, "2005-03-31": 1.5332}}, "revenue": {"Energizer Holdings Annual Revenue (Millions of US $)": {"2020": "$2,745", "2019": "$2,495", "2018": "$1,798", "2017": "$1,756", "2016": "$1,634", "2015": "$1,632", "2014": "$1,840", "2013": "$2,012", "2012": "$4,567", "2011": "$4,646", "2010": "$4,248", "2009": "$4,000", "2008": "$4,331", "2007": "$3,365", "2006": "$3,077", "2005": "$2,990"}, "Energizer Holdings Quarterly Revenue (Millions of US $)": {"2020-09-30": "$763", "2020-06-30": "$658", "2020-03-31": "$587", "2019-12-31": "$737", "2019-09-30": "$719", "2019-06-30": "$647", "2019-03-31": "$556", "2018-12-31": "$572", "2018-09-30": "$457", "2018-06-30": "$393", "2018-03-31": "$374", "2017-12-31": "$573", "2017-09-30": "$465", "2017-06-30": "$372", "2017-03-31": "$359", "2016-12-31": "$560", "2016-09-30": "$432", "2016-06-30": "$361", "2016-03-31": "$334", "2015-12-31": "$507", "2015-09-30": "$399", "2015-06-30": "$374", "2015-03-31": "$357", "2014-12-31": "$501", "2014-09-30": "$487", "2014-06-30": "$412", "2014-03-31": "$1,062", "2013-12-31": "$1,114", "2013-09-30": "$655", "2013-06-30": "$1,112", "2013-03-31": "$1,096", "2012-12-31": "$1,193", "2012-09-30": "$1,143", "2012-06-30": "$1,124", "2012-03-31": "$1,102", "2011-12-31": "$1,198", "2011-09-30": "$1,199", "2011-06-30": "$1,235", "2011-03-31": "$1,035", "2010-12-31": "$1,177", "2010-09-30": "$1,060", "2010-06-30": "$1,077", "2010-03-31": "$935", "2009-12-31": "$1,177", "2009-09-30": "$1,079", "2009-06-30": "$998", "2009-03-31": "$880", "2008-12-31": "$1,043", "2008-09-30": "$1,123", "2008-06-30": "$1,067", "2008-03-31": "$951", "2007-12-31": "$1,190", "2007-09-30": "$875", "2007-06-30": "$800", "2007-03-31": "$731", "2006-12-31": "$959", "2006-09-30": "$830", "2006-06-30": "$735", "2006-03-31": "$630", "2005-12-31": "$882", "2005-09-30": "$794", "2005-06-30": "$691", "2005-03-31": "$629"}}, "gross-profit": {"Energizer Holdings Annual Gross Profit (Millions of US $)": {"2020": "$1,082", "2019": "$1,004", "2018": "$831", "2017": "$811", "2016": "$712", "2015": "$756", "2014": "$850", "2013": "$902", "2012": "$2,138", "2011": "$2,146", "2010": "$2,019", "2009": "$1,859", "2008": "$2,038", "2007": "$1,605", "2006": "$1,481", "2005": "$1,478"}, "Energizer Holdings Quarterly Gross Profit (Millions of US $)": {"2020-09-30": "$282", "2020-06-30": "$263", "2020-03-31": "$236", "2019-12-31": "$301", "2019-09-30": "$288", "2019-06-30": "$246", "2019-03-31": "$194", "2018-12-31": "$276", "2018-09-30": "$208", "2018-06-30": "$176", "2018-03-31": "$169", "2017-12-31": "$278", "2017-09-30": "$214", "2017-06-30": "$158", "2017-03-31": "$168", "2016-12-31": "$272", "2016-09-30": "$187", "2016-06-30": "$154", "2016-03-31": "$142", "2015-12-31": "$230", "2015-09-30": "$183", "2015-06-30": "$171", "2015-03-31": "$169", "2014-12-31": "$234", "2014-09-30": "$235", "2014-06-30": "$192", "2014-03-31": "$508", "2013-12-31": "$512", "2013-09-30": "$342", "2013-06-30": "$510", "2013-03-31": "$531", "2012-12-31": "$562", "2012-09-30": "$527", "2012-06-30": "$529", "2012-03-31": "$517", "2011-12-31": "$565", "2011-09-30": "$546", "2011-06-30": "$573", "2011-03-31": "$471", "2010-12-31": "$556", "2010-09-30": "$494", "2010-06-30": "$518", "2010-03-31": "$447", "2009-12-31": "$560", "2009-09-30": "$474", "2009-06-30": "$458", "2009-03-31": "$414", "2008-12-31": "$514", "2008-09-30": "$535", "2008-06-30": "$509", "2008-03-31": "$458", "2007-12-31": "$536", "2007-09-30": "$426", "2007-06-30": "$379", "2007-03-31": "$346", "2006-12-31": "$454", "2006-09-30": "$384", "2006-06-30": "$357", "2006-03-31": "$308", "2005-12-31": "$431", "2005-09-30": "$374", "2005-06-30": "$339", "2005-03-31": "$319"}}, "operating-income": {"Energizer Holdings Annual Operating Income (Millions of US $)": {"2020": "$360", "2019": "$285", "2018": "$262", "2017": "$305", "2016": "$211", "2015": "$59", "2014": "$269", "2013": "$233", "2012": "$688", "2011": "$578", "2010": "$695", "2009": "$611", "2008": "$665", "2007": "$511", "2006": "$436", "2005": "$439"}, "Energizer Holdings Quarterly Operating Income (Millions of US $)": {"2020-09-30": "$85", "2020-06-30": "$90", "2020-03-31": "$74", "2019-12-31": "$110", "2019-09-30": "$96", "2019-06-30": "$61", "2019-03-31": "$7", "2018-12-31": "$121", "2018-09-30": "$60", "2018-06-30": "$33", "2018-03-31": "$35", "2017-12-31": "$134", "2017-09-30": "$62", "2017-06-30": "$44", "2017-03-31": "$53", "2016-12-31": "$146", "2016-09-30": "$34", "2016-06-30": "$36", "2016-03-31": "$34", "2015-12-31": "$107", "2015-09-30": "$36", "2015-06-30": "$-9", "2015-03-31": "$-60", "2014-12-31": "$91", "2014-09-30": "$80", "2014-06-30": "$63", "2014-03-31": "$166", "2013-12-31": "$181", "2013-09-30": "$42", "2013-06-30": "$141", "2013-03-31": "$156", "2012-12-31": "$230", "2012-09-30": "$182", "2012-06-30": "$124", "2012-03-31": "$144", "2011-12-31": "$238", "2011-09-30": "$140", "2011-06-30": "$153", "2011-03-31": "$91", "2010-12-31": "$195", "2010-09-30": "$106", "2010-06-30": "$164", "2010-03-31": "$159", "2009-12-31": "$266", "2009-09-30": "$95", "2009-06-30": "$139", "2009-03-31": "$154", "2008-12-31": "$223", "2008-09-30": "$182", "2008-06-30": "$145", "2008-03-31": "$143", "2007-12-31": "$195", "2007-09-30": "$102", "2007-06-30": "$94", "2007-03-31": "$116", "2006-12-31": "$199", "2006-09-30": "$71", "2006-06-30": "$83", "2006-03-31": "$90", "2005-12-31": "$193", "2005-09-30": "$90", "2005-06-30": "$80", "2005-03-31": "$84"}}, "ebitda": {"Energizer Holdings Annual EBITDA (Millions of US $)": {"2020": "$472", "2019": "$378", "2018": "$308", "2017": "$355", "2016": "$245", "2015": "$101", "2014": "$311", "2013": "$289", "2012": "$850", "2011": "$760", "2010": "$834", "2009": "$741", "2008": "$807", "2007": "$626", "2006": "$553", "2005": "$555"}, "Energizer Holdings Quarterly EBITDA (Millions of US $)": {"2020-09-30": "$113", "2020-06-30": "$119", "2020-03-31": "$103", "2019-12-31": "$137", "2019-09-30": "$118", "2019-06-30": "$91", "2019-03-31": "$35", "2018-12-31": "$133", "2018-09-30": "$72", "2018-06-30": "$45", "2018-03-31": "$46", "2017-12-31": "$146", "2017-09-30": "$74", "2017-06-30": "$56", "2017-03-31": "$68", "2016-12-31": "$156", "2016-09-30": "$44", "2016-06-30": "$44", "2016-03-31": "$42", "2015-12-31": "$115", "2015-09-30": "$45", "2015-06-30": "$2", "2015-03-31": "$-48", "2014-12-31": "$102", "2014-09-30": "$95", "2014-06-30": "$26", "2014-03-31": "$197", "2013-12-31": "$214", "2013-09-30": "$-11", "2013-06-30": "$176", "2013-03-31": "$192", "2012-12-31": "$268", "2012-09-30": "$223", "2012-06-30": "$165", "2012-03-31": "$144", "2011-12-31": "$238", "2011-09-30": "$140", "2011-06-30": "$153", "2011-03-31": "$91", "2010-12-31": "$195", "2010-09-30": "$106", "2010-06-30": "$164", "2010-03-31": "$159", "2009-12-31": "$266", "2009-09-30": "$95", "2009-06-30": "$139", "2009-03-31": "$154", "2008-12-31": "$223", "2008-09-30": "$182", "2008-06-30": "$145", "2008-03-31": "$143", "2007-12-31": "$195", "2007-09-30": "$102", "2007-06-30": "$94", "2007-03-31": "$116", "2006-12-31": "$199", "2006-09-30": "$71", "2006-06-30": "$83", "2006-03-31": "$90", "2005-12-31": "$193", "2005-09-30": "$90", "2005-06-30": "$80", "2005-03-31": "$84"}}, "net-income": {"Energizer Holdings Annual Net Income (Millions of US $)": {"2020": "$-110", "2019": "$39", "2018": "$94", "2017": "$202", "2016": "$128", "2015": "$-4", "2014": "$157", "2013": "$115", "2012": "$409", "2011": "$261", "2010": "$403", "2009": "$298", "2008": "$329", "2007": "$321", "2006": "$261", "2005": "$281"}, "Energizer Holdings Quarterly Net Income (Millions of US $)": {"2020-09-30": "$-56", "2020-06-30": "$26", "2020-03-31": "$-122", "2019-12-31": "$42", "2019-09-30": "$42", "2019-06-30": "$3", "2019-03-31": "$-77", "2018-12-31": "$71", "2018-09-30": "$2", "2018-06-30": "$24", "2018-03-31": "$8", "2017-12-31": "$60", "2017-09-30": "$34", "2017-06-30": "$25", "2017-03-31": "$47", "2016-12-31": "$96", "2016-09-30": "$22", "2016-06-30": "$24", "2016-03-31": "$16", "2015-12-31": "$66", "2015-09-30": "$23", "2015-06-30": "$-20", "2015-03-31": "$-69", "2014-12-31": "$62", "2014-09-30": "$47", "2014-06-30": "$36", "2014-03-31": "$99", "2013-12-31": "$108", "2013-09-30": "$85", "2013-06-30": "$87", "2013-03-31": "$85", "2012-12-31": "$130", "2012-09-30": "$117", "2012-06-30": "$70", "2012-03-31": "$78", "2011-12-31": "$144", "2011-09-30": "$46", "2011-06-30": "$66", "2011-03-31": "$39", "2010-12-31": "$110", "2010-09-30": "$85", "2010-06-30": "$104", "2010-03-31": "$89", "2009-12-31": "$126", "2009-09-30": "$37", "2009-06-30": "$73", "2009-03-31": "$77", "2008-12-31": "$111", "2008-09-30": "$99", "2008-06-30": "$67", "2008-03-31": "$61", "2007-12-31": "$103", "2007-09-30": "$70", "2007-06-30": "$63", "2007-03-31": "$67", "2006-12-31": "$122", "2006-09-30": "$39", "2006-06-30": "$51", "2006-03-31": "$50", "2005-12-31": "$121", "2005-09-30": "$52", "2005-06-30": "$52", "2005-03-31": "$56"}}, "eps-earnings-per-share-diluted": {"Energizer Holdings Annual EPS": {"2020": "$-1.58", "2019": "$0.58", "2018": "$1.52", "2017": "$3.22", "2016": "$2.04", "2015": "$-0.06", "2014": "$2.53", "2013": "$1.85", "2012": "$6.22", "2011": "$3.72", "2010": "$5.72", "2009": "$4.72", "2008": "$5.59", "2007": "$5.51", "2006": "$4.14", "2005": "$3.82"}, "Energizer Holdings Quarterly EPS": {"2020-09-30": "$-0.81", "2020-06-30": "$0.38", "2020-03-31": "$-1.75", "2019-12-31": "$0.60", "2019-09-30": "$0.52", "2019-06-30": "$0.04", "2019-03-31": "$-1.14", "2018-12-31": "$1.16", "2018-09-30": "$0.02", "2018-06-30": "$0.39", "2018-03-31": "$0.13", "2017-12-31": "$0.98", "2017-09-30": "$0.55", "2017-06-30": "$0.40", "2017-03-31": "$0.75", "2016-12-31": "$1.52", "2016-09-30": "$0.34", "2016-06-30": "$0.39", "2016-03-31": "$0.26", "2015-12-31": "$1.05", "2015-09-30": "$0.37", "2015-06-30": "$-0.32", "2015-03-31": "$-1.11", "2014-12-31": "$0.99", "2014-09-30": "$0.75", "2014-06-30": "$0.58", "2014-03-31": "$1.57", "2013-12-31": "$1.71", "2013-09-30": "$1.36", "2013-06-30": "$1.38", "2013-03-31": "$1.35", "2012-12-31": "$2.07", "2012-09-30": "$1.84", "2012-06-30": "$1.06", "2012-03-31": "$1.17", "2011-12-31": "$2.15", "2011-09-30": "$0.68", "2011-06-30": "$0.94", "2011-03-31": "$0.55", "2010-12-31": "$1.55", "2010-09-30": "$1.22", "2010-06-30": "$1.47", "2010-03-31": "$1.25", "2009-12-31": "$1.78", "2009-09-30": "$0.41", "2009-06-30": "$1.13", "2009-03-31": "$1.30", "2008-12-31": "$1.88", "2008-09-30": "$1.69", "2008-06-30": "$1.13", "2008-03-31": "$1.03", "2007-12-31": "$1.74", "2007-09-30": "$1.23", "2007-06-30": "$1.06", "2007-03-31": "$1.14", "2006-12-31": "$2.08", "2006-09-30": "$0.76", "2006-06-30": "$0.83", "2006-03-31": "$0.78", "2005-12-31": "$1.77", "2005-09-30": "$0.75", "2005-06-30": "$0.71", "2005-03-31": "$0.76"}}, "shares-outstanding": {"Energizer Holdings Annual Shares Outstanding (Millions of Shares)": {"2020": "70", "2019": "67", "2018": "61", "2017": "63", "2016": "63", "2015": "62", "2014": "62", "2013": "62", "2012": "66", "2011": "70", "2010": "71", "2009": "63", "2008": "59", "2007": "58", "2006": "63", "2005": "74"}, "Energizer Holdings Quarterly Shares Outstanding (Millions of Shares)": {"2020-09-30": "70", "2020-06-30": "69", "2020-03-31": "70", "2019-12-31": "70", "2019-09-30": "67", "2019-06-30": "71", "2019-03-31": "67", "2018-12-31": "61", "2018-09-30": "61", "2018-06-30": "61", "2018-03-31": "61", "2017-12-31": "62", "2017-09-30": "63", "2017-06-30": "63", "2017-03-31": "63", "2016-12-31": "63", "2016-09-30": "63", "2016-06-30": "63", "2016-03-31": "62", "2015-12-31": "62", "2015-09-30": "63", "2015-06-30": "62", "2015-03-31": "62", "2014-12-31": "62", "2014-09-30": "62", "2014-06-30": "62", "2014-03-31": "63", "2013-12-31": "63", "2013-09-30": "63", "2013-06-30": "63", "2013-03-31": "63", "2012-12-31": "63", "2012-09-30": "66", "2012-06-30": "66", "2012-03-31": "66", "2011-12-31": "67", "2011-09-30": "70", "2011-06-30": "71", "2011-03-31": "71", "2010-12-31": "71", "2010-09-30": "71", "2010-06-30": "71", "2010-03-31": "71", "2009-12-31": "71", "2009-09-30": "63", "2009-06-30": "64", "2009-03-31": "59", "2008-12-31": "59", "2008-09-30": "59", "2008-06-30": "59", "2008-03-31": "59", "2007-12-31": "59", "2007-09-30": "58", "2007-06-30": "58", "2007-03-31": "58", "2006-12-31": "59", "2006-09-30": "63", "2006-06-30": "62", "2006-03-31": "64", "2005-12-31": "68", "2005-09-30": "74", "2005-06-30": "74", "2005-03-31": "74"}}, "total-assets": {"Energizer Holdings Annual Total Assets (Millions of US $)": {"2020": "$5,728", "2019": "$5,450", "2018": "$3,179", "2017": "$1,824", "2016": "$1,732", "2015": "$1,619", "2014": "$1,195", "2013": "$6,717", "2012": "$6,731", "2011": "$6,532", "2010": "$6,388", "2009": "$6,149", "2008": "$5,817", "2007": "$3,526", "2006": "$3,133", "2005": "$2,974"}, "Energizer Holdings Quarterly Total Assets (Millions of US $)": {"2020-09-30": "$5,728", "2020-06-30": "$5,127", "2020-03-31": "$4,753", "2019-12-31": "$5,567", "2019-09-30": "$5,450", "2019-06-30": "$5,578", "2019-03-31": "$5,642", "2018-12-31": "$4,416", "2018-09-30": "$3,179", "2018-06-30": "$1,805", "2018-03-31": "$1,772", "2017-12-31": "$1,764", "2017-09-30": "$1,824", "2017-06-30": "$1,780", "2017-03-31": "$1,728", "2016-12-31": "$1,683", "2016-09-30": "$1,732", "2016-06-30": "$1,597", "2016-03-31": "$1,584", "2015-12-31": "$1,618", "2015-09-30": "$1,619", "2015-06-30": "$1,117", "2015-03-31": "$6,808", "2014-12-31": "$6,933", "2014-09-30": "$1,195", "2014-06-30": "$7,001", "2014-03-31": "$6,870", "2013-12-31": "$6,801", "2013-09-30": "$6,717", "2013-06-30": "$6,800", "2013-03-31": "$6,769", "2012-12-31": "$6,745", "2012-09-30": "$6,731", "2012-06-30": "$6,667", "2012-03-31": "$6,632", "2011-12-31": "$6,685", "2011-09-30": "$6,532", "2011-06-30": "$6,795", "2011-03-31": "$6,681", "2010-12-31": "$6,702", "2010-09-30": "$6,388", "2010-06-30": "$6,158", "2010-03-31": "$6,052", "2009-12-31": "$6,198", "2009-09-30": "$6,149", "2009-06-30": "$6,320", "2009-03-31": "$5,633", "2008-12-31": "$5,793", "2008-09-30": "$5,817", "2008-06-30": "$5,974", "2008-03-31": "$5,907", "2007-12-31": "$5,919", "2007-09-30": "$3,526", "2007-06-30": "$3,383", "2007-03-31": "$3,254", "2006-12-31": "$3,229", "2006-09-30": "$3,133", "2006-06-30": "$2,967", "2006-03-31": "$2,863", "2005-12-31": "$3,012", "2005-09-30": "$2,974", "2005-06-30": "$2,979", "2005-03-31": "$2,924"}}, "cash-on-hand": {"Energizer Holdings Annual Cash on Hand (Millions of US $)": {"2020": "$1,250", "2019": "$259", "2018": "$522", "2017": "$378", "2016": "$287", "2015": "$502", "2014": "$90", "2013": "$998", "2012": "$719", "2011": "$471", "2010": "$630", "2009": "$359", "2008": "$171", "2007": "$363", "2006": "$134", "2005": "$85"}, "Energizer Holdings Quarterly Cash on Hand (Millions of US $)": {"2020-09-30": "$1,250", "2020-06-30": "$596", "2020-03-31": "$278", "2019-12-31": "$294", "2019-09-30": "$259", "2019-06-30": "$206", "2019-03-31": "$333", "2018-12-31": "$607", "2018-09-30": "$522", "2018-06-30": "$511", "2018-03-31": "$490", "2017-12-31": "$454", "2017-09-30": "$378", "2017-06-30": "$404", "2017-03-31": "$372", "2016-12-31": "$298", "2016-09-30": "$287", "2016-06-30": "$567", "2016-03-31": "$576", "2015-12-31": "$556", "2015-09-30": "$502", "2015-06-30": "$83", "2015-03-31": "$1,114", "2014-12-31": "$1,132", "2014-09-30": "$90", "2014-06-30": "$1,089", "2014-03-31": "$992", "2013-12-31": "$882", "2013-09-30": "$998", "2013-06-30": "$949", "2013-03-31": "$851", "2012-12-31": "$787", "2012-09-30": "$719", "2012-06-30": "$632", "2012-03-31": "$562", "2011-12-31": "$477", "2011-09-30": "$471", "2011-06-30": "$507", "2011-03-31": "$478", "2010-12-31": "$444", "2010-09-30": "$630", "2010-06-30": "$489", "2010-03-31": "$396", "2009-12-31": "$408", "2009-09-30": "$359", "2009-06-30": "$443", "2009-03-31": "$131", "2008-12-31": "$128", "2008-09-30": "$171", "2008-06-30": "$97", "2008-03-31": "$116", "2007-12-31": "$83", "2007-09-30": "$363", "2007-06-30": "$340", "2007-03-31": "$279", "2006-12-31": "$141", "2006-09-30": "$134", "2006-06-30": "$66", "2006-03-31": "$82", "2005-12-31": "$108", "2005-09-30": "$85", "2005-06-30": "$176", "2005-03-31": "$133"}}, "long-term-debt": {"Energizer Holdings Annual Long Term Debt (Millions of US $)": {"2020": "$3,307", "2019": "$3,462", "2018": "$976", "2017": "$979", "2016": "$982", "2015": "$984", "2014": "$", "2013": "$1,999", "2012": "$2,139", "2011": "$2,207", "2010": "$2,023", "2009": "$2,289", "2008": "$2,590", "2007": "$1,372", "2006": "$1,625", "2005": "$1,295"}, "Energizer Holdings Quarterly Long Term Debt (Millions of US $)": {"2020-09-30": "$3,307", "2020-06-30": "$3,253", "2020-03-31": "$3,011", "2019-12-31": "$3,384", "2019-09-30": "$3,462", "2019-06-30": "$3,493", "2019-03-31": "$3,557", "2018-12-31": "$975", "2018-09-30": "$976", "2018-06-30": "$977", "2018-03-31": "$977", "2017-12-31": "$978", "2017-09-30": "$979", "2017-06-30": "$979", "2017-03-31": "$980", "2016-12-31": "$981", "2016-09-30": "$982", "2016-06-30": "$982", "2016-03-31": "$983", "2015-12-31": "$984", "2015-09-30": "$984", "2015-06-30": "$995", "2015-03-31": "$1,699", "2014-12-31": "$1,699", "2014-09-30": "", "2014-06-30": "$1,919", "2014-03-31": "$1,919", "2013-12-31": "$1,919", "2013-09-30": "$1,999", "2013-06-30": "$1,999", "2013-03-31": "$2,139", "2012-12-31": "$2,139", "2012-09-30": "$2,139", "2012-06-30": "$2,139", "2012-03-31": "$1,765", "2011-12-31": "$1,765", "2011-09-30": "$2,207", "2011-06-30": "$2,208", "2011-03-31": "$1,970", "2010-12-31": "$1,971", "2010-09-30": "$2,023", "2010-06-30": "$2,024", "2010-03-31": "$2,191", "2009-12-31": "$2,192", "2009-09-30": "$2,289", "2009-06-30": "$2,340", "2009-03-31": "$2,387", "2008-12-31": "$2,388", "2008-09-30": "$2,590", "2008-06-30": "$2,591", "2008-03-31": "$2,693", "2007-12-31": "$2,694", "2007-09-30": "$1,372", "2007-06-30": "$1,482", "2007-03-31": "$1,528", "2006-12-31": "$1,553", "2006-09-30": "$1,625", "2006-06-30": "$1,550", "2006-03-31": "$1,288", "2005-12-31": "$1,317", "2005-09-30": "$1,295", "2005-06-30": "$1,082", "2005-03-31": "$1,101"}}, "total-liabilities": {"Energizer Holdings Annual Total Liabilities (Millions of US $)": {"2020": "$5,419", "2019": "$4,906", "2018": "$3,154", "2017": "$1,739", "2016": "$1,762", "2015": "$1,679", "2014": "$470", "2013": "$4,264", "2012": "$4,662", "2011": "$4,430", "2010": "$4,288", "2009": "$4,387", "2008": "$4,820", "2007": "$2,872", "2006": "$2,920", "2005": "$2,493"}, "Energizer Holdings Quarterly Total Liabilities (Millions of US $)": {"2020-09-30": "$5,419", "2020-06-30": "$4,741", "2020-03-31": "$4,379", "2019-12-31": "$4,979", "2019-09-30": "$4,906", "2019-06-30": "$5,007", "2019-03-31": "$4,997", "2018-12-31": "$4,346", "2018-09-30": "$3,154", "2018-06-30": "$1,757", "2018-03-31": "$1,728", "2017-12-31": "$1,730", "2017-09-30": "$1,739", "2017-06-30": "$1,693", "2017-03-31": "$1,661", "2016-12-31": "$1,665", "2016-09-30": "$1,762", "2016-06-30": "$1,600", "2016-03-31": "$1,595", "2015-12-31": "$1,650", "2015-09-30": "$1,679", "2015-06-30": "$1,414", "2015-03-31": "$4,444", "2014-12-31": "$4,393", "2014-09-30": "$470", "2014-06-30": "$4,435", "2014-03-31": "$4,352", "2013-12-31": "$4,266", "2013-09-30": "$4,264", "2013-06-30": "$4,494", "2013-03-31": "$4,514", "2012-12-31": "$4,549", "2012-09-30": "$4,662", "2012-06-30": "$4,495", "2012-03-31": "$4,414", "2011-12-31": "$4,595", "2011-09-30": "$4,430", "2011-06-30": "$4,446", "2011-03-31": "$4,445", "2010-12-31": "$4,488", "2010-09-30": "$4,288", "2010-06-30": "$4,180", "2010-03-31": "$4,126", "2009-12-31": "$4,336", "2009-09-30": "$4,387", "2009-06-30": "$4,550", "2009-03-31": "$4,503", "2008-12-31": "$4,712", "2008-09-30": "$4,820", "2008-06-30": "$4,980", "2008-03-31": "$4,993", "2007-12-31": "$5,133", "2007-09-30": "$2,872", "2007-06-30": "$2,885", "2007-03-31": "$2,863", "2006-12-31": "$2,910", "2006-09-30": "$2,920", "2006-06-30": "$2,739", "2006-03-31": "$2,468", "2005-12-31": "$2,611", "2005-09-30": "$2,493", "2005-06-30": "$2,289", "2005-03-31": "$2,211"}}, "total-share-holder-equity": {"Energizer Holdings Annual Share Holder Equity (Millions of US $)": {"2020": "$309", "2019": "$544", "2018": "$25", "2017": "$85", "2016": "$-30", "2015": "$-60", "2014": "$725", "2013": "$2,454", "2012": "$2,070", "2011": "$2,101", "2010": "$2,100", "2009": "$1,762", "2008": "$996", "2007": "$654", "2006": "$212", "2005": "$481"}, "Energizer Holdings Quarterly Share Holder Equity (Millions of US $)": {"2020-09-30": "$309", "2020-06-30": "$386", "2020-03-31": "$374", "2019-12-31": "$588", "2019-09-30": "$544", "2019-06-30": "$571", "2019-03-31": "$645", "2018-12-31": "$70", "2018-09-30": "$25", "2018-06-30": "$48", "2018-03-31": "$45", "2017-12-31": "$34", "2017-09-30": "$85", "2017-06-30": "$87", "2017-03-31": "$67", "2016-12-31": "$17", "2016-09-30": "$-30", "2016-06-30": "$-3", "2016-03-31": "$-10", "2015-12-31": "$-33", "2015-09-30": "$-60", "2015-06-30": "$-297", "2015-03-31": "$2,363", "2014-12-31": "$2,540", "2014-09-30": "$725", "2014-06-30": "$2,566", "2014-03-31": "$2,518", "2013-12-31": "$2,535", "2013-09-30": "$2,454", "2013-06-30": "$2,306", "2013-03-31": "$2,255", "2012-12-31": "$2,196", "2012-09-30": "$2,070", "2012-06-30": "$2,172", "2012-03-31": "$2,218", "2011-12-31": "$2,090", "2011-09-30": "$2,101", "2011-06-30": "$2,349", "2011-03-31": "$2,236", "2010-12-31": "$2,214", "2010-09-30": "$2,100", "2010-06-30": "$1,978", "2010-03-31": "$1,926", "2009-12-31": "$1,862", "2009-09-30": "$1,762", "2009-06-30": "$1,769", "2009-03-31": "$1,130", "2008-12-31": "$1,080", "2008-09-30": "$996", "2008-06-30": "$994", "2008-03-31": "$915", "2007-12-31": "$786", "2007-09-30": "$654", "2007-06-30": "$498", "2007-03-31": "$392", "2006-12-31": "$318", "2006-09-30": "$212", "2006-06-30": "$227", "2006-03-31": "$396", "2005-12-31": "$401", "2005-09-30": "$481", "2005-06-30": "$690", "2005-03-31": "$713"}}, "profit-margins": {"current": "-3.4%"}, "gross margin": {"2020-09-30": "39.42%", "2020-06-30": "40.28%", "2020-03-31": "39.81%", "2019-12-31": "38.70%", "2019-09-30": "40.26%", "2019-06-30": "41.40%", "2019-03-31": "43.17%", "2018-12-31": "46.16%", "2018-09-30": "46.24%", "2018-06-30": "46.37%", "2018-03-31": "45.91%", "2017-12-31": "46.24%", "2017-09-30": "46.24%", "2017-06-30": "45.56%", "2017-03-31": "45.62%", "2016-12-31": "44.75%", "2016-09-30": "43.64%", "2016-06-30": "44.28%", "2016-03-31": "44.98%", "2015-12-31": "46.00%", "2015-09-30": "46.41%", "2015-06-30": "47.06%", "2015-03-31": "47.24%", "2014-12-31": "47.48%", "2014-09-30": "47.06%", "2014-06-30": "47.92%", "2014-03-31": "47.48%", "2013-12-31": "47.65%", "2013-09-30": "47.95%", "2013-06-30": "46.88%", "2013-03-31": "47.17%", "2012-12-31": "46.80%", "2012-09-30": "46.81%", "2012-06-30": "46.66%", "2012-03-31": "46.49%", "2011-12-31": "46.18%", "2011-09-30": "46.19%", "2011-06-30": "46.46%", "2011-03-31": "46.88%", "2010-12-31": "47.42%", "2010-09-30": "47.52%", "2010-06-30": "46.84%", "2010-03-31": "46.29%", "2009-12-31": "46.11%", "2009-09-30": "46.50%", "2009-06-30": "47.50%", "2009-03-31": "47.95%", "2008-12-31": "48.18%", "2008-09-30": "47.06%", "2008-06-30": "47.24%", "2008-03-31": "47.14%", "2007-12-31": "46.91%", "2007-09-30": "47.70%", "2007-06-30": "47.08%", "2007-03-31": "47.34%", "2006-12-31": "47.65%", "2006-09-30": "48.10%", "2006-06-30": "48.34%", "2006-03-31": "48.45%", "2005-12-31": "48.83%"}, "operating margin": {"2020-09-30": "13.08%", "2020-06-30": "13.70%", "2020-03-31": "12.68%", "2019-12-31": "10.30%", "2019-09-30": "11.43%", "2019-06-30": "11.16%", "2019-03-31": "11.17%", "2018-12-31": "13.86%", "2018-09-30": "14.58%", "2018-06-30": "14.63%", "2018-03-31": "15.41%", "2017-12-31": "16.56%", "2017-09-30": "17.37%", "2017-06-30": "16.02%", "2017-03-31": "15.65%", "2016-12-31": "14.76%", "2016-09-30": "12.85%", "2016-06-30": "13.30%", "2016-03-31": "10.41%", "2015-12-31": "4.52%", "2015-09-30": "3.56%", "2015-06-30": "5.93%", "2015-03-31": "9.90%", "2014-12-31": "16.25%", "2014-09-30": "15.93%", "2014-06-30": "13.94%", "2014-03-31": "13.44%", "2013-12-31": "13.08%", "2013-09-30": "14.03%", "2013-06-30": "15.60%", "2013-03-31": "15.19%", "2012-12-31": "14.91%", "2012-09-30": "15.06%", "2012-06-30": "13.97%", "2012-03-31": "14.26%", "2011-12-31": "13.33%", "2011-09-30": "12.46%", "2011-06-30": "12.09%", "2011-03-31": "12.78%", "2010-12-31": "14.69%", "2010-09-30": "16.36%", "2010-06-30": "16.03%", "2010-03-31": "15.73%", "2009-12-31": "15.82%", "2009-09-30": "15.28%", "2009-06-30": "17.26%", "2009-03-31": "17.12%", "2008-12-31": "16.56%", "2008-09-30": "15.35%", "2008-06-30": "14.33%", "2008-03-31": "13.99%", "2007-12-31": "14.10%", "2007-09-30": "15.19%", "2007-06-30": "14.46%", "2007-03-31": "14.41%", "2006-12-31": "14.05%", "2006-09-30": "14.20%", "2006-06-30": "15.00%", "2006-03-31": "15.12%", "2005-12-31": "14.92%"}, "ebitda margin": {"2020-09-30": "17.19%", "2020-06-30": "17.66%", "2020-03-31": "16.69%", "2019-12-31": "14.33%", "2019-09-30": "15.12%", "2019-06-30": "14.78%", "2019-03-31": "14.36%", "2018-12-31": "16.43%", "2018-09-30": "17.14%", "2018-06-30": "17.23%", "2018-03-31": "18.05%", "2017-12-31": "19.45%", "2017-09-30": "20.16%", "2017-06-30": "18.80%", "2017-03-31": "18.22%", "2016-12-31": "16.95%", "2016-09-30": "14.99%", "2016-06-30": "15.37%", "2016-03-31": "12.64%", "2015-12-31": "6.96%", "2015-09-30": "6.19%", "2015-06-30": "8.78%", "2015-03-31": "9.96%", "2014-12-31": "17.06%", "2014-09-30": "17.30%", "2014-06-30": "13.14%", "2014-03-31": "14.61%", "2013-12-31": "14.36%", "2013-09-30": "15.41%", "2013-06-30": "18.90%", "2013-03-31": "18.61%", "2012-12-31": "17.54%", "2012-09-30": "16.86%", "2012-06-30": "14.86%", "2012-03-31": "14.26%", "2011-12-31": "13.33%", "2011-09-30": "12.46%", "2011-06-30": "12.09%", "2011-03-31": "12.78%", "2010-12-31": "14.69%", "2010-09-30": "16.36%", "2010-06-30": "16.03%", "2010-03-31": "15.73%", "2009-12-31": "15.82%", "2009-09-30": "15.28%", "2009-06-30": "17.26%", "2009-03-31": "17.12%", "2008-12-31": "16.56%", "2008-09-30": "15.35%", "2008-06-30": "14.33%", "2008-03-31": "13.99%", "2007-12-31": "14.10%", "2007-09-30": "15.19%", "2007-06-30": "14.46%", "2007-03-31": "14.41%", "2006-12-31": "14.05%", "2006-09-30": "14.20%", "2006-06-30": "15.00%", "2006-03-31": "15.12%", "2005-12-31": "14.92%"}, "pre tax profit margin": {"2020-09-30": "2.48%", "2020-06-30": "6.22%", "2020-03-31": "5.13%", "2019-12-31": "1.58%", "2019-09-30": "2.93%", "2019-06-30": "1.43%", "2019-03-31": "2.78%", "2018-12-31": "8.18%", "2018-09-30": "9.79%", "2018-06-30": "12.08%", "2018-03-31": "12.16%", "2017-12-31": "14.58%", "2017-09-30": "15.55%", "2017-06-30": "14.57%", "2017-03-31": "14.25%", "2016-12-31": "12.21%", "2016-09-30": "10.22%", "2016-06-30": "10.62%", "2016-03-31": "6.51%", "2015-12-31": "0.73%", "2015-09-30": "-0.12%", "2015-06-30": "2.09%", "2015-03-31": "7.17%", "2014-12-31": "13.57%", "2014-09-30": "13.17%", "2014-06-30": "10.67%", "2014-03-31": "10.22%", "2013-12-31": "9.55%", "2013-09-30": "10.28%", "2013-06-30": "12.39%", "2013-03-31": "11.98%", "2012-12-31": "11.97%", "2012-09-30": "12.37%", "2012-06-30": "10.64%", "2012-03-31": "10.65%", "2011-12-31": "9.69%", "2011-09-30": "8.76%", "2011-06-30": "8.85%", "2011-03-31": "10.14%", "2010-12-31": "11.96%", "2010-09-30": "12.80%", "2010-06-30": "12.37%", "2010-03-31": "11.86%", "2009-12-31": "11.66%", "2009-09-30": "11.15%", "2009-06-30": "12.93%", "2009-03-31": "12.47%", "2008-12-31": "11.66%", "2008-09-30": "10.92%", "2008-06-30": "10.34%", "2008-03-31": "10.40%", "2007-12-31": "11.29%", "2007-09-30": "12.93%", "2007-06-30": "12.02%", "2007-03-31": "11.80%", "2006-12-31": "11.38%", "2006-09-30": "11.60%", "2006-06-30": "12.50%", "2006-03-31": "12.91%", "2005-12-31": "12.88%"}, "net profit margin": {"2020-09-30": "-4.01%", "2020-06-30": "-0.44%", "2020-03-31": "-1.30%", "2019-12-31": "0.38%", "2019-09-30": "1.56%", "2019-06-30": "-0.04%", "2019-03-31": "1.01%", "2018-12-31": "5.85%", "2018-09-30": "5.23%", "2018-06-30": "6.98%", "2018-03-31": "7.12%", "2017-12-31": "9.38%", "2017-09-30": "11.50%", "2017-06-30": "11.03%", "2017-03-31": "11.04%", "2016-12-31": "9.37%", "2016-09-30": "7.83%", "2016-06-30": "8.06%", "2016-03-31": "5.27%", "2015-12-31": "0.00%", "2015-09-30": "-0.25%", "2015-06-30": "1.16%", "2015-03-31": "4.33%", "2014-12-31": "9.91%", "2014-09-30": "9.43%", "2014-06-30": "10.11%", "2014-03-31": "9.61%", "2013-12-31": "9.18%", "2013-09-30": "9.54%", "2013-06-30": "9.22%", "2013-03-31": "8.82%", "2012-12-31": "8.66%", "2012-09-30": "8.96%", "2012-06-30": "7.31%", "2012-03-31": "7.06%", "2011-12-31": "6.32%", "2011-09-30": "5.62%", "2011-06-30": "6.66%", "2011-03-31": "7.77%", "2010-12-31": "9.13%", "2010-09-30": "9.51%", "2010-06-30": "8.34%", "2010-03-31": "7.76%", "2009-12-31": "7.57%", "2009-09-30": "7.45%", "2009-06-30": "8.90%", "2009-03-31": "8.61%", "2008-12-31": "8.08%", "2008-09-30": "7.62%", "2008-06-30": "7.37%", "2008-03-31": "7.78%", "2007-12-31": "8.43%", "2007-09-30": "9.57%", "2007-06-30": "8.77%", "2007-03-31": "8.57%", "2006-12-31": "8.31%", "2006-09-30": "8.48%", "2006-06-30": "9.01%", "2006-03-31": "9.18%", "2005-12-31": "9.38%"}, "pe ratio": {"current": "20.51", "2021-02-05": "0.00", "2020-09-30": "0.00", "2020-06-30": "0.00", "2020-03-31": "0.00", "2019-12-31": "444.69", "2019-09-30": "62.98", "2019-06-30": "463.93", "2019-03-31": "99.70", "2018-12-31": "25.18", "2018-09-30": "36.58", "2018-06-30": "28.98", "2018-03-31": "27.15", "2017-12-31": "16.72", "2017-09-30": "13.27", "2017-06-30": "14.71", "2017-03-31": "17.04", "2016-12-31": "16.21", "2016-09-30": "22.20", "2016-06-30": "22.44"}, "price sales": {"2021-02-05": "1.20", "2020-09-30": "0.98", "2020-06-30": "1.20", "2020-03-31": "0.76", "2019-12-31": "1.27", "2019-09-30": "1.13", "2019-06-30": "1.08", "2019-03-31": "1.36", "2018-12-31": "1.46", "2018-09-30": "1.90", "2018-06-30": "2.03", "2018-03-31": "1.94", "2017-12-31": "1.58", "2017-09-30": "1.53", "2017-06-30": "1.61", "2017-03-31": "1.87", "2016-12-31": "1.51", "2016-09-30": "1.73", "2016-06-30": "1.81"}, "price book": {"current": "10.50", "2021-02-05": "10.50", "2020-09-30": "8.61", "2020-06-30": "8.31", "2020-03-31": "5.43", "2019-12-31": "5.77", "2019-09-30": "5.35", "2019-06-30": "4.48", "2019-03-31": "4.64", "2018-12-31": "36.42", "2018-09-30": "135.28", "2018-06-30": "74.29", "2018-03-31": "74.69", "2017-12-31": "79.35", "2017-09-30": "30.48", "2017-06-30": "31.50", "2017-03-31": "47.32", "2016-12-31": "145.46", "2016-09-30": "-93.11", "2016-06-30": "-1027.50", "2016-03-31": "-220.26", "2015-12-31": "-57.75", "2015-09-30": "-35.44"}, "price fcf": {"2021-02-05": "", "2020-09-30": "$4.57", "2020-06-30": "$4.38", "2020-03-31": "$2.55", "2019-12-31": "$1.15", "2019-09-30": "$1.41", "2019-06-30": "$0.13", "2019-03-31": "$0.71", "2018-12-31": "$3.10", "2018-09-30": "$3.43", "2018-06-30": "$3.59", "2018-03-31": "$3.47", "2017-12-31": "$3.94", "2017-09-30": "$3.18", "2017-06-30": "$3.14", "2017-03-31": "$2.98", "2016-12-31": "$2.64", "2016-09-30": "$2.67", "2016-06-30": "$4.15"}, "net worth": {"value": "$3.25B"}, "current ratio": {"2020-09-30": "1.34", "2020-06-30": "1.64", "2020-03-31": "1.42", "2019-12-31": "1.81", "2019-09-30": "1.91", "2019-06-30": "1.88", "2019-03-31": "2.14", "2018-12-31": "1.45", "2018-09-30": "1.56", "2018-06-30": "1.82", "2018-03-31": "1.90", "2017-12-31": "1.90", "2017-09-30": "1.75", "2017-06-30": "1.94", "2017-03-31": "1.96", "2016-12-31": "1.91", "2016-09-30": "1.67", "2016-06-30": "2.61", "2016-03-31": "2.61", "2015-12-31": "2.43", "2015-09-30": "2.31", "2015-06-30": "1.92", "2015-03-31": "1.59", "2014-12-31": "1.71", "2014-09-30": "1.96", "2014-06-30": "2.01", "2014-03-31": "2.02", "2013-12-31": "2.13", "2013-09-30": "2.23", "2013-06-30": "2.08", "2013-03-31": "2.19", "2012-12-31": "2.09", "2012-09-30": "1.93", "2012-06-30": "2.09", "2012-03-31": "1.66", "2011-12-31": "1.52", "2011-09-30": "2.20", "2011-06-30": "2.16", "2011-03-31": "1.72", "2010-12-31": "1.67", "2010-09-30": "1.94", "2010-06-30": "1.80", "2010-03-31": "2.09", "2009-12-31": "1.83", "2009-09-30": "1.83", "2009-06-30": "1.68", "2009-03-31": "1.47", "2008-12-31": "1.38", "2008-09-30": "1.49", "2008-06-30": "1.36", "2008-03-31": "1.41", "2007-12-31": "1.34", "2007-09-30": "1.80", "2007-06-30": "1.95", "2007-03-31": "1.90", "2006-12-31": "1.79", "2006-09-30": "1.76", "2006-06-30": "1.81", "2006-03-31": "1.68", "2005-12-31": "1.62", "2005-09-30": "1.75", "2005-06-30": "1.72", "2005-03-31": "1.81"}, "quick ratio": {"2020-09-30": "1.03", "2020-06-30": "1.12", "2020-03-31": "0.89", "2019-12-31": "1.43", "2019-09-30": "1.47", "2019-06-30": "1.40", "2019-03-31": "1.66", "2018-12-31": "1.10", "2018-09-30": "1.13", "2018-06-30": "1.31", "2018-03-31": "1.37", "2017-12-31": "1.40", "2017-09-30": "1.21", "2017-06-30": "1.35", "2017-03-31": "1.37", "2016-12-31": "1.40", "2016-09-30": "1.13", "2016-06-30": "2.04", "2016-03-31": "2.06", "2015-12-31": "1.96", "2015-09-30": "1.72", "2015-06-30": "1.12", "2015-03-31": "1.21", "2014-12-31": "1.31", "2014-09-30": "1.20", "2014-06-30": "1.56", "2014-03-31": "1.54", "2013-12-31": "1.61", "2013-09-30": "1.69", "2013-06-30": "1.59", "2013-03-31": "1.64", "2012-12-31": "1.57", "2012-09-30": "1.42", "2012-06-30": "1.53", "2012-03-31": "1.18", "2011-12-31": "1.12", "2011-09-30": "1.56", "2011-06-30": "1.55", "2011-03-31": "1.18", "2010-12-31": "1.20", "2010-09-30": "1.41", "2010-06-30": "1.29", "2010-03-31": "1.45", "2009-12-31": "1.34", "2009-09-30": "1.26", "2009-06-30": "1.16", "2009-03-31": "0.91", "2008-12-31": "0.90", "2008-09-30": "0.99", "2008-06-30": "0.89", "2008-03-31": "0.90", "2007-12-31": "0.91", "2007-09-30": "1.27", "2007-06-30": "1.39", "2007-03-31": "1.34", "2006-12-31": "1.29", "2006-09-30": "1.17", "2006-06-30": "1.15", "2006-03-31": "1.06", "2005-12-31": "1.15", "2005-09-30": "1.16", "2005-06-30": "1.13", "2005-03-31": "1.19"}, "debt equity ratio": {"current": "10.70", "2020-09-30": "17.53", "2020-06-30": "12.29", "2020-03-31": "11.72", "2019-12-31": "8.48", "2019-09-30": "9.02", "2019-06-30": "8.77", "2019-03-31": "7.74", "2018-12-31": "61.73", "2018-09-30": "128.75", "2018-06-30": "36.76", "2018-03-31": "38.65", "2017-12-31": "51.35", "2017-09-30": "20.43", "2017-06-30": "19.46", "2017-03-31": "24.87", "2016-12-31": "96.27", "2016-09-30": "-58.72", "2016-06-30": "-571.29", "2016-03-31": "-156.33", "2015-12-31": "-50.77", "2015-09-30": "-27.93", "2015-06-30": "-4.76", "2015-03-31": "1.88", "2014-12-31": "1.73", "2014-09-30": "0.65", "2014-06-30": "1.73", "2014-03-31": "1.73", "2013-12-31": "1.68", "2013-09-30": "1.74", "2013-06-30": "1.95", "2013-03-31": "2.00", "2012-12-31": "2.07", "2012-09-30": "2.25", "2012-06-30": "2.07", "2012-03-31": "1.99", "2011-12-31": "2.20", "2011-09-30": "2.11", "2011-06-30": "1.89", "2011-03-31": "1.99", "2010-12-31": "2.03", "2010-09-30": "2.04", "2010-06-30": "2.11", "2010-03-31": "2.14", "2009-12-31": "2.33", "2009-09-30": "2.49", "2009-06-30": "2.57", "2009-03-31": "3.99", "2008-12-31": "4.36", "2008-09-30": "4.84", "2008-06-30": "5.01", "2008-03-31": "5.46", "2007-12-31": "6.53", "2007-09-30": "4.39", "2007-06-30": "5.80", "2007-03-31": "7.31", "2006-12-31": "9.15", "2006-09-30": "13.75", "2006-06-30": "12.05", "2006-03-31": "6.23", "2005-12-31": "6.51", "2005-09-30": "5.19", "2005-06-30": "3.32", "2005-03-31": "3.10"}, "return on equity": {"2020-09-30": "-26.55%", "2020-06-30": "-2.54%", "2020-03-31": "-6.74%", "2019-12-31": "1.70%", "2019-09-30": "8.52%", "2019-06-30": "-0.31%", "2019-03-31": "10.15%", "2018-12-31": "223.40%", "2018-09-30": "247.37%", "2018-06-30": "237.74%", "2018-03-31": "202.39%", "2017-12-31": "243.22%", "2017-09-30": "315.63%", "2017-06-30": "539.01%", "2017-03-31": "1482.35%", "2016-12-31": "-2430.77%", "2016-09-30": "-673.68%", "2016-06-30": "-486.79%", "2016-03-31": "-85.00%", "2015-12-31": "0.00%", "2015-09-30": "-0.35%", "2015-06-30": "1.50%", "2015-03-31": "3.71%", "2014-12-31": "11.69%", "2014-09-30": "13.90%", "2014-06-30": "13.02%", "2014-03-31": "15.45%", "2013-12-31": "15.29%", "2013-09-30": "16.81%", "2013-06-30": "18.99%", "2013-03-31": "18.50%", "2012-12-31": "18.25%", "2012-09-30": "19.13%", "2012-06-30": "15.76%", "2012-03-31": "15.25%", "2011-12-31": "13.45%", "2011-09-30": "11.73%", "2011-06-30": "13.48%", "2011-03-31": "15.85%", "2010-12-31": "18.89%", "2010-09-30": "20.54%", "2010-06-30": "18.92%", "2010-03-31": "17.76%", "2009-12-31": "19.19%", "2009-09-30": "20.76%", "2009-06-30": "28.94%", "2009-03-31": "33.71%", "2008-12-31": "33.93%", "2008-09-30": "35.76%", "2008-06-30": "35.95%", "2008-03-31": "41.64%", "2007-12-31": "52.02%", "2007-09-30": "69.17%", "2007-06-30": "81.97%", "2007-03-31": "97.13%", "2006-12-31": "90.89%", "2006-09-30": "84.47%", "2006-06-30": "72.82%", "2006-03-31": "55.89%", "2005-12-31": "49.19%"}, "return on assets": {"2020-09-30": "-2.08%", "2020-06-30": "-0.23%", "2020-03-31": "-0.66%", "2019-12-31": "0.18%", "2019-09-30": "0.74%", "2019-06-30": "-0.02%", "2019-03-31": "0.53%", "2018-12-31": "3.76%", "2018-09-30": "4.41%", "2018-06-30": "7.03%", "2018-03-31": "7.11%", "2017-12-31": "9.36%", "2017-09-30": "11.52%", "2017-06-30": "10.98%", "2017-03-31": "11.22%", "2016-12-31": "9.58%", "2016-09-30": "7.84%", "2016-06-30": "8.04%", "2016-03-31": "5.73%", "2015-12-31": "0.00%", "2015-09-30": "-0.10%", "2015-06-30": "0.50%", "2015-03-31": "1.39%", "2014-12-31": "4.44%", "2014-09-30": "5.30%", "2014-06-30": "4.79%", "2014-03-31": "5.58%", "2013-12-31": "5.39%", "2013-09-30": "5.73%", "2013-06-30": "6.20%", "2013-03-31": "5.98%", "2012-12-31": "5.90%", "2012-09-30": "6.12%", "2012-06-30": "5.10%", "2012-03-31": "5.01%", "2011-12-31": "4.42%", "2011-09-30": "3.91%", "2011-06-30": "4.52%", "2011-03-31": "5.21%", "2010-12-31": "6.13%", "2010-09-30": "6.52%", "2010-06-30": "5.80%", "2010-03-31": "5.26%", "2009-12-31": "5.15%", "2009-09-30": "4.99%", "2009-06-30": "6.11%", "2009-03-31": "6.10%", "2008-12-31": "5.76%", "2008-09-30": "5.59%", "2008-06-30": "5.65%", "2008-03-31": "6.34%", "2007-12-31": "7.54%", "2007-09-30": "9.62%", "2007-06-30": "8.95%", "2007-03-31": "8.87%", "2006-12-31": "8.60%", "2006-09-30": "8.72%", "2006-06-30": "9.28%", "2006-03-31": "9.30%", "2005-12-31": "9.45%"}, "return on investments": {"2020-09-30": "9.83%", "2020-06-30": "9.87%", "2020-03-31": "8.84%", "2019-12-31": "6.75%", "2019-09-30": "8.56%", "2019-06-30": "9.66%", "2019-03-31": "12.15%", "2018-12-31": "24.33%", "2018-09-30": "25.81%", "2018-06-30": "25.61%", "2018-03-31": "26.42%", "2017-12-31": "27.98%", "2017-09-30": "29.22%", "2017-06-30": "27.17%", "2017-03-31": "26.95%", "2016-12-31": "25.52%", "2016-09-30": "21.78%", "2016-06-30": "22.26%", "2016-03-31": "18.95%", "2015-12-31": "4.46%", "2015-09-30": "2.34%", "2015-06-30": "4.53%", "2015-03-31": "5.44%", "2014-12-31": "12.16%", "2014-09-30": "14.65%", "2014-06-30": "10.14%", "2014-03-31": "12.01%", "2013-12-31": "11.82%", "2013-09-30": "13.02%", "2013-06-30": "16.45%", "2013-03-31": "16.05%", "2012-12-31": "16.15%", "2012-09-30": "16.82%", "2012-06-30": "15.70%", "2012-03-31": "16.16%", "2011-12-31": "14.70%", "2011-09-30": "13.42%", "2011-06-30": "12.77%", "2011-03-31": "13.47%", "2010-12-31": "15.20%", "2010-09-30": "17.06%", "2010-06-30": "16.86%", "2010-03-31": "16.14%", "2009-12-31": "16.63%", "2009-09-30": "16.14%", "2009-06-30": "19.02%", "2009-03-31": "19.89%", "2008-12-31": "19.46%", "2008-09-30": "18.66%", "2008-06-30": "18.43%", "2008-03-31": "19.26%", "2007-12-31": "21.56%", "2007-09-30": "26.22%", "2007-06-30": "25.24%", "2007-03-31": "25.33%", "2006-12-31": "24.72%", "2006-09-30": "24.91%", "2006-06-30": "26.23%", "2006-03-31": "26.07%", "2005-12-31": "25.25%"}, "return on tangible equity": {"2020-09-30": "4.35%", "2020-06-30": "0.48%", "2020-03-31": "1.43%", "2019-12-31": "-0.42%", "2019-09-30": "-2.07%", "2019-06-30": "0.07%", "2019-03-31": "-2.25%", "2018-12-31": "-25.38%", "2018-09-30": "-22.53%", "2018-06-30": "-31.78%", "2018-03-31": "-32.58%", "2017-12-31": "-42.95%", "2017-09-30": "-51.40%", "2017-06-30": "-44.78%", "2017-03-31": "-52.32%", "2016-12-31": "-53.60%", "2016-09-30": "-57.98%", "2016-06-30": "-91.49%", "2016-03-31": "-39.53%", "2015-12-31": "0.00%", "2015-09-30": "0.70%", "2015-06-30": "-5.35%", "2015-03-31": "-16.15%", "2014-12-31": "-53.63%", "2014-09-30": "-62.27%", "2014-06-30": "-39.42%", "2014-03-31": "-42.99%", "2013-12-31": "-39.16%", "2013-09-30": "-38.35%", "2013-06-30": "-37.82%", "2013-03-31": "-35.09%", "2012-12-31": "-33.94%", "2012-09-30": "-34.25%", "2012-06-30": "-28.32%", "2012-03-31": "-29.05%", "2011-12-31": "-25.88%", "2011-09-30": "-23.64%", "2011-06-30": "-28.87%", "2011-03-31": "-31.64%", "2010-12-31": "-35.64%", "2010-09-30": "-35.96%", "2010-06-30": "-29.32%", "2010-03-31": "-25.46%", "2009-12-31": "-22.16%", "2009-09-30": "-19.29%", "2009-06-30": "-21.50%", "2009-03-31": "-19.48%", "2008-12-31": "-17.90%", "2008-09-30": "-16.74%", "2008-06-30": "-19.90%", "2008-03-31": "-27.46%", "2007-12-31": "-46.26%", "2007-09-30": "-147.71%", "2007-06-30": "-89.95%", "2007-03-31": "-71.95%", "2006-12-31": "-68.45%", "2006-09-30": "-73.16%", "2006-06-30": "-95.14%", "2006-03-31": "-161.29%", "2005-12-31": "-296.57%"}, "dividend yield history": {"last payout": "$1.20", "last yield": "2.53%"}}