{"ticker": "ENPH", "price": {"title": "Enphase Energy Historical Annual Stock Price Data", "value": 199.08, "historical": {"2020": {"Average Stock Price": "70.1604", "Year Open": "29.3400", "Year High": "181.3900", "Year Low": "23.9900", "Year Close": "175.4700", "Annual % Change": "571.53%"}, "2019": {"Average Stock Price": "17.5699", "Year Open": "4.9200", "Year High": "34.8300", "Year Low": "4.7600", "Year Close": "26.1300", "Annual % Change": "452.43%"}, "2018": {"Average Stock Price": "4.7058", "Year Open": "2.6000", "Year High": "7.4800", "Year Low": "1.9400", "Year Close": "4.7300", "Annual % Change": "96.27%"}, "2017": {"Average Stock Price": "1.3905", "Year Open": "1.0500", "Year High": "3.1400", "Year Low": "0.6990", "Year Close": "2.4100", "Annual % Change": "138.61%"}, "2016": {"Average Stock Price": "1.8875", "Year Open": "3.4900", "Year High": "3.4900", "Year Low": "0.9700", "Year Close": "1.0100", "Annual % Change": "-71.23%"}, "2015": {"Average Stock Price": "7.9927", "Year Open": "14.2100", "Year High": "15.1500", "Year Low": "1.6700", "Year Close": "3.5100", "Annual % Change": "-75.44%"}, "2014": {"Average Stock Price": "10.2854", "Year Open": "6.7800", "Year High": "17.3900", "Year Low": "6.6000", "Year Close": "14.2900", "Annual % Change": "125.39%"}, "2013": {"Average Stock Price": "6.6014", "Year Open": "3.7900", "Year High": "9.6600", "Year Low": "3.6700", "Year Close": "6.3400", "Annual % Change": "73.70%"}, "2012": {"Average Stock Price": "5.2831", "Year Open": "7.3400", "Year High": "8.8200", "Year Low": "1.9900", "Year Close": "3.6500", "Annual % Change": "0.00%"}}}, "market cap": {"value": "$25.28B"}, "income statement": {"Revenue": {"2019-12-31": "624.33300", "2018-12-31": "316.15900", "2017-12-31": "286.16600", "2016-12-31": "322.59100", "2015-12-31": "357.24900", "2014-12-31": "343.90400", "2013-12-31": "232.84600", "2012-12-31": "216.67800", "2011-12-31": "149.52300", "2010-12-31": "61.66100", "2009-12-31": "20.19400", "2008-12-31": "1.66800", "2007-12-31": ""}, "Cost Of Goods Sold": {"2019-12-31": "403.08800", "2018-12-31": "221.71400", "2017-12-31": "230.12300", "2016-12-31": "264.58300", "2015-12-31": "249.03200", "2014-12-31": "230.86100", "2013-12-31": "165.43000", "2012-12-31": "161.39000", "2011-12-31": "120.45400", "2010-12-31": "55.15900", "2009-12-31": "23.22300", "2008-12-31": "7.47500", "2007-12-31": ""}, "Gross Profit": {"2019-12-31": "221.24500", "2018-12-31": "94.44500", "2017-12-31": "56.04300", "2016-12-31": "58.00800", "2015-12-31": "108.21700", "2014-12-31": "113.04300", "2013-12-31": "67.41600", "2012-12-31": "55.28800", "2011-12-31": "29.06900", "2010-12-31": "6.50200", "2009-12-31": "-3.02900", "2008-12-31": "-5.80700", "2007-12-31": ""}, "Research And Development Expenses": {"2019-12-31": "40.38100", "2018-12-31": "32.58700", "2017-12-31": "33.15700", "2016-12-31": "50.70300", "2015-12-31": "50.81900", "2014-12-31": "45.38600", "2013-12-31": "34.52400", "2012-12-31": "35.60100", "2011-12-31": "25.09900", "2010-12-31": "14.29600", "2009-12-31": "8.41100", "2008-12-31": "5.35400", "2007-12-31": ""}, "SG&A Expenses": {"2019-12-31": "75.53600", "2018-12-31": "56.13300", "2017-12-31": "45.34700", "2016-12-31": "66.22800", "2015-12-31": "76.70700", "2014-12-31": "72.08600", "2013-12-31": "55.05000", "2012-12-31": "50.84800", "2011-12-31": "32.68200", "2010-12-31": "12.92300", "2009-12-31": "5.25400", "2008-12-31": "3.53600", "2007-12-31": ""}, "Other Operating Income Or Expenses": {"2019-12-31": "", "2018-12-31": "", "2017-12-31": "", "2016-12-31": "", "2015-12-31": "", "2014-12-31": "", "2013-12-31": "", "2012-12-31": "", "2011-12-31": "", "2010-12-31": "", "2009-12-31": "", "2008-12-31": "", "2007-12-31": ""}, "Operating Expenses": {"2019-12-31": "521.60400", "2018-12-31": "314.56300", "2017-12-31": "325.54400", "2016-12-31": "385.29100", "2015-12-31": "376.55800", "2014-12-31": "348.33300", "2013-12-31": "255.00400", "2012-12-31": "247.83900", "2011-12-31": "178.23500", "2010-12-31": "82.37800", "2009-12-31": "36.88800", "2008-12-31": "16.36500", "2007-12-31": ""}, "Operating Income": {"2019-12-31": "102.72900", "2018-12-31": "1.59600", "2017-12-31": "-39.37800", "2016-12-31": "-62.70000", "2015-12-31": "-19.30900", "2014-12-31": "-4.42900", "2013-12-31": "-22.15800", "2012-12-31": "-31.16100", "2011-12-31": "-28.71200", "2010-12-31": "-20.71700", "2009-12-31": "-16.69400", "2008-12-31": "-14.69700", "2007-12-31": ""}, "Total Non-Operating Income/Expense": {"2019-12-31": "-12.61500", "2018-12-31": "-11.82500", "2017-12-31": "-5.96300", "2016-12-31": "-3.28700", "2015-12-31": "-1.39400", "2014-12-31": "-2.85700", "2013-12-31": "-2.89200", "2012-12-31": "-6.40600", "2011-12-31": "-3.57800", "2010-12-31": "-1.06000", "2009-12-31": "-0.23100", "2008-12-31": "0.19600", "2007-12-31": ""}, "Pre-Tax Income": {"2019-12-31": "90.11400", "2018-12-31": "-10.22900", "2017-12-31": "-45.34100", "2016-12-31": "-65.98700", "2015-12-31": "-20.70300", "2014-12-31": "-7.28600", "2013-12-31": "-25.05000", "2012-12-31": "-37.56700", "2011-12-31": "-32.29000", "2010-12-31": "-21.77700", "2009-12-31": "-16.92500", "2008-12-31": "-14.50100", "2007-12-31": ""}, "Income Taxes": {"2019-12-31": "-71.03400", "2018-12-31": "1.39800", "2017-12-31": "-0.14900", "2016-12-31": "1.47500", "2015-12-31": "1.37900", "2014-12-31": "0.76600", "2013-12-31": "0.86300", "2012-12-31": "0.65100", "2011-12-31": "", "2010-12-31": "0.00000", "2009-12-31": "", "2008-12-31": "", "2007-12-31": ""}, "Income After Taxes": {"2019-12-31": "161.14800", "2018-12-31": "-11.62700", "2017-12-31": "-45.19200", "2016-12-31": "-67.46200", "2015-12-31": "-22.08200", "2014-12-31": "-8.05200", "2013-12-31": "-25.91300", "2012-12-31": "-38.21800", "2011-12-31": "-32.29000", "2010-12-31": "-21.77700", "2009-12-31": "-16.92500", "2008-12-31": "-14.50100", "2007-12-31": ""}, "Other Income": {"2019-12-31": "", "2018-12-31": "", "2017-12-31": "", "2016-12-31": "", "2015-12-31": "", "2014-12-31": "", "2013-12-31": "", "2012-12-31": "", "2011-12-31": "", "2010-12-31": "", "2009-12-31": "", "2008-12-31": "", "2007-12-31": ""}, "Income From Continuous Operations": {"2019-12-31": "161.14800", "2018-12-31": "-11.62700", "2017-12-31": "-45.19200", "2016-12-31": "-67.46200", "2015-12-31": "-22.08200", "2014-12-31": "-8.05200", "2013-12-31": "-25.91300", "2012-12-31": "-38.21800", "2011-12-31": "-32.29000", "2010-12-31": "-21.77700", "2009-12-31": "-16.92500", "2008-12-31": "-14.50100", "2007-12-31": "-3.08900"}, "Income From Discontinued Operations": {"2019-12-31": "", "2018-12-31": "", "2017-12-31": "", "2016-12-31": "", "2015-12-31": "", "2014-12-31": "", "2013-12-31": "", "2012-12-31": "", "2011-12-31": "", "2010-12-31": "", "2009-12-31": "", "2008-12-31": "", "2007-12-31": "0.00000"}, "Net Income": {"2019-12-31": "161.14800", "2018-12-31": "-11.62700", "2017-12-31": "-45.19200", "2016-12-31": "-67.46200", "2015-12-31": "-22.08200", "2014-12-31": "-8.05200", "2013-12-31": "-25.91300", "2012-12-31": "-38.21800", "2011-12-31": "-32.29000", "2010-12-31": "-21.77700", "2009-12-31": "-16.92500", "2008-12-31": "-14.50100", "2007-12-31": "-3.08900"}, "EBITDA": {"2019-12-31": "116.84800", "2018-12-31": "11.26300", "2017-12-31": "-30.37400", "2016-12-31": "-51.91700", "2015-12-31": "-8.60700", "2014-12-31": "4.31300", "2013-12-31": "-15.17700", "2012-12-31": "-25.59300", "2011-12-31": "-25.68000", "2010-12-31": "-19.16700", "2009-12-31": "-15.89100", "2008-12-31": "-14.36500", "2007-12-31": ""}, "EBIT": {"2019-12-31": "102.72900", "2018-12-31": "1.59600", "2017-12-31": "-39.37800", "2016-12-31": "-62.70000", "2015-12-31": "-19.30900", "2014-12-31": "-4.42900", "2013-12-31": "-22.15800", "2012-12-31": "-31.16100", "2011-12-31": "-28.71200", "2010-12-31": "-20.71700", "2009-12-31": "-16.69400", "2008-12-31": "-14.69700", "2007-12-31": ""}, "Basic Shares Outstanding": {"2019-12-31": "116.71300", "2018-12-31": "99.61900", "2017-12-31": "82.93900", "2016-12-31": "50.51900", "2015-12-31": "44.63200", "2014-12-31": "42.90300", "2013-12-31": "41.64700", "2012-12-31": "30.74000", "2011-12-31": "1.25500", "2010-12-31": "0.75200", "2009-12-31": "0.65300", "2008-12-31": "5.33300", "2007-12-31": "0.33500"}, "Shares Outstanding": {"2019-12-31": "131.64400", "2018-12-31": "99.61900", "2017-12-31": "82.93900", "2016-12-31": "50.51900", "2015-12-31": "44.63200", "2014-12-31": "42.90300", "2013-12-31": "41.64700", "2012-12-31": "30.74000", "2011-12-31": "1.25500", "2010-12-31": "0.75200", "2009-12-31": "0.65300", "2008-12-31": "5.33300", "2007-12-31": "0.33500"}, "Basic EPS": {"2019-12-31": "1.38000", "2018-12-31": "-0.12000", "2017-12-31": "-0.54000", "2016-12-31": "-1.34000", "2015-12-31": "-0.49000", "2014-12-31": "-0.19000", "2013-12-31": "-0.62000", "2012-12-31": "-1.24000", "2011-12-31": "-25.73000", "2010-12-31": "-28.96000", "2009-12-31": "-25.92000", "2008-12-31": "-2.72000", "2007-12-31": "-9.22000"}, "EPS - Earnings Per Share": {"2019-12-31": "1.23000", "2018-12-31": "-0.12000", "2017-12-31": "-0.54000", "2016-12-31": "-1.34000", "2015-12-31": "-0.49000", "2014-12-31": "-0.19000", "2013-12-31": "-0.62000", "2012-12-31": "-1.24000", "2011-12-31": "-25.73000", "2010-12-31": "-28.96000", "2009-12-31": "-25.92000", "2008-12-31": "-2.72000", "2007-12-31": "-9.22000"}}, "income statement, quarterly": {"Revenue": {"2020-09-30": "178.50300", "2020-06-30": "125.53800", "2020-03-31": "205.54500", "2019-12-31": "210.03200", "2019-09-30": "180.05700", "2019-06-30": "134.09400", "2019-03-31": "100.15000", "2018-12-31": "92.28900", "2018-09-30": "78.00200", "2018-06-30": "75.89600", "2018-03-31": "69.97200", "2017-12-31": "79.67300", "2017-09-30": "77.03800", "2017-06-30": "74.70400", "2017-03-31": "54.75100", "2016-12-31": "90.60100", "2016-09-30": "88.68400", "2016-06-30": "79.18500", "2016-03-31": "64.12100", "2015-12-31": "65.62900", "2015-09-30": "102.87400", "2015-06-30": "102.09300", "2015-03-31": "86.65300", "2014-12-31": "105.20700", "2014-09-30": "99.11300", "2014-06-30": "82.00400", "2014-03-31": "57.58000", "2013-12-31": "67.05600", "2013-09-30": "62.04600", "2013-06-30": "58.16700", "2013-03-31": "45.57700", "2012-12-31": "57.56800", "2012-09-30": "60.81300", "2012-06-30": "55.69700", "2012-03-31": "42.60000", "2011-12-31": "57.13400", "2011-09-30": "44.72800", "2011-06-30": "29.59200", "2011-03-31": "18.06900", "2010-12-31": "20.63000", "2010-09-30": "18.69000", "2010-06-30": "10.76900", "2010-03-31": "11.58700", "2009-12-31": "", "2008-12-31": ""}, "Cost Of Goods Sold": {"2020-09-30": "83.52200", "2020-06-30": "77.15100", "2020-03-31": "124.87000", "2019-12-31": "132.15100", "2019-09-30": "115.35100", "2019-06-30": "88.77500", "2019-03-31": "66.81100", "2018-12-31": "64.12400", "2018-09-30": "52.73800", "2018-06-30": "53.19500", "2018-03-31": "51.65700", "2017-12-31": "60.68600", "2017-09-30": "60.57700", "2017-06-30": "61.15700", "2017-03-31": "47.70300", "2016-12-31": "74.36800", "2016-09-30": "72.80500", "2016-06-30": "65.04900", "2016-03-31": "52.36100", "2015-12-31": "49.92900", "2015-09-30": "71.40800", "2015-06-30": "69.06600", "2015-03-31": "58.62900", "2014-12-31": "70.17200", "2014-09-30": "66.59200", "2014-06-30": "55.17200", "2014-03-31": "38.92500", "2013-12-31": "45.56000", "2013-09-30": "44.61100", "2013-06-30": "41.88300", "2013-03-31": "33.37600", "2012-12-31": "41.51200", "2012-09-30": "44.48900", "2012-06-30": "42.09600", "2012-03-31": "33.29300", "2011-12-31": "44.06300", "2011-09-30": "36.18500", "2011-06-30": "24.78500", "2011-03-31": "15.42100", "2010-12-31": "18.41000", "2010-09-30": "16.65000", "2010-06-30": "9.46400", "2010-03-31": "10.63100", "2009-12-31": "", "2008-12-31": ""}, "Gross Profit": {"2020-09-30": "94.98100", "2020-06-30": "48.38700", "2020-03-31": "80.67500", "2019-12-31": "77.88100", "2019-09-30": "64.70600", "2019-06-30": "45.31900", "2019-03-31": "33.33900", "2018-12-31": "28.16500", "2018-09-30": "25.26400", "2018-06-30": "22.70100", "2018-03-31": "18.31500", "2017-12-31": "18.98700", "2017-09-30": "16.46100", "2017-06-30": "13.54700", "2017-03-31": "7.04800", "2016-12-31": "16.23300", "2016-09-30": "15.87900", "2016-06-30": "14.13600", "2016-03-31": "11.76000", "2015-12-31": "15.70000", "2015-09-30": "31.46600", "2015-06-30": "33.02700", "2015-03-31": "28.02400", "2014-12-31": "35.03500", "2014-09-30": "32.52100", "2014-06-30": "26.83200", "2014-03-31": "18.65500", "2013-12-31": "21.49600", "2013-09-30": "17.43500", "2013-06-30": "16.28400", "2013-03-31": "12.20100", "2012-12-31": "16.05600", "2012-09-30": "16.32400", "2012-06-30": "13.60100", "2012-03-31": "9.30700", "2011-12-31": "13.07100", "2011-09-30": "8.54300", "2011-06-30": "4.80700", "2011-03-31": "2.64800", "2010-12-31": "2.22000", "2010-09-30": "2.04000", "2010-06-30": "1.30500", "2010-03-31": "0.95600", "2009-12-31": "", "2008-12-31": ""}, "Research And Development Expenses": {"2020-09-30": "15.05200", "2020-06-30": "13.19200", "2020-03-31": "11.87600", "2019-12-31": "11.16800", "2019-09-30": "11.08500", "2019-06-30": "9.60400", "2019-03-31": "8.52400", "2018-12-31": "7.34000", "2018-09-30": "8.16500", "2018-06-30": "9.46200", "2018-03-31": "7.62000", "2017-12-31": "8.20800", "2017-09-30": "7.39700", "2017-06-30": "7.94700", "2017-03-31": "9.60500", "2016-12-31": "11.37700", "2016-09-30": "13.16900", "2016-06-30": "13.09100", "2016-03-31": "13.06600", "2015-12-31": "12.54400", "2015-09-30": "12.05900", "2015-06-30": "12.78600", "2015-03-31": "13.43000", "2014-12-31": "13.04000", "2014-09-30": "12.11200", "2014-06-30": "11.14800", "2014-03-31": "9.08600", "2013-12-31": "8.72100", "2013-09-30": "8.29300", "2013-06-30": "8.48400", "2013-03-31": "9.02600", "2012-12-31": "8.53300", "2012-09-30": "10.57100", "2012-06-30": "8.65500", "2012-03-31": "7.84200", "2011-12-31": "7.18000", "2011-09-30": "6.43100", "2011-06-30": "6.14300", "2011-03-31": "5.34500", "2010-12-31": "4.44000", "2010-09-30": "3.96800", "2010-06-30": "3.16000", "2010-03-31": "2.73500", "2009-12-31": "", "2008-12-31": ""}, "SG&A Expenses": {"2020-09-30": "28.17000", "2020-06-30": "24.34100", "2020-03-31": "24.08700", "2019-12-31": "21.14000", "2019-09-30": "19.44600", "2019-06-30": "17.63700", "2019-03-31": "17.31300", "2018-12-31": "14.28100", "2018-09-30": "14.88500", "2018-06-30": "13.79700", "2018-03-31": "13.17000", "2017-12-31": "10.92400", "2017-09-30": "10.89400", "2017-06-30": "11.23800", "2017-03-31": "12.29100", "2016-12-31": "13.88900", "2016-09-30": "17.72400", "2016-06-30": "16.83300", "2016-03-31": "17.78200", "2015-12-31": "18.32700", "2015-09-30": "17.62800", "2015-06-30": "20.61000", "2015-03-31": "20.14200", "2014-12-31": "20.04400", "2014-09-30": "18.51600", "2014-06-30": "18.17200", "2014-03-31": "15.35400", "2013-12-31": "14.38600", "2013-09-30": "14.48700", "2013-06-30": "13.29100", "2013-03-31": "12.88600", "2012-12-31": "13.70200", "2012-09-30": "13.95000", "2012-06-30": "12.45100", "2012-03-31": "10.74500", "2011-12-31": "9.72100", "2011-09-30": "8.54700", "2011-06-30": "8.15400", "2011-03-31": "6.26000", "2010-12-31": "4.46000", "2010-09-30": "3.85400", "2010-06-30": "2.66700", "2010-03-31": "1.95400", "2009-12-31": "", "2008-12-31": ""}, "Other Operating Income Or Expenses": {"2020-09-30": "", "2020-06-30": "", "2020-03-31": "", "2019-12-31": "", "2019-09-30": "", "2019-06-30": "", "2019-03-31": "", "2018-12-31": "", "2018-09-30": "", "2018-06-30": "", "2018-03-31": "", "2017-12-31": "", "2017-09-30": "", "2017-06-30": "", "2017-03-31": "", "2016-12-31": "", "2016-09-30": "", "2016-06-30": "", "2016-03-31": "", "2015-12-31": "", "2015-09-30": "", "2015-06-30": "", "2015-03-31": "", "2014-12-31": "", "2014-09-30": "", "2014-06-30": "", "2014-03-31": "", "2013-12-31": "", "2013-09-30": "", "2013-06-30": "", "2013-03-31": "", "2012-12-31": "", "2012-09-30": "", "2012-06-30": "", "2012-03-31": "", "2011-12-31": "", "2011-09-30": "", "2011-06-30": "", "2011-03-31": "", "2010-12-31": "", "2010-09-30": "", "2010-06-30": "", "2010-03-31": "", "2009-12-31": "", "2008-12-31": ""}, "Operating Expenses": {"2020-09-30": "126.74400", "2020-06-30": "114.68400", "2020-03-31": "160.83300", "2019-12-31": "165.59000", "2019-09-30": "146.35100", "2019-06-30": "116.64700", "2019-03-31": "93.01600", "2018-12-31": "87.28600", "2018-09-30": "78.37600", "2018-06-30": "76.45400", "2018-03-31": "72.44700", "2017-12-31": "81.80800", "2017-09-30": "82.93900", "2017-06-30": "83.95100", "2017-03-31": "76.84600", "2016-12-31": "100.69400", "2016-09-30": "106.41500", "2016-06-30": "94.97300", "2016-03-31": "83.20900", "2015-12-31": "80.80000", "2015-09-30": "101.09500", "2015-06-30": "102.46200", "2015-03-31": "92.20100", "2014-12-31": "103.25600", "2014-09-30": "97.22000", "2014-06-30": "84.49200", "2014-03-31": "63.36500", "2013-12-31": "68.66700", "2013-09-30": "67.39100", "2013-06-30": "63.65800", "2013-03-31": "55.28800", "2012-12-31": "63.74700", "2012-09-30": "69.01000", "2012-06-30": "63.20200", "2012-03-31": "51.88000", "2011-12-31": "60.96400", "2011-09-30": "51.16300", "2011-06-30": "39.08200", "2011-03-31": "27.02600", "2010-12-31": "27.31000", "2010-09-30": "24.47200", "2010-06-30": "15.29100", "2010-03-31": "15.32000", "2009-12-31": "", "2008-12-31": ""}, "Operating Income": {"2020-09-30": "51.75900", "2020-06-30": "10.85400", "2020-03-31": "44.71200", "2019-12-31": "44.44200", "2019-09-30": "33.70600", "2019-06-30": "17.44700", "2019-03-31": "7.13400", "2018-12-31": "5.00300", "2018-09-30": "-0.37400", "2018-06-30": "-0.55800", "2018-03-31": "-2.47500", "2017-12-31": "-2.13500", "2017-09-30": "-5.90100", "2017-06-30": "-9.24700", "2017-03-31": "-22.09500", "2016-12-31": "-10.09300", "2016-09-30": "-17.73100", "2016-06-30": "-15.78800", "2016-03-31": "-19.08800", "2015-12-31": "-15.17100", "2015-09-30": "1.77900", "2015-06-30": "-0.36900", "2015-03-31": "-5.54800", "2014-12-31": "1.95100", "2014-09-30": "1.89300", "2014-06-30": "-2.48800", "2014-03-31": "-5.78500", "2013-12-31": "-1.61100", "2013-09-30": "-5.34500", "2013-06-30": "-5.49100", "2013-03-31": "-9.71100", "2012-12-31": "-6.17900", "2012-09-30": "-8.19700", "2012-06-30": "-7.50500", "2012-03-31": "-9.28000", "2011-12-31": "-3.83000", "2011-09-30": "-6.43500", "2011-06-30": "-9.49000", "2011-03-31": "-8.95700", "2010-12-31": "-6.68000", "2010-09-30": "-5.78200", "2010-06-30": "-4.52200", "2010-03-31": "-3.73300", "2009-12-31": "", "2008-12-31": ""}, "Total Non-Operating Income/Expense": {"2020-09-30": "-6.91400", "2020-06-30": "-64.70900", "2020-03-31": "12.35600", "2019-12-31": "-0.02100", "2019-09-30": "-2.33500", "2019-06-30": "-6.23800", "2019-03-31": "-4.02100", "2018-12-31": "-3.71800", "2018-09-30": "-2.84800", "2018-06-30": "-2.84100", "2018-03-31": "-2.41800", "2017-12-31": "-1.75500", "2017-09-30": "-1.13700", "2017-06-30": "-1.99200", "2017-03-31": "-1.07900", "2016-12-31": "-2.34400", "2016-09-30": "-0.88100", "2016-06-30": "-0.59100", "2016-03-31": "0.52900", "2015-12-31": "0.06300", "2015-09-30": "-0.84400", "2015-06-30": "-0.00800", "2015-03-31": "-0.60500", "2014-12-31": "-1.13400", "2014-09-30": "-0.95300", "2014-06-30": "-0.42800", "2014-03-31": "-0.34200", "2013-12-31": "-0.78300", "2013-09-30": "-0.81500", "2013-06-30": "-0.78100", "2013-03-31": "-0.51300", "2012-12-31": "-1.25800", "2012-09-30": "-0.58000", "2012-06-30": "-3.72900", "2012-03-31": "-0.83900", "2011-12-31": "-1.70700", "2011-09-30": "-0.74100", "2011-06-30": "-0.79800", "2011-03-31": "-0.33200", "2010-12-31": "-0.35000", "2010-09-30": "-0.32200", "2010-06-30": "-0.32900", "2010-03-31": "-0.06600", "2009-12-31": "", "2008-12-31": ""}, "Pre-Tax Income": {"2020-09-30": "44.84500", "2020-06-30": "-53.85500", "2020-03-31": "57.06800", "2019-12-31": "44.42100", "2019-09-30": "31.37100", "2019-06-30": "11.20900", "2019-03-31": "3.11300", "2018-12-31": "1.28500", "2018-09-30": "-3.22200", "2018-06-30": "-3.39900", "2018-03-31": "-4.89300", "2017-12-31": "-3.89000", "2017-09-30": "-7.03800", "2017-06-30": "-11.23900", "2017-03-31": "-23.17400", "2016-12-31": "-12.43700", "2016-09-30": "-18.61200", "2016-06-30": "-16.37900", "2016-03-31": "-18.55900", "2015-12-31": "-15.10800", "2015-09-30": "0.93500", "2015-06-30": "-0.37700", "2015-03-31": "-6.15300", "2014-12-31": "0.81700", "2014-09-30": "0.94000", "2014-06-30": "-2.91600", "2014-03-31": "-6.12700", "2013-12-31": "-2.39400", "2013-09-30": "-6.16000", "2013-06-30": "-6.27200", "2013-03-31": "-10.22400", "2012-12-31": "-7.43700", "2012-09-30": "-8.77700", "2012-06-30": "-11.23400", "2012-03-31": "-10.11900", "2011-12-31": "-5.53700", "2011-09-30": "-7.17600", "2011-06-30": "-10.28800", "2011-03-31": "-9.28900", "2010-12-31": "-7.03000", "2010-09-30": "-6.10400", "2010-06-30": "-4.85100", "2010-03-31": "-3.79900", "2009-12-31": "", "2008-12-31": ""}, "Income Taxes": {"2020-09-30": "5.48300", "2020-06-30": "-6.56100", "2020-03-31": "-11.86800", "2019-12-31": "-72.24500", "2019-09-30": "0.27200", "2019-06-30": "0.59100", "2019-03-31": "0.34800", "2018-12-31": "0.57600", "2018-09-30": "0.24800", "2018-06-30": "0.33900", "2018-03-31": "0.23500", "2017-12-31": "-0.95000", "2017-09-30": "-0.18400", "2017-06-30": "0.85400", "2017-03-31": "0.13100", "2016-12-31": "0.75100", "2016-09-30": "0.14400", "2016-06-30": "0.34400", "2016-03-31": "0.23600", "2015-12-31": "0.67500", "2015-09-30": "0.31100", "2015-06-30": "0.22600", "2015-03-31": "0.16700", "2014-12-31": "0.41500", "2014-09-30": "0.12700", "2014-06-30": "0.11500", "2014-03-31": "0.10900", "2013-12-31": "0.41600", "2013-09-30": "0.14100", "2013-06-30": "0.12400", "2013-03-31": "0.18200", "2012-12-31": "0.30500", "2012-09-30": "0.13000", "2012-06-30": "0.15100", "2012-03-31": "0.06500", "2011-12-31": "", "2011-09-30": "0.00000", "2011-06-30": "", "2011-03-31": "", "2010-12-31": "0.00000", "2010-09-30": "", "2010-06-30": "", "2010-03-31": "", "2009-12-31": "", "2008-12-31": ""}, "Income After Taxes": {"2020-09-30": "39.36200", "2020-06-30": "-47.29400", "2020-03-31": "68.93600", "2019-12-31": "116.66600", "2019-09-30": "31.09900", "2019-06-30": "10.61800", "2019-03-31": "2.76500", "2018-12-31": "0.70900", "2018-09-30": "-3.47000", "2018-06-30": "-3.73800", "2018-03-31": "-5.12800", "2017-12-31": "-2.94000", "2017-09-30": "-6.85400", "2017-06-30": "-12.09300", "2017-03-31": "-23.30500", "2016-12-31": "-13.18800", "2016-09-30": "-18.75600", "2016-06-30": "-16.72300", "2016-03-31": "-18.79500", "2015-12-31": "-15.78300", "2015-09-30": "0.62400", "2015-06-30": "-0.60300", "2015-03-31": "-6.32000", "2014-12-31": "0.40200", "2014-09-30": "0.81300", "2014-06-30": "-3.03100", "2014-03-31": "-6.23600", "2013-12-31": "-2.81000", "2013-09-30": "-6.30100", "2013-06-30": "-6.39600", "2013-03-31": "-10.40600", "2012-12-31": "-7.74200", "2012-09-30": "-8.90700", "2012-06-30": "-11.38500", "2012-03-31": "-10.18400", "2011-12-31": "-5.53700", "2011-09-30": "-7.17600", "2011-06-30": "-10.28800", "2011-03-31": "-9.28900", "2010-12-31": "-7.03000", "2010-09-30": "-6.10400", "2010-06-30": "-4.85100", "2010-03-31": "-3.79900", "2009-12-31": "", "2008-12-31": ""}, "Other Income": {"2020-09-30": "", "2020-06-30": "", "2020-03-31": "", "2019-12-31": "", "2019-09-30": "", "2019-06-30": "", "2019-03-31": "", "2018-12-31": "", "2018-09-30": "", "2018-06-30": "", "2018-03-31": "", "2017-12-31": "", "2017-09-30": "", "2017-06-30": "", "2017-03-31": "", "2016-12-31": "", "2016-09-30": "", "2016-06-30": "", "2016-03-31": "", "2015-12-31": "", "2015-09-30": "", "2015-06-30": "", "2015-03-31": "", "2014-12-31": "", "2014-09-30": "", "2014-06-30": "", "2014-03-31": "", "2013-12-31": "", "2013-09-30": "", "2013-06-30": "", "2013-03-31": "", "2012-12-31": "", "2012-09-30": "", "2012-06-30": "", "2012-03-31": "", "2011-12-31": "", "2011-09-30": "", "2011-06-30": "", "2011-03-31": "", "2010-12-31": "", "2010-09-30": "", "2010-06-30": "", "2010-03-31": "", "2009-12-31": "", "2008-12-31": ""}, "Income From Continuous Operations": {"2020-09-30": "39.36200", "2020-06-30": "-47.29400", "2020-03-31": "68.93600", "2019-12-31": "116.66600", "2019-09-30": "31.09900", "2019-06-30": "10.61800", "2019-03-31": "2.76500", "2018-12-31": "0.70900", "2018-09-30": "-3.47000", "2018-06-30": "-3.73800", "2018-03-31": "-5.12800", "2017-12-31": "-2.94000", "2017-09-30": "-6.85400", "2017-06-30": "-12.09300", "2017-03-31": "-23.30500", "2016-12-31": "-13.18800", "2016-09-30": "-18.75600", "2016-06-30": "-16.72300", "2016-03-31": "-18.79500", "2015-12-31": "-15.78300", "2015-09-30": "0.62400", "2015-06-30": "-0.60300", "2015-03-31": "-6.32000", "2014-12-31": "0.40200", "2014-09-30": "0.81300", "2014-06-30": "-3.03100", "2014-03-31": "-6.23600", "2013-12-31": "-2.81000", "2013-09-30": "-6.30100", "2013-06-30": "-6.39600", "2013-03-31": "-10.40600", "2012-12-31": "-7.74200", "2012-09-30": "-8.90700", "2012-06-30": "-11.38500", "2012-03-31": "-10.18400", "2011-12-31": "-5.53700", "2011-09-30": "-7.17600", "2011-06-30": "-10.28800", "2011-03-31": "-9.28900", "2010-12-31": "-7.03000", "2010-09-30": "-6.10400", "2010-06-30": "-4.85100", "2010-03-31": "-3.79900", "2009-12-31": "", "2008-12-31": ""}, "Income From Discontinued Operations": {"2020-09-30": "", "2020-06-30": "", "2020-03-31": "", "2019-12-31": "", "2019-09-30": "", "2019-06-30": "", "2019-03-31": "", "2018-12-31": "", "2018-09-30": "", "2018-06-30": "", "2018-03-31": "", "2017-12-31": "", "2017-09-30": "", "2017-06-30": "", "2017-03-31": "", "2016-12-31": "", "2016-09-30": "", "2016-06-30": "", "2016-03-31": "", "2015-12-31": "", "2015-09-30": "", "2015-06-30": "", "2015-03-31": "", "2014-12-31": "", "2014-09-30": "", "2014-06-30": "", "2014-03-31": "", "2013-12-31": "", "2013-09-30": "", "2013-06-30": "", "2013-03-31": "", "2012-12-31": "", "2012-09-30": "", "2012-06-30": "", "2012-03-31": "", "2011-12-31": "", "2011-09-30": "", "2011-06-30": "", "2011-03-31": "", "2010-12-31": "0.00000", "2010-09-30": "", "2010-06-30": "", "2010-03-31": "", "2009-12-31": "", "2008-12-31": ""}, "Net Income": {"2020-09-30": "39.36200", "2020-06-30": "-47.29400", "2020-03-31": "68.93600", "2019-12-31": "116.66600", "2019-09-30": "31.09900", "2019-06-30": "10.61800", "2019-03-31": "2.76500", "2018-12-31": "0.70900", "2018-09-30": "-3.47000", "2018-06-30": "-3.73800", "2018-03-31": "-5.12800", "2017-12-31": "-2.94000", "2017-09-30": "-6.85400", "2017-06-30": "-12.09300", "2017-03-31": "-23.30500", "2016-12-31": "-13.18800", "2016-09-30": "-18.75600", "2016-06-30": "-16.72300", "2016-03-31": "-18.79500", "2015-12-31": "-15.78300", "2015-09-30": "0.62400", "2015-06-30": "-0.60300", "2015-03-31": "-6.32000", "2014-12-31": "0.40200", "2014-09-30": "0.81300", "2014-06-30": "-3.03100", "2014-03-31": "-6.23600", "2013-12-31": "-2.81000", "2013-09-30": "-6.30100", "2013-06-30": "-6.39600", "2013-03-31": "-10.40600", "2012-12-31": "-7.74200", "2012-09-30": "-8.90700", "2012-06-30": "-11.38500", "2012-03-31": "-10.18400", "2011-12-31": "-5.53700", "2011-09-30": "-7.17600", "2011-06-30": "-10.28800", "2011-03-31": "-9.28900", "2010-12-31": "-7.03000", "2010-09-30": "-6.10400", "2010-06-30": "-4.85100", "2010-03-31": "-3.79900", "2009-12-31": "", "2008-12-31": ""}, "EBITDA": {"2020-09-30": "56.52400", "2020-06-30": "14.99500", "2020-03-31": "48.55600", "2019-12-31": "47.01000", "2019-09-30": "37.56300", "2019-06-30": "21.56900", "2019-03-31": "10.70600", "2018-12-31": "5.84000", "2018-09-30": "3.98700", "2018-06-30": "1.09800", "2018-03-31": "0.33800", "2017-12-31": "-1.23100", "2017-09-30": "-3.44700", "2017-06-30": "-6.87400", "2017-03-31": "-18.82200", "2016-12-31": "-7.45000", "2016-09-30": "-15.03500", "2016-06-30": "-13.05200", "2016-03-31": "-16.38000", "2015-12-31": "-12.29300", "2015-09-30": "4.54900", "2015-06-30": "2.15300", "2015-03-31": "-3.01600", "2014-12-31": "4.68900", "2014-09-30": "3.99500", "2014-06-30": "-0.49600", "2014-03-31": "-3.87500", "2013-12-31": "0.24800", "2013-09-30": "-3.59200", "2013-06-30": "-3.78200", "2013-03-31": "-8.05100", "2012-12-31": "-4.54900", "2012-09-30": "-6.71000", "2012-06-30": "-6.13900", "2012-03-31": "-8.19500", "2011-12-31": "-2.81800", "2011-09-30": "-5.62700", "2011-06-30": "-8.82200", "2011-03-31": "-8.41300", "2010-12-31": "-6.21100", "2010-09-30": "-5.35100", "2010-06-30": "-4.16300", "2010-03-31": "-3.44200", "2009-12-31": "", "2008-12-31": ""}, "EBIT": {"2020-09-30": "51.75900", "2020-06-30": "10.85400", "2020-03-31": "44.71200", "2019-12-31": "44.44200", "2019-09-30": "33.70600", "2019-06-30": "17.44700", "2019-03-31": "7.13400", "2018-12-31": "5.00300", "2018-09-30": "-0.37400", "2018-06-30": "-0.55800", "2018-03-31": "-2.47500", "2017-12-31": "-2.13500", "2017-09-30": "-5.90100", "2017-06-30": "-9.24700", "2017-03-31": "-22.09500", "2016-12-31": "-10.09300", "2016-09-30": "-17.73100", "2016-06-30": "-15.78800", "2016-03-31": "-19.08800", "2015-12-31": "-15.17100", "2015-09-30": "1.77900", "2015-06-30": "-0.36900", "2015-03-31": "-5.54800", "2014-12-31": "1.95100", "2014-09-30": "1.89300", "2014-06-30": "-2.48800", "2014-03-31": "-5.78500", "2013-12-31": "-1.61100", "2013-09-30": "-5.34500", "2013-06-30": "-5.49100", "2013-03-31": "-9.71100", "2012-12-31": "-6.17900", "2012-09-30": "-8.19700", "2012-06-30": "-7.50500", "2012-03-31": "-9.28000", "2011-12-31": "-3.83000", "2011-09-30": "-6.43500", "2011-06-30": "-9.49000", "2011-03-31": "-8.95700", "2010-12-31": "-6.68000", "2010-09-30": "-5.78200", "2010-06-30": "-4.52200", "2010-03-31": "-3.73300", "2009-12-31": "", "2008-12-31": ""}, "Basic Shares Outstanding": {"2020-09-30": "126.10900", "2020-06-30": "125.60300", "2020-03-31": "123.53100", "2019-12-31": "116.71300", "2019-09-30": "122.12300", "2019-06-30": "113.67700", "2019-03-31": "108.19500", "2018-12-31": "99.61900", "2018-09-30": "102.79800", "2018-06-30": "97.32100", "2018-03-31": "91.42200", "2017-12-31": "82.93900", "2017-09-30": "84.86200", "2017-06-30": "84.43400", "2017-03-31": "76.65100", "2016-12-31": "50.51900", "2016-09-30": "47.27800", "2016-06-30": "46.62000", "2016-03-31": "46.20900", "2015-12-31": "44.63200", "2015-09-30": "44.73400", "2015-06-30": "44.31900", "2015-03-31": "43.95000", "2014-12-31": "42.90300", "2014-09-30": "43.12800", "2014-06-30": "42.64800", "2014-03-31": "42.20500", "2013-12-31": "41.64700", "2013-09-30": "41.77700", "2013-06-30": "41.61700", "2013-03-31": "41.14900", "2012-12-31": "30.74000", "2012-09-30": "40.75500", "2012-06-30": "39.46100", "2012-03-31": "1.70600", "2011-12-31": "1.25500", "2011-09-30": "1.50300", "2011-06-30": "1.03400", "2011-03-31": "0.84800", "2010-12-31": "", "2010-09-30": "", "2010-06-30": "", "2010-03-31": "", "2009-12-31": "", "2008-12-31": ""}, "Shares Outstanding": {"2020-09-30": "141.82000", "2020-06-30": "125.60300", "2020-03-31": "138.10400", "2019-12-31": "131.64400", "2019-09-30": "133.61100", "2019-06-30": "130.73700", "2019-03-31": "115.86300", "2018-12-31": "99.61900", "2018-09-30": "102.79800", "2018-06-30": "97.32100", "2018-03-31": "91.42200", "2017-12-31": "82.93900", "2017-09-30": "84.86200", "2017-06-30": "84.43400", "2017-03-31": "76.65100", "2016-12-31": "50.51900", "2016-09-30": "47.27800", "2016-06-30": "46.62000", "2016-03-31": "46.20900", "2015-12-31": "44.63200", "2015-09-30": "47.99600", "2015-06-30": "44.31900", "2015-03-31": "43.95000", "2014-12-31": "42.90300", "2014-09-30": "48.78600", "2014-06-30": "42.64800", "2014-03-31": "42.20500", "2013-12-31": "41.64700", "2013-09-30": "41.77700", "2013-06-30": "41.61700", "2013-03-31": "41.14900", "2012-12-31": "30.74000", "2012-09-30": "40.75500", "2012-06-30": "39.46100", "2012-03-31": "1.70600", "2011-12-31": "1.25500", "2011-09-30": "1.50300", "2011-06-30": "1.03400", "2011-03-31": "0.84800", "2010-12-31": "", "2010-09-30": "", "2010-06-30": "", "2010-03-31": "", "2009-12-31": "", "2008-12-31": ""}, "Basic EPS": {"2020-09-30": "0.31000", "2020-06-30": "-0.38000", "2020-03-31": "0.56000", "2019-12-31": "1.01000", "2019-09-30": "0.25000", "2019-06-30": "0.09000", "2019-03-31": "0.03000", "2018-12-31": "0.01000", "2018-09-30": "-0.03000", "2018-06-30": "-0.04000", "2018-03-31": "-0.06000", "2017-12-31": "-0.02000", "2017-09-30": "-0.08000", "2017-06-30": "-0.14000", "2017-03-31": "-0.30000", "2016-12-31": "-0.17000", "2016-09-30": "-0.40000", "2016-06-30": "-0.36000", "2016-03-31": "-0.41000", "2015-12-31": "-0.35000", "2015-09-30": "0.01000", "2015-06-30": "-0.01000", "2015-03-31": "-0.14000", "2014-12-31": "0.01000", "2014-09-30": "0.02000", "2014-06-30": "-0.07000", "2014-03-31": "-0.15000", "2013-12-31": "-0.07000", "2013-09-30": "-0.15000", "2013-06-30": "-0.15000", "2013-03-31": "-0.25000", "2012-12-31": "5.24000", "2012-09-30": "-0.22000", "2012-06-30": "-0.29000", "2012-03-31": "-5.97000", "2011-12-31": "-0.06000", "2011-09-30": "-4.77000", "2011-06-30": "-9.95000", "2011-03-31": "-10.95000", "2010-12-31": "", "2010-09-30": "", "2010-06-30": "", "2010-03-31": "", "2009-12-31": "", "2008-12-31": ""}, "EPS - Earnings Per Share": {"2020-09-30": "0.28000", "2020-06-30": "-0.38000", "2020-03-31": "0.50000", "2019-12-31": "0.90000", "2019-09-30": "0.23000", "2019-06-30": "0.08000", "2019-03-31": "0.02000", "2018-12-31": "0.01000", "2018-09-30": "-0.03000", "2018-06-30": "-0.04000", "2018-03-31": "-0.06000", "2017-12-31": "-0.02000", "2017-09-30": "-0.08000", "2017-06-30": "-0.14000", "2017-03-31": "-0.30000", "2016-12-31": "-0.17000", "2016-09-30": "-0.40000", "2016-06-30": "-0.36000", "2016-03-31": "-0.41000", "2015-12-31": "-0.35000", "2015-09-30": "0.01000", "2015-06-30": "-0.01000", "2015-03-31": "-0.14000", "2014-12-31": "0.01000", "2014-09-30": "0.02000", "2014-06-30": "-0.07000", "2014-03-31": "-0.15000", "2013-12-31": "-0.07000", "2013-09-30": "-0.15000", "2013-06-30": "-0.15000", "2013-03-31": "-0.25000", "2012-12-31": "5.24000", "2012-09-30": "-0.22000", "2012-06-30": "-0.29000", "2012-03-31": "-5.97000", "2011-12-31": "-0.06000", "2011-09-30": "-4.77000", "2011-06-30": "-9.95000", "2011-03-31": "-10.95000", "2010-12-31": "0.00000", "2010-09-30": "0.00000", "2010-06-30": "0.00000", "2010-03-31": "0.00000", "2009-12-31": "0.00000", "2008-12-31": "0.00000"}}, "balance sheet": {"Cash On Hand": {"2019-12-31": "296.10900", "2018-12-31": "106.23700", "2017-12-31": "29.14400", "2016-12-31": "17.76400", "2015-12-31": "28.45200", "2014-12-31": "42.03200", "2013-12-31": "38.19000", "2012-12-31": "45.29400", "2011-12-31": "51.52400", "2010-12-31": "39.99300", "2009-12-31": "8.64200", "2008-12-31": "", "2007-12-31": ""}, "Receivables": {"2019-12-31": "145.41300", "2018-12-31": "78.93800", "2017-12-31": "65.34600", "2016-12-31": "61.01900", "2015-12-31": "46.09900", "2014-12-31": "45.11900", "2013-12-31": "32.08400", "2012-12-31": "27.74300", "2011-12-31": "17.77100", "2010-12-31": "8.02400", "2009-12-31": "6.36900", "2008-12-31": "", "2007-12-31": ""}, "Inventory": {"2019-12-31": "32.05600", "2018-12-31": "16.26700", "2017-12-31": "25.99900", "2016-12-31": "31.96000", "2015-12-31": "40.80000", "2014-12-31": "21.59000", "2013-12-31": "16.58000", "2012-12-31": "19.84300", "2011-12-31": "11.22800", "2010-12-31": "4.52100", "2009-12-31": "1.48300", "2008-12-31": "", "2007-12-31": ""}, "Pre-Paid Expenses": {"2019-12-31": "26.07900", "2018-12-31": "20.86000", "2017-12-31": "9.95700", "2016-12-31": "7.12100", "2015-12-31": "6.41700", "2014-12-31": "6.15500", "2013-12-31": "3.65500", "2012-12-31": "2.11800", "2011-12-31": "1.26400", "2010-12-31": "0.41800", "2009-12-31": "0.18900", "2008-12-31": "", "2007-12-31": ""}, "Other Current Assets": {"2019-12-31": "", "2018-12-31": "", "2017-12-31": "", "2016-12-31": "", "2015-12-31": "", "2014-12-31": "", "2013-12-31": "", "2012-12-31": "", "2011-12-31": "", "2010-12-31": "", "2009-12-31": "", "2008-12-31": "", "2007-12-31": ""}, "Total Current Assets": {"2019-12-31": "499.65700", "2018-12-31": "222.30200", "2017-12-31": "130.44600", "2016-12-31": "117.86400", "2015-12-31": "121.76800", "2014-12-31": "114.89600", "2013-12-31": "90.50900", "2012-12-31": "94.99800", "2011-12-31": "81.78700", "2010-12-31": "52.95600", "2009-12-31": "16.68300", "2008-12-31": "", "2007-12-31": ""}, "Property, Plant, And Equipment": {"2019-12-31": "28.93600", "2018-12-31": "20.99800", "2017-12-31": "26.48300", "2016-12-31": "31.44000", "2015-12-31": "32.11800", "2014-12-31": "30.82400", "2013-12-31": "24.85300", "2012-12-31": "25.54100", "2011-12-31": "18.41100", "2010-12-31": "6.10300", "2009-12-31": "3.89400", "2008-12-31": "", "2007-12-31": ""}, "Long-Term Investments": {"2019-12-31": "", "2018-12-31": "", "2017-12-31": "", "2016-12-31": "", "2015-12-31": "", "2014-12-31": "", "2013-12-31": "", "2012-12-31": "", "2011-12-31": "", "2010-12-31": "", "2009-12-31": "", "2008-12-31": "", "2007-12-31": ""}, "Goodwill And Intangible Assets": {"2019-12-31": "55.36200", "2018-12-31": "60.08900", "2017-12-31": "4.17900", "2016-12-31": "4.60900", "2015-12-31": "5.96500", "2014-12-31": "5.55600", "2013-12-31": "0.28600", "2012-12-31": "", "2011-12-31": "", "2010-12-31": "", "2009-12-31": "", "2008-12-31": "0.00000", "2007-12-31": ""}, "Other Long-Term Assets": {"2019-12-31": "44.62000", "2018-12-31": "36.54800", "2017-12-31": "8.03900", "2016-12-31": "9.66300", "2015-12-31": "5.67700", "2014-12-31": "0.91600", "2013-12-31": "1.02100", "2012-12-31": "1.75200", "2011-12-31": "6.04400", "2010-12-31": "0.44500", "2009-12-31": "0.37000", "2008-12-31": "", "2007-12-31": ""}, "Total Long-Term Assets": {"2019-12-31": "203.44900", "2018-12-31": "117.63500", "2017-12-31": "38.70100", "2016-12-31": "45.71200", "2015-12-31": "43.76000", "2014-12-31": "37.29600", "2013-12-31": "26.16000", "2012-12-31": "27.29300", "2011-12-31": "24.45500", "2010-12-31": "6.54800", "2009-12-31": "4.26400", "2008-12-31": "", "2007-12-31": ""}, "Total Assets": {"2019-12-31": "713.22300", "2018-12-31": "339.93700", "2017-12-31": "169.14700", "2016-12-31": "163.57600", "2015-12-31": "165.52800", "2014-12-31": "152.19200", "2013-12-31": "116.66900", "2012-12-31": "122.29100", "2011-12-31": "106.24200", "2010-12-31": "59.50400", "2009-12-31": "20.94700", "2008-12-31": "0.00000", "2007-12-31": "0.00000"}, "Total Current Liabilities": {"2019-12-31": "199.31100", "2018-12-31": "147.16100", "2017-12-31": "91.74100", "2016-12-31": "82.77200", "2015-12-31": "72.84800", "2014-12-31": "58.70600", "2013-12-31": "33.36500", "2012-12-31": "33.85500", "2011-12-31": "52.37000", "2010-12-31": "13.20300", "2009-12-31": "5.67900", "2008-12-31": "", "2007-12-31": ""}, "Long Term Debt": {"2019-12-31": "102.65900", "2018-12-31": "81.62800", "2017-12-31": "32.32200", "2016-12-31": "20.76800", "2015-12-31": "", "2014-12-31": "", "2013-12-31": "5.17000", "2012-12-31": "8.67700", "2011-12-31": "29.35000", "2010-12-31": "4.33600", "2009-12-31": "0.23300", "2008-12-31": "", "2007-12-31": ""}, "Other Non-Current Liabilities": {"2019-12-31": "38.83700", "2018-12-31": "26.46100", "2017-12-31": "24.26900", "2016-12-31": "24.84300", "2015-12-31": "26.11600", "2014-12-31": "29.92200", "2013-12-31": "26.64400", "2012-12-31": "15.56700", "2011-12-31": "6.87800", "2010-12-31": "2.44000", "2009-12-31": "1.23300", "2008-12-31": "", "2007-12-31": ""}, "Total Long Term Liabilities": {"2019-12-31": "241.70000", "2018-12-31": "185.00000", "2017-12-31": "86.53200", "2016-12-31": "79.50400", "2015-12-31": "51.23100", "2014-12-31": "46.53400", "2013-12-31": "43.09800", "2012-12-31": "31.78100", "2011-12-31": "39.89800", "2010-12-31": "7.82000", "2009-12-31": "1.64100", "2008-12-31": "", "2007-12-31": ""}, "Total Liabilities": {"2019-12-31": "441.01100", "2018-12-31": "332.16100", "2017-12-31": "178.27300", "2016-12-31": "162.27600", "2015-12-31": "124.07900", "2014-12-31": "105.24000", "2013-12-31": "76.46300", "2012-12-31": "65.63600", "2011-12-31": "92.26800", "2010-12-31": "21.02300", "2009-12-31": "7.32000", "2008-12-31": "0.00000", "2007-12-31": ""}, "Common Stock Net": {"2019-12-31": "0.00100", "2018-12-31": "0.00100", "2017-12-31": "0.00100", "2016-12-31": "0.00100", "2015-12-31": "", "2014-12-31": "", "2013-12-31": "", "2012-12-31": "", "2011-12-31": "", "2010-12-31": "0.00000", "2009-12-31": "47.85900", "2008-12-31": "0.00000", "2007-12-31": ""}, "Retained Earnings (Accumulated Deficit)": {"2019-12-31": "-185.18100", "2018-12-31": "-346.30200", "2017-12-31": "-295.72700", "2016-12-31": "-250.53500", "2015-12-31": "-183.07300", "2014-12-31": "-160.99100", "2013-12-31": "-152.93900", "2012-12-31": "-127.02600", "2011-12-31": "-88.80800", "2010-12-31": "-56.51800", "2009-12-31": "-34.74100", "2008-12-31": "", "2007-12-31": ""}, "Comprehensive Income": {"2019-12-31": "-0.92300", "2018-12-31": "0.74200", "2017-12-31": "-0.65600", "2016-12-31": "-0.29200", "2015-12-31": "-0.21000", "2014-12-31": "-0.07900", "2013-12-31": "0.22900", "2012-12-31": "0.05200", "2011-12-31": "0.08300", "2010-12-31": "", "2009-12-31": "", "2008-12-31": "", "2007-12-31": ""}, "Other Share Holders Equity": {"2019-12-31": "", "2018-12-31": "", "2017-12-31": "", "2016-12-31": "", "2015-12-31": "", "2014-12-31": "", "2013-12-31": "", "2012-12-31": "", "2011-12-31": "", "2010-12-31": "", "2009-12-31": "", "2008-12-31": "0.00000", "2007-12-31": ""}, "Share Holder Equity": {"2019-12-31": "272.21200", "2018-12-31": "7.77600", "2017-12-31": "-9.12600", "2016-12-31": "1.30000", "2015-12-31": "41.44900", "2014-12-31": "46.95200", "2013-12-31": "40.20600", "2012-12-31": "56.65500", "2011-12-31": "13.97400", "2010-12-31": "38.48100", "2009-12-31": "13.62700", "2008-12-31": "0.00000", "2007-12-31": ""}, "Total Liabilities And Share Holders Equity": {"2019-12-31": "713.22300", "2018-12-31": "339.93700", "2017-12-31": "169.14700", "2016-12-31": "163.57600", "2015-12-31": "165.52800", "2014-12-31": "152.19200", "2013-12-31": "116.66900", "2012-12-31": "122.29100", "2011-12-31": "106.24200", "2010-12-31": "59.50400", "2009-12-31": "20.94700", "2008-12-31": "0.00000", "2007-12-31": ""}}, "balance sheet, quarterly": {"Cash On Hand": {"2020-09-30": "661.79200", "2020-06-30": "607.25400", "2020-03-31": "593.84400", "2019-12-31": "296.10900", "2019-09-30": "203.04600", "2019-06-30": "205.95900", "2019-03-31": "78.08700", "2018-12-31": "106.23700", "2018-09-30": "116.16400", "2018-06-30": "58.47100", "2018-03-31": "53.25500", "2017-12-31": "29.14400", "2017-09-30": "28.87800", "2017-06-30": "30.95300", "2017-03-31": "29.95500", "2016-12-31": "17.76400", "2016-09-30": "24.11200", "2016-06-30": "8.24300", "2016-03-31": "13.01600", "2015-12-31": "28.45200", "2015-09-30": "22.49100", "2015-06-30": "31.88700", "2015-03-31": "27.12700", "2014-12-31": "42.03200", "2014-09-30": "44.53700", "2014-06-30": "37.62100", "2014-03-31": "39.93500", "2013-12-31": "38.19000", "2013-09-30": "31.77800", "2013-06-30": "33.97600", "2013-03-31": "36.43400", "2012-12-31": "45.29400", "2012-09-30": "41.71700", "2012-06-30": "66.96900", "2012-03-31": "31.90300", "2011-12-31": "51.52400", "2011-09-30": "26.52200", "2011-06-30": "35.56800", "2011-03-31": "30.52400", "2010-12-31": "39.99300", "2010-09-30": "", "2010-06-30": "", "2010-03-31": "", "2009-12-31": "8.64000", "2008-12-31": ""}, "Receivables": {"2020-09-30": "122.38600", "2020-06-30": "89.50400", "2020-03-31": "95.48400", "2019-12-31": "145.41300", "2019-09-30": "133.68900", "2019-06-30": "97.53700", "2019-03-31": "81.71500", "2018-12-31": "78.93800", "2018-09-30": "54.11700", "2018-06-30": "58.69600", "2018-03-31": "55.62200", "2017-12-31": "65.34600", "2017-09-30": "68.86900", "2017-06-30": "56.40300", "2017-03-31": "48.90300", "2016-12-31": "61.01900", "2016-09-30": "59.48200", "2016-06-30": "48.97300", "2016-03-31": "47.05600", "2015-12-31": "46.09900", "2015-09-30": "75.32200", "2015-06-30": "67.31500", "2015-03-31": "45.87000", "2014-12-31": "45.11900", "2014-09-30": "49.27000", "2014-06-30": "46.53700", "2014-03-31": "28.45000", "2013-12-31": "32.08400", "2013-09-30": "34.74400", "2013-06-30": "32.10400", "2013-03-31": "24.90800", "2012-12-31": "27.74300", "2012-09-30": "37.73400", "2012-06-30": "9.96100", "2012-03-31": "13.44700", "2011-12-31": "17.77100", "2011-09-30": "17.56900", "2011-06-30": "15.63400", "2011-03-31": "7.84000", "2010-12-31": "8.02400", "2010-09-30": "", "2010-06-30": "", "2010-03-31": "", "2009-12-31": "6.36000", "2008-12-31": ""}, "Inventory": {"2020-09-30": "37.53500", "2020-06-30": "31.18600", "2020-03-31": "34.61700", "2019-12-31": "32.05600", "2019-09-30": "30.23100", "2019-06-30": "20.09400", "2019-03-31": "12.97100", "2018-12-31": "16.26700", "2018-09-30": "17.88600", "2018-06-30": "17.47100", "2018-03-31": "18.54100", "2017-12-31": "25.99900", "2017-09-30": "25.31600", "2017-06-30": "20.83900", "2017-03-31": "33.80800", "2016-12-31": "31.96000", "2016-09-30": "39.10100", "2016-06-30": "39.29500", "2016-03-31": "45.57600", "2015-12-31": "40.80000", "2015-09-30": "36.71700", "2015-06-30": "34.05400", "2015-03-31": "34.74600", "2014-12-31": "21.59000", "2014-09-30": "15.48800", "2014-06-30": "15.72400", "2014-03-31": "14.11300", "2013-12-31": "16.58000", "2013-09-30": "24.39200", "2013-06-30": "17.90600", "2013-03-31": "22.30900", "2012-12-31": "19.84300", "2012-09-30": "16.65000", "2012-06-30": "30.96600", "2012-03-31": "25.66100", "2011-12-31": "11.22800", "2011-09-30": "10.25900", "2011-06-30": "6.18900", "2011-03-31": "5.81800", "2010-12-31": "4.52100", "2010-09-30": "", "2010-06-30": "", "2010-03-31": "", "2009-12-31": "1.48000", "2008-12-31": ""}, "Pre-Paid Expenses": {"2020-09-30": "28.52100", "2020-06-30": "29.25700", "2020-03-31": "27.75200", "2019-12-31": "26.07900", "2019-09-30": "24.55100", "2019-06-30": "26.26100", "2019-03-31": "22.66900", "2018-12-31": "20.86000", "2018-09-30": "21.63100", "2018-06-30": "20.74100", "2018-03-31": "20.43500", "2017-12-31": "9.95700", "2017-09-30": "13.25400", "2017-06-30": "13.30700", "2017-03-31": "10.13300", "2016-12-31": "7.12100", "2016-09-30": "7.18700", "2016-06-30": "7.92500", "2016-03-31": "7.23700", "2015-12-31": "6.41700", "2015-09-30": "7.08000", "2015-06-30": "8.07600", "2015-03-31": "7.08700", "2014-12-31": "6.15500", "2014-09-30": "5.19400", "2014-06-30": "5.58800", "2014-03-31": "4.28300", "2013-12-31": "3.65500", "2013-09-30": "3.15300", "2013-06-30": "2.70800", "2013-03-31": "2.49200", "2012-12-31": "2.11800", "2012-09-30": "2.03000", "2012-06-30": "2.58100", "2012-03-31": "2.30800", "2011-12-31": "1.26400", "2011-09-30": "1.07400", "2011-06-30": "0.52200", "2011-03-31": "0.80500", "2010-12-31": "0.41800", "2010-09-30": "", "2010-06-30": "", "2010-03-31": "", "2009-12-31": "", "2008-12-31": ""}, "Other Current Assets": {"2020-09-30": "", "2020-06-30": "", "2020-03-31": "", "2019-12-31": "", "2019-09-30": "", "2019-06-30": "", "2019-03-31": "", "2018-12-31": "", "2018-09-30": "", "2018-06-30": "", "2018-03-31": "", "2017-12-31": "", "2017-09-30": "", "2017-06-30": "", "2017-03-31": "", "2016-12-31": "", "2016-09-30": "", "2016-06-30": "", "2016-03-31": "", "2015-12-31": "", "2015-09-30": "", "2015-06-30": "", "2015-03-31": "", "2014-12-31": "", "2014-09-30": "", "2014-06-30": "", "2014-03-31": "", "2013-12-31": "", "2013-09-30": "", "2013-06-30": "", "2013-03-31": "", "2012-12-31": "", "2012-09-30": "", "2012-06-30": "", "2012-03-31": "", "2011-12-31": "", "2011-09-30": "", "2011-06-30": "", "2011-03-31": "", "2010-12-31": "", "2010-09-30": "", "2010-06-30": "", "2010-03-31": "", "2009-12-31": "", "2008-12-31": ""}, "Total Current Assets": {"2020-09-30": "850.23400", "2020-06-30": "757.20100", "2020-03-31": "751.69700", "2019-12-31": "499.65700", "2019-09-30": "391.51700", "2019-06-30": "349.85100", "2019-03-31": "195.44200", "2018-12-31": "222.30200", "2018-09-30": "209.79800", "2018-06-30": "155.37900", "2018-03-31": "147.85300", "2017-12-31": "130.44600", "2017-09-30": "136.31700", "2017-06-30": "121.50200", "2017-03-31": "122.79900", "2016-12-31": "117.86400", "2016-09-30": "129.88200", "2016-06-30": "104.43600", "2016-03-31": "112.88500", "2015-12-31": "121.76800", "2015-09-30": "141.61000", "2015-06-30": "141.33200", "2015-03-31": "114.83000", "2014-12-31": "114.89600", "2014-09-30": "114.48900", "2014-06-30": "105.47000", "2014-03-31": "86.78100", "2013-12-31": "90.50900", "2013-09-30": "94.06700", "2013-06-30": "86.69400", "2013-03-31": "86.14300", "2012-12-31": "94.99800", "2012-09-30": "98.13100", "2012-06-30": "110.47700", "2012-03-31": "73.31900", "2011-12-31": "81.78700", "2011-09-30": "55.42400", "2011-06-30": "57.91300", "2011-03-31": "44.98700", "2010-12-31": "52.95600", "2010-09-30": "", "2010-06-30": "", "2010-03-31": "", "2009-12-31": "16.68000", "2008-12-31": ""}, "Property, Plant, And Equipment": {"2020-09-30": "35.18700", "2020-06-30": "32.97200", "2020-03-31": "30.50000", "2019-12-31": "28.93600", "2019-09-30": "23.53200", "2019-06-30": "21.53200", "2019-03-31": "20.17800", "2018-12-31": "20.99800", "2018-09-30": "20.33100", "2018-06-30": "23.10000", "2018-03-31": "24.92600", "2017-12-31": "26.48300", "2017-09-30": "28.19100", "2017-06-30": "29.35100", "2017-03-31": "30.90500", "2016-12-31": "31.44000", "2016-09-30": "32.45300", "2016-06-30": "34.59100", "2016-03-31": "32.96300", "2015-12-31": "32.11800", "2015-09-30": "31.24000", "2015-06-30": "31.63300", "2015-03-31": "31.19700", "2014-12-31": "30.82400", "2014-09-30": "28.82500", "2014-06-30": "25.12700", "2014-03-31": "24.80900", "2013-12-31": "24.85300", "2013-09-30": "24.82300", "2013-06-30": "25.14100", "2013-03-31": "25.28100", "2012-12-31": "25.54100", "2012-09-30": "24.92600", "2012-06-30": "24.65200", "2012-03-31": "22.73600", "2011-12-31": "18.41100", "2011-09-30": "15.16700", "2011-06-30": "11.95100", "2011-03-31": "9.06600", "2010-12-31": "6.10300", "2010-09-30": "", "2010-06-30": "", "2010-03-31": "", "2009-12-31": "5.07000", "2008-12-31": ""}, "Long-Term Investments": {"2020-09-30": "", "2020-06-30": "", "2020-03-31": "", "2019-12-31": "", "2019-09-30": "", "2019-06-30": "", "2019-03-31": "", "2018-12-31": "", "2018-09-30": "", "2018-06-30": "", "2018-03-31": "", "2017-12-31": "", "2017-09-30": "", "2017-06-30": "", "2017-03-31": "", "2016-12-31": "", "2016-09-30": "", "2016-06-30": "", "2016-03-31": "", "2015-12-31": "", "2015-09-30": "", "2015-06-30": "", "2015-03-31": "", "2014-12-31": "", "2014-09-30": "", "2014-06-30": "", "2014-03-31": "", "2013-12-31": "", "2013-09-30": "", "2013-06-30": "", "2013-03-31": "", "2012-12-31": "", "2012-09-30": "", "2012-06-30": "", "2012-03-31": "", "2011-12-31": "", "2011-09-30": "", "2011-06-30": "", "2011-03-31": "", "2010-12-31": "", "2010-09-30": "", "2010-06-30": "", "2010-03-31": "", "2009-12-31": "", "2008-12-31": ""}, "Goodwill And Intangible Assets": {"2020-09-30": "51.62200", "2020-06-30": "52.86900", "2020-03-31": "54.11500", "2019-12-31": "55.36200", "2019-09-30": "56.54400", "2019-06-30": "57.72600", "2019-03-31": "58.90700", "2018-12-31": "60.08900", "2018-09-30": "60.86100", "2018-06-30": "4.02700", "2018-03-31": "4.10300", "2017-12-31": "4.17900", "2017-09-30": "4.25500", "2017-06-30": "4.33200", "2017-03-31": "4.47000", "2016-12-31": "4.60900", "2016-09-30": "5.41400", "2016-06-30": "5.59700", "2016-03-31": "5.78100", "2015-12-31": "5.96500", "2015-09-30": "5.23400", "2015-06-30": "5.34100", "2015-03-31": "5.44900", "2014-12-31": "5.55600", "2014-09-30": "", "2014-06-30": "", "2014-03-31": "", "2013-12-31": "0.28600", "2013-09-30": "", "2013-06-30": "", "2013-03-31": "", "2012-12-31": "", "2012-09-30": "", "2012-06-30": "", "2012-03-31": "", "2011-12-31": "", "2011-09-30": "", "2011-06-30": "", "2011-03-31": "", "2010-12-31": "", "2010-09-30": "0.00000", "2010-06-30": "0.00000", "2010-03-31": "0.00000", "2009-12-31": "0.00000", "2008-12-31": "0.00000"}, "Other Long-Term Assets": {"2020-09-30": "51.99800", "2020-06-30": "49.55100", "2020-03-31": "95.68300", "2019-12-31": "44.62000", "2019-09-30": "40.66900", "2019-06-30": "40.10500", "2019-03-31": "36.76200", "2018-12-31": "36.54800", "2018-09-30": "35.52000", "2018-06-30": "36.03000", "2018-03-31": "35.23600", "2017-12-31": "8.03900", "2017-09-30": "8.31800", "2017-06-30": "8.49300", "2017-03-31": "9.33300", "2016-12-31": "9.66300", "2016-09-30": "8.67900", "2016-06-30": "7.88500", "2016-03-31": "6.89100", "2015-12-31": "5.67700", "2015-09-30": "4.87900", "2015-06-30": "2.99200", "2015-03-31": "2.01400", "2014-12-31": "0.91600", "2014-09-30": "1.41000", "2014-06-30": "1.48600", "2014-03-31": "1.57000", "2013-12-31": "1.02100", "2013-09-30": "1.42000", "2013-06-30": "1.51300", "2013-03-31": "1.64100", "2012-12-31": "1.75200", "2012-09-30": "1.04200", "2012-06-30": "1.36000", "2012-03-31": "7.32000", "2011-12-31": "6.04400", "2011-09-30": "3.79300", "2011-06-30": "2.75500", "2011-03-31": "0.78100", "2010-12-31": "0.44500", "2010-09-30": "", "2010-06-30": "", "2010-03-31": "", "2009-12-31": "", "2008-12-31": ""}, "Total Long-Term Assets": {"2020-09-30": "227.61900", "2020-06-30": "229.26400", "2020-03-31": "267.10400", "2019-12-31": "203.44900", "2019-09-30": "120.74500", "2019-06-30": "119.36300", "2019-03-31": "115.84700", "2018-12-31": "117.63500", "2018-09-30": "116.71200", "2018-06-30": "63.15700", "2018-03-31": "64.26500", "2017-12-31": "38.70100", "2017-09-30": "40.76400", "2017-06-30": "42.17600", "2017-03-31": "44.70800", "2016-12-31": "45.71200", "2016-09-30": "46.54600", "2016-06-30": "48.07300", "2016-03-31": "45.63500", "2015-12-31": "43.76000", "2015-09-30": "41.35300", "2015-06-30": "39.96600", "2015-03-31": "38.66000", "2014-12-31": "37.29600", "2014-09-30": "30.23500", "2014-06-30": "26.61300", "2014-03-31": "26.37900", "2013-12-31": "26.16000", "2013-09-30": "26.24300", "2013-06-30": "26.65400", "2013-03-31": "26.92200", "2012-12-31": "27.29300", "2012-09-30": "25.96800", "2012-06-30": "26.01200", "2012-03-31": "30.05600", "2011-12-31": "24.45500", "2011-09-30": "18.96000", "2011-06-30": "14.70600", "2011-03-31": "9.84700", "2010-12-31": "6.54800", "2010-09-30": "", "2010-06-30": "", "2010-03-31": "", "2009-12-31": "5.07000", "2008-12-31": ""}, "Total Assets": {"2020-09-30": "1092.34000", "2020-06-30": "997.92700", "2020-03-31": "1030.78700", "2019-12-31": "713.22300", "2019-09-30": "523.66900", "2019-06-30": "481.51800", "2019-03-31": "319.25200", "2018-12-31": "339.93700", "2018-09-30": "326.51000", "2018-06-30": "218.53600", "2018-03-31": "212.11800", "2017-12-31": "169.14700", "2017-09-30": "177.08100", "2017-06-30": "163.67800", "2017-03-31": "167.50700", "2016-12-31": "163.57600", "2016-09-30": "176.42800", "2016-06-30": "152.50900", "2016-03-31": "158.52000", "2015-12-31": "165.52800", "2015-09-30": "182.96300", "2015-06-30": "181.29800", "2015-03-31": "153.49000", "2014-12-31": "152.19200", "2014-09-30": "144.72400", "2014-06-30": "132.08300", "2014-03-31": "113.16000", "2013-12-31": "116.66900", "2013-09-30": "120.31000", "2013-06-30": "113.34800", "2013-03-31": "113.06500", "2012-12-31": "122.29100", "2012-09-30": "124.09900", "2012-06-30": "136.48900", "2012-03-31": "103.37500", "2011-12-31": "106.24200", "2011-09-30": "74.38400", "2011-06-30": "72.61900", "2011-03-31": "54.83400", "2010-12-31": "59.50400", "2010-09-30": "0.00000", "2010-06-30": "0.00000", "2010-03-31": "0.00000", "2009-12-31": "20.94000", "2008-12-31": "0.00000"}, "Total Current Liabilities": {"2020-09-30": "256.51900", "2020-06-30": "223.52300", "2020-03-31": "233.62200", "2019-12-31": "199.31100", "2019-09-30": "146.81900", "2019-06-30": "143.61300", "2019-03-31": "128.74600", "2018-12-31": "147.16100", "2018-09-30": "134.92200", "2018-06-30": "114.64800", "2018-03-31": "103.68500", "2017-12-31": "91.74100", "2017-09-30": "85.48900", "2017-06-30": "63.34500", "2017-03-31": "54.62900", "2016-12-31": "82.77200", "2016-09-30": "85.56800", "2016-06-30": "84.61700", "2016-03-31": "79.94600", "2015-12-31": "72.84800", "2015-09-30": "79.13900", "2015-06-30": "83.68800", "2015-03-31": "62.29200", "2014-12-31": "58.70600", "2014-09-30": "57.95300", "2014-06-30": "51.95600", "2014-03-31": "34.09500", "2013-12-31": "33.36500", "2013-09-30": "42.42400", "2013-06-30": "33.98300", "2013-03-31": "31.08600", "2012-12-31": "33.85500", "2012-09-30": "38.14100", "2012-06-30": "45.16600", "2012-03-31": "58.15500", "2011-12-31": "52.37000", "2011-09-30": "28.48900", "2011-06-30": "23.98500", "2011-03-31": "14.58800", "2010-12-31": "13.20300", "2010-09-30": "", "2010-06-30": "", "2010-03-31": "", "2009-12-31": "5.67000", "2008-12-31": ""}, "Long Term Debt": {"2020-09-30": "256.45200", "2020-06-30": "253.17400", "2020-03-31": "295.21600", "2019-12-31": "102.65900", "2019-09-30": "100.97800", "2019-06-30": "99.89000", "2019-03-31": "65.40600", "2018-12-31": "81.62800", "2018-09-30": "87.90700", "2018-06-30": "33.55900", "2018-03-31": "36.45900", "2017-12-31": "32.32200", "2017-09-30": "37.05800", "2017-06-30": "41.38500", "2017-03-31": "45.38400", "2016-12-31": "20.76800", "2016-09-30": "22.80800", "2016-06-30": "", "2016-03-31": "", "2015-12-31": "", "2015-09-30": "", "2015-06-30": "", "2015-03-31": "", "2014-12-31": "", "2014-09-30": "2.97300", "2014-06-30": "3.72600", "2014-03-31": "4.45700", "2013-12-31": "5.17000", "2013-09-30": "5.86100", "2013-06-30": "6.53100", "2013-03-31": "8.04600", "2012-12-31": "8.67700", "2012-09-30": "5.10300", "2012-06-30": "6.83900", "2012-03-31": "28.43800", "2011-12-31": "29.35000", "2011-09-30": "22.78700", "2011-06-30": "20.32200", "2011-03-31": "6.09700", "2010-12-31": "4.33600", "2010-09-30": "", "2010-06-30": "", "2010-03-31": "", "2009-12-31": "0.23000", "2008-12-31": ""}, "Other Non-Current Liabilities": {"2020-09-30": "47.40600", "2020-06-30": "40.07700", "2020-03-31": "79.53700", "2019-12-31": "38.83700", "2019-09-30": "37.83700", "2019-06-30": "38.45600", "2019-03-31": "32.58300", "2018-12-31": "26.46100", "2018-09-30": "25.46000", "2018-06-30": "25.33700", "2018-03-31": "24.86000", "2017-12-31": "24.26900", "2017-09-30": "26.00900", "2017-06-30": "25.55000", "2017-03-31": "25.52400", "2016-12-31": "24.84300", "2016-09-30": "25.99600", "2016-06-30": "25.69200", "2016-03-31": "25.29100", "2015-12-31": "26.11600", "2015-09-30": "28.15700", "2015-06-30": "28.39700", "2015-03-31": "29.00000", "2014-12-31": "29.92200", "2014-09-30": "25.99700", "2014-06-30": "25.84900", "2014-03-31": "26.10600", "2013-12-31": "26.64400", "2013-09-30": "21.36700", "2013-06-30": "19.18400", "2013-03-31": "17.44600", "2012-12-31": "15.56700", "2012-09-30": "12.17600", "2012-06-30": "9.33400", "2012-03-31": "7.92900", "2011-12-31": "6.87800", "2011-09-30": "4.57600", "2011-06-30": "3.22100", "2011-03-31": "3.23100", "2010-12-31": "2.44000", "2010-09-30": "", "2010-06-30": "", "2010-03-31": "", "2009-12-31": "", "2008-12-31": ""}, "Total Long Term Liabilities": {"2020-09-30": "419.61500", "2020-06-30": "404.22800", "2020-03-31": "480.95800", "2019-12-31": "241.70000", "2019-09-30": "224.56100", "2019-06-30": "220.63400", "2019-03-31": "176.38200", "2018-12-31": "185.00000", "2018-09-30": "187.43200", "2018-06-30": "134.00300", "2018-03-31": "139.58400", "2017-12-31": "86.53200", "2017-09-30": "99.39400", "2017-06-30": "102.71700", "2017-03-31": "105.40700", "2016-12-31": "79.50400", "2016-09-30": "80.63100", "2016-06-30": "55.43500", "2016-03-31": "53.01400", "2015-12-31": "51.23100", "2015-09-30": "50.85800", "2015-06-30": "48.86200", "2015-03-31": "47.21700", "2014-12-31": "46.53400", "2014-09-30": "44.30900", "2014-06-30": "42.97300", "2014-03-31": "42.62700", "2013-12-31": "43.09800", "2013-09-30": "37.55300", "2013-06-30": "35.01800", "2013-03-31": "33.87000", "2012-12-31": "31.78100", "2012-09-30": "23.43000", "2012-06-30": "21.24000", "2012-03-31": "40.67200", "2011-12-31": "39.89800", "2011-09-30": "30.31000", "2011-06-30": "25.66100", "2011-03-31": "10.66900", "2010-12-31": "7.82000", "2010-09-30": "", "2010-06-30": "", "2010-03-31": "", "2009-12-31": "0.23000", "2008-12-31": ""}, "Total Liabilities": {"2020-09-30": "676.13400", "2020-06-30": "627.75100", "2020-03-31": "714.58000", "2019-12-31": "441.01100", "2019-09-30": "371.38000", "2019-06-30": "364.24700", "2019-03-31": "305.12800", "2018-12-31": "332.16100", "2018-09-30": "322.35400", "2018-06-30": "248.65100", "2018-03-31": "243.26900", "2017-12-31": "178.27300", "2017-09-30": "184.88300", "2017-06-30": "166.06200", "2017-03-31": "160.03600", "2016-12-31": "162.27600", "2016-09-30": "166.19900", "2016-06-30": "140.05200", "2016-03-31": "132.96000", "2015-12-31": "124.07900", "2015-09-30": "129.99700", "2015-06-30": "132.55000", "2015-03-31": "109.50900", "2014-12-31": "105.24000", "2014-09-30": "102.26200", "2014-06-30": "94.92900", "2014-03-31": "76.72200", "2013-12-31": "76.46300", "2013-09-30": "79.97700", "2013-06-30": "69.00100", "2013-03-31": "64.95600", "2012-12-31": "65.63600", "2012-09-30": "61.57100", "2012-06-30": "66.40600", "2012-03-31": "98.82700", "2011-12-31": "92.26800", "2011-09-30": "58.79900", "2011-06-30": "49.64600", "2011-03-31": "25.25700", "2010-12-31": "21.02300", "2010-09-30": "0.00000", "2010-06-30": "0.00000", "2010-03-31": "0.00000", "2009-12-31": "7.32000", "2008-12-31": "0.00000"}, "Common Stock Net": {"2020-09-30": "0.00100", "2020-06-30": "0.00100", "2020-03-31": "0.00100", "2019-12-31": "0.00100", "2019-09-30": "0.00100", "2019-06-30": "0.00100", "2019-03-31": "0.00100", "2018-12-31": "0.00100", "2018-09-30": "0.00100", "2018-06-30": "0.00100", "2018-03-31": "0.00100", "2017-12-31": "0.00100", "2017-09-30": "0.00100", "2017-06-30": "0.00100", "2017-03-31": "0.00100", "2016-12-31": "0.00100", "2016-09-30": "0.00100", "2016-06-30": "", "2016-03-31": "", "2015-12-31": "", "2015-09-30": "", "2015-06-30": "", "2015-03-31": "", "2014-12-31": "", "2014-09-30": "", "2014-06-30": "", "2014-03-31": "", "2013-12-31": "", "2013-09-30": "", "2013-06-30": "", "2013-03-31": "", "2012-12-31": "", "2012-09-30": "", "2012-06-30": "", "2012-03-31": "", "2011-12-31": "", "2011-09-30": "", "2011-06-30": "", "2011-03-31": "", "2010-12-31": "", "2010-09-30": "0.00000", "2010-06-30": "0.00000", "2010-03-31": "0.00000", "2009-12-31": "0.00000", "2008-12-31": "0.00000"}, "Retained Earnings (Accumulated Deficit)": {"2020-09-30": "-124.17700", "2020-06-30": "-163.53900", "2020-03-31": "-116.24500", "2019-12-31": "-185.18100", "2019-09-30": "-301.84700", "2019-06-30": "-332.94600", "2019-03-31": "-343.56300", "2018-12-31": "-346.30200", "2018-09-30": "-347.01100", "2018-06-30": "-343.54100", "2018-03-31": "-339.80300", "2017-12-31": "-295.72700", "2017-09-30": "-292.78700", "2017-06-30": "-285.93300", "2017-03-31": "-273.84000", "2016-12-31": "-250.53500", "2016-09-30": "-237.34700", "2016-06-30": "-218.59100", "2016-03-31": "-201.86800", "2015-12-31": "-183.07300", "2015-09-30": "-167.29000", "2015-06-30": "-167.91400", "2015-03-31": "-167.31100", "2014-12-31": "-160.99100", "2014-09-30": "-161.39300", "2014-06-30": "-162.20600", "2014-03-31": "-159.17500", "2013-12-31": "-152.93900", "2013-09-30": "-150.12900", "2013-06-30": "-143.82800", "2013-03-31": "-137.43200", "2012-12-31": "-127.02600", "2012-09-30": "-119.28400", "2012-06-30": "-110.37700", "2012-03-31": "-98.99200", "2011-12-31": "-88.80800", "2011-09-30": "-83.27100", "2011-06-30": "-75.38400", "2011-03-31": "-65.80700", "2010-12-31": "-56.51800", "2010-09-30": "", "2010-06-30": "", "2010-03-31": "", "2009-12-31": "-34.74000", "2008-12-31": ""}, "Comprehensive Income": {"2020-09-30": "-0.35600", "2020-06-30": "-1.15300", "2020-03-31": "-1.09100", "2019-12-31": "-0.92300", "2019-09-30": "0.56900", "2019-06-30": "0.41400", "2019-03-31": "0.66300", "2018-12-31": "0.74200", "2018-09-30": "-0.00700", "2018-06-30": "-0.35300", "2018-03-31": "-0.36800", "2017-12-31": "-0.65600", "2017-09-30": "-0.46500", "2017-06-30": "-0.16900", "2017-03-31": "-0.63100", "2016-12-31": "-0.29200", "2016-09-30": "-0.25400", "2016-06-30": "-0.20000", "2016-03-31": "-0.40400", "2015-12-31": "-0.21000", "2015-09-30": "-0.21100", "2015-06-30": "-0.40000", "2015-03-31": "-0.39500", "2014-12-31": "-0.07900", "2014-09-30": "-0.05600", "2014-06-30": "0.23600", "2014-03-31": "0.23000", "2013-12-31": "0.22900", "2013-09-30": "0.19700", "2013-06-30": "0.09300", "2013-03-31": "-0.12600", "2012-12-31": "0.05200", "2012-09-30": "-0.00200", "2012-06-30": "0.10000", "2012-03-31": "0.11100", "2011-12-31": "0.08300", "2011-09-30": "-0.09400", "2011-06-30": "0.01000", "2011-03-31": "", "2010-12-31": "", "2010-09-30": "", "2010-06-30": "", "2010-03-31": "", "2009-12-31": "", "2008-12-31": ""}, "Other Share Holders Equity": {"2020-09-30": "", "2020-06-30": "", "2020-03-31": "", "2019-12-31": "", "2019-09-30": "", "2019-06-30": "", "2019-03-31": "", "2018-12-31": "", "2018-09-30": "", "2018-06-30": "", "2018-03-31": "", "2017-12-31": "", "2017-09-30": "", "2017-06-30": "", "2017-03-31": "", "2016-12-31": "", "2016-09-30": "", "2016-06-30": "", "2016-03-31": "", "2015-12-31": "", "2015-09-30": "", "2015-06-30": "", "2015-03-31": "", "2014-12-31": "", "2014-09-30": "", "2014-06-30": "", "2014-03-31": "", "2013-12-31": "", "2013-09-30": "", "2013-06-30": "", "2013-03-31": "", "2012-12-31": "", "2012-09-30": "", "2012-06-30": "", "2012-03-31": "", "2011-12-31": "", "2011-09-30": "", "2011-06-30": "", "2011-03-31": "", "2010-12-31": "", "2010-09-30": "0.00000", "2010-06-30": "0.00000", "2010-03-31": "0.00000", "2009-12-31": "0.00000", "2008-12-31": "0.00000"}, "Share Holder Equity": {"2020-09-30": "416.20600", "2020-06-30": "370.17600", "2020-03-31": "316.20700", "2019-12-31": "272.21200", "2019-09-30": "152.28900", "2019-06-30": "117.27100", "2019-03-31": "14.12400", "2018-12-31": "7.77600", "2018-09-30": "4.15600", "2018-06-30": "-30.11500", "2018-03-31": "-31.15100", "2017-12-31": "-9.12600", "2017-09-30": "-7.80200", "2017-06-30": "-2.38400", "2017-03-31": "7.47100", "2016-12-31": "1.30000", "2016-09-30": "10.22900", "2016-06-30": "12.45700", "2016-03-31": "25.56000", "2015-12-31": "41.44900", "2015-09-30": "52.96600", "2015-06-30": "48.74800", "2015-03-31": "43.98100", "2014-12-31": "46.95200", "2014-09-30": "42.46200", "2014-06-30": "37.15400", "2014-03-31": "36.43800", "2013-12-31": "40.20600", "2013-09-30": "40.33300", "2013-06-30": "44.34700", "2013-03-31": "48.10900", "2012-12-31": "56.65500", "2012-09-30": "62.52800", "2012-06-30": "70.08300", "2012-03-31": "4.54800", "2011-12-31": "13.97400", "2011-09-30": "15.58500", "2011-06-30": "22.97300", "2011-03-31": "29.57700", "2010-12-31": "38.48100", "2010-09-30": "0.00000", "2010-06-30": "0.00000", "2010-03-31": "0.00000", "2009-12-31": "13.62000", "2008-12-31": "0.00000"}, "Total Liabilities And Share Holders Equity": {"2020-09-30": "1092.34000", "2020-06-30": "997.92700", "2020-03-31": "1030.78700", "2019-12-31": "713.22300", "2019-09-30": "523.66900", "2019-06-30": "481.51800", "2019-03-31": "319.25200", "2018-12-31": "339.93700", "2018-09-30": "326.51000", "2018-06-30": "218.53600", "2018-03-31": "212.11800", "2017-12-31": "169.14700", "2017-09-30": "177.08100", "2017-06-30": "163.67800", "2017-03-31": "167.50700", "2016-12-31": "163.57600", "2016-09-30": "176.42800", "2016-06-30": "152.50900", "2016-03-31": "158.52000", "2015-12-31": "165.52800", "2015-09-30": "182.96300", "2015-06-30": "181.29800", "2015-03-31": "153.49000", "2014-12-31": "152.19200", "2014-09-30": "144.72400", "2014-06-30": "132.08300", "2014-03-31": "113.16000", "2013-12-31": "116.66900", "2013-09-30": "120.31000", "2013-06-30": "113.34800", "2013-03-31": "113.06500", "2012-12-31": "122.29100", "2012-09-30": "124.09900", "2012-06-30": "136.48900", "2012-03-31": "103.37500", "2011-12-31": "106.24200", "2011-09-30": "74.38400", "2011-06-30": "72.61900", "2011-03-31": "54.83400", "2010-12-31": "59.50400", "2010-09-30": "0.00000", "2010-06-30": "0.00000", "2010-03-31": "0.00000", "2009-12-31": "0.00000", "2008-12-31": "0.00000"}}, "cash flow statement": {"Net Income/Loss": {"2019-12-31": "161.14800", "2018-12-31": "-11.62700", "2017-12-31": "-45.19200", "2016-12-31": "-67.46200", "2015-12-31": "-22.08200", "2014-12-31": "-8.05200", "2013-12-31": "-25.91300", "2012-12-31": "-38.21800", "2011-12-31": "-32.29000", "2010-12-31": "-21.77700", "2009-12-31": "-16.92500", "2008-12-31": "-14.50100", "2007-12-31": "0.00000"}, "Total Depreciation And Amortization - Cash Flow": {"2019-12-31": "14.11900", "2018-12-31": "9.66700", "2017-12-31": "9.00400", "2016-12-31": "10.78300", "2015-12-31": "10.70200", "2014-12-31": "8.74200", "2013-12-31": "6.98100", "2012-12-31": "5.56800", "2011-12-31": "3.03200", "2010-12-31": "1.55000", "2009-12-31": "0.80300", "2008-12-31": "0.33200", "2007-12-31": ""}, "Other Non-Cash Items": {"2019-12-31": "-37.62500", "2018-12-31": "16.56800", "2017-12-31": "9.16300", "2016-12-31": "16.62400", "2015-12-31": "13.53500", "2014-12-31": "10.66500", "2013-12-31": "8.03600", "2012-12-31": "10.21100", "2011-12-31": "4.40300", "2010-12-31": "1.13200", "2009-12-31": "0.50400", "2008-12-31": "0.20800", "2007-12-31": ""}, "Total Non-Cash Items": {"2019-12-31": "-23.50600", "2018-12-31": "26.23500", "2017-12-31": "18.16700", "2016-12-31": "27.40700", "2015-12-31": "24.23700", "2014-12-31": "19.40700", "2013-12-31": "15.01700", "2012-12-31": "15.77900", "2011-12-31": "7.43500", "2010-12-31": "2.68200", "2009-12-31": "1.30700", "2008-12-31": "0.54000", "2007-12-31": ""}, "Change In Accounts Receivable": {"2019-12-31": "-68.74500", "2018-12-31": "-13.51500", "2017-12-31": "-4.80300", "2016-12-31": "-18.01700", "2015-12-31": "-2.48200", "2014-12-31": "-13.74600", "2013-12-31": "-5.01900", "2012-12-31": "-11.04000", "2011-12-31": "-9.87400", "2010-12-31": "-1.65500", "2009-12-31": "-5.69100", "2008-12-31": "-0.72800", "2007-12-31": ""}, "Change In Inventories": {"2019-12-31": "-15.78900", "2018-12-31": "9.73200", "2017-12-31": "5.96100", "2016-12-31": "8.84000", "2015-12-31": "-19.21000", "2014-12-31": "-5.01000", "2013-12-31": "3.26300", "2012-12-31": "-8.61500", "2011-12-31": "-6.70800", "2010-12-31": "-3.03800", "2009-12-31": "-0.70000", "2008-12-31": "-0.69500", "2007-12-31": ""}, "Change In Accounts Payable": {"2019-12-31": "", "2018-12-31": "", "2017-12-31": "", "2016-12-31": "", "2015-12-31": "", "2014-12-31": "", "2013-12-31": "", "2012-12-31": "", "2011-12-31": "", "2010-12-31": "", "2009-12-31": "", "2008-12-31": "", "2007-12-31": ""}, "Change In Assets/Liabilities": {"2019-12-31": "63.75900", "2018-12-31": "-17.77500", "2017-12-31": "2.50300", "2016-12-31": "7.38200", "2015-12-31": "0.99700", "2014-12-31": "6.29800", "2013-12-31": "13.23300", "2012-12-31": "-6.72500", "2011-12-31": "23.79500", "2010-12-31": "1.05900", "2009-12-31": "0.03700", "2008-12-31": "0.08700", "2007-12-31": ""}, "Total Change In Assets/Liabilities": {"2019-12-31": "1.42500", "2018-12-31": "1.52400", "2017-12-31": "-1.41700", "2016-12-31": "7.10200", "2015-12-31": "-23.31500", "2014-12-31": "12.86700", "2013-12-31": "10.02400", "2012-12-31": "-22.20600", "2011-12-31": "24.48800", "2010-12-31": "1.24300", "2009-12-31": "-3.26900", "2008-12-31": "1.72800", "2007-12-31": ""}, "Cash Flow From Operating Activities": {"2019-12-31": "139.06700", "2018-12-31": "16.13200", "2017-12-31": "-28.44200", "2016-12-31": "-32.95300", "2015-12-31": "-21.16000", "2014-12-31": "24.22200", "2013-12-31": "-0.87200", "2012-12-31": "-44.64500", "2011-12-31": "-0.36700", "2010-12-31": "-17.85200", "2009-12-31": "-18.88700", "2008-12-31": "-12.23300", "2007-12-31": ""}, "Net Change In Property, Plant, And Equipment": {"2019-12-31": "-14.78800", "2018-12-31": "-4.15100", "2017-12-31": "-4.12100", "2016-12-31": "-12.16700", "2015-12-31": "-12.52500", "2014-12-31": "-13.24900", "2013-12-31": "-6.25700", "2012-12-31": "-12.99000", "2011-12-31": "-14.66200", "2010-12-31": "-3.26200", "2009-12-31": "-2.13400", "2008-12-31": "-2.31300", "2007-12-31": ""}, "Net Change In Intangible Assets": {"2019-12-31": "", "2018-12-31": "", "2017-12-31": "", "2016-12-31": "-0.67800", "2015-12-31": "-0.23700", "2014-12-31": "-0.75000", "2013-12-31": "", "2012-12-31": "", "2011-12-31": "", "2010-12-31": "", "2009-12-31": "-0.03600", "2008-12-31": "-0.16000", "2007-12-31": ""}, "Net Acquisitions/Divestitures": {"2019-12-31": "", "2018-12-31": "-15.00000", "2017-12-31": "", "2016-12-31": "1.05000", "2015-12-31": "", "2014-12-31": "-2.23500", "2013-12-31": "", "2012-12-31": "", "2011-12-31": "", "2010-12-31": "", "2009-12-31": "", "2008-12-31": "", "2007-12-31": ""}, "Net Change In Short-term Investments": {"2019-12-31": "", "2018-12-31": "", "2017-12-31": "", "2016-12-31": "", "2015-12-31": "", "2014-12-31": "", "2013-12-31": "", "2012-12-31": "", "2011-12-31": "", "2010-12-31": "", "2009-12-31": "", "2008-12-31": "", "2007-12-31": ""}, "Net Change In Long-Term Investments": {"2019-12-31": "", "2018-12-31": "", "2017-12-31": "", "2016-12-31": "", "2015-12-31": "", "2014-12-31": "", "2013-12-31": "", "2012-12-31": "", "2011-12-31": "", "2010-12-31": "", "2009-12-31": "", "2008-12-31": "", "2007-12-31": ""}, "Net Change In Investments - Total": {"2019-12-31": "", "2018-12-31": "", "2017-12-31": "", "2016-12-31": "", "2015-12-31": "", "2014-12-31": "", "2013-12-31": "", "2012-12-31": "", "2011-12-31": "", "2010-12-31": "", "2009-12-31": "", "2008-12-31": "", "2007-12-31": ""}, "Investing Activities - Other": {"2019-12-31": "", "2018-12-31": "", "2017-12-31": "", "2016-12-31": "", "2015-12-31": "0.30000", "2014-12-31": "-0.30000", "2013-12-31": "", "2012-12-31": "", "2011-12-31": "", "2010-12-31": "", "2009-12-31": "0.04800", "2008-12-31": "-0.14600", "2007-12-31": ""}, "Cash Flow From Investing Activities": {"2019-12-31": "-14.78800", "2018-12-31": "-19.15100", "2017-12-31": "-4.12100", "2016-12-31": "-11.79500", "2015-12-31": "-12.46200", "2014-12-31": "-16.53400", "2013-12-31": "-6.25700", "2012-12-31": "-12.99000", "2011-12-31": "-14.66200", "2010-12-31": "-3.26200", "2009-12-31": "-2.12200", "2008-12-31": "-2.61900", "2007-12-31": ""}, "Net Long-Term Debt": {"2019-12-31": "45.24500", "2018-12-31": "-9.97600", "2017-12-31": "", "2016-12-31": "", "2015-12-31": "", "2014-12-31": "-8.70800", "2013-12-31": "-2.48700", "2012-12-31": "-4.19900", "2011-12-31": "27.86600", "2010-12-31": "6.75700", "2009-12-31": "1.27000", "2008-12-31": "0.76900", "2007-12-31": ""}, "Net Current Debt": {"2019-12-31": "", "2018-12-31": "", "2017-12-31": "-10.10000", "2016-12-31": "-6.90000", "2015-12-31": "16.85000", "2014-12-31": "", "2013-12-31": "", "2012-12-31": "", "2011-12-31": "", "2010-12-31": "", "2009-12-31": "", "2008-12-31": "", "2007-12-31": ""}, "Debt Issuance/Retirement Net - Total": {"2019-12-31": "45.24500", "2018-12-31": "-9.97600", "2017-12-31": "-10.10000", "2016-12-31": "-6.90000", "2015-12-31": "16.85000", "2014-12-31": "-8.70800", "2013-12-31": "-2.48700", "2012-12-31": "-4.19900", "2011-12-31": "27.86600", "2010-12-31": "6.75700", "2009-12-31": "1.27000", "2008-12-31": "0.76900", "2007-12-31": ""}, "Net Common Equity Issued/Repurchased": {"2019-12-31": "34.80300", "2018-12-31": "22.56600", "2017-12-31": "26.95500", "2016-12-31": "17.28600", "2015-12-31": "4.01400", "2014-12-31": "5.36600", "2013-12-31": "2.42900", "2012-12-31": "58.86400", "2011-12-31": "2.04800", "2010-12-31": "0.06100", "2009-12-31": "0.03100", "2008-12-31": "0.00900", "2007-12-31": ""}, "Net Total Equity Issued/Repurchased": {"2019-12-31": "34.80300", "2018-12-31": "22.56600", "2017-12-31": "26.95500", "2016-12-31": "17.28600", "2015-12-31": "4.01400", "2014-12-31": "5.36600", "2013-12-31": "2.42900", "2012-12-31": "58.86400", "2011-12-31": "2.04800", "2010-12-31": "45.94300", "2009-12-31": "24.35900", "2008-12-31": "15.75900", "2007-12-31": ""}, "Total Common And Preferred Stock Dividends Paid": {"2019-12-31": "", "2018-12-31": "", "2017-12-31": "", "2016-12-31": "", "2015-12-31": "", "2014-12-31": "", "2013-12-31": "", "2012-12-31": "", "2011-12-31": "", "2010-12-31": "", "2009-12-31": "", "2008-12-31": "", "2007-12-31": ""}, "Financial Activities - Other": {"2019-12-31": "-14.19800", "2018-12-31": "68.02400", "2017-12-31": "26.44200", "2016-12-31": "23.98900", "2015-12-31": "-0.30000", "2014-12-31": "", "2013-12-31": "", "2012-12-31": "-3.22900", "2011-12-31": "-3.43200", "2010-12-31": "-0.23500", "2009-12-31": "-0.11400", "2008-12-31": "-0.08800", "2007-12-31": ""}, "Cash Flow From Financial Activities": {"2019-12-31": "65.85000", "2018-12-31": "80.61400", "2017-12-31": "43.29700", "2016-12-31": "34.37500", "2015-12-31": "20.56400", "2014-12-31": "-3.34200", "2013-12-31": "-0.05800", "2012-12-31": "51.43600", "2011-12-31": "26.48200", "2010-12-31": "52.46500", "2009-12-31": "25.51500", "2008-12-31": "16.44000", "2007-12-31": ""}, "Net Cash Flow": {"2019-12-31": "189.87200", "2018-12-31": "77.09300", "2017-12-31": "11.38000", "2016-12-31": "-10.68800", "2015-12-31": "-13.58000", "2014-12-31": "3.84200", "2013-12-31": "-7.10400", "2012-12-31": "-6.23000", "2011-12-31": "11.53100", "2010-12-31": "31.35100", "2009-12-31": "4.50600", "2008-12-31": "1.58800", "2007-12-31": ""}, "Stock-Based Compensation": {"2019-12-31": "20.17600", "2018-12-31": "11.43200", "2017-12-31": "6.72700", "2016-12-31": "10.32600", "2015-12-31": "12.69600", "2014-12-31": "9.74000", "2013-12-31": "6.84900", "2012-12-31": "4.76600", "2011-12-31": "2.12000", "2010-12-31": "0.82900", "2009-12-31": "0.18000", "2008-12-31": "0.20800", "2007-12-31": ""}, "Common Stock Dividends Paid": {"2019-12-31": "", "2018-12-31": "", "2017-12-31": "", "2016-12-31": "", "2015-12-31": "", "2014-12-31": "", "2013-12-31": "", "2012-12-31": "", "2011-12-31": "", "2010-12-31": "", "2009-12-31": "", "2008-12-31": "", "2007-12-31": ""}}, "cash flow statement, quarterly": {"Net Income/Loss": {"2020-09-30": 39.362, "2020-06-30": -47.294, "2020-03-31": "68.93600", "2019-12-31": 116.666, "2019-09-30": 31.099, "2019-06-30": 10.618, "2019-03-31": "2.76500", "2018-12-31": 0.709, "2018-09-30": -3.47, "2018-06-30": -3.738, "2018-03-31": "-5.12800", "2017-12-31": -2.94, "2017-09-30": -6.854, "2017-06-30": -12.093, "2017-03-31": "-23.30500", "2016-12-31": -13.188, "2016-09-30": -18.756, "2016-06-30": -16.723, "2016-03-31": "-18.79500", "2015-12-31": -15.783, "2015-09-30": 0.624, "2015-06-30": -0.603, "2015-03-31": "-6.32000", "2014-12-31": 0.402, "2014-09-30": 0.813, "2014-06-30": -3.031, "2014-03-31": "-6.23600", "2013-12-31": -2.81, "2013-09-30": -6.301, "2013-06-30": -6.396, "2013-03-31": "-10.40600", "2012-12-31": -7.742, "2012-09-30": -8.907, "2012-06-30": -11.385, "2012-03-31": "-10.18400", "2011-12-31": -5.537, "2011-09-30": -7.176, "2011-06-30": -10.288, "2011-03-31": "-9.28900", "2010-12-31": -7.016, "2010-09-30": -6.104, "2010-06-30": -4.851, "2010-03-31": "-3.79900", "2009-12-31": -2.42, "2008-12-31": -14.5}, "Total Depreciation And Amortization - Cash Flow": {"2020-09-30": 4.765, "2020-06-30": 4.141, "2020-03-31": "3.84400", "2019-12-31": 2.568, "2019-09-30": 3.857, "2019-06-30": 4.122, "2019-03-31": "3.57200", "2018-12-31": 0.837, "2018-09-30": 4.361, "2018-06-30": 1.656, "2018-03-31": "2.81300", "2017-12-31": 0.904, "2017-09-30": 2.454, "2017-06-30": 2.373, "2017-03-31": "3.27300", "2016-12-31": 2.643, "2016-09-30": 2.696, "2016-06-30": 2.736, "2016-03-31": "2.70800", "2015-12-31": 2.878, "2015-09-30": 2.77, "2015-06-30": 2.522, "2015-03-31": "2.53200", "2014-12-31": 2.738, "2014-09-30": 2.102, "2014-06-30": 1.992, "2014-03-31": "1.91000", "2013-12-31": 1.859, "2013-09-30": 1.753, "2013-06-30": 1.709, "2013-03-31": "1.66000", "2012-12-31": 1.63, "2012-09-30": 1.487, "2012-06-30": 1.366, "2012-03-31": "1.08500", "2011-12-31": 1.012, "2011-09-30": 0.808, "2011-06-30": 0.668, "2011-03-31": "0.54400", "2010-12-31": 0.469, "2010-09-30": 0.431, "2010-06-30": 0.359, "2010-03-31": "0.29100", "2009-12-31": 0.47, "2008-12-31": 0.33}, "Other Non-Cash Items": {"2020-09-30": 24.95, "2020-06-30": 70.378, "2020-03-31": "-17.50300", "2019-12-31": -64.358, "2019-09-30": 7.884, "2019-06-30": 11.917, "2019-03-31": "6.93200", "2018-12-31": 4.353, "2018-09-30": 4.469, "2018-06-30": 5.575, "2018-03-31": "2.17100", "2017-12-31": 1.337, "2017-09-30": 1.804, "2017-06-30": 2.031, "2017-03-31": "3.99100", "2016-12-31": 3.751, "2016-09-30": 5.807, "2016-06-30": 3.505, "2016-03-31": "3.56100", "2015-12-31": 4.733, "2015-09-30": 2.952, "2015-06-30": 2.528, "2015-03-31": "3.32200", "2014-12-31": 2.414, "2014-09-30": 2.814, "2014-06-30": 3.29, "2014-03-31": "2.14700", "2013-12-31": 2.012, "2013-09-30": 2.84, "2013-06-30": -0.916, "2013-03-31": "4.10000", "2012-12-31": 3.433, "2012-09-30": 1.577, "2012-06-30": 4.181, "2012-03-31": "1.02000", "2011-12-31": 1.882, "2011-09-30": 0.987, "2011-06-30": 1.071, "2011-03-31": "0.46300", "2010-12-31": 0.415, "2010-09-30": 0.454, "2010-06-30": 0.176, "2010-03-31": "0.08700", "2009-12-31": 0, "2008-12-31": 0}, "Total Non-Cash Items": {"2020-09-30": 29.715, "2020-06-30": 74.519, "2020-03-31": "-13.65900", "2019-12-31": -61.79, "2019-09-30": 11.741, "2019-06-30": 16.039, "2019-03-31": "10.50400", "2018-12-31": 5.19, "2018-09-30": 8.83, "2018-06-30": 7.231, "2018-03-31": "4.98400", "2017-12-31": 2.241, "2017-09-30": 4.258, "2017-06-30": 4.404, "2017-03-31": "7.26400", "2016-12-31": 6.394, "2016-09-30": 8.503, "2016-06-30": 6.241, "2016-03-31": "6.26900", "2015-12-31": 7.611, "2015-09-30": 5.722, "2015-06-30": 5.05, "2015-03-31": "5.85400", "2014-12-31": 5.152, "2014-09-30": 4.916, "2014-06-30": 5.282, "2014-03-31": "4.05700", "2013-12-31": 3.871, "2013-09-30": 4.593, "2013-06-30": 0.793, "2013-03-31": "5.76000", "2012-12-31": 5.063, "2012-09-30": 3.064, "2012-06-30": 5.547, "2012-03-31": "2.10500", "2011-12-31": 2.894, "2011-09-30": 1.795, "2011-06-30": 1.739, "2011-03-31": "1.00700", "2010-12-31": -0.248, "2010-09-30": 0.885, "2010-06-30": 0.535, "2010-03-31": "0.37800", "2009-12-31": 0.47, "2008-12-31": 0.33}, "Change In Accounts Receivable": {"2020-09-30": -32.633, "2020-06-30": 6.529, "2020-03-31": "49.63700", "2019-12-31": -12.606, "2019-09-30": -37.035, "2019-06-30": -15.838, "2019-03-31": "-3.26600", "2018-12-31": -24.186, "2018-09-30": 4.774, "2018-06-30": -3.228, "2018-03-31": "9.12500", "2017-12-31": 3.958, "2017-09-30": -12.671, "2017-06-30": -8.065, "2017-03-31": "11.97500", "2016-12-31": -1.44, "2016-09-30": -12.372, "2016-06-30": -2.711, "2016-03-31": "-1.49400", "2015-12-31": 28.065, "2015-09-30": -8.252, "2015-06-30": -21.544, "2015-03-31": "-0.75100", "2014-12-31": 4.151, "2014-09-30": -2.733, "2014-06-30": -18.772, "2014-03-31": "3.60800", "2013-12-31": 2.647, "2013-09-30": -3.277, "2013-06-30": -7.224, "2013-03-31": "2.83500", "2012-12-31": 8.983, "2012-09-30": -27.833, "2012-06-30": 3.486, "2012-03-31": "4.32400", "2011-12-31": -0.265, "2011-09-30": -2.397, "2011-06-30": -7.396, "2011-03-31": "0.18400", "2010-12-31": -1.247, "2010-09-30": -1.977, "2010-06-30": 1.654, "2010-03-31": "-0.08500", "2009-12-31": 0, "2008-12-31": 0}, "Change In Inventories": {"2020-09-30": -6.349, "2020-06-30": 3.43, "2020-03-31": "-2.56000", "2019-12-31": -1.825, "2019-09-30": -10.137, "2019-06-30": -7.123, "2019-03-31": "3.29600", "2018-12-31": 1.62, "2018-09-30": -0.416, "2018-06-30": 1.071, "2018-03-31": "7.45700", "2017-12-31": -0.683, "2017-09-30": -4.477, "2017-06-30": 12.969, "2017-03-31": "-1.84800", "2016-12-31": 7.141, "2016-09-30": 0.194, "2016-06-30": 6.281, "2016-03-31": "-4.77600", "2015-12-31": -4.083, "2015-09-30": -2.663, "2015-06-30": 0.692, "2015-03-31": "-13.15600", "2014-12-31": -6.102, "2014-09-30": 0.236, "2014-06-30": -1.611, "2014-03-31": "2.46700", "2013-12-31": 7.812, "2013-09-30": -6.486, "2013-06-30": 4.403, "2013-03-31": "-2.46600", "2012-12-31": -3.193, "2012-09-30": 14.316, "2012-06-30": -5.305, "2012-03-31": "-14.43300", "2011-12-31": -0.969, "2011-09-30": -3.856, "2011-06-30": -0.586, "2011-03-31": "-1.29700", "2010-12-31": 0.665, "2010-09-30": 3.55, "2010-06-30": -4.386, "2010-03-31": "-2.86700", "2009-12-31": 0, "2008-12-31": 0}, "Change In Accounts Payable": {"2020-09-30": 0, "2020-06-30": 0, "2020-03-31": "", "2019-12-31": 0, "2019-09-30": 0, "2019-06-30": 0, "2019-03-31": "", "2018-12-31": 0, "2018-09-30": 0, "2018-06-30": 0, "2018-03-31": "", "2017-12-31": 0, "2017-09-30": 0, "2017-06-30": 0, "2017-03-31": "", "2016-12-31": 0, "2016-09-30": 0, "2016-06-30": 0, "2016-03-31": "", "2015-12-31": 0, "2015-09-30": 0, "2015-06-30": 0, "2015-03-31": "", "2014-12-31": 0, "2014-09-30": 0, "2014-06-30": 0, "2014-03-31": "", "2013-12-31": 0, "2013-09-30": 0, "2013-06-30": 0, "2013-03-31": "", "2012-12-31": 0, "2012-09-30": 0, "2012-06-30": 0, "2012-03-31": "", "2011-12-31": 0, "2011-09-30": 0, "2011-06-30": 0, "2011-03-31": "", "2010-12-31": 0, "2010-09-30": 0, "2010-06-30": 0, "2010-03-31": "", "2009-12-31": 0, "2008-12-31": 0}, "Change In Assets/Liabilities": {"2020-09-30": 11.217, "2020-06-30": 1.57, "2020-03-31": "-41.06600", "2019-12-31": 58.282, "2019-09-30": 7.442, "2019-06-30": -0.878, "2019-03-31": "-1.08700", "2018-12-31": 0.132, "2018-09-30": -11.391, "2018-06-30": -5.106, "2018-03-31": "-1.41000", "2017-12-31": 3.639, "2017-09-30": 0.383, "2017-06-30": -0.38, "2017-03-31": "-1.13900", "2016-12-31": 2.698, "2016-09-30": 2.305, "2016-06-30": 1.061, "2016-03-31": "1.31800", "2015-12-31": -0.037, "2015-09-30": 0.239, "2015-06-30": 0.225, "2015-03-31": "0.57000", "2014-12-31": 2.59, "2014-09-30": 1.92, "2014-06-30": 2.562, "2014-03-31": "-0.77400", "2013-12-31": 1.339, "2013-09-30": 4.89, "2013-06-30": 6.383, "2013-03-31": "0.62100", "2012-12-31": 13.887, "2012-09-30": 2.107, "2012-06-30": -15.614, "2012-03-31": "-7.10500", "2011-12-31": 24.149, "2011-09-30": 0.82, "2011-06-30": -0.8, "2011-03-31": "-0.37400", "2010-12-31": 1.695, "2010-09-30": -0.75, "2010-06-30": 0.144, "2010-03-31": "-0.03000", "2009-12-31": 0, "2008-12-31": 0}, "Total Change In Assets/Liabilities": {"2020-09-30": -1.576, "2020-06-30": -1.794, "2020-03-31": "-16.05500", "2019-12-31": 47.395, "2019-09-30": -37.879, "2019-06-30": -11.885, "2019-03-31": "3.79400", "2018-12-31": -4.024, "2018-09-30": 1.456, "2018-06-30": 0.587, "2018-03-31": "3.50500", "2017-12-31": -1.215, "2017-09-30": 0.393, "2017-06-30": 7.875, "2017-03-31": "-8.47000", "2016-12-31": 2.429, "2016-09-30": -10.344, "2016-06-30": 17.74, "2016-03-31": "-2.72300", "2015-12-31": 16.321, "2015-09-30": -12.384, "2015-06-30": -16.22, "2015-03-31": "-11.03200", "2014-12-31": 3.326, "2014-09-30": 5.479, "2014-06-30": -2.398, "2014-03-31": "6.46000", "2013-12-31": 6.518, "2013-09-30": 1.219, "2013-06-30": 4.613, "2013-03-31": "-2.32600", "2012-12-31": 10.308, "2012-09-30": -14.586, "2012-06-30": -11.936, "2012-03-31": "-5.99200", "2011-12-31": 25.505, "2011-09-30": -1.647, "2011-06-30": 1.355, "2011-03-31": "-0.72500", "2010-12-31": 0.605, "2010-09-30": 1.548, "2010-06-30": 0.675, "2010-03-31": "-1.58800", "2009-12-31": -4.98, "2008-12-31": 1.72}, "Cash Flow From Operating Activities": {"2020-09-30": 67.501, "2020-06-30": 25.431, "2020-03-31": "39.22200", "2019-12-31": 102.271, "2019-09-30": 4.961, "2019-06-30": 14.772, "2019-03-31": "17.06300", "2018-12-31": 1.875, "2018-09-30": 6.816, "2018-06-30": 4.08, "2018-03-31": "3.36100", "2017-12-31": -1.914, "2017-09-30": -2.203, "2017-06-30": 0.186, "2017-03-31": "-24.51100", "2016-12-31": -4.365, "2016-09-30": -20.597, "2016-06-30": 7.258, "2016-03-31": "-15.24900", "2015-12-31": 8.149, "2015-09-30": -6.038, "2015-06-30": -11.773, "2015-03-31": "-11.49800", "2014-12-31": 8.88, "2014-09-30": 11.208, "2014-06-30": -0.147, "2014-03-31": "4.28100", "2013-12-31": 7.579, "2013-09-30": -0.489, "2013-06-30": -0.99, "2013-03-31": "-6.97200", "2012-12-31": 7.629, "2012-09-30": -20.429, "2012-06-30": -17.774, "2012-03-31": "-14.07100", "2011-12-31": 22.862, "2011-09-30": -7.028, "2011-06-30": -7.194, "2011-03-31": "-9.00700", "2010-12-31": -5.529, "2010-09-30": -3.671, "2010-06-30": -3.641, "2010-03-31": "-5.00900", "2009-12-31": -6.65, "2008-12-31": -12.23}, "Net Change In Property, Plant, And Equipment": {"2020-09-30": -3.903, "2020-06-30": -4.451, "2020-03-31": "-3.35300", "2019-12-31": -7.42, "2019-09-30": -4.192, "2019-06-30": -2.518, "2019-03-31": "-0.65800", "2018-12-31": -1.767, "2018-09-30": -0.909, "2018-06-30": -0.432, "2018-03-31": "-1.04300", "2017-12-31": -0.512, "2017-09-30": -0.094, "2017-06-30": -0.049, "2017-03-31": "-3.46600", "2016-12-31": -2.56, "2016-09-30": -2.097, "2016-06-30": -4.162, "2016-03-31": "-3.34800", "2015-12-31": -2.843, "2015-09-30": -3.422, "2015-06-30": -2.649, "2015-03-31": "-3.61100", "2014-12-31": -3.413, "2014-09-30": -5.503, "2014-06-30": -2.161, "2014-03-31": "-2.17200", "2013-12-31": -1.371, "2013-09-30": -1.419, "2013-06-30": -1.785, "2013-03-31": "-1.68200", "2012-12-31": -1.936, "2012-09-30": -3.041, "2012-06-30": -3.408, "2012-03-31": "-4.60500", "2011-12-31": -5.073, "2011-09-30": -2.979, "2011-06-30": -4.292, "2011-03-31": "-2.31800", "2010-12-31": -0.852, "2010-09-30": -0.706, "2010-06-30": -1.238, "2010-03-31": "-0.46400", "2009-12-31": 0.18, "2008-12-31": -2.31}, "Net Change In Intangible Assets": {"2020-09-30": 0, "2020-06-30": 0, "2020-03-31": "", "2019-12-31": 0, "2019-09-30": 0, "2019-06-30": 0, "2019-03-31": "", "2018-12-31": 0, "2018-09-30": 0, "2018-06-30": 0, "2018-03-31": "", "2017-12-31": 0, "2017-09-30": 0, "2017-06-30": 0, "2017-03-31": "", "2016-12-31": 0, "2016-09-30": 0, "2016-06-30": -0.678, "2016-03-31": "", "2015-12-31": -0.237, "2015-09-30": 0, "2015-06-30": 0, "2015-03-31": "", "2014-12-31": -0.75, "2014-09-30": 0, "2014-06-30": 0, "2014-03-31": "", "2013-12-31": 0, "2013-09-30": 0, "2013-06-30": 0, "2013-03-31": "", "2012-12-31": 0, "2012-09-30": 0, "2012-06-30": 0, "2012-03-31": "", "2011-12-31": 0, "2011-09-30": 0, "2011-06-30": 0, "2011-03-31": "", "2010-12-31": 0, "2010-09-30": 0, "2010-06-30": 0, "2010-03-31": "", "2009-12-31": 0, "2008-12-31": 0}, "Net Acquisitions/Divestitures": {"2020-09-30": 0, "2020-06-30": 0, "2020-03-31": "", "2019-12-31": 0, "2019-09-30": 0, "2019-06-30": 0, "2019-03-31": "", "2018-12-31": -6, "2018-09-30": -9, "2018-06-30": 0, "2018-03-31": "", "2017-12-31": 0, "2017-09-30": 0, "2017-06-30": 0, "2017-03-31": "", "2016-12-31": 1.05, "2016-09-30": 0, "2016-06-30": 0, "2016-03-31": "", "2015-12-31": 0, "2015-09-30": 0, "2015-06-30": 0, "2015-03-31": "", "2014-12-31": -2.235, "2014-09-30": 0, "2014-06-30": 0, "2014-03-31": "", "2013-12-31": 0, "2013-09-30": 0, "2013-06-30": 0, "2013-03-31": "", "2012-12-31": 0, "2012-09-30": 0, "2012-06-30": 0, "2012-03-31": "", "2011-12-31": 0, "2011-09-30": 0, "2011-06-30": 0, "2011-03-31": "", "2010-12-31": 0, "2010-09-30": 0, "2010-06-30": 0, "2010-03-31": "", "2009-12-31": 0, "2008-12-31": 0}, "Net Change In Short-term Investments": {"2020-09-30": 0, "2020-06-30": 0, "2020-03-31": "", "2019-12-31": 0, "2019-09-30": 0, "2019-06-30": 0, "2019-03-31": "", "2018-12-31": 0, "2018-09-30": 0, "2018-06-30": 0, "2018-03-31": "", "2017-12-31": 0, "2017-09-30": 0, "2017-06-30": 0, "2017-03-31": "", "2016-12-31": 0, "2016-09-30": 0, "2016-06-30": 0, "2016-03-31": "", "2015-12-31": 0, "2015-09-30": 0, "2015-06-30": 0, "2015-03-31": "", "2014-12-31": 0, "2014-09-30": 0, "2014-06-30": 0, "2014-03-31": "", "2013-12-31": 0, "2013-09-30": 0, "2013-06-30": 0, "2013-03-31": "", "2012-12-31": 0, "2012-09-30": 0, "2012-06-30": 0, "2012-03-31": "", "2011-12-31": 0, "2011-09-30": 0, "2011-06-30": 0, "2011-03-31": "", "2010-12-31": 0, "2010-09-30": 0, "2010-06-30": 0, "2010-03-31": "", "2009-12-31": 0, "2008-12-31": 0}, "Net Change In Long-Term Investments": {"2020-09-30": 0, "2020-06-30": 0, "2020-03-31": "", "2019-12-31": 0, "2019-09-30": 0, "2019-06-30": 0, "2019-03-31": "", "2018-12-31": 0, "2018-09-30": 0, "2018-06-30": 0, "2018-03-31": "", "2017-12-31": 0, "2017-09-30": 0, "2017-06-30": 0, "2017-03-31": "", "2016-12-31": 0, "2016-09-30": 0, "2016-06-30": 0, "2016-03-31": "", "2015-12-31": 0, "2015-09-30": 0, "2015-06-30": 0, "2015-03-31": "", "2014-12-31": 0, "2014-09-30": 0, "2014-06-30": 0, "2014-03-31": "", "2013-12-31": 0, "2013-09-30": 0, "2013-06-30": 0, "2013-03-31": "", "2012-12-31": 0, "2012-09-30": 0, "2012-06-30": 0, "2012-03-31": "", "2011-12-31": 0, "2011-09-30": 0, "2011-06-30": 0, "2011-03-31": "", "2010-12-31": 0, "2010-09-30": 0, "2010-06-30": 0, "2010-03-31": "", "2009-12-31": 0, "2008-12-31": 0}, "Net Change In Investments - Total": {"2020-09-30": 0, "2020-06-30": 0, "2020-03-31": "", "2019-12-31": 0, "2019-09-30": 0, "2019-06-30": 0, "2019-03-31": "", "2018-12-31": 0, "2018-09-30": 0, "2018-06-30": 0, "2018-03-31": "", "2017-12-31": 0, "2017-09-30": 0, "2017-06-30": 0, "2017-03-31": "", "2016-12-31": 0, "2016-09-30": 0, "2016-06-30": 0, "2016-03-31": "", "2015-12-31": 0, "2015-09-30": 0, "2015-06-30": 0, "2015-03-31": "", "2014-12-31": 0, "2014-09-30": 0, "2014-06-30": 0, "2014-03-31": "", "2013-12-31": 0, "2013-09-30": 0, "2013-06-30": 0, "2013-03-31": "", "2012-12-31": 0, "2012-09-30": 0, "2012-06-30": 0, "2012-03-31": "", "2011-12-31": 0, "2011-09-30": 0, "2011-06-30": 0, "2011-03-31": "", "2010-12-31": 0, "2010-09-30": 0, "2010-06-30": 0, "2010-03-31": "", "2009-12-31": 0, "2008-12-31": 0}, "Investing Activities - Other": {"2020-09-30": 0, "2020-06-30": 0, "2020-03-31": "", "2019-12-31": 0, "2019-09-30": 0, "2019-06-30": 0, "2019-03-31": "", "2018-12-31": 0, "2018-09-30": 0, "2018-06-30": 0, "2018-03-31": "", "2017-12-31": 0, "2017-09-30": 0, "2017-06-30": 0, "2017-03-31": "", "2016-12-31": 0, "2016-09-30": 0, "2016-06-30": 0, "2016-03-31": "", "2015-12-31": 0.3, "2015-09-30": 0, "2015-06-30": 0, "2015-03-31": "", "2014-12-31": -0.3, "2014-09-30": 0, "2014-06-30": 0, "2014-03-31": "", "2013-12-31": 0, "2013-09-30": 0, "2013-06-30": 0, "2013-03-31": "", "2012-12-31": 0, "2012-09-30": 0, "2012-06-30": 0, "2012-03-31": "", "2011-12-31": 0, "2011-09-30": 0, "2011-06-30": 0, "2011-03-31": "", "2010-12-31": 0, "2010-09-30": 0, "2010-06-30": 0, "2010-03-31": "", "2009-12-31": 0.31, "2008-12-31": -0.3}, "Cash Flow From Investing Activities": {"2020-09-30": -3.903, "2020-06-30": -4.451, "2020-03-31": "-3.35300", "2019-12-31": -7.42, "2019-09-30": -4.192, "2019-06-30": -2.518, "2019-03-31": "-0.65800", "2018-12-31": -7.767, "2018-09-30": -9.909, "2018-06-30": -0.432, "2018-03-31": "-1.04300", "2017-12-31": -0.512, "2017-09-30": -0.094, "2017-06-30": -0.049, "2017-03-31": "-3.46600", "2016-12-31": -1.51, "2016-09-30": -2.097, "2016-06-30": -4.84, "2016-03-31": "-3.34800", "2015-12-31": -2.78, "2015-09-30": -3.422, "2015-06-30": -2.649, "2015-03-31": "-3.61100", "2014-12-31": -6.698, "2014-09-30": -5.503, "2014-06-30": -2.161, "2014-03-31": "-2.17200", "2013-12-31": -1.371, "2013-09-30": -1.419, "2013-06-30": -1.785, "2013-03-31": "-1.68200", "2012-12-31": -1.936, "2012-09-30": -3.041, "2012-06-30": -3.408, "2012-03-31": "-4.60500", "2011-12-31": -5.073, "2011-09-30": -2.979, "2011-06-30": -4.292, "2011-03-31": "-2.31800", "2010-12-31": -0.852, "2010-09-30": -0.706, "2010-06-30": -1.238, "2010-03-31": "-0.46400", "2009-12-31": 0.49, "2008-12-31": -2.61}, "Net Long-Term Debt": {"2020-09-30": -2.269, "2020-06-30": -0.591, "2020-03-31": "223.95500", "2019-12-31": -0.265, "2019-09-30": -46.217, "2019-06-30": 91.727, "2019-03-31": "", "2018-12-31": -72.664, "2018-09-30": 57.108, "2018-06-30": 3.271, "2018-03-31": "2.30900", "2017-12-31": -24.24, "2017-09-30": 0, "2017-06-30": 0.078, "2017-03-31": "24.16200", "2016-12-31": -24.175, "2016-09-30": 24.175, "2016-06-30": 0, "2016-03-31": "", "2015-12-31": 0, "2015-09-30": 0, "2015-06-30": 0, "2015-03-31": "", "2014-12-31": -5.861, "2014-09-30": -0.67, "2014-06-30": -1.311, "2014-03-31": "-0.86600", "2013-12-31": -0.632, "2013-09-30": -0.619, "2013-06-30": -0.605, "2013-03-31": "-0.63100", "2012-12-31": -1.181, "2012-09-30": -1.479, "2012-06-30": -0.821, "2012-03-31": "-0.71800", "2011-12-31": 7.629, "2011-09-30": 2.693, "2011-06-30": 15.607, "2011-03-31": "1.93700", "2010-12-31": -0.061, "2010-09-30": -0.067, "2010-06-30": -0.057, "2010-03-31": "6.94200", "2009-12-31": 0, "2008-12-31": 0}, "Net Current Debt": {"2020-09-30": 0, "2020-06-30": 0, "2020-03-31": "", "2019-12-31": 0, "2019-09-30": 0, "2019-06-30": 0, "2019-03-31": "", "2018-12-31": 0, "2018-09-30": 0, "2018-06-30": 0, "2018-03-31": "", "2017-12-31": 0, "2017-09-30": 0, "2017-06-30": 0, "2017-03-31": "-10.10000", "2016-12-31": -2.35, "2016-09-30": 0, "2016-06-30": -7.55, "2016-03-31": "3.00000", "2015-12-31": -0.15, "2015-09-30": 0, "2015-06-30": 17, "2015-03-31": "", "2014-12-31": 0, "2014-09-30": 0, "2014-06-30": 0, "2014-03-31": "", "2013-12-31": 0, "2013-09-30": 0, "2013-06-30": 0, "2013-03-31": "", "2012-12-31": 0, "2012-09-30": 0, "2012-06-30": 0, "2012-03-31": "", "2011-12-31": 0, "2011-09-30": 0, "2011-06-30": 0, "2011-03-31": "", "2010-12-31": 0, "2010-09-30": 0, "2010-06-30": 0, "2010-03-31": "", "2009-12-31": 0, "2008-12-31": 0}, "Debt Issuance/Retirement Net - Total": {"2020-09-30": -2.269, "2020-06-30": -0.591, "2020-03-31": "223.95500", "2019-12-31": -0.265, "2019-09-30": -46.217, "2019-06-30": 91.727, "2019-03-31": "", "2018-12-31": -72.664, "2018-09-30": 57.108, "2018-06-30": 3.271, "2018-03-31": "2.30900", "2017-12-31": -24.24, "2017-09-30": 0, "2017-06-30": 0.078, "2017-03-31": "14.06200", "2016-12-31": -26.525, "2016-09-30": 24.175, "2016-06-30": -7.55, "2016-03-31": "3.00000", "2015-12-31": -0.15, "2015-09-30": 0, "2015-06-30": 17, "2015-03-31": "", "2014-12-31": -5.861, "2014-09-30": -0.67, "2014-06-30": -1.311, "2014-03-31": "-0.86600", "2013-12-31": -0.632, "2013-09-30": -0.619, "2013-06-30": -0.605, "2013-03-31": "-0.63100", "2012-12-31": -1.181, "2012-09-30": -1.479, "2012-06-30": -0.821, "2012-03-31": "-0.71800", "2011-12-31": 7.629, "2011-09-30": 2.693, "2011-06-30": 15.607, "2011-03-31": "1.93700", "2010-12-31": -0.068, "2010-09-30": -0.067, "2010-06-30": -0.057, "2010-03-31": "6.94200", "2009-12-31": 0.51, "2008-12-31": 0.76}, "Net Common Equity Issued/Repurchased": {"2020-09-30": -0.138, "2020-06-30": 2.867, "2020-03-31": "73.53100", "2019-12-31": 2.059, "2019-09-30": 0.303, "2019-06-30": 30.777, "2019-03-31": "1.66400", "2018-12-31": 0.644, "2018-09-30": 0.629, "2018-06-30": 1.101, "2018-03-31": "20.19200", "2017-12-31": 0.356, "2017-09-30": 0.004, "2017-06-30": 0.071, "2017-03-31": "26.52400", "2016-12-31": 1.841, "2016-09-30": 14.636, "2016-06-30": 0.708, "2016-03-31": "0.10100", "2015-12-31": 1.148, "2015-09-30": 0.122, "2015-06-30": 2.067, "2015-03-31": "0.67700", "2014-12-31": 1.408, "2014-09-30": 2.257, "2014-06-30": 1.247, "2014-03-31": "0.45400", "2013-12-31": 0.757, "2013-09-30": 0.138, "2013-06-30": 0.931, "2013-03-31": "0.60300", "2012-12-31": 0.208, "2012-09-30": 0.003, "2012-06-30": 58.629, "2012-03-31": "0.02400", "2011-12-31": 0.769, "2011-09-30": 0.02, "2011-06-30": 1.245, "2011-03-31": "0.01400", "2010-12-31": 0.04, "2010-09-30": 0.004, "2010-06-30": 0.005, "2010-03-31": "0.01200", "2009-12-31": 0, "2008-12-31": 0}, "Net Total Equity Issued/Repurchased": {"2020-09-30": -0.138, "2020-06-30": 2.867, "2020-03-31": "73.53100", "2019-12-31": 2.059, "2019-09-30": 0.303, "2019-06-30": 30.777, "2019-03-31": "1.66400", "2018-12-31": 0.644, "2018-09-30": 0.629, "2018-06-30": 1.101, "2018-03-31": "20.19200", "2017-12-31": 0.356, "2017-09-30": 0.004, "2017-06-30": 0.071, "2017-03-31": "26.52400", "2016-12-31": 1.841, "2016-09-30": 14.636, "2016-06-30": 0.708, "2016-03-31": "0.10100", "2015-12-31": 1.148, "2015-09-30": 0.122, "2015-06-30": 2.067, "2015-03-31": "0.67700", "2014-12-31": 1.408, "2014-09-30": 2.257, "2014-06-30": 1.247, "2014-03-31": "0.45400", "2013-12-31": 0.757, "2013-09-30": 0.138, "2013-06-30": 0.931, "2013-03-31": "0.60300", "2012-12-31": 0.208, "2012-09-30": 0.003, "2012-06-30": 58.629, "2012-03-31": "0.02400", "2011-12-31": 0.769, "2011-09-30": 0.02, "2011-06-30": 1.245, "2011-03-31": "0.01400", "2010-12-31": 0.037, "2010-09-30": 0.004, "2010-06-30": 24.91, "2010-03-31": "20.98900", "2009-12-31": 8.6, "2008-12-31": 15.75}, "Total Common And Preferred Stock Dividends Paid": {"2020-09-30": 0, "2020-06-30": 0, "2020-03-31": "", "2019-12-31": 0, "2019-09-30": 0, "2019-06-30": 0, "2019-03-31": "", "2018-12-31": 0, "2018-09-30": 0, "2018-06-30": 0, "2018-03-31": "", "2017-12-31": 0, "2017-09-30": 0, "2017-06-30": 0, "2017-03-31": "", "2016-12-31": 0, "2016-09-30": 0, "2016-06-30": 0, "2016-03-31": "", "2015-12-31": 0, "2015-09-30": 0, "2015-06-30": 0, "2015-03-31": "", "2014-12-31": 0, "2014-09-30": 0, "2014-06-30": 0, "2014-03-31": "", "2013-12-31": 0, "2013-09-30": 0, "2013-06-30": 0, "2013-03-31": "", "2012-12-31": 0, "2012-09-30": 0, "2012-06-30": 0, "2012-03-31": "", "2011-12-31": 0, "2011-09-30": 0, "2011-06-30": 0, "2011-03-31": "", "2010-12-31": 0, "2010-09-30": 0, "2010-06-30": 0, "2010-03-31": "", "2009-12-31": 0, "2008-12-31": 0}, "Financial Activities - Other": {"2020-09-30": -6.757, "2020-06-30": -9.87, "2020-03-31": "-35.41500", "2019-12-31": -3.76, "2019-09-30": 42.774, "2019-06-30": -7.126, "2019-03-31": "-46.08600", "2018-12-31": 68.024, "2018-09-30": 3.129, "2018-06-30": -2.358, "2018-03-31": "-0.77100", "2017-12-31": 26.442, "2017-09-30": 0, "2017-06-30": 0, "2017-03-31": "", "2016-12-31": 24.419, "2016-09-30": -0.271, "2016-06-30": -0.104, "2016-03-31": "-0.05500", "2015-12-31": -0.3, "2015-09-30": 0, "2015-06-30": 0, "2015-03-31": "", "2014-12-31": 0, "2014-09-30": 0, "2014-06-30": 0, "2014-03-31": "", "2013-12-31": 0, "2013-09-30": 0, "2013-06-30": 0, "2013-03-31": "", "2012-12-31": -1.197, "2012-09-30": -0.204, "2012-06-30": -1.549, "2012-03-31": "-0.27900", "2011-12-31": -1.357, "2011-09-30": -1.648, "2011-06-30": -0.332, "2011-03-31": "-0.09500", "2010-12-31": 0.005, "2010-09-30": -0.014, "2010-06-30": -0.065, "2010-03-31": "-0.15600", "2009-12-31": -0.03, "2008-12-31": -0.08}, "Cash Flow From Financial Activities": {"2020-09-30": -9.164, "2020-06-30": -7.594, "2020-03-31": "262.07100", "2019-12-31": -1.966, "2019-09-30": -3.14, "2019-06-30": 115.378, "2019-03-31": "-44.42200", "2018-12-31": -3.996, "2018-09-30": 60.866, "2018-06-30": 2.014, "2018-03-31": "21.73000", "2017-12-31": 2.558, "2017-09-30": 0.004, "2017-06-30": 0.149, "2017-03-31": "40.58600", "2016-12-31": -0.265, "2016-09-30": 38.54, "2016-06-30": -6.946, "2016-03-31": "3.04600", "2015-12-31": 0.698, "2015-09-30": 0.122, "2015-06-30": 19.067, "2015-03-31": "0.67700", "2014-12-31": -4.453, "2014-09-30": 1.587, "2014-06-30": -0.064, "2014-03-31": "-0.41200", "2013-12-31": 0.125, "2013-09-30": -0.481, "2013-06-30": 0.326, "2013-03-31": "-0.02800", "2012-12-31": -2.17, "2012-09-30": -1.68, "2012-06-30": 56.259, "2012-03-31": "-0.97300", "2011-12-31": 7.041, "2011-09-30": 1.065, "2011-06-30": 16.52, "2011-03-31": "1.85600", "2010-12-31": -0.026, "2010-09-30": -0.077, "2010-06-30": 24.788, "2010-03-31": "27.77500", "2009-12-31": 9.07, "2008-12-31": 16.44}, "Net Cash Flow": {"2020-09-30": 54.538, "2020-06-30": 13.41, "2020-03-31": "297.73500", "2019-12-31": 93.063, "2019-09-30": -2.913, "2019-06-30": 127.872, "2019-03-31": "-28.15000", "2018-12-31": -9.927, "2018-09-30": 57.693, "2018-06-30": 5.216, "2018-03-31": "24.11100", "2017-12-31": 0.266, "2017-09-30": -2.075, "2017-06-30": 0.998, "2017-03-31": "12.19100", "2016-12-31": -6.348, "2016-09-30": 15.869, "2016-06-30": -4.773, "2016-03-31": "-15.43600", "2015-12-31": 5.961, "2015-09-30": -9.396, "2015-06-30": 4.76, "2015-03-31": "-14.90500", "2014-12-31": -2.505, "2014-09-30": 6.916, "2014-06-30": -2.314, "2014-03-31": "1.74500", "2013-12-31": 6.412, "2013-09-30": -2.198, "2013-06-30": -2.458, "2013-03-31": "-8.86000", "2012-12-31": 3.577, "2012-09-30": -25.252, "2012-06-30": 35.066, "2012-03-31": "-19.62100", "2011-12-31": 25.002, "2011-09-30": -9.046, "2011-06-30": 5.044, "2011-03-31": "-9.46900", "2010-12-31": -6.407, "2010-09-30": -4.454, "2010-06-30": 19.909, "2010-03-31": "22.30200", "2009-12-31": 2.92, "2008-12-31": 1.58}, "Stock-Based Compensation": {"2020-09-30": 14.399, "2020-06-30": 12.3, "2020-03-31": "7.51500", "2019-12-31": 6.176, "2019-09-30": 5.776, "2019-06-30": 4.934, "2019-03-31": "3.29000", "2018-12-31": 1.521, "2018-09-30": 4.051, "2018-06-30": 4.289, "2018-03-31": "1.57100", "2017-12-31": 1.45, "2017-09-30": 1.727, "2017-06-30": 1.621, "2017-03-31": "1.92900", "2016-12-31": 2.087, "2016-09-30": 2.532, "2016-06-30": 2.708, "2016-03-31": "2.99900", "2015-12-31": 3.117, "2015-09-30": 3.283, "2015-06-30": 3.308, "2015-03-31": "2.98800", "2014-12-31": 2.703, "2014-09-30": 2.53, "2014-06-30": 2.494, "2014-03-31": "2.01300", "2013-12-31": 1.894, "2013-09-30": 2.045, "2013-06-30": 1.475, "2013-03-31": "1.43500", "2012-12-31": 1.607, "2012-09-30": 1.451, "2012-06-30": 1.002, "2012-03-31": "0.70600", "2011-12-31": 0.681, "2011-09-30": 0.583, "2011-06-30": 0.481, "2011-03-31": "0.37500", "2010-12-31": 0.321, "2010-09-30": 0.361, "2010-06-30": 0.083, "2010-03-31": "0.06400", "2009-12-31": 0, "2008-12-31": 0}, "Common Stock Dividends Paid": {"2020-09-30": 0, "2020-06-30": 0, "2020-03-31": "", "2019-12-31": 0, "2019-09-30": 0, "2019-06-30": 0, "2019-03-31": "", "2018-12-31": 0, "2018-09-30": 0, "2018-06-30": 0, "2018-03-31": "", "2017-12-31": 0, "2017-09-30": 0, "2017-06-30": 0, "2017-03-31": "", "2016-12-31": 0, "2016-09-30": 0, "2016-06-30": 0, "2016-03-31": "", "2015-12-31": 0, "2015-09-30": 0, "2015-06-30": 0, "2015-03-31": "", "2014-12-31": 0, "2014-09-30": 0, "2014-06-30": 0, "2014-03-31": "", "2013-12-31": 0, "2013-09-30": 0, "2013-06-30": 0, "2013-03-31": "", "2012-12-31": 0, "2012-09-30": 0, "2012-06-30": 0, "2012-03-31": "", "2011-12-31": 0, "2011-09-30": 0, "2011-06-30": 0, "2011-03-31": "", "2010-12-31": 0, "2010-09-30": 0, "2010-06-30": 0, "2010-03-31": "", "2009-12-31": 0, "2008-12-31": 0}}, "financial ratios": {"Current Ratio": {"2019-12-31": "2.50690", "2018-12-31": "1.51060", "2017-12-31": "1.42190", "2016-12-31": "1.42400", "2015-12-31": "1.67150", "2014-12-31": "1.95710", "2013-12-31": "2.71270", "2012-12-31": "2.80600", "2011-12-31": "1.56170", "2010-12-31": "4.01090", "2009-12-31": "2.93770", "2008-12-31": "", "2007-12-31": ""}, "Long-term Debt / Capital": {"2019-12-31": "0.27390", "2018-12-31": "0.91300", "2017-12-31": "1.39340", "2016-12-31": "0.94110", "2015-12-31": "", "2014-12-31": "", "2013-12-31": "0.11390", "2012-12-31": "0.13280", "2011-12-31": "0.67750", "2010-12-31": "0.10130", "2009-12-31": "0.01680", "2008-12-31": "", "2007-12-31": ""}, "Debt/Equity Ratio": {"2019-12-31": "0.38770", "2018-12-31": "14.11820", "2017-12-31": "-5.45160", "2016-12-31": "26.07690", "2015-12-31": "0.41010", "2014-12-31": "", "2013-12-31": "0.21580", "2012-12-31": "0.19520", "2011-12-31": "2.42440", "2010-12-31": "0.17940", "2009-12-31": "0.03020", "2008-12-31": "", "2007-12-31": ""}, "Gross Margin": {"2019-12-31": "35.43700", "2018-12-31": "29.87260", "2017-12-31": "19.58410", "2016-12-31": "17.98190", "2015-12-31": "30.29180", "2014-12-31": "32.87050", "2013-12-31": "28.95300", "2012-12-31": "25.51620", "2011-12-31": "19.44120", "2010-12-31": "10.54480", "2009-12-31": "-14.99950", "2008-12-31": "-348.14150", "2007-12-31": ""}, "Operating Margin": {"2019-12-31": "16.45420", "2018-12-31": "0.50480", "2017-12-31": "-13.76060", "2016-12-31": "-19.43640", "2015-12-31": "-5.40490", "2014-12-31": "-1.28790", "2013-12-31": "-9.51620", "2012-12-31": "-14.38130", "2011-12-31": "-19.20240", "2010-12-31": "-33.59820", "2009-12-31": "-82.66810", "2008-12-31": "-881.11510", "2007-12-31": ""}, "EBIT Margin": {"2019-12-31": "16.45420", "2018-12-31": "0.50480", "2017-12-31": "-13.76060", "2016-12-31": "-19.43640", "2015-12-31": "-5.40490", "2014-12-31": "-1.28790", "2013-12-31": "-9.51620", "2012-12-31": "-14.38130", "2011-12-31": "-19.20240", "2010-12-31": "-33.59820", "2009-12-31": "-82.66810", "2008-12-31": "-881.11510", "2007-12-31": ""}, "EBITDA Margin": {"2019-12-31": "18.71570", "2018-12-31": "3.56240", "2017-12-31": "-10.61410", "2016-12-31": "-16.09380", "2015-12-31": "-2.40930", "2014-12-31": "1.25410", "2013-12-31": "-6.51800", "2012-12-31": "-11.81150", "2011-12-31": "-17.17460", "2010-12-31": "-31.08450", "2009-12-31": "-78.69170", "2008-12-31": "-861.21100", "2007-12-31": ""}, "Pre-Tax Profit Margin": {"2019-12-31": "14.43360", "2018-12-31": "-3.23540", "2017-12-31": "-15.84430", "2016-12-31": "-20.45530", "2015-12-31": "-5.79510", "2014-12-31": "-2.11860", "2013-12-31": "-10.75820", "2012-12-31": "-17.33770", "2011-12-31": "-21.59530", "2010-12-31": "-35.31730", "2009-12-31": "-83.81200", "2008-12-31": "-869.36440", "2007-12-31": ""}, "Net Profit Margin": {"2019-12-31": "25.81120", "2018-12-31": "-3.67760", "2017-12-31": "-15.79220", "2016-12-31": "-20.91260", "2015-12-31": "-6.18110", "2014-12-31": "-2.34140", "2013-12-31": "-11.12880", "2012-12-31": "-17.63820", "2011-12-31": "-21.59530", "2010-12-31": "-35.31730", "2009-12-31": "-83.81200", "2008-12-31": "-869.36460", "2007-12-31": ""}, "Asset Turnover": {"2019-12-31": "0.87540", "2018-12-31": "0.93010", "2017-12-31": "1.69180", "2016-12-31": "1.97210", "2015-12-31": "2.15820", "2014-12-31": "2.25970", "2013-12-31": "1.99580", "2012-12-31": "1.77180", "2011-12-31": "1.40740", "2010-12-31": "1.03630", "2009-12-31": "0.96410", "2008-12-31": "", "2007-12-31": ""}, "Inventory Turnover Ratio": {"2019-12-31": "12.57450", "2018-12-31": "13.62970", "2017-12-31": "8.85120", "2016-12-31": "8.27860", "2015-12-31": "6.10370", "2014-12-31": "10.69300", "2013-12-31": "9.97770", "2012-12-31": "8.13330", "2011-12-31": "10.72800", "2010-12-31": "12.20060", "2009-12-31": "15.65950", "2008-12-31": "", "2007-12-31": ""}, "Receiveable Turnover": {"2019-12-31": "4.29350", "2018-12-31": "4.00520", "2017-12-31": "4.37920", "2016-12-31": "5.28670", "2015-12-31": "7.74960", "2014-12-31": "7.62220", "2013-12-31": "7.25740", "2012-12-31": "7.81020", "2011-12-31": "8.41390", "2010-12-31": "7.68460", "2009-12-31": "3.17070", "2008-12-31": "", "2007-12-31": ""}, "Days Sales In Receivables": {"2019-12-31": "85.01190", "2018-12-31": "91.13250", "2017-12-31": "83.34780", "2016-12-31": "69.04080", "2015-12-31": "47.09920", "2014-12-31": "47.88670", "2013-12-31": "50.29360", "2012-12-31": "46.73380", "2011-12-31": "43.38070", "2010-12-31": "47.49780", "2009-12-31": "115.11760", "2008-12-31": "", "2007-12-31": ""}, "ROE - Return On Equity": {"2019-12-31": "59.19950", "2018-12-31": "-149.52420", "2017-12-31": "495.20210", "2016-12-31": "-5189.34300", "2015-12-31": "-53.27510", "2014-12-31": "-17.14940", "2013-12-31": "-64.45060", "2012-12-31": "-67.45740", "2011-12-31": "40.55410", "2010-12-31": "39.51190", "2009-12-31": "-124.20200", "2008-12-31": "", "2007-12-31": ""}, "Return On Tangible Equity": {"2019-12-31": "74.31310", "2018-12-31": "22.22580", "2017-12-31": "339.66200", "2016-12-31": "2038.74500", "2015-12-31": "-62.23090", "2014-12-31": "-19.45120", "2013-12-31": "-64.91230", "2012-12-31": "-67.45740", "2011-12-31": "-231.07200", "2010-12-31": "-56.59160", "2009-12-31": "-124.20200", "2008-12-31": "", "2007-12-31": ""}, "ROA - Return On Assets": {"2019-12-31": "22.59430", "2018-12-31": "-3.42030", "2017-12-31": "-26.71760", "2016-12-31": "-41.24200", "2015-12-31": "-13.34030", "2014-12-31": "-5.29070", "2013-12-31": "-22.21070", "2012-12-31": "-31.25170", "2011-12-31": "-30.39290", "2010-12-31": "-36.59750", "2009-12-31": "-80.79920", "2008-12-31": "", "2007-12-31": ""}, "ROI - Return On Investment": {"2019-12-31": "42.98760", "2018-12-31": "-13.00500", "2017-12-31": "-194.82670", "2016-12-31": "-305.70060", "2015-12-31": "-53.27510", "2014-12-31": "-17.14940", "2013-12-31": "-57.10730", "2012-12-31": "-58.49810", "2011-12-31": "-74.53140", "2010-12-31": "-50.86060", "2009-12-31": "-122.11400", "2008-12-31": "", "2007-12-31": ""}, "Book Value Per Share": {"2019-12-31": "2.21110", "2018-12-31": "0.07260", "2017-12-31": "-0.10620", "2016-12-31": "0.02090", "2015-12-31": "0.90460", "2014-12-31": "1.07300", "2013-12-31": "0.95450", "2012-12-31": "1.38670", "2011-12-31": "8.22970", "2010-12-31": "45.64770", "2009-12-31": "2.04820", "2008-12-31": "", "2007-12-31": ""}, "Operating Cash Flow Per Share": {"2019-12-31": 0.8945, "2018-12-31": 0.5048, "2017-12-31": 0.3094, "2016-12-31": -0.1782, "2015-12-31": -1.0387, "2014-12-31": 0.5855, "2013-12-31": 1.4314, "2012-12-31": -1.1599, "2011-12-31": 23.447, "2010-12-31": 5.184, "2009-12-31": -26.6296, "2008-12-31": -2.2938, "2007-12-31": 0}, "Free Cash Flow Per Share": {"2019-12-31": 0.8238, "2018-12-31": 0.5129, "2017-12-31": 0.5005, "2016-12-31": -0.1384, "2015-12-31": -1.0105, "2014-12-31": 0.427, "2013-12-31": 1.7037, "2012-12-31": 10.1004, "2011-12-31": 16.1018, "2010-12-31": 4.1143, "2009-12-31": -29.4639, "2008-12-31": -2.7275, "2007-12-31": 0}}, "financial ratios, quarterly": {"Current Ratio": {"2020-09-30": "3.31450", "2020-06-30": "3.38760", "2020-03-31": "3.21760", "2019-12-31": "2.50690", "2019-09-30": "2.66670", "2019-06-30": "2.43610", "2019-03-31": "1.51800", "2018-12-31": "1.51060", "2018-09-30": "1.55500", "2018-06-30": "1.35530", "2018-03-31": "1.42600", "2017-12-31": "1.42190", "2017-09-30": "1.59460", "2017-06-30": "1.91810", "2017-03-31": "2.24790", "2016-12-31": "1.42400", "2016-09-30": "1.51790", "2016-06-30": "1.23420", "2016-03-31": "1.41200", "2015-12-31": "1.67150", "2015-09-30": "1.78940", "2015-06-30": "1.68880", "2015-03-31": "1.84340", "2014-12-31": "1.95710", "2014-09-30": "1.97550", "2014-06-30": "2.03000", "2014-03-31": "2.54530", "2013-12-31": "2.71270", "2013-09-30": "2.21730", "2013-06-30": "2.55110", "2013-03-31": "2.77110", "2012-12-31": "2.80600", "2012-09-30": "2.57280", "2012-06-30": "2.44600", "2012-03-31": "1.26080", "2011-12-31": "1.56170", "2011-09-30": "1.94550", "2011-06-30": "2.41460", "2011-03-31": "3.08380", "2010-12-31": "4.01090", "2010-09-30": "", "2010-06-30": "", "2010-03-31": "", "2009-12-31": "", "2008-12-31": ""}, "Long-term Debt / Capital": {"2020-09-30": "0.38130", "2020-06-30": "0.40620", "2020-03-31": "0.48280", "2019-12-31": "0.27390", "2019-09-30": "0.39870", "2019-06-30": "0.46000", "2019-03-31": "0.82240", "2018-12-31": "0.91300", "2018-09-30": "0.95490", "2018-06-30": "9.74420", "2018-03-31": "6.86870", "2017-12-31": "1.39340", "2017-09-30": "1.26670", "2017-06-30": "1.06110", "2017-03-31": "0.85870", "2016-12-31": "0.94110", "2016-09-30": "0.69040", "2016-06-30": "", "2016-03-31": "", "2015-12-31": "", "2015-09-30": "", "2015-06-30": "", "2015-03-31": "", "2014-12-31": "", "2014-09-30": "0.06540", "2014-06-30": "0.09110", "2014-03-31": "0.10900", "2013-12-31": "0.11390", "2013-09-30": "0.12690", "2013-06-30": "0.12840", "2013-03-31": "0.14330", "2012-12-31": "0.13280", "2012-09-30": "0.07550", "2012-06-30": "0.08890", "2012-03-31": "0.86210", "2011-12-31": "0.67750", "2011-09-30": "0.59380", "2011-06-30": "0.46940", "2011-03-31": "0.17090", "2010-12-31": "0.10130", "2010-09-30": "", "2010-06-30": "", "2010-03-31": "", "2009-12-31": "", "2008-12-31": ""}, "Debt/Equity Ratio": {"2020-09-30": "0.86520", "2020-06-30": "0.96020", "2020-03-31": "1.25170", "2019-12-31": "0.38770", "2019-09-30": "0.68330", "2019-06-30": "0.87770", "2019-03-31": "4.84220", "2018-12-31": "14.11820", "2018-09-30": "26.95670", "2018-06-30": "-1.72630", "2018-03-31": "-1.62840", "2017-12-31": "-5.45160", "2017-09-30": "-6.10230", "2017-06-30": "-19.85570", "2017-03-31": "6.27510", "2016-12-31": "26.07690", "2016-09-30": "3.56390", "2016-06-30": "0.99940", "2016-03-31": "0.78250", "2015-12-31": "0.41010", "2015-09-30": "0.32100", "2015-06-30": "0.34870", "2015-03-31": "", "2014-12-31": "", "2014-09-30": "0.13800", "2014-06-30": "0.17580", "2014-03-31": "0.21480", "2013-12-31": "0.21580", "2013-09-30": "0.23040", "2013-06-30": "0.22310", "2013-03-31": "0.21800", "2012-12-31": "0.19520", "2012-09-30": "0.19110", "2012-06-30": "0.19020", "2012-03-31": "7.44830", "2011-12-31": "2.42440", "2011-09-30": "1.68860", "2011-06-30": "1.00770", "2011-03-31": "0.29010", "2010-12-31": "0.17940", "2010-09-30": "", "2010-06-30": "", "2010-03-31": "", "2009-12-31": "", "2008-12-31": ""}, "Gross Margin": {"2020-09-30": "53.20980", "2020-06-30": "38.54370", "2020-03-31": "39.24930", "2019-12-31": "37.08050", "2019-09-30": "35.93640", "2019-06-30": "33.79640", "2019-03-31": "33.28910", "2018-12-31": "30.51830", "2018-09-30": "32.38890", "2018-06-30": "29.91070", "2018-03-31": "26.17480", "2017-12-31": "23.83120", "2017-09-30": "21.36740", "2017-06-30": "18.13420", "2017-03-31": "12.87280", "2016-12-31": "17.91700", "2016-09-30": "17.90520", "2016-06-30": "17.85190", "2016-03-31": "18.34030", "2015-12-31": "23.92240", "2015-09-30": "30.58690", "2015-06-30": "32.34990", "2015-03-31": "32.34050", "2014-12-31": "33.30100", "2014-09-30": "32.81200", "2014-06-30": "32.72040", "2014-03-31": "32.39840", "2013-12-31": "32.05680", "2013-09-30": "28.10010", "2013-06-30": "27.99530", "2013-03-31": "26.77010", "2012-12-31": "27.89050", "2012-09-30": "26.84290", "2012-06-30": "24.41960", "2012-03-31": "21.84740", "2011-12-31": "22.87780", "2011-09-30": "19.09990", "2011-06-30": "16.24430", "2011-03-31": "14.65490", "2010-12-31": "10.71260", "2010-09-30": "10.91490", "2010-06-30": "12.11810", "2010-03-31": "8.25060", "2009-12-31": "", "2008-12-31": ""}, "Operating Margin": {"2020-09-30": "28.99620", "2020-06-30": "8.64600", "2020-03-31": "21.75290", "2019-12-31": "21.15960", "2019-09-30": "18.71960", "2019-06-30": "13.01100", "2019-03-31": "7.12330", "2018-12-31": "5.42100", "2018-09-30": "-0.47950", "2018-06-30": "-0.73520", "2018-03-31": "-3.53710", "2017-12-31": "-2.67970", "2017-09-30": "-7.65990", "2017-06-30": "-12.37820", "2017-03-31": "-40.35540", "2016-12-31": "-11.14000", "2016-09-30": "-19.99350", "2016-06-30": "-19.93810", "2016-03-31": "-29.76870", "2015-12-31": "-23.11630", "2015-09-30": "1.72930", "2015-06-30": "-0.36140", "2015-03-31": "-6.40260", "2014-12-31": "1.85440", "2014-09-30": "1.90990", "2014-06-30": "-3.03400", "2014-03-31": "-10.04690", "2013-12-31": "-2.40250", "2013-09-30": "-8.61460", "2013-06-30": "-9.44010", "2013-03-31": "-21.30680", "2012-12-31": "-10.73340", "2012-09-30": "-13.47900", "2012-06-30": "-13.47470", "2012-03-31": "-21.78400", "2011-12-31": "-6.70350", "2011-09-30": "-14.38700", "2011-06-30": "-32.06950", "2011-03-31": "-49.57110", "2010-12-31": "-32.38000", "2010-09-30": "-30.93630", "2010-06-30": "-41.99090", "2010-03-31": "-32.21710", "2009-12-31": "", "2008-12-31": ""}, "EBIT Margin": {"2020-09-30": "28.99620", "2020-06-30": "8.64600", "2020-03-31": "21.75290", "2019-12-31": "21.15960", "2019-09-30": "18.71960", "2019-06-30": "13.01100", "2019-03-31": "7.12330", "2018-12-31": "5.42100", "2018-09-30": "-0.47950", "2018-06-30": "-0.73520", "2018-03-31": "-3.53710", "2017-12-31": "-2.67970", "2017-09-30": "-7.65990", "2017-06-30": "-12.37820", "2017-03-31": "-40.35540", "2016-12-31": "-11.14010", "2016-09-30": "-19.99350", "2016-06-30": "-19.93810", "2016-03-31": "-29.76870", "2015-12-31": "-23.11630", "2015-09-30": "1.72930", "2015-06-30": "-0.36140", "2015-03-31": "-6.40260", "2014-12-31": "1.85440", "2014-09-30": "1.90990", "2014-06-30": "-3.03400", "2014-03-31": "-10.04690", "2013-12-31": "-2.40250", "2013-09-30": "-8.61460", "2013-06-30": "-9.44010", "2013-03-31": "-21.30680", "2012-12-31": "-10.73340", "2012-09-30": "-13.47900", "2012-06-30": "-13.47470", "2012-03-31": "-21.78400", "2011-12-31": "-6.70350", "2011-09-30": "-14.38700", "2011-06-30": "-32.06950", "2011-03-31": "-49.57110", "2010-12-31": "-32.38000", "2010-09-30": "-30.93630", "2010-06-30": "-41.99090", "2010-03-31": "-32.21710", "2009-12-31": "", "2008-12-31": ""}, "EBITDA Margin": {"2020-09-30": "", "2020-06-30": "", "2020-03-31": "", "2019-12-31": "", "2019-09-30": "", "2019-06-30": "", "2019-03-31": "", "2018-12-31": "", "2018-09-30": "", "2018-06-30": "", "2018-03-31": "", "2017-12-31": "", "2017-09-30": "", "2017-06-30": "", "2017-03-31": "", "2016-12-31": "", "2016-09-30": "", "2016-06-30": "", "2016-03-31": "", "2015-12-31": "", "2015-09-30": "", "2015-06-30": "", "2015-03-31": "", "2014-12-31": "", "2014-09-30": "", "2014-06-30": "", "2014-03-31": "", "2013-12-31": "", "2013-09-30": "", "2013-06-30": "", "2013-03-31": "", "2012-12-31": "", "2012-09-30": "", "2012-06-30": "", "2012-03-31": "", "2011-12-31": "", "2011-09-30": "", "2011-06-30": "", "2011-03-31": "", "2010-12-31": "", "2010-09-30": "", "2010-06-30": "", "2010-03-31": "", "2009-12-31": "", "2008-12-31": ""}, "Pre-Tax Profit Margin": {"2020-09-30": "25.12280", "2020-06-30": "-42.89940", "2020-03-31": "27.76420", "2019-12-31": "21.14960", "2019-09-30": "17.42280", "2019-06-30": "8.35910", "2019-03-31": "3.10830", "2018-12-31": "1.39240", "2018-09-30": "-4.13070", "2018-06-30": "-4.47850", "2018-03-31": "-6.99280", "2017-12-31": "-4.88250", "2017-09-30": "-9.13580", "2017-06-30": "-15.04470", "2017-03-31": "-42.32620", "2016-12-31": "-13.72720", "2016-09-30": "-20.98690", "2016-06-30": "-20.68450", "2016-03-31": "-28.94370", "2015-12-31": "-23.02030", "2015-09-30": "0.90890", "2015-06-30": "-0.36930", "2015-03-31": "-7.10070", "2014-12-31": "0.77660", "2014-09-30": "0.94840", "2014-06-30": "-3.55590", "2014-03-31": "-10.64090", "2013-12-31": "-3.57020", "2013-09-30": "-9.92810", "2013-06-30": "-10.78280", "2013-03-31": "-22.43240", "2012-12-31": "-12.91860", "2012-09-30": "-14.43280", "2012-06-30": "-20.16990", "2012-03-31": "-23.75350", "2011-12-31": "-9.69130", "2011-09-30": "-16.04360", "2011-06-30": "-34.76620", "2011-03-31": "-51.40850", "2010-12-31": "-34.07660", "2010-09-30": "-32.65920", "2010-06-30": "-45.04600", "2010-03-31": "-32.78670", "2009-12-31": "", "2008-12-31": ""}, "Net Profit Margin": {"2020-09-30": "22.05120", "2020-06-30": "-37.67310", "2020-03-31": "33.53820", "2019-12-31": "55.54680", "2019-09-30": "17.27180", "2019-06-30": "7.91830", "2019-03-31": "2.76090", "2018-12-31": "0.76820", "2018-09-30": "-4.44860", "2018-06-30": "-4.92520", "2018-03-31": "-7.32860", "2017-12-31": "-3.69010", "2017-09-30": "-8.89690", "2017-06-30": "-16.18790", "2017-03-31": "-42.56540", "2016-12-31": "-14.55610", "2016-09-30": "-21.14930", "2016-06-30": "-21.11890", "2016-03-31": "-29.31180", "2015-12-31": "-24.04880", "2015-09-30": "0.60660", "2015-06-30": "-0.59060", "2015-03-31": "-7.29350", "2014-12-31": "0.38210", "2014-09-30": "0.82030", "2014-06-30": "-3.69620", "2014-03-31": "-10.83020", "2013-12-31": "-4.19050", "2013-09-30": "-10.15540", "2013-06-30": "-10.99590", "2013-03-31": "-22.83170", "2012-12-31": "-13.44840", "2012-09-30": "-14.64650", "2012-06-30": "-20.44100", "2012-03-31": "-23.90610", "2011-12-31": "-9.69130", "2011-09-30": "-16.04360", "2011-06-30": "-34.76620", "2011-03-31": "-51.40850", "2010-12-31": "-34.07660", "2010-09-30": "-32.65920", "2010-06-30": "-45.04600", "2010-03-31": "-32.78670", "2009-12-31": "", "2008-12-31": ""}, "Asset Turnover": {"2020-09-30": "0.16340", "2020-06-30": "0.12580", "2020-03-31": "0.19940", "2019-12-31": "0.29450", "2019-09-30": "0.34380", "2019-06-30": "0.27850", "2019-03-31": "0.31370", "2018-12-31": "0.27150", "2018-09-30": "0.23890", "2018-06-30": "0.34730", "2018-03-31": "0.32990", "2017-12-31": "0.47100", "2017-09-30": "0.43500", "2017-06-30": "0.45640", "2017-03-31": "0.32690", "2016-12-31": "0.55390", "2016-09-30": "0.50270", "2016-06-30": "0.51920", "2016-03-31": "0.40450", "2015-12-31": "0.39650", "2015-09-30": "0.56230", "2015-06-30": "0.56310", "2015-03-31": "0.56460", "2014-12-31": "0.69130", "2014-09-30": "0.68480", "2014-06-30": "0.62090", "2014-03-31": "0.50880", "2013-12-31": "0.57480", "2013-09-30": "0.51570", "2013-06-30": "0.51320", "2013-03-31": "0.40310", "2012-12-31": "0.47070", "2012-09-30": "0.49000", "2012-06-30": "0.40810", "2012-03-31": "0.41210", "2011-12-31": "0.53780", "2011-09-30": "0.60130", "2011-06-30": "0.40750", "2011-03-31": "0.32950", "2010-12-31": "0.34670", "2010-09-30": "", "2010-06-30": "", "2010-03-31": "", "2009-12-31": "", "2008-12-31": ""}, "Inventory Turnover Ratio": {"2020-09-30": "2.22520", "2020-06-30": "2.47390", "2020-03-31": "3.60720", "2019-12-31": "4.12250", "2019-09-30": "3.81570", "2019-06-30": "4.41800", "2019-03-31": "5.15080", "2018-12-31": "3.94200", "2018-09-30": "2.94860", "2018-06-30": "3.04480", "2018-03-31": "2.78610", "2017-12-31": "2.33420", "2017-09-30": "2.39280", "2017-06-30": "2.93470", "2017-03-31": "1.41100", "2016-12-31": "2.32690", "2016-09-30": "1.86200", "2016-06-30": "1.65540", "2016-03-31": "1.14890", "2015-12-31": "1.22380", "2015-09-30": "1.94480", "2015-06-30": "2.02810", "2015-03-31": "1.68740", "2014-12-31": "3.25020", "2014-09-30": "4.29960", "2014-06-30": "3.50880", "2014-03-31": "2.75810", "2013-12-31": "2.74790", "2013-09-30": "1.82890", "2013-06-30": "2.33900", "2013-03-31": "1.49610", "2012-12-31": "2.09200", "2012-09-30": "2.67200", "2012-06-30": "1.35940", "2012-03-31": "1.29740", "2011-12-31": "3.92440", "2011-09-30": "3.52710", "2011-06-30": "4.00470", "2011-03-31": "2.65060", "2010-12-31": "4.07210", "2010-09-30": "", "2010-06-30": "", "2010-03-31": "", "2009-12-31": "", "2008-12-31": ""}, "Receiveable Turnover": {"2020-09-30": "1.45850", "2020-06-30": "1.40260", "2020-03-31": "2.15270", "2019-12-31": "1.44440", "2019-09-30": "1.34680", "2019-06-30": "1.37480", "2019-03-31": "1.22560", "2018-12-31": "1.16910", "2018-09-30": "1.44140", "2018-06-30": "1.29300", "2018-03-31": "1.25800", "2017-12-31": "1.21920", "2017-09-30": "1.11860", "2017-06-30": "1.32450", "2017-03-31": "1.11960", "2016-12-31": "1.48480", "2016-09-30": "1.49090", "2016-06-30": "1.61690", "2016-03-31": "1.36270", "2015-12-31": "1.42370", "2015-09-30": "1.36580", "2015-06-30": "1.51660", "2015-03-31": "1.88910", "2014-12-31": "2.33180", "2014-09-30": "2.01160", "2014-06-30": "1.76210", "2014-03-31": "2.02390", "2013-12-31": "2.09000", "2013-09-30": "1.78580", "2013-06-30": "1.81180", "2013-03-31": "1.82980", "2012-12-31": "2.07500", "2012-09-30": "1.61160", "2012-06-30": "5.59150", "2012-03-31": "3.16800", "2011-12-31": "3.21500", "2011-09-30": "2.54580", "2011-06-30": "1.89280", "2011-03-31": "2.30470", "2010-12-31": "2.57100", "2010-09-30": "", "2010-06-30": "", "2010-03-31": "", "2009-12-31": "", "2008-12-31": ""}, "Days Sales In Receivables": {"2020-09-30": "61.70620", "2020-06-30": "64.16670", "2020-03-31": "41.80870", "2019-12-31": "62.31040", "2019-09-30": "66.82330", "2019-06-30": "65.46400", "2019-03-31": "73.43340", "2018-12-31": "76.98020", "2018-09-30": "62.44110", "2018-06-30": "69.60370", "2018-03-31": "71.54260", "2017-12-31": "73.81600", "2017-09-30": "80.45650", "2017-06-30": "67.95180", "2017-03-31": "80.38700", "2016-12-31": "60.61420", "2016-09-30": "60.36470", "2016-06-30": "55.66170", "2016-03-31": "66.04760", "2015-12-31": "63.21760", "2015-09-30": "65.89600", "2015-06-30": "59.34150", "2015-03-31": "47.64170", "2014-12-31": "38.59730", "2014-09-30": "44.73980", "2014-06-30": "51.07470", "2014-03-31": "44.46860", "2013-12-31": "43.06190", "2013-09-30": "50.39740", "2013-06-30": "49.67350", "2013-03-31": "49.18530", "2012-12-31": "43.37250", "2012-09-30": "55.84430", "2012-06-30": "16.09580", "2012-03-31": "28.40920", "2011-12-31": "27.99370", "2011-09-30": "35.35170", "2011-06-30": "47.54870", "2011-03-31": "39.05030", "2010-12-31": "35.00530", "2010-09-30": "", "2010-06-30": "", "2010-03-31": "", "2009-12-31": "", "2008-12-31": ""}, "ROE - Return On Equity": {"2020-09-30": "9.45730", "2020-06-30": "-12.77610", "2020-03-31": "21.80090", "2019-12-31": "42.85850", "2019-09-30": "20.42100", "2019-06-30": "9.05420", "2019-03-31": "19.57660", "2018-12-31": "9.11780", "2018-09-30": "-83.49320", "2018-06-30": "12.41240", "2018-03-31": "16.46180", "2017-12-31": "32.21580", "2017-09-30": "87.84960", "2017-06-30": "507.25750", "2017-03-31": "-311.93870", "2016-12-31": "-1014.45300", "2016-09-30": "-183.36100", "2016-06-30": "-134.24580", "2016-03-31": "-73.53290", "2015-12-31": "-38.07810", "2015-09-30": "1.17810", "2015-06-30": "-1.23700", "2015-03-31": "-14.36980", "2014-12-31": "0.85620", "2014-09-30": "1.91470", "2014-06-30": "-8.15790", "2014-03-31": "-17.11400", "2013-12-31": "-6.98900", "2013-09-30": "-15.62240", "2013-06-30": "-14.42260", "2013-03-31": "-21.63010", "2012-12-31": "-13.66520", "2012-09-30": "-14.24480", "2012-06-30": "-16.24500", "2012-03-31": "11.43650", "2011-12-31": "6.95410", "2011-09-30": "9.19870", "2011-06-30": "14.56750", "2011-03-31": "14.50980", "2010-12-31": "12.75520", "2010-09-30": "", "2010-06-30": "", "2010-03-31": "", "2009-12-31": "", "2008-12-31": ""}, "Return On Tangible Equity": {"2020-09-30": "10.79640", "2020-06-30": "-14.90480", "2020-03-31": "26.30220", "2019-12-31": "53.80030", "2019-09-30": "32.48110", "2019-06-30": "17.83190", "2019-03-31": "-6.17420", "2018-12-31": "-1.35530", "2018-09-30": "6.11940", "2018-06-30": "10.94840", "2018-03-31": "14.54590", "2017-12-31": "22.09700", "2017-09-30": "56.84660", "2017-06-30": "180.06250", "2017-03-31": "-776.57240", "2016-12-31": "398.54980", "2016-09-30": "-389.53360", "2016-06-30": "-243.77550", "2016-03-31": "-95.02500", "2015-12-31": "-44.47920", "2015-09-30": "1.30730", "2015-06-30": "-1.38920", "2015-03-31": "-16.40200", "2014-12-31": "0.97110", "2014-09-30": "1.91470", "2014-06-30": "-8.15790", "2014-03-31": "-17.11400", "2013-12-31": "-7.03910", "2013-09-30": "-15.62240", "2013-06-30": "-14.42260", "2013-03-31": "-21.63010", "2012-12-31": "-13.66520", "2012-09-30": "-14.24480", "2012-06-30": "-16.24500", "2012-03-31": "-223.92280", "2011-12-31": "-39.62360", "2011-09-30": "-46.04430", "2011-06-30": "-44.78300", "2011-03-31": "-31.40620", "2010-12-31": "-18.26880", "2010-09-30": "", "2010-06-30": "", "2010-03-31": "", "2009-12-31": "", "2008-12-31": ""}, "ROA - Return On Assets": {"2020-09-30": "3.60350", "2020-06-30": "-4.73920", "2020-03-31": "6.68770", "2019-12-31": "16.35760", "2019-09-30": "5.93870", "2019-06-30": "2.20510", "2019-03-31": "0.86610", "2018-12-31": "0.20860", "2018-09-30": "-1.06280", "2018-06-30": "-1.71050", "2018-03-31": "-2.41750", "2017-12-31": "-1.73810", "2017-09-30": "-3.87050", "2017-06-30": "-7.38830", "2017-03-31": "-13.91290", "2016-12-31": "-8.06230", "2016-09-30": "-10.63100", "2016-06-30": "-10.96530", "2016-03-31": "-11.85660", "2015-12-31": "-9.53490", "2015-09-30": "0.34110", "2015-06-30": "-0.33260", "2015-03-31": "-4.11750", "2014-12-31": "0.26410", "2014-09-30": "0.56180", "2014-06-30": "-2.29480", "2014-03-31": "-5.51080", "2013-12-31": "-2.40850", "2013-09-30": "-5.23730", "2013-06-30": "-5.64280", "2013-03-31": "-9.20360", "2012-12-31": "-6.33080", "2012-09-30": "-7.17730", "2012-06-30": "-8.34130", "2012-03-31": "-9.85150", "2011-12-31": "-5.21170", "2011-09-30": "-9.64720", "2011-06-30": "-14.16710", "2011-03-31": "-16.94020", "2010-12-31": "-11.81430", "2010-09-30": "", "2010-06-30": "", "2010-03-31": "", "2009-12-31": "", "2008-12-31": ""}, "ROI - Return On Investment": {"2020-09-30": "5.85170", "2020-06-30": "-7.58710", "2020-03-31": "11.27470", "2019-12-31": "31.12160", "2019-09-30": "12.27910", "2019-06-30": "4.88950", "2019-03-31": "3.47670", "2018-12-31": "0.79300", "2018-09-30": "-3.76920", "2018-06-30": "-108.53660", "2018-03-31": "-96.60890", "2017-12-31": "-12.67460", "2017-09-30": "-23.42770", "2017-06-30": "-31.00690", "2017-03-31": "-44.09230", "2016-12-31": "-59.76080", "2016-09-30": "-56.77270", "2016-06-30": "-134.24580", "2016-03-31": "-73.53290", "2015-12-31": "-38.07810", "2015-09-30": "1.17810", "2015-06-30": "-1.23700", "2015-03-31": "-14.36980", "2014-12-31": "0.85620", "2014-09-30": "1.78940", "2014-06-30": "-7.41440", "2014-03-31": "-15.24880", "2013-12-31": "-6.19270", "2013-09-30": "-13.64030", "2013-06-30": "-12.57130", "2013-03-31": "-18.53090", "2012-12-31": "-11.85020", "2012-09-30": "-13.17000", "2012-06-30": "-14.80070", "2012-03-31": "-30.87370", "2011-12-31": "-12.78050", "2011-09-30": "-18.70110", "2011-06-30": "-23.76260", "2011-03-31": "-26.03860", "2010-12-31": "-16.41870", "2010-09-30": "", "2010-06-30": "", "2010-03-31": "", "2009-12-31": "", "2008-12-31": ""}, "Book Value Per Share": {"2020-09-30": "3.29620", "2020-06-30": "2.93840", "2020-03-31": "2.52820", "2019-12-31": "2.21110", "2019-09-30": "1.24510", "2019-06-30": "0.96160", "2019-03-31": "0.12820", "2018-12-31": "0.07260", "2018-09-30": "0.03910", "2018-06-30": "-0.30700", "2018-03-31": "-0.32190", "2017-12-31": "-0.10620", "2017-09-30": "-0.09160", "2017-06-30": "-0.02820", "2017-03-31": "0.08860", "2016-12-31": "0.02090", "2016-09-30": "0.17060", "2016-06-30": "0.26650", "2016-03-31": "0.55130", "2015-12-31": "0.90460", "2015-09-30": "1.17690", "2015-06-30": "1.09730", "2015-03-31": "0.99690", "2014-12-31": "1.07300", "2014-09-30": "0.97890", "2014-06-30": "0.86740", "2014-03-31": "0.86030", "2013-12-31": "0.95450", "2013-09-30": "0.96460", "2013-06-30": "1.06250", "2013-03-31": "1.16230", "2012-12-31": "1.38670", "2012-09-30": "1.53420", "2012-06-30": "1.71970", "2012-03-31": "2.65500", "2011-12-31": "8.22970", "2011-09-30": "1.10860", "2011-06-30": "1.70890", "2011-03-31": "3.81890", "2010-12-31": "45.64770", "2010-09-30": "", "2010-06-30": "", "2010-03-31": "", "2009-12-31": "", "2008-12-31": ""}, "Operating Cash Flow Per Share": {"2020-09-30": 0.4171, "2020-06-30": 0.2307, "2020-03-31": "0.28400", "2019-12-31": 0.781, "2019-09-30": 0.0319, "2019-06-30": 0.0962, "2019-03-31": "0.14730", "2018-12-31": 0.0232, "2018-09-30": 0.0622, "2018-06-30": 0.0397, "2018-03-31": "0.03680", "2017-12-31": -0.0303, "2017-09-30": -0.0245, "2017-06-30": 0.0317, "2017-03-31": "-0.31980", "2016-12-31": -0.0476, "2016-09-30": -0.4333, "2016-06-30": 0.1586, "2016-03-31": "-0.33000", "2015-12-31": 0.1366, "2015-09-30": -0.0856, "2015-06-30": -0.2635, "2015-03-31": "-0.26160", "2014-12-31": 0.2501, "2014-09-30": 0.2176, "2014-06-30": -0.0045, "2014-03-31": "0.10140", "2013-12-31": 0.1814, "2013-09-30": -0.011, "2013-06-30": -0.0219, "2013-03-31": "-0.16940", "2012-12-31": -0.1697, "2012-09-30": -0.4756, "2012-06-30": 7.4409, "2012-03-31": "-8.24790", "2011-12-31": 15.1627, "2011-09-30": 0.2132, "2011-06-30": -5.0468, "2011-03-31": "-10.62150", "2010-12-31": 0, "2010-09-30": 0, "2010-06-30": 0, "2010-03-31": "", "2009-12-31": 0, "2008-12-31": 0}, "Free Cash Flow Per Share": {"2020-09-30": 0.3967, "2020-06-30": 0.1929, "2020-03-31": "0.25970", "2019-12-31": 0.7238, "2019-09-30": 0.0011, "2019-06-30": 0.0776, "2019-03-31": "0.14160", "2018-12-31": 0.0048, "2018-09-30": 0.0542, "2018-06-30": 0.0359, "2018-03-31": "0.02540", "2017-12-31": -0.0375, "2017-09-30": -0.0254, "2017-06-30": 0.0353, "2017-03-31": "-0.36500", "2016-12-31": -0.0852, "2016-09-30": -0.4754, "2016-06-30": 0.07, "2016-03-31": "-0.40250", "2015-12-31": 0.0577, "2015-09-30": -0.1461, "2015-06-30": -0.3225, "2015-03-31": "-0.34380", "2014-12-31": 0.1429, "2014-09-30": 0.1176, "2014-06-30": -0.0547, "2014-03-31": "0.05000", "2013-12-31": 0.148, "2013-09-30": -0.0446, "2013-06-30": -0.0643, "2013-03-31": "-0.21030", "2012-12-31": -0.321, "2012-09-30": -0.5438, "2012-06-30": 9.9372, "2012-03-31": "-10.94730", "2011-12-31": 9.8597, "2011-09-30": 0.2259, "2011-06-30": -8.7059, "2011-03-31": "-13.35500", "2010-12-31": 0, "2010-09-30": 0, "2010-06-30": 0, "2010-03-31": "", "2009-12-31": 0, "2008-12-31": 0}}, "revenue": {"Enphase Energy Annual Revenue (Millions of US $)": {"2019": "$624", "2018": "$316", "2017": "$286", "2016": "$323", "2015": "$357", "2014": "$344", "2013": "$233", "2012": "$217", "2011": "$150", "2010": "$62", "2009": "$20", "2008": "$2", "2007": "$"}, "Enphase Energy Quarterly Revenue (Millions of US $)": {"2020-09-30": "$179", "2020-06-30": "$126", "2020-03-31": "$206", "2019-12-31": "$210", "2019-09-30": "$180", "2019-06-30": "$134", "2019-03-31": "$100", "2018-12-31": "$92", "2018-09-30": "$78", "2018-06-30": "$76", "2018-03-31": "$70", "2017-12-31": "$80", "2017-09-30": "$77", "2017-06-30": "$75", "2017-03-31": "$55", "2016-12-31": "$91", "2016-09-30": "$89", "2016-06-30": "$79", "2016-03-31": "$64", "2015-12-31": "$66", "2015-09-30": "$103", "2015-06-30": "$102", "2015-03-31": "$87", "2014-12-31": "$105", "2014-09-30": "$99", "2014-06-30": "$82", "2014-03-31": "$58", "2013-12-31": "$67", "2013-09-30": "$62", "2013-06-30": "$58", "2013-03-31": "$46", "2012-12-31": "$58", "2012-09-30": "$61", "2012-06-30": "$56", "2012-03-31": "$43", "2011-12-31": "$57", "2011-09-30": "$45", "2011-06-30": "$30", "2011-03-31": "$18", "2010-12-31": "$21", "2010-09-30": "$19", "2010-06-30": "$11", "2010-03-31": "$12", "2009-12-31": "", "2008-12-31": ""}}, "gross-profit": {"Enphase Energy Annual Gross Profit (Millions of US $)": {"2019": "$221", "2018": "$94", "2017": "$56", "2016": "$58", "2015": "$108", "2014": "$113", "2013": "$67", "2012": "$55", "2011": "$29", "2010": "$7", "2009": "$-3", "2008": "$-6", "2007": "$"}, "Enphase Energy Quarterly Gross Profit (Millions of US $)": {"2020-09-30": "$95", "2020-06-30": "$48", "2020-03-31": "$81", "2019-12-31": "$78", "2019-09-30": "$65", "2019-06-30": "$45", "2019-03-31": "$33", "2018-12-31": "$28", "2018-09-30": "$25", "2018-06-30": "$23", "2018-03-31": "$18", "2017-12-31": "$19", "2017-09-30": "$16", "2017-06-30": "$14", "2017-03-31": "$7", "2016-12-31": "$16", "2016-09-30": "$16", "2016-06-30": "$14", "2016-03-31": "$12", "2015-12-31": "$16", "2015-09-30": "$31", "2015-06-30": "$33", "2015-03-31": "$28", "2014-12-31": "$35", "2014-09-30": "$33", "2014-06-30": "$27", "2014-03-31": "$19", "2013-12-31": "$21", "2013-09-30": "$17", "2013-06-30": "$16", "2013-03-31": "$12", "2012-12-31": "$16", "2012-09-30": "$16", "2012-06-30": "$14", "2012-03-31": "$9", "2011-12-31": "$13", "2011-09-30": "$9", "2011-06-30": "$5", "2011-03-31": "$3", "2010-12-31": "$2", "2010-09-30": "$2", "2010-06-30": "$1", "2010-03-31": "$1", "2009-12-31": "", "2008-12-31": ""}}, "operating-income": {"Enphase Energy Annual Operating Income (Millions of US $)": {"2019": "$103", "2018": "$2", "2017": "$-39", "2016": "$-63", "2015": "$-19", "2014": "$-4", "2013": "$-22", "2012": "$-31", "2011": "$-29", "2010": "$-21", "2009": "$-17", "2008": "$-15", "2007": "$"}, "Enphase Energy Quarterly Operating Income (Millions of US $)": {"2020-09-30": "$52", "2020-06-30": "$11", "2020-03-31": "$45", "2019-12-31": "$44", "2019-09-30": "$34", "2019-06-30": "$17", "2019-03-31": "$7", "2018-12-31": "$5", "2018-09-30": "$-0", "2018-06-30": "$-1", "2018-03-31": "$-2", "2017-12-31": "$-2", "2017-09-30": "$-6", "2017-06-30": "$-9", "2017-03-31": "$-22", "2016-12-31": "$-10", "2016-09-30": "$-18", "2016-06-30": "$-16", "2016-03-31": "$-19", "2015-12-31": "$-15", "2015-09-30": "$2", "2015-06-30": "$-0", "2015-03-31": "$-6", "2014-12-31": "$2", "2014-09-30": "$2", "2014-06-30": "$-2", "2014-03-31": "$-6", "2013-12-31": "$-2", "2013-09-30": "$-5", "2013-06-30": "$-5", "2013-03-31": "$-10", "2012-12-31": "$-6", "2012-09-30": "$-8", "2012-06-30": "$-8", "2012-03-31": "$-9", "2011-12-31": "$-4", "2011-09-30": "$-6", "2011-06-30": "$-9", "2011-03-31": "$-9", "2010-12-31": "$-7", "2010-09-30": "$-6", "2010-06-30": "$-5", "2010-03-31": "$-4", "2009-12-31": "", "2008-12-31": ""}}, "ebitda": {"Enphase Energy Annual EBITDA (Millions of US $)": {"2019": "$117", "2018": "$11", "2017": "$-30", "2016": "$-52", "2015": "$-9", "2014": "$4", "2013": "$-15", "2012": "$-26", "2011": "$-26", "2010": "$-19", "2009": "$-16", "2008": "$-14", "2007": "$"}, "Enphase Energy Quarterly EBITDA (Millions of US $)": {"2020-09-30": "$57", "2020-06-30": "$15", "2020-03-31": "$49", "2019-12-31": "$47", "2019-09-30": "$38", "2019-06-30": "$22", "2019-03-31": "$11", "2018-12-31": "$6", "2018-09-30": "$4", "2018-06-30": "$1", "2018-03-31": "$0", "2017-12-31": "$-1", "2017-09-30": "$-3", "2017-06-30": "$-7", "2017-03-31": "$-19", "2016-12-31": "$-7", "2016-09-30": "$-15", "2016-06-30": "$-13", "2016-03-31": "$-16", "2015-12-31": "$-12", "2015-09-30": "$5", "2015-06-30": "$2", "2015-03-31": "$-3", "2014-12-31": "$5", "2014-09-30": "$4", "2014-06-30": "$-0", "2014-03-31": "$-4", "2013-12-31": "$0", "2013-09-30": "$-4", "2013-06-30": "$-4", "2013-03-31": "$-8", "2012-12-31": "$-5", "2012-09-30": "$-7", "2012-06-30": "$-6", "2012-03-31": "$-8", "2011-12-31": "$-3", "2011-09-30": "$-6", "2011-06-30": "$-9", "2011-03-31": "$-8", "2010-12-31": "$-6", "2010-09-30": "$-5", "2010-06-30": "$-4", "2010-03-31": "$-3", "2009-12-31": "", "2008-12-31": ""}}, "net-income": {"Enphase Energy Annual Net Income (Millions of US $)": {"2019": "$161", "2018": "$-12", "2017": "$-45", "2016": "$-67", "2015": "$-22", "2014": "$-8", "2013": "$-26", "2012": "$-38", "2011": "$-32", "2010": "$-22", "2009": "$-17", "2008": "$-15", "2007": "$-3"}, "Enphase Energy Quarterly Net Income (Millions of US $)": {"2020-09-30": "$39", "2020-06-30": "$-47", "2020-03-31": "$69", "2019-12-31": "$117", "2019-09-30": "$31", "2019-06-30": "$11", "2019-03-31": "$3", "2018-12-31": "$1", "2018-09-30": "$-3", "2018-06-30": "$-4", "2018-03-31": "$-5", "2017-12-31": "$-3", "2017-09-30": "$-7", "2017-06-30": "$-12", "2017-03-31": "$-23", "2016-12-31": "$-13", "2016-09-30": "$-19", "2016-06-30": "$-17", "2016-03-31": "$-19", "2015-12-31": "$-16", "2015-09-30": "$1", "2015-06-30": "$-1", "2015-03-31": "$-6", "2014-12-31": "$0", "2014-09-30": "$1", "2014-06-30": "$-3", "2014-03-31": "$-6", "2013-12-31": "$-3", "2013-09-30": "$-6", "2013-06-30": "$-6", "2013-03-31": "$-10", "2012-12-31": "$-8", "2012-09-30": "$-9", "2012-06-30": "$-11", "2012-03-31": "$-10", "2011-12-31": "$-6", "2011-09-30": "$-7", "2011-06-30": "$-10", "2011-03-31": "$-9", "2010-12-31": "$-7", "2010-09-30": "$-6", "2010-06-30": "$-5", "2010-03-31": "$-4", "2009-12-31": "", "2008-12-31": ""}}, "eps-earnings-per-share-diluted": {"Enphase Energy Annual EPS": {"2019": "$1.23", "2018": "$-0.12", "2017": "$-0.54", "2016": "$-1.34", "2015": "$-0.49", "2014": "$-0.19", "2013": "$-0.62", "2012": "$-1.24", "2011": "$-25.73", "2010": "$-28.96", "2009": "$-25.92", "2008": "$-2.72", "2007": "$-9.22"}, "Enphase Energy Quarterly EPS": {"2020-09-30": "$0.28", "2020-06-30": "$-0.38", "2020-03-31": "$0.50", "2019-12-31": "$0.90", "2019-09-30": "$0.23", "2019-06-30": "$0.08", "2019-03-31": "$0.02", "2018-12-31": "$0.01", "2018-09-30": "$-0.03", "2018-06-30": "$-0.04", "2018-03-31": "$-0.06", "2017-12-31": "$-0.02", "2017-09-30": "$-0.08", "2017-06-30": "$-0.14", "2017-03-31": "$-0.30", "2016-12-31": "$-0.17", "2016-09-30": "$-0.40", "2016-06-30": "$-0.36", "2016-03-31": "$-0.41", "2015-12-31": "$-0.35", "2015-09-30": "$0.01", "2015-06-30": "$-0.01", "2015-03-31": "$-0.14", "2014-12-31": "$0.01", "2014-09-30": "$0.02", "2014-06-30": "$-0.07", "2014-03-31": "$-0.15", "2013-12-31": "$-0.07", "2013-09-30": "$-0.15", "2013-06-30": "$-0.15", "2013-03-31": "$-0.25", "2012-12-31": "$5.24", "2012-09-30": "$-0.22", "2012-06-30": "$-0.29", "2012-03-31": "$-5.97", "2011-12-31": "$-0.06", "2011-09-30": "$-4.77", "2011-06-30": "$-9.95", "2011-03-31": "$-10.95", "2010-12-31": "$0.00", "2010-09-30": "$0.00", "2010-06-30": "$0.00", "2010-03-31": "$0.00", "2009-12-31": "$0.00", "2008-12-31": "$0.00"}}, "shares-outstanding": {"Enphase Energy Annual Shares Outstanding (Millions of Shares)": {"2019": "132", "2018": "100", "2017": "83", "2016": "51", "2015": "45", "2014": "43", "2013": "42", "2012": "31", "2011": "1", "2010": "1", "2009": "1", "2008": "5", "2007": "0"}, "Enphase Energy Quarterly Shares Outstanding (Millions of Shares)": {"2020-09-30": "142", "2020-06-30": "126", "2020-03-31": "138", "2019-12-31": "132", "2019-09-30": "134", "2019-06-30": "131", "2019-03-31": "116", "2018-12-31": "100", "2018-09-30": "103", "2018-06-30": "97", "2018-03-31": "91", "2017-12-31": "83", "2017-09-30": "85", "2017-06-30": "84", "2017-03-31": "77", "2016-12-31": "51", "2016-09-30": "47", "2016-06-30": "47", "2016-03-31": "46", "2015-12-31": "45", "2015-09-30": "48", "2015-06-30": "44", "2015-03-31": "44", "2014-12-31": "43", "2014-09-30": "49", "2014-06-30": "43", "2014-03-31": "42", "2013-12-31": "42", "2013-09-30": "42", "2013-06-30": "42", "2013-03-31": "41", "2012-12-31": "31", "2012-09-30": "41", "2012-06-30": "39", "2012-03-31": "2", "2011-12-31": "1", "2011-09-30": "2", "2011-06-30": "1", "2011-03-31": "1", "2010-12-31": "", "2010-09-30": "", "2010-06-30": "", "2010-03-31": "", "2009-12-31": "", "2008-12-31": ""}}, "total-assets": {"Enphase Energy Annual Total Assets (Millions of US $)": {"2019": "$713", "2018": "$340", "2017": "$169", "2016": "$164", "2015": "$166", "2014": "$152", "2013": "$117", "2012": "$122", "2011": "$106", "2010": "$60", "2009": "$21", "2008": "$0", "2007": "$0"}, "Enphase Energy Quarterly Total Assets (Millions of US $)": {"2020-09-30": "$1,092", "2020-06-30": "$998", "2020-03-31": "$1,031", "2019-12-31": "$713", "2019-09-30": "$524", "2019-06-30": "$482", "2019-03-31": "$319", "2018-12-31": "$340", "2018-09-30": "$327", "2018-06-30": "$219", "2018-03-31": "$212", "2017-12-31": "$169", "2017-09-30": "$177", "2017-06-30": "$164", "2017-03-31": "$168", "2016-12-31": "$164", "2016-09-30": "$176", "2016-06-30": "$153", "2016-03-31": "$159", "2015-12-31": "$166", "2015-09-30": "$183", "2015-06-30": "$181", "2015-03-31": "$153", "2014-12-31": "$152", "2014-09-30": "$145", "2014-06-30": "$132", "2014-03-31": "$113", "2013-12-31": "$117", "2013-09-30": "$120", "2013-06-30": "$113", "2013-03-31": "$113", "2012-12-31": "$122", "2012-09-30": "$124", "2012-06-30": "$136", "2012-03-31": "$103", "2011-12-31": "$106", "2011-09-30": "$74", "2011-06-30": "$73", "2011-03-31": "$55", "2010-12-31": "$60", "2010-09-30": "$0", "2010-06-30": "$0", "2010-03-31": "$0", "2009-12-31": "$21", "2008-12-31": "$0"}}, "cash-on-hand": {"Enphase Energy Annual Cash on Hand (Millions of US $)": {"2019": "$296", "2018": "$106", "2017": "$29", "2016": "$18", "2015": "$28", "2014": "$42", "2013": "$38", "2012": "$45", "2011": "$52", "2010": "$40", "2009": "$9", "2008": "$", "2007": "$"}, "Enphase Energy Quarterly Cash on Hand (Millions of US $)": {"2020-09-30": "$662", "2020-06-30": "$607", "2020-03-31": "$594", "2019-12-31": "$296", "2019-09-30": "$203", "2019-06-30": "$206", "2019-03-31": "$78", "2018-12-31": "$106", "2018-09-30": "$116", "2018-06-30": "$58", "2018-03-31": "$53", "2017-12-31": "$29", "2017-09-30": "$29", "2017-06-30": "$31", "2017-03-31": "$30", "2016-12-31": "$18", "2016-09-30": "$24", "2016-06-30": "$8", "2016-03-31": "$13", "2015-12-31": "$28", "2015-09-30": "$22", "2015-06-30": "$32", "2015-03-31": "$27", "2014-12-31": "$42", "2014-09-30": "$45", "2014-06-30": "$38", "2014-03-31": "$40", "2013-12-31": "$38", "2013-09-30": "$32", "2013-06-30": "$34", "2013-03-31": "$36", "2012-12-31": "$45", "2012-09-30": "$42", "2012-06-30": "$67", "2012-03-31": "$32", "2011-12-31": "$52", "2011-09-30": "$27", "2011-06-30": "$36", "2011-03-31": "$31", "2010-12-31": "$40", "2010-09-30": "", "2010-06-30": "", "2010-03-31": "", "2009-12-31": "$9", "2008-12-31": ""}}, "long-term-debt": {"Enphase Energy Annual Long Term Debt (Millions of US $)": {"2019": "$103", "2018": "$82", "2017": "$32", "2016": "$21", "2015": "$", "2014": "$", "2013": "$5", "2012": "$9", "2011": "$29", "2010": "$4", "2009": "$0", "2008": "$", "2007": "$"}, "Enphase Energy Quarterly Long Term Debt (Millions of US $)": {"2020-09-30": "$256", "2020-06-30": "$253", "2020-03-31": "$295", "2019-12-31": "$103", "2019-09-30": "$101", "2019-06-30": "$100", "2019-03-31": "$65", "2018-12-31": "$82", "2018-09-30": "$88", "2018-06-30": "$34", "2018-03-31": "$36", "2017-12-31": "$32", "2017-09-30": "$37", "2017-06-30": "$41", "2017-03-31": "$45", "2016-12-31": "$21", "2016-09-30": "$23", "2016-06-30": "", "2016-03-31": "", "2015-12-31": "", "2015-09-30": "", "2015-06-30": "", "2015-03-31": "", "2014-12-31": "", "2014-09-30": "$3", "2014-06-30": "$4", "2014-03-31": "$4", "2013-12-31": "$5", "2013-09-30": "$6", "2013-06-30": "$7", "2013-03-31": "$8", "2012-12-31": "$9", "2012-09-30": "$5", "2012-06-30": "$7", "2012-03-31": "$28", "2011-12-31": "$29", "2011-09-30": "$23", "2011-06-30": "$20", "2011-03-31": "$6", "2010-12-31": "$4", "2010-09-30": "", "2010-06-30": "", "2010-03-31": "", "2009-12-31": "$0", "2008-12-31": ""}}, "total-liabilities": {"Enphase Energy Annual Total Liabilities (Millions of US $)": {"2019": "$441", "2018": "$332", "2017": "$178", "2016": "$162", "2015": "$124", "2014": "$105", "2013": "$76", "2012": "$66", "2011": "$92", "2010": "$21", "2009": "$7", "2008": "$0", "2007": "$"}, "Enphase Energy Quarterly Total Liabilities (Millions of US $)": {"2020-09-30": "$676", "2020-06-30": "$628", "2020-03-31": "$715", "2019-12-31": "$441", "2019-09-30": "$371", "2019-06-30": "$364", "2019-03-31": "$305", "2018-12-31": "$332", "2018-09-30": "$322", "2018-06-30": "$249", "2018-03-31": "$243", "2017-12-31": "$178", "2017-09-30": "$185", "2017-06-30": "$166", "2017-03-31": "$160", "2016-12-31": "$162", "2016-09-30": "$166", "2016-06-30": "$140", "2016-03-31": "$133", "2015-12-31": "$124", "2015-09-30": "$130", "2015-06-30": "$133", "2015-03-31": "$110", "2014-12-31": "$105", "2014-09-30": "$102", "2014-06-30": "$95", "2014-03-31": "$77", "2013-12-31": "$76", "2013-09-30": "$80", "2013-06-30": "$69", "2013-03-31": "$65", "2012-12-31": "$66", "2012-09-30": "$62", "2012-06-30": "$66", "2012-03-31": "$99", "2011-12-31": "$92", "2011-09-30": "$59", "2011-06-30": "$50", "2011-03-31": "$25", "2010-12-31": "$21", "2010-09-30": "$0", "2010-06-30": "$0", "2010-03-31": "$0", "2009-12-31": "$7", "2008-12-31": "$0"}}, "total-share-holder-equity": {"Enphase Energy Annual Share Holder Equity (Millions of US $)": {"2019": "$272", "2018": "$8", "2017": "$-9", "2016": "$1", "2015": "$41", "2014": "$47", "2013": "$40", "2012": "$57", "2011": "$14", "2010": "$38", "2009": "$14", "2008": "$0", "2007": "$"}, "Enphase Energy Quarterly Share Holder Equity (Millions of US $)": {"2020-09-30": "$416", "2020-06-30": "$370", "2020-03-31": "$316", "2019-12-31": "$272", "2019-09-30": "$152", "2019-06-30": "$117", "2019-03-31": "$14", "2018-12-31": "$8", "2018-09-30": "$4", "2018-06-30": "$-30", "2018-03-31": "$-31", "2017-12-31": "$-9", "2017-09-30": "$-8", "2017-06-30": "$-2", "2017-03-31": "$7", "2016-12-31": "$1", "2016-09-30": "$10", "2016-06-30": "$12", "2016-03-31": "$26", "2015-12-31": "$41", "2015-09-30": "$53", "2015-06-30": "$49", "2015-03-31": "$44", "2014-12-31": "$47", "2014-09-30": "$42", "2014-06-30": "$37", "2014-03-31": "$36", "2013-12-31": "$40", "2013-09-30": "$40", "2013-06-30": "$44", "2013-03-31": "$48", "2012-12-31": "$57", "2012-09-30": "$63", "2012-06-30": "$70", "2012-03-31": "$5", "2011-12-31": "$14", "2011-09-30": "$16", "2011-06-30": "$23", "2011-03-31": "$30", "2010-12-31": "$38", "2010-09-30": "$0", "2010-06-30": "$0", "2010-03-31": "$0", "2009-12-31": "$14", "2008-12-31": "$0"}}, "profit-margins": {"current": "17.3%"}, "gross margin": {"2020-09-30": "41.89%", "2020-06-30": "37.67%", "2020-03-31": "36.85%", "2019-12-31": "35.42%", "2019-09-30": "33.79%", "2019-06-30": "32.43%", "2019-03-31": "31.50%", "2018-12-31": "29.75%", "2018-09-30": "27.96%", "2018-06-30": "25.08%", "2018-03-31": "22.19%", "2017-12-31": "19.51%", "2017-09-30": "17.79%", "2017-06-30": "17.10%", "2017-03-31": "16.88%", "2016-12-31": "17.96%", "2016-09-30": "19.46%", "2016-06-30": "23.40%", "2016-03-31": "27.46%", "2015-12-31": "30.17%", "2015-09-30": "31.99%", "2015-06-30": "32.82%", "2015-03-31": "32.98%", "2014-12-31": "33.14%", "2014-09-30": "32.68%", "2014-06-30": "31.23%", "2014-03-31": "29.80%", "2013-12-31": "28.33%", "2013-09-30": "27.23%", "2013-06-30": "26.91%", "2013-03-31": "26.24%", "2012-12-31": "25.23%", "2012-09-30": "23.96%", "2012-06-30": "22.39%", "2012-03-31": "20.57%", "2011-12-31": "20.00%", "2011-09-30": "16.67%", "2011-06-30": "13.64%", "2011-03-31": "11.59%", "2010-12-31": "9.52%"}, "operating margin": {"2020-09-30": "21.08%", "2020-06-30": "18.56%", "2020-03-31": "19.18%", "2019-12-31": "16.35%", "2019-09-30": "12.45%", "2019-06-30": "7.18%", "2019-03-31": "3.18%", "2018-12-31": "0.63%", "2018-09-30": "-1.64%", "2018-06-30": "-3.63%", "2018-03-31": "-6.29%", "2017-12-31": "-13.59%", "2017-09-30": "-15.77%", "2017-06-30": "-19.03%", "2017-03-31": "-21.02%", "2016-12-31": "-19.50%", "2016-09-30": "-22.82%", "2016-06-30": "-15.38%", "2016-03-31": "-9.55%", "2015-12-31": "-5.31%", "2015-09-30": "-0.50%", "2015-06-30": "-0.51%", "2015-03-31": "-1.07%", "2014-12-31": "-1.16%", "2014-09-30": "-2.61%", "2014-06-30": "-5.58%", "2014-03-31": "-7.35%", "2013-12-31": "-9.44%", "2013-09-30": "-11.61%", "2013-06-30": "-13.00%", "2013-03-31": "-14.48%", "2012-12-31": "-14.22%", "2012-09-30": "-13.36%", "2012-06-30": "-13.43%", "2012-03-31": "-16.00%", "2011-12-31": "-18.67%", "2011-09-30": "-27.19%", "2011-06-30": "-35.23%", "2011-03-31": "-39.13%", "2010-12-31": "-34.92%"}, "ebitda margin": {"2020-09-30": "23.30%", "2020-06-30": "20.64%", "2020-03-31": "21.37%", "2019-12-31": "18.91%", "2019-09-30": "15.22%", "2019-06-30": "10.64%", "2019-03-31": "6.36%", "2018-12-31": "3.48%", "2018-09-30": "1.32%", "2018-06-30": "-0.99%", "2018-03-31": "-3.64%", "2017-12-31": "-10.45%", "2017-09-30": "-12.08%", "2017-06-30": "-15.48%", "2017-03-31": "-17.20%", "2016-12-31": "-15.79%", "2016-09-30": "-18.79%", "2016-06-30": "-11.54%", "2016-03-31": "-6.27%", "2015-12-31": "-2.23%", "2015-09-30": "2.27%", "2015-06-30": "2.04%", "2015-03-31": "1.61%", "2014-12-31": "1.45%", "2014-09-30": "0.00%", "2014-06-30": "-2.97%", "2014-03-31": "-4.90%", "2013-12-31": "-6.87%", "2013-09-30": "-9.38%", "2013-06-30": "-10.76%", "2013-03-31": "-11.76%", "2012-12-31": "-11.93%", "2012-09-30": "-11.06%", "2012-06-30": "-11.44%", "2012-03-31": "-14.86%", "2011-12-31": "-17.33%", "2011-09-30": "-25.44%", "2011-06-30": "-31.82%", "2011-03-31": "-33.33%", "2010-12-31": "-28.57%"}, "pre tax profit margin": {"2020-09-30": "12.76%", "2020-06-30": "10.80%", "2020-03-31": "19.59%", "2019-12-31": "14.26%", "2019-09-30": "9.09%", "2019-06-30": "2.97%", "2019-03-31": "-0.58%", "2018-12-31": "-3.16%", "2018-09-30": "-4.93%", "2018-06-30": "-6.27%", "2018-03-31": "-8.94%", "2017-12-31": "-15.68%", "2017-09-30": "-17.79%", "2017-06-30": "-20.97%", "2017-03-31": "-22.29%", "2016-12-31": "-20.43%", "2016-09-30": "-23.15%", "2016-06-30": "-15.71%", "2016-03-31": "-9.85%", "2015-12-31": "-5.59%", "2015-09-30": "-1.01%", "2015-06-30": "-1.02%", "2015-03-31": "-1.88%", "2014-12-31": "-2.03%", "2014-09-30": "-3.27%", "2014-06-30": "-6.32%", "2014-03-31": "-8.16%", "2013-12-31": "-10.30%", "2013-09-30": "-12.95%", "2013-06-30": "-14.35%", "2013-03-31": "-16.74%", "2012-12-31": "-16.97%", "2012-09-30": "-16.59%", "2012-06-30": "-16.92%", "2012-03-31": "-18.86%", "2011-12-31": "-21.33%", "2011-09-30": "-28.95%", "2011-06-30": "-36.36%", "2011-03-31": "-39.13%", "2010-12-31": "-34.92%"}, "net profit margin": {"2020-09-30": "24.69%", "2020-06-30": "23.55%", "2020-03-31": "31.23%", "2019-12-31": "25.96%", "2019-09-30": "9.09%", "2019-06-30": "2.97%", "2019-03-31": "-0.87%", "2018-12-31": "-3.48%", "2018-09-30": "-4.93%", "2018-06-30": "-6.27%", "2018-03-31": "-8.94%", "2017-12-31": "-15.68%", "2017-09-30": "-18.46%", "2017-06-30": "-21.61%", "2017-03-31": "-22.93%", "2016-12-31": "-21.05%", "2016-09-30": "-23.83%", "2016-06-30": "-16.35%", "2016-03-31": "-10.45%", "2015-12-31": "-6.15%", "2015-09-30": "-1.51%", "2015-06-30": "-1.53%", "2015-03-31": "-2.14%", "2014-12-31": "-2.33%", "2014-09-30": "-3.59%", "2014-06-30": "-6.69%", "2014-03-31": "-8.57%", "2013-12-31": "-10.73%", "2013-09-30": "-13.39%", "2013-06-30": "-14.80%", "2013-03-31": "-17.19%", "2012-12-31": "-17.43%", "2012-09-30": "-16.59%", "2012-06-30": "-16.92%", "2012-03-31": "-18.86%", "2011-12-31": "-21.33%", "2011-09-30": "-28.95%", "2011-06-30": "-36.36%", "2011-03-31": "-39.13%", "2010-12-31": "-34.92%"}, "pe ratio": {"current": "230.00", "2021-02-11": "155.53", "2020-09-30": "64.52", "2020-06-30": "38.67", "2020-03-31": "19.11", "2019-12-31": "21.60", "2019-09-30": "65.38", "2019-06-30": "227.88", "2019-03-31": "0.00", "2018-12-31": "0.00", "2018-09-30": "0.00", "2018-06-30": "0.00", "2018-03-31": "0.00", "2017-12-31": "0.00", "2017-09-30": "0.00", "2017-06-30": "0.00", "2017-03-31": "0.00", "2016-12-31": "0.00", "2016-09-30": "0.00", "2016-06-30": "0.00", "2016-03-31": "0.00", "2015-12-31": "0.00", "2015-09-30": "0.00", "2015-06-30": "0.00", "2015-03-31": "0.00", "2014-12-31": "0.00", "2014-09-30": "0.00", "2014-06-30": "0.00", "2014-03-31": "0.00", "2013-12-31": "0.00", "2013-09-30": "0.00", "2013-06-30": "0.00", "2013-03-31": "0.00", "2012-12-31": "0.00"}, "price sales": {"2021-02-11": "37.27", "2020-09-30": "15.46", "2020-06-30": "8.76", "2020-03-31": "5.92", "2019-12-31": "5.41", "2019-09-30": "5.34", "2019-06-30": "5.10", "2019-03-31": "2.77", "2018-12-31": "1.46", "2018-09-30": "1.49", "2018-06-30": "1.97", "2018-03-31": "1.30", "2017-12-31": "0.70", "2017-09-30": "0.35", "2017-06-30": "0.16", "2017-03-31": "0.23", "2016-12-31": "0.15", "2016-09-30": "0.18", "2016-06-30": "0.30", "2016-03-31": "0.32", "2015-12-31": "0.44", "2015-09-30": "0.42", "2015-06-30": "0.87", "2015-03-31": "1.57", "2014-12-31": "1.84", "2014-09-30": "2.16", "2014-06-30": "1.34", "2014-03-31": "1.26", "2013-12-31": "1.13", "2013-09-30": "1.38", "2013-06-30": "1.32", "2013-03-31": "1.05", "2012-12-31": "0.12"}, "price book": {"current": "60.74", "2021-02-11": "60.40", "2020-09-30": "25.06", "2020-06-30": "16.19", "2020-03-31": "12.77", "2019-12-31": "11.82", "2019-09-30": "17.85", "2019-06-30": "18.96", "2019-03-31": "72.00", "2018-12-31": "65.15", "2018-09-30": "124.04", "2018-06-30": "-21.92", "2018-03-31": "-14.20", "2017-12-31": "-22.69", "2017-09-30": "-16.59", "2017-06-30": "-30.67", "2017-03-31": "15.46", "2016-12-31": "48.33", "2016-09-30": "6.92", "2016-06-30": "7.47", "2016-03-31": "4.23", "2015-12-31": "3.88", "2015-09-30": "3.14", "2015-06-30": "6.94", "2015-03-31": "13.23", "2014-12-31": "13.32", "2014-09-30": "15.31", "2014-06-30": "9.86", "2014-03-31": "8.56", "2013-12-31": "6.64", "2013-09-30": "8.42", "2013-06-30": "7.28", "2013-03-31": "5.33", "2012-12-31": "2.63", "2012-09-30": "2.70", "2012-06-30": "3.62", "2012-03-31": "2.76"}, "price fcf": {"2021-02-11": "", "2020-09-30": "$1.57", "2020-06-30": "$1.18", "2020-03-31": "$1.06", "2019-12-31": "$0.94", "2019-09-30": "$0.23", "2019-06-30": "$0.28", "2019-03-31": "$0.24", "2018-12-31": "$0.12", "2018-09-30": "$0.08", "2018-06-30": "$-0.00", "2018-03-31": "$-0.00", "2017-12-31": "$-0.39", "2017-09-30": "$-0.44", "2017-06-30": "$-0.89", "2017-03-31": "$-0.86", "2016-12-31": "$-0.89", "2016-09-30": "$-0.75", "2016-06-30": "$-0.42", "2016-03-31": "$-0.81", "2015-12-31": "$-0.75", "2015-09-30": "$-0.67", "2015-06-30": "$-0.41", "2015-03-31": "$-0.14", "2014-12-31": "$0.26", "2014-09-30": "$0.26", "2014-06-30": "$0.10", "2014-03-31": "$0.09", "2013-12-31": "$-0.17", "2013-09-30": "$-0.64", "2013-06-30": "$-1.14", "2013-03-31": "$8.86", "2012-12-31": "$-1.87"}, "net worth": {"value": "$25.28B"}, "current ratio": {"current": "3.32", "2020-09-30": "3.32", "2020-06-30": "3.39", "2020-03-31": "3.22", "2019-12-31": "2.51", "2019-09-30": "2.67", "2019-06-30": "2.44", "2019-03-31": "1.52", "2018-12-31": "1.51", "2018-09-30": "1.56", "2018-06-30": "1.36", "2018-03-31": "1.43", "2017-12-31": "1.42", "2017-09-30": "1.60", "2017-06-30": "1.92", "2017-03-31": "2.25", "2016-12-31": "1.42", "2016-09-30": "1.52", "2016-06-30": "1.23", "2016-03-31": "1.41", "2015-12-31": "1.67", "2015-09-30": "1.79", "2015-06-30": "1.69", "2015-03-31": "1.84", "2014-12-31": "1.96", "2014-09-30": "1.98", "2014-06-30": "2.03", "2014-03-31": "2.55", "2013-12-31": "2.71", "2013-09-30": "2.22", "2013-06-30": "2.55", "2013-03-31": "2.77", "2012-12-31": "2.81", "2012-09-30": "2.57", "2012-06-30": "2.45", "2012-03-31": "1.26", "2011-12-31": "1.56", "2011-09-30": "1.95", "2011-06-30": "2.42", "2011-03-31": "3.08", "2010-12-31": "4.01", "2010-09-30": "0.00", "2010-06-30": "0.00", "2010-03-31": "0.00", "2009-12-31": "2.94", "2008-12-31": "0.00"}, "quick ratio": {"2020-09-30": "3.17", "2020-06-30": "3.25", "2020-03-31": "3.07", "2019-12-31": "2.35", "2019-09-30": "2.46", "2019-06-30": "2.30", "2019-03-31": "1.42", "2018-12-31": "1.40", "2018-09-30": "1.42", "2018-06-30": "1.20", "2018-03-31": "1.25", "2017-12-31": "1.14", "2017-09-30": "1.30", "2017-06-30": "1.59", "2017-03-31": "1.63", "2016-12-31": "1.04", "2016-09-30": "1.06", "2016-06-30": "0.77", "2016-03-31": "0.84", "2015-12-31": "1.11", "2015-09-30": "1.33", "2015-06-30": "1.28", "2015-03-31": "1.29", "2014-12-31": "1.59", "2014-09-30": "1.71", "2014-06-30": "1.73", "2014-03-31": "2.13", "2013-12-31": "2.22", "2013-09-30": "1.64", "2013-06-30": "2.02", "2013-03-31": "2.05", "2012-12-31": "2.22", "2012-09-30": "2.14", "2012-06-30": "1.76", "2012-03-31": "0.82", "2011-12-31": "1.35", "2011-09-30": "1.59", "2011-06-30": "2.16", "2011-03-31": "2.69", "2010-12-31": "3.67", "2010-09-30": "0.00", "2010-06-30": "0.00", "2010-03-31": "0.00", "2009-12-31": "2.68", "2008-12-31": "0.00"}, "debt equity ratio": {"current": "0.62", "2020-09-30": "1.63", "2020-06-30": "1.70", "2020-03-31": "2.26", "2019-12-31": "1.62", "2019-09-30": "2.44", "2019-06-30": "3.11", "2019-03-31": "21.60", "2018-12-31": "42.72", "2018-09-30": "77.56", "2018-06-30": "-8.26", "2018-03-31": "-7.81", "2017-12-31": "-19.54", "2017-09-30": "-23.70", "2017-06-30": "-69.66", "2017-03-31": "21.42", "2016-12-31": "124.83", "2016-09-30": "16.25", "2016-06-30": "11.24", "2016-03-31": "5.20", "2015-12-31": "2.99", "2015-09-30": "2.45", "2015-06-30": "2.72", "2015-03-31": "2.49", "2014-12-31": "2.24", "2014-09-30": "2.41", "2014-06-30": "2.56", "2014-03-31": "2.11", "2013-12-31": "1.90", "2013-09-30": "1.98", "2013-06-30": "1.56", "2013-03-31": "1.35", "2012-12-31": "1.16", "2012-09-30": "0.99", "2012-06-30": "0.95", "2012-03-31": "21.73", "2011-12-31": "6.60", "2011-09-30": "3.77", "2011-06-30": "2.16", "2011-03-31": "0.85", "2010-12-31": "0.55", "2010-09-30": "0.00", "2010-06-30": "0.00", "2010-03-31": "0.00", "2009-12-31": "0.54", "2008-12-31": "0.00"}, "return on equity": {"2020-09-30": "51.82%", "2020-06-30": "61.26%", "2020-03-31": "106.42%", "2019-12-31": "116.76%", "2019-09-30": "63.23%", "2019-06-30": "33.57%", "2019-03-31": "300.00%", "2018-12-31": "89.80%", "2018-09-30": "90.91%", "2018-06-30": "97.44%", "2018-03-31": "216.00%", "2017-12-31": "1500.00%", "2017-09-30": "11000.00%", "2017-06-30": "-1675.00%", "2017-03-31": "-960.00%", "2016-12-31": "-555.10%", "2016-09-30": "-319.10%", "2016-06-30": "-154.55%", "2016-03-31": "-82.84%", "2015-12-31": "-47.06%", "2015-09-30": "-12.44%", "2015-06-30": "-13.19%", "2015-03-31": "-18.82%", "2014-12-31": "-19.75%", "2014-09-30": "-28.39%", "2014-06-30": "-47.06%", "2014-03-31": "-52.50%", "2013-12-31": "-58.14%", "2013-09-30": "-63.49%", "2013-06-30": "-62.26%", "2013-03-31": "-63.87%", "2012-12-31": "-77.95%", "2012-09-30": "-94.74%", "2012-06-30": "-129.52%", "2012-03-31": "-227.59%", "2011-12-31": "-154.22%", "2011-09-30": "-123.36%", "2011-06-30": "-140.66%", "2011-03-31": "-158.82%", "2010-12-31": "-231.58%"}, "return on assets": {"2020-09-30": "18.57%", "2020-06-30": "20.82%", "2020-03-31": "33.16%", "2019-12-31": "31.80%", "2019-09-30": "11.05%", "2019-06-30": "3.27%", "2019-03-31": "-1.00%", "2018-12-31": "-4.01%", "2018-09-30": "-6.47%", "2018-06-30": "-9.78%", "2018-03-31": "-14.96%", "2017-12-31": "-26.55%", "2017-09-30": "-32.69%", "2017-06-30": "-39.88%", "2017-03-31": "-43.57%", "2016-12-31": "-41.72%", "2016-09-30": "-43.43%", "2016-06-30": "-30.86%", "2016-03-31": "-20.32%", "2015-12-31": "-12.88%", "2015-09-30": "-3.59%", "2015-06-30": "-3.80%", "2015-03-31": "-5.50%", "2014-12-31": "-5.90%", "2014-09-30": "-8.68%", "2014-06-30": "-14.94%", "2014-03-31": "-18.14%", "2013-12-31": "-21.60%", "2013-09-30": "-25.64%", "2013-06-30": "-27.97%", "2013-03-31": "-30.71%", "2012-12-31": "-31.34%", "2012-09-30": "-30.70%", "2012-06-30": "-32.46%", "2012-03-31": "-37.08%", "2011-12-31": "-41.56%", "2011-09-30": "-50.38%", "2011-06-30": "-68.09%", "2011-03-31": "-93.91%", "2010-12-31": "-146.67%"}, "return on investments": {"2020-09-30": "26.64%", "2020-06-30": "28.79%", "2020-03-31": "38.46%", "2019-12-31": "44.11%", "2019-09-30": "39.44%", "2019-06-30": "24.27%", "2019-03-31": "16.67%", "2018-12-31": "4.23%", "2018-09-30": "-16.26%", "2018-06-30": "-73.33%", "2018-03-31": "-79.17%", "2017-12-31": "-108.33%", "2017-09-30": "-131.47%", "2017-06-30": "-160.54%", "2017-03-31": "-244.44%", "2016-12-31": "-458.18%", "2016-09-30": "-824.24%", "2016-06-30": "inf%", "2016-03-31": "inf%", "2015-12-31": "inf%", "2015-09-30": "inf%", "2015-06-30": "-17.78%", "2015-03-31": "-18.60%", "2014-12-31": "-12.60%", "2014-09-30": "-18.60%", "2014-06-30": "-34.68%", "2014-03-31": "-39.34%", "2013-12-31": "-44.44%", "2013-09-30": "-47.71%", "2013-06-30": "-48.33%", "2013-03-31": "-48.12%", "2012-12-31": "-51.03%", "2012-09-30": "-52.49%", "2012-06-30": "-56.54%", "2012-03-31": "-71.34%", "2011-12-31": "-70.00%", "2011-09-30": "-77.50%", "2011-06-30": "-101.64%", "2011-03-31": "-136.71%", "2010-12-31": "-204.65%"}, "return on tangible equity": {"2020-09-30": "61.33%", "2020-06-30": "76.23%", "2020-03-31": "143.62%", "2019-12-31": "197.56%", "2019-09-30": "311.86%", "2019-06-30": "-51.06%", "2019-03-31": "6.38%", "2018-12-31": "24.72%", "2018-09-30": "43.17%", "2018-06-30": "80.85%", "2018-03-31": "161.19%", "2017-12-31": "620.69%", "2017-09-30": "1157.89%", "2017-06-30": "13400.00%", "2017-03-31": "-2400.00%", "2016-12-31": "-937.93%", "2016-09-30": "-423.88%", "2016-06-30": "-185.45%", "2016-03-31": "-95.89%", "2015-12-31": "-53.33%", "2015-09-30": "-14.04%", "2015-06-30": "-14.55%", "2015-03-31": "-20.13%", "2014-12-31": "-20.51%", "2014-09-30": "-28.39%", "2014-06-30": "-47.06%", "2014-03-31": "-52.50%", "2013-12-31": "-58.14%", "2013-09-30": "-63.49%", "2013-06-30": "-62.26%", "2013-03-31": "-63.87%", "2012-12-31": "-77.95%", "2012-09-30": "-94.74%", "2012-06-30": "-129.52%", "2012-03-31": "-227.59%", "2011-12-31": "-154.22%", "2011-09-30": "-123.36%", "2011-06-30": "-140.66%", "2011-03-31": "-158.82%", "2010-12-31": "-231.58%"}, "dividend yield history": {"last payout": "$0.00", "last yield": "0.00%"}}