{"ticker": "ETR", "price": {"title": "Entergy Historical Annual Stock Price Data", "value": 96.63, "historical": {"2021": {"Average Stock Price": "95.1650", "Year Open": "98.0100", "Year High": "98.2300", "Year Low": "92.7000", "Year Close": "96.6300", "Annual % Change": "-3.22%"}, "2020": {"Average Stock Price": "104.8949", "Year Open": "117.9300", "Year High": "134.7800", "Year Low": "78.1800", "Year Close": "99.8400", "Annual % Change": "-16.66%"}, "2019": {"Average Stock Price": "103.9546", "Year Open": "84.0000", "Year High": "121.5600", "Year Low": "84.0000", "Year Close": "119.8000", "Annual % Change": "39.19%"}, "2018": {"Average Stock Price": "81.0779", "Year Open": "82.6000", "Year High": "90.4600", "Year Low": "72.0200", "Year Close": "86.0700", "Annual % Change": "5.75%"}, "2017": {"Average Stock Price": "77.9841", "Year Open": "72.9400", "Year High": "87.4200", "Year Low": "70.4400", "Year Close": "81.3900", "Annual % Change": "10.78%"}, "2016": {"Average Stock Price": "75.1965", "Year Open": "68.5800", "Year High": "82.0300", "Year Low": "66.5600", "Year Close": "73.4700", "Annual % Change": "7.48%"}, "2015": {"Average Stock Price": "72.9480", "Year Open": "87.7100", "Year High": "89.9000", "Year Low": "61.5300", "Year Close": "68.3600", "Annual % Change": "-21.86%"}, "2014": {"Average Stock Price": "74.2496", "Year Open": "61.8400", "Year High": "91.1600", "Year Low": "60.5200", "Year Close": "87.4800", "Annual % Change": "38.26%"}, "2013": {"Average Stock Price": "65.6198", "Year Open": "64.7500", "Year High": "72.3500", "Year Low": "60.8500", "Year Close": "63.2700", "Annual % Change": "-0.75%"}, "2012": {"Average Stock Price": "67.5866", "Year Open": "72.5200", "Year High": "73.0600", "Year Low": "62.0400", "Year Close": "63.7500", "Annual % Change": "-12.73%"}, "2011": {"Average Stock Price": "68.3587", "Year Open": "71.9700", "Year High": "74.1800", "Year Low": "59.5700", "Year Close": "73.0500", "Annual % Change": "3.13%"}, "2010": {"Average Stock Price": "76.9335", "Year Open": "82.1500", "Year High": "84.0700", "Year Low": "69.4300", "Year Close": "70.8300", "Annual % Change": "-13.45%"}, "2009": {"Average Stock Price": "75.5025", "Year Open": "84.6900", "Year High": "85.4400", "Year Low": "60.5300", "Year Close": "81.8400", "Annual % Change": "-1.55%"}, "2008": {"Average Stock Price": "102.5175", "Year Open": "117.0400", "Year High": "126.0700", "Year Low": "68.2500", "Year Close": "83.1300", "Annual % Change": "-30.45%"}, "2007": {"Average Stock Price": "107.9167", "Year Open": "92.9800", "Year High": "124.1500", "Year Low": "90.4500", "Year Close": "119.5200", "Annual % Change": "29.46%"}, "2006": {"Average Stock Price": "76.2484", "Year Open": "70.4600", "Year High": "93.2800", "Year Low": "67.6700", "Year Close": "92.3200", "Annual % Change": "34.48%"}, "2005": {"Average Stock Price": "71.8092", "Year Open": "66.4500", "Year High": "78.4300", "Year Low": "64.8800", "Year Close": "68.6500", "Annual % Change": "1.57%"}, "2004": {"Average Stock Price": "59.2262", "Year Open": "57.2500", "Year High": "68.1600", "Year Low": "50.6800", "Year Close": "67.5900", "Annual % Change": "18.31%"}, "2003": {"Average Stock Price": "50.7679", "Year Open": "46.7000", "Year High": "57.1400", "Year Low": "42.8500", "Year Close": "57.1300", "Annual % Change": "25.31%"}, "2002": {"Average Stock Price": "42.3805", "Year Open": "39.8000", "Year High": "46.7000", "Year Low": "33.1800", "Year Close": "45.5900", "Annual % Change": "16.57%"}, "2001": {"Average Stock Price": "38.4624", "Year Open": "41.7500", "Year High": "44.4800", "Year Low": "33.6600", "Year Close": "39.1100", "Annual % Change": "-7.56%"}, "2000": {"Average Stock Price": "29.8867", "Year Open": "25.2500", "Year High": "43.2500", "Year Low": "16.6900", "Year Close": "42.3100", "Annual % Change": "64.31%"}, "1999": {"Average Stock Price": "29.6160", "Year Open": "30.9400", "Year High": "33.1300", "Year Low": "23.8800", "Year Close": "25.7500", "Annual % Change": "-17.28%"}, "1998": {"Average Stock Price": "28.5575", "Year Open": "29.7500", "Year High": "32.4400", "Year Low": "23.4400", "Year Close": "31.1300", "Annual % Change": "3.97%"}, "1997": {"Average Stock Price": "25.9396", "Year Open": "27.5000", "Year High": "29.9400", "Year Low": "22.7500", "Year Close": "29.9400", "Annual % Change": "8.40%"}, "1996": {"Average Stock Price": "27.4545", "Year Open": "29.2500", "Year High": "30.2500", "Year Low": "25.2500", "Year Close": "27.6200", "Annual % Change": "-5.57%"}, "1995": {"Average Stock Price": "24.3873", "Year Open": "22.2500", "Year High": "29.2500", "Year Low": "20.1300", "Year Close": "29.2500", "Annual % Change": "33.68%"}, "1994": {"Average Stock Price": "27.6694", "Year Open": "35.7500", "Year High": "37.2500", "Year Low": "21.3800", "Year Close": "21.8800", "Annual % Change": "-39.22%"}, "1993": {"Average Stock Price": "36.4060", "Year Open": "33.0000", "Year High": "39.7500", "Year Low": "32.5000", "Year Close": "36.0000", "Annual % Change": "9.09%"}, "1992": {"Average Stock Price": "29.4542", "Year Open": "29.0000", "Year High": "33.3800", "Year Low": "26.1300", "Year Close": "33.0000", "Annual % Change": "11.37%"}, "1991": {"Average Stock Price": "24.9361", "Year Open": "22.2500", "Year High": "29.7500", "Year Low": "22.0000", "Year Close": "29.6300", "Annual % Change": "32.39%"}, "1990": {"Average Stock Price": "20.4253", "Year Open": "23.6300", "Year High": "23.6300", "Year Low": "18.2500", "Year Close": "22.3800", "Annual % Change": "-3.74%"}, "1989": {"Average Stock Price": "19.3804", "Year Open": "15.7500", "Year High": "23.2500", "Year Low": "15.5000", "Year Close": "23.2500", "Annual % Change": "45.31%"}, "1988": {"Average Stock Price": "12.1704", "Year Open": "8.8800", "Year High": "16.0000", "Year Low": "8.6200", "Year Close": "16.0000", "Annual % Change": "93.94%"}, "1987": {"Average Stock Price": "11.3006", "Year Open": "13.7500", "Year High": "16.1200", "Year Low": "7.8800", "Year Close": "8.2500", "Annual % Change": "-37.12%"}, "1986": {"Average Stock Price": "12.9110", "Year Open": "10.8800", "Year High": "14.8800", "Year Low": "10.7500", "Year Close": "13.1200", "Annual % Change": "23.54%"}, "1985": {"Average Stock Price": "12.2352", "Year Open": "14.0000", "Year High": "15.0000", "Year Low": "8.6200", "Year Close": "10.6200", "Annual % Change": "-22.76%"}, "1984": {"Average Stock Price": "12.6289", "Year Open": "13.7500", "Year High": "14.6200", "Year Low": "10.0000", "Year Close": "13.7500", "Annual % Change": "2.77%"}, "1983": {"Average Stock Price": "15.5372", "Year Open": "14.7500", "Year High": "16.7500", "Year Low": "13.2500", "Year Close": "13.3800", "Annual % Change": "-10.08%"}, "1982": {"Average Stock Price": "13.7753", "Year Open": "12.6200", "Year High": "15.6200", "Year Low": "12.3800", "Year Close": "14.8800", "Annual % Change": "17.91%"}, "1981": {"Average Stock Price": "12.3028", "Year Open": "12.1200", "Year High": "13.7500", "Year Low": "11.1200", "Year Close": "12.6200", "Annual % Change": "9.74%"}, "1980": {"Average Stock Price": "12.3050", "Year Open": "12.8800", "Year High": "14.0000", "Year Low": "10.5000", "Year Close": "11.5000", "Annual % Change": "-8.87%"}, "1979": {"Average Stock Price": "14.5537", "Year Open": "15.0000", "Year High": "16.1200", "Year Low": "12.6200", "Year Close": "12.6200", "Annual % Change": "-15.87%"}, "1978": {"Average Stock Price": "15.9366", "Year Open": "16.6200", "Year High": "17.3800", "Year Low": "14.5000", "Year Close": "15.0000", "Annual % Change": "-9.09%"}, "1977": {"Average Stock Price": "16.6373", "Year Open": "16.7500", "Year High": "17.7500", "Year Low": "15.5000", "Year Close": "16.5000", "Annual % Change": "-1.49%"}, "1976": {"Average Stock Price": "15.2462", "Year Open": "14.5000", "Year High": "17.1200", "Year Low": "13.7500", "Year Close": "16.7500", "Annual % Change": "15.52%"}, "1975": {"Average Stock Price": "14.0819", "Year Open": "13.8800", "Year High": "16.0000", "Year Low": "12.5000", "Year Close": "14.5000", "Annual % Change": "12.58%"}, "1974": {"Average Stock Price": "13.1753", "Year Open": "17.5000", "Year High": "17.6200", "Year Low": "9.2500", "Year Close": "12.8800", "Annual % Change": "-23.70%"}, "1973": {"Average Stock Price": "22.0870", "Year Open": "26.7500", "Year High": "27.1200", "Year Low": "14.2500", "Year Close": "16.8800", "Annual % Change": "-36.90%"}}}, "market cap": {"value": "$19.35B"}, "income statement": {"Revenue": {"2019-12-31": "10878.67000", "2018-12-31": "11009.45000", "2017-12-31": "11074.48000", "2016-12-31": "10845.64000", "2015-12-31": "11513.25000", "2014-12-31": "12494.92000", "2013-12-31": "11390.95000", "2012-12-31": "10302.08000", "2011-12-31": "11229.07000", "2010-12-31": "11487.58000", "2009-12-31": "10745.65000", "2008-12-31": "13093.76000", "2007-12-31": "11484.40000", "2006-12-31": "10932.16000", "2005-12-31": "10106.25000"}, "Cost Of Goods Sold": {"2019-12-31": "3222.49800", "2018-12-31": "3806.59200", "2017-12-31": "3419.53900", "2016-12-31": "3029.72700", "2015-12-31": "3842.97600", "2014-12-31": "4547.97200", "2013-12-31": "4000.15000", "2012-12-31": "3292.63500", "2011-12-31": "4057.68100", "2010-12-31": "4177.99800", "2009-12-31": "3705.03400", "2008-12-31": "6068.96400", "2007-12-31": "4921.78300", "2006-12-31": "5282.31000", "2005-12-31": "4697.26200"}, "Gross Profit": {"2019-12-31": "7656.17500", "2018-12-31": "7202.86000", "2017-12-31": "7654.94200", "2016-12-31": "7815.91700", "2015-12-31": "7670.27500", "2014-12-31": "7946.94900", "2013-12-31": "7390.79700", "2012-12-31": "7009.44400", "2011-12-31": "7171.39200", "2010-12-31": "7309.57900", "2009-12-31": "7040.61600", "2008-12-31": "7024.79200", "2007-12-31": "6562.61500", "2006-12-31": "5649.84800", "2005-12-31": "5408.98500"}, "Research And Development Expenses": {"2019-12-31": "", "2018-12-31": "", "2017-12-31": "", "2016-12-31": "", "2015-12-31": "", "2014-12-31": "", "2013-12-31": "", "2012-12-31": "", "2011-12-31": "", "2010-12-31": "", "2009-12-31": "", "2008-12-31": "", "2007-12-31": "", "2006-12-31": "", "2005-12-31": ""}, "SG&A Expenses": {"2019-12-31": "4121.05300", "2018-12-31": "4142.17500", "2017-12-31": "4092.40100", "2016-12-31": "4026.65700", "2015-12-31": "4225.71900", "2014-12-31": "4182.82100", "2013-12-31": "4189.08500", "2012-12-31": "3848.29000", "2011-12-31": "3659.40200", "2010-12-31": "3759.82400", "2009-12-31": "3495.97900", "2008-12-31": "3461.47300", "2007-12-31": "3319.68300", "2006-12-31": "2933.49200", "2005-12-31": "2667.38000"}, "Other Operating Income Or Expenses": {"2019-12-31": "-664.60900", "2018-12-31": "-1221.87800", "2017-12-31": "-812.15600", "2016-12-31": "-3257.30500", "2015-12-31": "-2406.44500", "2014-12-31": "-438.60100", "2013-12-31": "-585.66900", "2012-12-31": "-715.38800", "2011-12-31": "-396.55400", "2010-12-31": "-212.48400", "2009-12-31": "-177.33600", "2008-12-31": "-249.29200", "2007-12-31": "-222.85200", "2006-12-31": "-23.20400", "2005-12-31": "-93.23900"}, "Operating Expenses": {"2019-12-31": "9488.17700", "2018-12-31": "10540.09000", "2017-12-31": "9714.07300", "2016-12-31": "11660.88000", "2015-12-31": "11812.42000", "2014-12-31": "10488.03000", "2013-12-31": "10035.95000", "2012-12-31": "9000.89700", "2011-12-31": "9215.83900", "2010-12-31": "9220.20100", "2009-12-31": "8461.12400", "2008-12-31": "10810.59000", "2007-12-31": "9428.02900", "2006-12-31": "9126.79800", "2005-12-31": "8314.25900"}, "Operating Income": {"2019-12-31": "1390.49600", "2018-12-31": "469.36520", "2017-12-31": "1360.40800", "2016-12-31": "-815.23140", "2015-12-31": "-299.16500", "2014-12-31": "2006.88900", "2013-12-31": "1354.99900", "2012-12-31": "1301.18200", "2011-12-31": "2013.23400", "2010-12-31": "2267.37600", "2009-12-31": "2284.52600", "2008-12-31": "2283.16700", "2007-12-31": "2056.36900", "2006-12-31": "1805.36000", "2005-12-31": "1791.98800"}, "Total Non-Operating Income/Expense": {"2019-12-31": "-302.07800", "2018-12-31": "-643.63600", "2017-12-31": "-392.48400", "2016-12-31": "-566.53100", "2015-12-31": "-500.49600", "2014-12-31": "-457.03500", "2013-12-31": "-398.44600", "2012-12-31": "-401.96300", "2011-12-31": "-359.59900", "2010-12-31": "-379.83300", "2009-12-31": "-400.73610", "2008-12-31": "-439.63400", "2007-12-31": "-381.99690", "2006-12-31": "-229.21800", "2005-12-31": "-289.58000"}, "Pre-Tax Income": {"2019-12-31": "1088.41900", "2018-12-31": "-174.27100", "2017-12-31": "967.92300", "2016-12-31": "-1381.76200", "2015-12-31": "-799.66100", "2014-12-31": "1549.85400", "2013-12-31": "956.55300", "2012-12-31": "899.21800", "2011-12-31": "1653.63500", "2010-12-31": "1887.54400", "2009-12-31": "1883.79000", "2008-12-31": "1843.53300", "2007-12-31": "1674.37100", "2006-12-31": "1576.14200", "2005-12-31": "1502.40900"}, "Income Taxes": {"2019-12-31": "-169.82500", "2018-12-31": "-1036.82600", "2017-12-31": "542.57000", "2016-12-31": "-817.25900", "2015-12-31": "-642.92700", "2014-12-31": "589.59700", "2013-12-31": "225.98100", "2012-12-31": "30.85500", "2011-12-31": "286.26300", "2010-12-31": "617.23900", "2009-12-31": "632.74000", "2008-12-31": "602.99800", "2007-12-31": "514.41700", "2006-12-31": "443.04400", "2005-12-31": "559.28400"}, "Income After Taxes": {"2019-12-31": "1258.24400", "2018-12-31": "862.55510", "2017-12-31": "425.35300", "2016-12-31": "-564.50300", "2015-12-31": "-156.73400", "2014-12-31": "960.25700", "2013-12-31": "730.57200", "2012-12-31": "868.36300", "2011-12-31": "1367.37200", "2010-12-31": "1270.30500", "2009-12-31": "1251.05000", "2008-12-31": "1240.53500", "2007-12-31": "1159.95400", "2006-12-31": "1133.09800", "2005-12-31": "943.12510"}, "Other Income": {"2019-12-31": "", "2018-12-31": "", "2017-12-31": "", "2016-12-31": "", "2015-12-31": "", "2014-12-31": "", "2013-12-31": "", "2012-12-31": "", "2011-12-31": "", "2010-12-31": "", "2009-12-31": "", "2008-12-31": "", "2007-12-31": "", "2006-12-31": "", "2005-12-31": ""}, "Income From Continuous Operations": {"2019-12-31": "1258.24400", "2018-12-31": "862.55510", "2017-12-31": "425.35300", "2016-12-31": "-564.50300", "2015-12-31": "-156.73400", "2014-12-31": "960.25700", "2013-12-31": "730.57200", "2012-12-31": "868.36300", "2011-12-31": "1367.37200", "2010-12-31": "1270.30500", "2009-12-31": "1251.05000", "2008-12-31": "1240.53500", "2007-12-31": "1159.95400", "2006-12-31": "1133.09800", "2005-12-31": "943.12500"}, "Income From Discontinued Operations": {"2019-12-31": "", "2018-12-31": "", "2017-12-31": "", "2016-12-31": "", "2015-12-31": "", "2014-12-31": "", "2013-12-31": "", "2012-12-31": "", "2011-12-31": "", "2010-12-31": "", "2009-12-31": "", "2008-12-31": "", "2007-12-31": "", "2006-12-31": "-0.49600", "2005-12-31": "-44.79400"}, "Net Income": {"2019-12-31": "1241.22600", "2018-12-31": "848.66100", "2017-12-31": "411.61200", "2016-12-31": "-583.61800", "2015-12-31": "-176.56200", "2014-12-31": "940.72100", "2013-12-31": "711.90200", "2012-12-31": "846.67300", "2011-12-31": "1346.43900", "2010-12-31": "1250.24200", "2009-12-31": "1231.09200", "2008-12-31": "1220.56600", "2007-12-31": "1134.84900", "2006-12-31": "1132.60200", "2005-12-31": "898.33100"}, "EBITDA": {"2019-12-31": "3572.80900", "2018-12-31": "2509.92000", "2017-12-31": "3438.98600", "2016-12-31": "1308.06000", "2015-12-31": "1818.07100", "2014-12-31": "4134.78100", "2013-12-31": "3367.07500", "2012-12-31": "3072.83100", "2011-12-31": "3758.68900", "2010-12-31": "3972.70700", "2009-12-31": "3743.38700", "2008-12-31": "3674.85600", "2007-12-31": "3187.97900", "2006-12-31": "2840.51300", "2005-12-31": "2793.84000"}, "EBIT": {"2019-12-31": "1390.49600", "2018-12-31": "469.36520", "2017-12-31": "1360.40800", "2016-12-31": "-815.23140", "2015-12-31": "-299.16500", "2014-12-31": "2006.88900", "2013-12-31": "1354.99900", "2012-12-31": "1301.18200", "2011-12-31": "2013.23400", "2010-12-31": "2267.37600", "2009-12-31": "2284.52600", "2008-12-31": "2283.16700", "2007-12-31": "2056.36900", "2006-12-31": "1805.36000", "2005-12-31": "1791.98800"}, "Basic Shares Outstanding": {"2019-12-31": "195.19600", "2018-12-31": "181.41000", "2017-12-31": "179.67200", "2016-12-31": "178.88600", "2015-12-31": "179.17600", "2014-12-31": "179.50600", "2013-12-31": "178.21100", "2012-12-31": "177.32500", "2011-12-31": "177.43000", "2010-12-31": "186.01000", "2009-12-31": "192.77200", "2008-12-31": "190.92600", "2007-12-31": "196.57300", "2006-12-31": "207.45700", "2005-12-31": "210.14200"}, "Shares Outstanding": {"2019-12-31": "196.99900", "2018-12-31": "183.37900", "2017-12-31": "180.53600", "2016-12-31": "178.88600", "2015-12-31": "179.17600", "2014-12-31": "180.29700", "2013-12-31": "178.57000", "2012-12-31": "177.73800", "2011-12-31": "178.37100", "2010-12-31": "187.81400", "2009-12-31": "195.83800", "2008-12-31": "201.01200", "2007-12-31": "202.78000", "2006-12-31": "211.45200", "2005-12-31": "214.44100"}, "Basic EPS": {"2019-12-31": "6.36000", "2018-12-31": "4.68000", "2017-12-31": "2.29000", "2016-12-31": "-3.26000", "2015-12-31": "-0.99000", "2014-12-31": "5.24000", "2013-12-31": "3.99000", "2012-12-31": "4.77000", "2011-12-31": "7.59000", "2010-12-31": "6.72000", "2009-12-31": "6.39000", "2008-12-31": "6.39000", "2007-12-31": "5.77000", "2006-12-31": "5.46000", "2005-12-31": "4.27000"}, "EPS - Earnings Per Share": {"2019-12-31": "6.30000", "2018-12-31": "4.63000", "2017-12-31": "2.28000", "2016-12-31": "-3.26000", "2015-12-31": "-0.99000", "2014-12-31": "5.22000", "2013-12-31": "3.99000", "2012-12-31": "4.76000", "2011-12-31": "7.55000", "2010-12-31": "6.66000", "2009-12-31": "6.30000", "2008-12-31": "6.20000", "2007-12-31": "5.60000", "2006-12-31": "5.36000", "2005-12-31": "4.19000"}}, "income statement, quarterly": {"Revenue": {"2020-09-30": "2903.56800", "2020-06-30": "2412.78800", "2020-03-31": "2427.17900", "2019-12-31": "2462.30500", "2019-09-30": "3140.57500", "2019-06-30": "2666.20900", "2019-03-31": "2609.58400", "2018-12-31": "2512.48200", "2018-09-30": "3104.31900", "2018-06-30": "2668.77000", "2018-03-31": "2723.88100", "2017-12-31": "2623.84600", "2017-09-30": "3243.62800", "2017-06-30": "2618.55000", "2017-03-31": "2588.45800", "2016-12-31": "2648.52700", "2016-09-30": "3124.70300", "2016-06-30": "2462.56200", "2016-03-31": "2609.85200", "2015-12-31": "2508.52400", "2015-09-30": "3371.40600", "2015-06-30": "2713.23100", "2015-03-31": "2920.09000", "2014-12-31": "2831.31800", "2014-09-30": "3458.11000", "2014-06-30": "2996.65000", "2014-03-31": "3208.84300", "2013-12-31": "2691.90600", "2013-09-30": "3351.95900", "2013-06-30": "2738.20800", "2013-03-31": "2608.87400", "2012-12-31": "2436.26000", "2012-09-30": "2963.56000", "2012-06-30": "2518.60000", "2012-03-31": "2383.65900", "2011-12-31": "2489.03300", "2011-09-30": "3395.55300", "2011-06-30": "2803.27900", "2011-03-31": "2541.20800", "2010-12-31": "2533.10400", "2010-09-30": "3332.17600", "2010-06-30": "2862.95000", "2010-03-31": "2759.34700", "2009-12-31": "2498.65500", "2009-09-30": "2937.09500", "2009-06-30": "2520.78900", "2009-03-31": "2789.11200", "2008-12-31": "3000.86700", "2008-09-30": "3963.88400", "2008-06-30": "3264.27100", "2008-03-31": "2864.73400", "2007-12-31": "2731.89900", "2007-09-30": "3289.08700", "2007-06-30": "2769.35200", "2007-03-31": "2694.06000", "2006-12-31": "2480.90600", "2006-09-30": "3254.71900", "2006-06-30": "2628.50200", "2006-03-31": "2568.03100", "2005-12-31": "2652.41600", "2005-09-30": "2898.25800", "2005-06-30": "2445.39100", "2005-03-31": "2110.18200"}, "Cost Of Goods Sold": {"2020-09-30": "686.59200", "2020-06-30": "552.96600", "2020-03-31": "614.01700", "2019-12-31": "678.19900", "2019-09-30": "913.27800", "2019-06-30": "813.18400", "2019-03-31": "817.83700", "2018-12-31": "915.78800", "2018-09-30": "1168.64900", "2018-06-30": "882.83600", "2018-03-31": "839.31900", "2017-12-31": "810.67100", "2017-09-30": "1021.09000", "2017-06-30": "812.44400", "2017-03-31": "775.33400", "2016-12-31": "802.20310", "2016-09-30": "836.09700", "2016-06-30": "624.13700", "2016-03-31": "767.29000", "2015-12-31": "808.63620", "2015-09-30": "1189.23300", "2015-06-30": "872.63100", "2015-03-31": "972.47600", "2014-12-31": "983.53030", "2014-09-30": "1324.00700", "2014-06-30": "1121.97900", "2014-03-31": "1118.45600", "2013-12-31": "930.53700", "2013-09-30": "1210.79900", "2013-06-30": "975.35200", "2013-03-31": "883.46200", "2012-12-31": "753.55490", "2012-09-30": "932.82200", "2012-06-30": "782.45500", "2012-03-31": "823.80300", "2011-12-31": "847.49320", "2011-09-30": "1325.31700", "2011-06-30": "1014.56000", "2011-03-31": "870.31100", "2010-12-31": "862.86580", "2010-09-30": "1233.55700", "2010-06-30": "1048.00400", "2010-03-31": "1033.57100", "2009-12-31": "744.02030", "2009-09-30": "947.43700", "2009-06-30": "843.99000", "2009-03-31": "1169.58700", "2008-12-31": "1398.50000", "2008-09-30": "2034.28200", "2008-06-30": "1475.03900", "2008-03-31": "1161.14300", "2007-12-31": "1163.62500", "2007-09-30": "1329.90500", "2007-06-30": "1196.60200", "2007-03-31": "1231.65100", "2006-12-31": "1146.40700", "2006-09-30": "1595.33500", "2006-06-30": "1239.02700", "2006-03-31": "1301.54100", "2005-12-31": "1382.87200", "2005-09-30": "1355.85900", "2005-06-30": "1027.92200", "2005-03-31": "930.60900"}, "Gross Profit": {"2020-09-30": "2216.97600", "2020-06-30": "1859.82200", "2020-03-31": "1813.16200", "2019-12-31": "1784.10600", "2019-09-30": "2227.29700", "2019-06-30": "1853.02500", "2019-03-31": "1791.74700", "2018-12-31": "1596.69400", "2018-09-30": "1935.67000", "2018-06-30": "1785.93400", "2018-03-31": "1884.56200", "2017-12-31": "1813.17500", "2017-09-30": "2222.53800", "2017-06-30": "1806.10600", "2017-03-31": "1813.12400", "2016-12-31": "1846.32400", "2016-09-30": "2288.60600", "2016-06-30": "1838.42500", "2016-03-31": "1842.56200", "2015-12-31": "1699.88700", "2015-09-30": "2182.17300", "2015-06-30": "1840.60000", "2015-03-31": "1947.61400", "2014-12-31": "1847.78700", "2014-09-30": "2134.10300", "2014-06-30": "1874.67100", "2014-03-31": "2090.38700", "2013-12-31": "1761.36900", "2013-09-30": "2141.16000", "2013-06-30": "1762.85600", "2013-03-31": "1725.41200", "2012-12-31": "1682.70500", "2012-09-30": "2030.73800", "2012-06-30": "1736.14500", "2012-03-31": "1559.85600", "2011-12-31": "1641.54000", "2011-09-30": "2070.23600", "2011-06-30": "1788.71900", "2011-03-31": "1670.89700", "2010-12-31": "1670.23800", "2010-09-30": "2098.61900", "2010-06-30": "1814.94600", "2010-03-31": "1725.77600", "2009-12-31": "1754.63400", "2009-09-30": "1989.65800", "2009-06-30": "1676.79900", "2009-03-31": "1619.52500", "2008-12-31": "1602.36700", "2008-09-30": "1929.60200", "2008-06-30": "1789.23200", "2008-03-31": "1703.59100", "2007-12-31": "1568.27400", "2007-09-30": "1959.18200", "2007-06-30": "1572.75000", "2007-03-31": "1462.40900", "2006-12-31": "1334.50000", "2006-09-30": "1659.38400", "2006-06-30": "1389.47500", "2006-03-31": "1266.49000", "2005-12-31": "1269.54400", "2005-09-30": "1542.39900", "2005-06-30": "1417.46900", "2005-03-31": "1179.57300"}, "Research And Development Expenses": {"2020-09-30": "", "2020-06-30": "", "2020-03-31": "", "2019-12-31": "", "2019-09-30": "", "2019-06-30": "", "2019-03-31": "", "2018-12-31": "", "2018-09-30": "", "2018-06-30": "", "2018-03-31": "", "2017-12-31": "", "2017-09-30": "", "2017-06-30": "", "2017-03-31": "", "2016-12-31": "", "2016-09-30": "", "2016-06-30": "", "2016-03-31": "", "2015-12-31": "", "2015-09-30": "", "2015-06-30": "", "2015-03-31": "", "2014-12-31": "", "2014-09-30": "", "2014-06-30": "", "2014-03-31": "", "2013-12-31": "", "2013-09-30": "", "2013-06-30": "", "2013-03-31": "", "2012-12-31": "", "2012-09-30": "", "2012-06-30": "", "2012-03-31": "", "2011-12-31": "", "2011-09-30": "", "2011-06-30": "", "2011-03-31": "", "2010-12-31": "", "2010-09-30": "", "2010-06-30": "", "2010-03-31": "", "2009-12-31": "", "2009-09-30": "", "2009-06-30": "", "2009-03-31": "", "2008-12-31": "", "2008-09-30": "", "2008-06-30": "", "2008-03-31": "", "2007-12-31": "", "2007-09-30": "", "2007-06-30": "", "2007-03-31": "", "2006-12-31": "", "2006-09-30": "", "2006-06-30": "", "2006-03-31": "", "2005-12-31": "", "2005-09-30": "", "2005-06-30": "", "2005-03-31": ""}, "SG&A Expenses": {"2020-09-30": "967.14590", "2020-06-30": "939.80100", "2020-03-31": "922.59600", "2019-12-31": "1049.27500", "2019-09-30": "1023.47100", "2019-06-30": "1056.24000", "2019-03-31": "992.06700", "2018-12-31": "1062.73600", "2018-09-30": "1053.86600", "2018-06-30": "1034.01000", "2018-03-31": "991.56300", "2017-12-31": "1082.36100", "2017-09-30": "977.74800", "2017-06-30": "986.51900", "2017-03-31": "1045.77300", "2016-12-31": "1099.25500", "2016-09-30": "1038.92700", "2016-06-30": "955.55200", "2016-03-31": "932.92300", "2015-12-31": "1102.74100", "2015-09-30": "1079.09600", "2015-06-30": "1051.37900", "2015-03-31": "992.50300", "2014-12-31": "1125.59900", "2014-09-30": "1073.32500", "2014-06-30": "1034.17500", "2014-03-31": "949.72200", "2013-12-31": "1106.41000", "2013-09-30": "1061.05600", "2013-06-30": "1055.54700", "2013-03-31": "966.07200", "2012-12-31": "979.91420", "2012-09-30": "976.87300", "2012-06-30": "968.81400", "2012-03-31": "922.68900", "2011-12-31": "984.32710", "2011-09-30": "925.43100", "2011-06-30": "904.67700", "2011-03-31": "844.96700", "2010-12-31": "956.45110", "2010-09-30": "1011.79000", "2010-06-30": "891.39300", "2010-03-31": "900.19000", "2009-12-31": "909.25310", "2009-09-30": "871.86800", "2009-06-30": "878.98000", "2009-03-31": "835.87810", "2008-12-31": "962.39810", "2008-09-30": "835.88700", "2008-06-30": "892.09110", "2008-03-31": "771.09700", "2007-12-31": "948.13010", "2007-09-30": "840.88600", "2007-06-30": "800.63200", "2007-03-31": "730.03500", "2006-12-31": "784.25690", "2006-09-30": "767.56400", "2006-06-30": "706.91000", "2006-03-31": "674.76100", "2005-12-31": "709.78110", "2005-09-30": "630.63200", "2005-06-30": "692.90100", "2005-03-31": "634.06600"}, "Other Operating Income Or Expenses": {"2020-09-30": "-70.23600", "2020-06-30": "-76.94100", "2020-03-31": "-91.10000", "2019-12-31": "-106.26500", "2019-09-30": "-304.67800", "2019-06-30": "-94.51400", "2019-03-31": "-159.15200", "2018-12-31": "-415.62500", "2018-09-30": "-286.14100", "2018-06-30": "-309.84200", "2018-03-31": "-210.27000", "2017-12-31": "-156.09510", "2017-09-30": "-131.04800", "2017-06-30": "-300.42000", "2017-03-31": "-224.59300", "2016-12-31": "-2937.99000", "2016-09-30": "-137.22000", "2016-06-30": "-104.94700", "2016-03-31": "-77.14800", "2015-12-31": "-521.35280", "2015-09-30": "-1733.25200", "2015-06-30": "-71.48400", "2015-03-31": "-80.35600", "2014-12-31": "-76.42000", "2014-09-30": "-235.84000", "2014-06-30": "-54.27700", "2014-03-31": "-72.06400", "2013-12-31": "-91.90800", "2013-09-30": "-366.06100", "2013-06-30": "-63.28100", "2013-03-31": "-64.41900", "2012-12-31": "-70.71400", "2012-09-30": "-81.27300", "2012-06-30": "-149.59200", "2012-03-31": "-413.80900", "2011-12-31": "-24.98700", "2011-09-30": "-260.31500", "2011-06-30": "-61.09800", "2011-03-31": "-50.15400", "2010-12-31": "-39.50500", "2010-09-30": "-51.56600", "2010-06-30": "-41.74500", "2010-03-31": "-79.66800", "2009-12-31": "-58.58900", "2009-09-30": "-36.84500", "2009-06-30": "-62.63400", "2009-03-31": "-19.26800", "2008-12-31": "-8.99400", "2008-09-30": "-77.96700", "2008-06-30": "-81.05500", "2008-03-31": "-81.27600", "2007-12-31": "-37.15700", "2007-09-30": "-68.90000", "2007-06-30": "-55.42500", "2007-03-31": "-61.37000", "2006-12-31": "-38.92700", "2006-09-30": "-15.37000", "2006-06-30": "22.67100", "2006-03-31": "8.42200", "2005-12-31": "-29.47500", "2005-09-30": "-40.21200", "2005-06-30": "-4.57400", "2005-03-31": "-18.97800"}, "Operating Expenses": {"2020-09-30": "2125.55200", "2020-06-30": "1973.47700", "2020-03-31": "2027.42300", "2019-12-31": "2213.76700", "2019-09-30": "2620.64600", "2019-06-30": "2327.43400", "2019-03-31": "2326.33000", "2018-12-31": "2741.41300", "2018-09-30": "2833.28400", "2018-06-30": "2577.17300", "2018-03-31": "2388.21700", "2017-12-31": "2386.77200", "2017-09-30": "2484.62500", "2017-06-30": "2449.71100", "2017-03-31": "2392.96500", "2016-12-31": "5176.29600", "2016-09-30": "2352.64300", "2016-06-30": "2020.30400", "2016-03-31": "2111.63400", "2015-12-31": "2762.82500", "2015-09-30": "4336.42200", "2015-06-30": "2335.84800", "2015-03-31": "2377.32100", "2014-12-31": "2511.64200", "2014-09-30": "2965.25100", "2014-06-30": "2542.17300", "2014-03-31": "2468.96600", "2013-12-31": "2466.35900", "2013-09-30": "2963.06500", "2013-06-30": "2391.69600", "2013-03-31": "2214.82900", "2012-12-31": "2112.05700", "2012-09-30": "2272.70800", "2012-06-30": "2175.61600", "2012-03-31": "2440.51600", "2011-12-31": "2146.33700", "2011-09-30": "2794.64400", "2011-06-30": "2244.54100", "2011-03-31": "2030.31700", "2010-12-31": "2139.32500", "2010-09-30": "2561.53400", "2010-06-30": "2236.70900", "2010-03-31": "2282.63300", "2009-12-31": "1995.45500", "2009-09-30": "2136.79100", "2009-06-30": "2046.29300", "2009-03-31": "2282.58500", "2008-12-31": "2644.13400", "2008-09-30": "3211.79200", "2008-06-30": "2696.16200", "2008-03-31": "2258.50100", "2007-12-31": "2402.49600", "2007-09-30": "2478.75500", "2007-06-30": "2291.31200", "2007-03-31": "2255.46600", "2006-12-31": "2202.01000", "2006-09-30": "2610.31100", "2006-06-30": "2141.20900", "2006-03-31": "2173.26800", "2005-12-31": "2341.35000", "2005-09-30": "2243.91800", "2005-06-30": "1929.81700", "2005-03-31": "1799.17400"}, "Operating Income": {"2020-09-30": "778.01610", "2020-06-30": "439.31100", "2020-03-31": "399.75600", "2019-12-31": "248.53810", "2019-09-30": "519.92900", "2019-06-30": "338.77510", "2019-03-31": "283.25390", "2018-12-31": "-228.93120", "2018-09-30": "271.03540", "2018-06-30": "91.59690", "2018-03-31": "335.66410", "2017-12-31": "237.07350", "2017-09-30": "759.00270", "2017-06-30": "168.83910", "2017-03-31": "195.49290", "2016-12-31": "-2527.76900", "2016-09-30": "772.06010", "2016-06-30": "442.25810", "2016-03-31": "498.21800", "2015-12-31": "-254.30180", "2015-09-30": "-965.01590", "2015-06-30": "377.38310", "2015-03-31": "542.76900", "2014-12-31": "319.67530", "2014-09-30": "492.85890", "2014-06-30": "454.47680", "2014-03-31": "739.87700", "2013-12-31": "225.54760", "2013-09-30": "388.89400", "2013-06-30": "346.51220", "2013-03-31": "394.04520", "2012-12-31": "324.20290", "2012-09-30": "690.85210", "2012-06-30": "342.98410", "2012-03-31": "-56.85720", "2011-12-31": "342.69630", "2011-09-30": "600.90890", "2011-06-30": "558.73800", "2011-03-31": "510.89100", "2010-12-31": "393.77950", "2010-09-30": "770.64210", "2010-06-30": "626.24100", "2010-03-31": "476.71360", "2009-12-31": "503.19950", "2009-09-30": "800.30400", "2009-06-30": "474.49610", "2009-03-31": "506.52710", "2008-12-31": "356.73340", "2008-09-30": "752.09180", "2008-06-30": "568.10910", "2008-03-31": "606.23290", "2007-12-31": "329.40310", "2007-09-30": "810.33200", "2007-06-30": "478.04000", "2007-03-31": "438.59400", "2006-12-31": "278.89700", "2006-09-30": "644.40770", "2006-06-30": "487.29300", "2006-03-31": "394.76320", "2005-12-31": "311.06640", "2005-09-30": "654.34010", "2005-06-30": "515.57410", "2005-03-31": "311.00780"}, "Total Non-Operating Income/Expense": {"2020-09-30": "-102.87300", "2020-06-30": "14.91700", "2020-03-31": "-347.65600", "2019-12-31": "-102.18800", "2019-09-30": "-121.26900", "2019-06-30": "-96.78400", "2019-03-31": "18.16300", "2018-12-31": "-350.27890", "2018-09-30": "-14.22300", "2018-06-30": "-123.33300", "2018-03-31": "-155.80100", "2017-12-31": "-82.65800", "2017-09-30": "-115.56400", "2017-06-30": "-92.58300", "2017-03-31": "-101.67900", "2016-12-31": "-203.90900", "2016-09-30": "-120.95000", "2016-06-30": "-118.64100", "2016-03-31": "-123.03100", "2015-12-31": "-166.36500", "2015-09-30": "-120.88200", "2015-06-30": "-123.88000", "2015-03-31": "-89.36900", "2014-12-31": "-112.54600", "2014-09-30": "-96.17800", "2014-06-30": "-131.45300", "2014-03-31": "-116.85800", "2013-12-31": "-62.41600", "2013-09-30": "-120.15900", "2013-06-30": "-105.34400", "2013-03-31": "-110.52700", "2012-12-31": "-101.63700", "2012-09-30": "-115.67900", "2012-06-30": "-94.60200", "2012-03-31": "-90.04500", "2011-12-31": "-92.47800", "2011-09-30": "-86.97100", "2011-06-30": "-87.18700", "2011-03-31": "-92.96300", "2010-12-31": "-79.46200", "2010-09-30": "-88.10500", "2010-06-30": "-102.05100", "2010-03-31": "-110.21500", "2009-12-31": "-85.82110", "2009-09-30": "-59.72300", "2009-06-30": "-152.04400", "2009-03-31": "-103.14800", "2008-12-31": "-122.41700", "2008-09-30": "-108.56600", "2008-06-30": "-109.16800", "2008-03-31": "-99.48300", "2007-12-31": "-79.34290", "2007-09-30": "-118.33300", "2007-06-30": "-103.98700", "2007-03-31": "-80.33400", "2006-12-31": "-1.40500", "2006-09-30": "-52.03800", "2006-06-30": "-95.70900", "2006-03-31": "-80.06600", "2005-12-31": "-113.42900", "2005-09-30": "-68.76400", "2005-06-30": "-68.36600", "2005-03-31": "-39.02100"}, "Pre-Tax Income": {"2020-09-30": "675.14300", "2020-06-30": "454.22800", "2020-03-31": "52.10000", "2019-12-31": "146.35090", "2019-09-30": "398.66000", "2019-06-30": "241.99100", "2019-03-31": "301.41700", "2018-12-31": "-579.21000", "2018-09-30": "256.81200", "2018-06-30": "-31.73600", "2018-03-31": "179.86300", "2017-12-31": "154.41390", "2017-09-30": "643.43900", "2017-06-30": "76.25600", "2017-03-31": "93.81400", "2016-12-31": "-2731.67600", "2016-09-30": "651.11000", "2016-06-30": "323.61700", "2016-03-31": "375.18700", "2015-12-31": "-420.66610", "2015-09-30": "-1085.89800", "2015-06-30": "253.50300", "2015-03-31": "453.40000", "2014-12-31": "207.13000", "2014-09-30": "396.68100", "2014-06-30": "323.02400", "2014-03-31": "623.01900", "2013-12-31": "163.13200", "2013-09-30": "268.73500", "2013-06-30": "241.16800", "2013-03-31": "283.51800", "2012-12-31": "222.56500", "2012-09-30": "575.17300", "2012-06-30": "248.38200", "2012-03-31": "-146.90200", "2011-12-31": "250.21800", "2011-09-30": "513.93800", "2011-06-30": "471.55100", "2011-03-31": "417.92800", "2010-12-31": "314.31800", "2010-09-30": "682.53700", "2010-06-30": "524.19000", "2010-03-31": "366.49900", "2009-12-31": "417.37800", "2009-09-30": "740.58100", "2009-06-30": "322.45200", "2009-03-31": "403.37900", "2008-12-31": "234.31590", "2008-09-30": "643.52600", "2008-06-30": "458.94100", "2008-03-31": "506.75000", "2007-12-31": "250.05900", "2007-09-30": "691.99900", "2007-06-30": "374.05300", "2007-03-31": "358.26000", "2006-12-31": "277.49100", "2006-09-30": "592.37000", "2006-06-30": "391.58400", "2006-03-31": "314.69700", "2005-12-31": "197.63810", "2005-09-30": "585.57600", "2005-06-30": "447.20800", "2005-03-31": "271.98700"}, "Income Taxes": {"2020-09-30": "149.44400", "2020-06-30": "89.11500", "2020-03-31": "-71.19400", "2019-12-31": "-243.25500", "2019-09-30": "29.20100", "2019-06-30": "1.45800", "2019-03-31": "42.77100", "2018-12-31": "-516.88710", "2018-09-30": "-283.00600", "2018-06-30": "-280.59600", "2018-03-31": "43.66300", "2017-12-31": "630.12400", "2017-09-30": "241.79500", "2017-06-30": "-337.11200", "2017-03-31": "7.76300", "2016-12-31": "-966.13700", "2016-09-30": "257.90600", "2016-06-30": "-248.97300", "2016-03-31": "139.94500", "2015-12-31": "-525.51400", "2015-09-30": "-367.66500", "2015-06-30": "99.78100", "2015-03-31": "150.47100", "2014-12-31": "82.12300", "2014-09-30": "161.76500", "2014-06-30": "128.74300", "2014-03-31": "216.96600", "2013-12-31": "11.77900", "2013-09-30": "24.55300", "2013-06-30": "73.11300", "2013-03-31": "116.53600", "2012-12-31": "-79.28500", "2012-09-30": "232.50300", "2012-06-30": "-122.20100", "2012-03-31": "-0.16200", "2011-12-31": "90.19100", "2011-09-30": "-119.13100", "2011-06-30": "150.95300", "2011-03-31": "164.25000", "2010-12-31": "81.01100", "2010-09-30": "184.63600", "2010-06-30": "203.90700", "2010-03-31": "147.68500", "2009-12-31": "98.63900", "2009-09-30": "280.41400", "2009-06-30": "90.64100", "2009-03-31": "163.04600", "2008-12-31": "58.74400", "2008-09-30": "168.23900", "2008-06-30": "183.01200", "2008-03-31": "193.00300", "2007-12-31": "31.06100", "2007-09-30": "230.84000", "2007-06-30": "106.45100", "2007-03-31": "146.06500", "2006-12-31": "-1.12400", "2006-09-30": "202.43700", "2006-06-30": "122.90100", "2006-03-31": "118.83000", "2005-12-31": "93.11300", "2005-09-30": "222.08000", "2005-06-30": "151.84900", "2005-03-31": "92.24200"}, "Income After Taxes": {"2020-09-30": "525.69900", "2020-06-30": "365.11300", "2020-03-31": "123.29400", "2019-12-31": "389.60590", "2019-09-30": "369.45900", "2019-06-30": "240.53300", "2019-03-31": "258.64600", "2018-12-31": "-62.32300", "2018-09-30": "539.81800", "2018-06-30": "248.86000", "2018-03-31": "136.20000", "2017-12-31": "-475.71010", "2017-09-30": "401.64400", "2017-06-30": "413.36800", "2017-03-31": "86.05100", "2016-12-31": "-1765.53900", "2016-09-30": "393.20400", "2016-06-30": "572.59000", "2016-03-31": "235.24200", "2015-12-31": "104.84790", "2015-09-30": "-718.23290", "2015-06-30": "153.72200", "2015-03-31": "302.92900", "2014-12-31": "125.00700", "2014-09-30": "234.91600", "2014-06-30": "194.28100", "2014-03-31": "406.05300", "2013-12-31": "151.35300", "2013-09-30": "244.18200", "2013-06-30": "168.05500", "2013-03-31": "166.98200", "2012-12-31": "301.85000", "2012-09-30": "342.67000", "2012-06-30": "370.58300", "2012-03-31": "-146.74000", "2011-12-31": "160.02710", "2011-09-30": "633.06900", "2011-06-30": "320.59800", "2011-03-31": "253.67800", "2010-12-31": "233.30690", "2010-09-30": "497.90100", "2010-06-30": "320.28300", "2010-03-31": "218.81400", "2009-12-31": "318.73900", "2009-09-30": "460.16700", "2009-06-30": "231.81100", "2009-03-31": "240.33300", "2008-12-31": "175.57190", "2008-09-30": "475.28700", "2008-06-30": "275.92900", "2008-03-31": "313.74700", "2007-12-31": "218.99790", "2007-09-30": "461.15900", "2007-06-30": "267.60200", "2007-03-31": "212.19500", "2006-12-31": "278.61490", "2006-09-30": "389.93300", "2006-06-30": "268.68300", "2006-03-31": "195.86700", "2005-12-31": "104.52510", "2005-09-30": "363.49600", "2005-06-30": "295.35900", "2005-03-31": "179.74500"}, "Other Income": {"2020-09-30": "", "2020-06-30": "", "2020-03-31": "", "2019-12-31": "", "2019-09-30": "", "2019-06-30": "", "2019-03-31": "", "2018-12-31": "", "2018-09-30": "", "2018-06-30": "", "2018-03-31": "", "2017-12-31": "", "2017-09-30": "", "2017-06-30": "", "2017-03-31": "", "2016-12-31": "", "2016-09-30": "", "2016-06-30": "", "2016-03-31": "", "2015-12-31": "", "2015-09-30": "", "2015-06-30": "", "2015-03-31": "", "2014-12-31": "", "2014-09-30": "", "2014-06-30": "", "2014-03-31": "", "2013-12-31": "", "2013-09-30": "", "2013-06-30": "", "2013-03-31": "", "2012-12-31": "", "2012-09-30": "", "2012-06-30": "", "2012-03-31": "", "2011-12-31": "", "2011-09-30": "", "2011-06-30": "", "2011-03-31": "", "2010-12-31": "", "2010-09-30": "", "2010-06-30": "", "2010-03-31": "", "2009-12-31": "", "2009-09-30": "", "2009-06-30": "", "2009-03-31": "", "2008-12-31": "", "2008-09-30": "", "2008-06-30": "", "2008-03-31": "", "2007-12-31": "", "2007-09-30": "", "2007-06-30": "", "2007-03-31": "", "2006-12-31": "", "2006-09-30": "", "2006-06-30": "", "2006-03-31": "", "2005-12-31": "", "2005-09-30": "", "2005-06-30": "", "2005-03-31": ""}, "Income From Continuous Operations": {"2020-09-30": "525.69900", "2020-06-30": "365.11300", "2020-03-31": "123.29400", "2019-12-31": "389.60590", "2019-09-30": "369.45900", "2019-06-30": "240.53300", "2019-03-31": "258.64600", "2018-12-31": "-62.32300", "2018-09-30": "539.81800", "2018-06-30": "248.86000", "2018-03-31": "136.20000", "2017-12-31": "-475.71010", "2017-09-30": "401.64400", "2017-06-30": "413.36800", "2017-03-31": "86.05100", "2016-12-31": "-1765.53900", "2016-09-30": "393.20400", "2016-06-30": "572.59000", "2016-03-31": "235.24200", "2015-12-31": "104.84790", "2015-09-30": "-718.23290", "2015-06-30": "153.72200", "2015-03-31": "302.92900", "2014-12-31": "125.00700", "2014-09-30": "234.91600", "2014-06-30": "194.28100", "2014-03-31": "406.05300", "2013-12-31": "151.35300", "2013-09-30": "244.18200", "2013-06-30": "168.05500", "2013-03-31": "166.98200", "2012-12-31": "301.85000", "2012-09-30": "342.67000", "2012-06-30": "370.58300", "2012-03-31": "-146.74000", "2011-12-31": "160.02710", "2011-09-30": "633.06900", "2011-06-30": "320.59800", "2011-03-31": "253.67800", "2010-12-31": "233.30690", "2010-09-30": "497.90100", "2010-06-30": "320.28300", "2010-03-31": "218.81400", "2009-12-31": "318.73900", "2009-09-30": "460.16700", "2009-06-30": "231.81100", "2009-03-31": "240.33300", "2008-12-31": "175.57190", "2008-09-30": "475.28700", "2008-06-30": "275.92900", "2008-03-31": "313.74700", "2007-12-31": "218.99800", "2007-09-30": "461.15900", "2007-06-30": "267.60200", "2007-03-31": "212.19500", "2006-12-31": "278.61500", "2006-09-30": "389.93300", "2006-06-30": "268.68300", "2006-03-31": "195.86700", "2005-12-31": "104.52500", "2005-09-30": "363.49600", "2005-06-30": "295.35900", "2005-03-31": "179.74500"}, "Income From Discontinued Operations": {"2020-09-30": "", "2020-06-30": "", "2020-03-31": "", "2019-12-31": "", "2019-09-30": "", "2019-06-30": "", "2019-03-31": "", "2018-12-31": "", "2018-09-30": "", "2018-06-30": "", "2018-03-31": "", "2017-12-31": "", "2017-09-30": "", "2017-06-30": "", "2017-03-31": "", "2016-12-31": "", "2016-09-30": "", "2016-06-30": "", "2016-03-31": "", "2015-12-31": "", "2015-09-30": "", "2015-06-30": "", "2015-03-31": "", "2014-12-31": "", "2014-09-30": "", "2014-06-30": "", "2014-03-31": "", "2013-12-31": "", "2013-09-30": "", "2013-06-30": "", "2013-03-31": "", "2012-12-31": "", "2012-09-30": "", "2012-06-30": "", "2012-03-31": "", "2011-12-31": "", "2011-09-30": "", "2011-06-30": "", "2011-03-31": "", "2010-12-31": "", "2010-09-30": "", "2010-06-30": "", "2010-03-31": "", "2009-12-31": "", "2009-09-30": "", "2009-06-30": "", "2009-03-31": "", "2008-12-31": "", "2008-09-30": "", "2008-06-30": "", "2008-03-31": "", "2007-12-31": "", "2007-09-30": "", "2007-06-30": "", "2007-03-31": "", "2006-12-31": "-10.32600", "2006-09-30": "-1.05000", "2006-06-30": "13.11900", "2006-03-31": "-2.23900", "2005-12-31": "-33.50900", "2005-09-30": "-7.10800", "2005-06-30": "-2.81100", "2005-03-31": "-1.36600"}, "Net Income": {"2020-09-30": "521.11900", "2020-06-30": "360.53300", "2020-03-31": "118.71400", "2019-12-31": "385.02500", "2019-09-30": "365.24000", "2019-06-30": "236.42400", "2019-03-31": "254.53700", "2018-12-31": "-65.90000", "2018-09-30": "536.37900", "2018-06-30": "245.42100", "2018-03-31": "132.76100", "2017-12-31": "-479.11300", "2017-09-30": "398.19800", "2017-06-30": "409.92200", "2017-03-31": "82.60500", "2016-12-31": "-1769.06800", "2016-09-30": "388.17000", "2016-06-30": "567.31400", "2016-03-31": "229.96600", "2015-12-31": "99.57200", "2015-09-30": "-723.02700", "2015-06-30": "148.84300", "2015-03-31": "298.05000", "2014-12-31": "120.12700", "2014-09-30": "230.03700", "2014-06-30": "189.38300", "2014-03-31": "401.17400", "2013-12-31": "146.92900", "2013-09-30": "239.85000", "2013-06-30": "163.72300", "2013-03-31": "161.40000", "2012-12-31": "296.26700", "2012-09-30": "337.08800", "2012-06-30": "365.00100", "2012-03-31": "-151.68300", "2011-12-31": "154.13890", "2011-09-30": "628.05400", "2011-06-30": "315.58300", "2011-03-31": "248.66300", "2010-12-31": "228.29100", "2010-09-30": "492.88600", "2010-06-30": "315.26600", "2010-03-31": "213.79900", "2009-12-31": "313.77500", "2009-09-30": "455.16900", "2009-06-30": "226.81300", "2009-03-31": "235.33500", "2008-12-31": "170.57400", "2008-09-30": "470.28900", "2008-06-30": "270.95400", "2008-03-31": "308.74900", "2007-12-31": "193.89300", "2007-09-30": "461.15900", "2007-06-30": "267.60200", "2007-03-31": "212.19500", "2006-12-31": "268.28910", "2006-09-30": "388.88300", "2006-06-30": "281.80200", "2006-03-31": "193.62800", "2005-12-31": "90.23300", "2005-09-30": "349.95200", "2005-06-30": "286.15000", "2005-03-31": "171.99600"}, "EBITDA": {"2020-09-30": "1341.70800", "2020-06-30": "1001.92700", "2020-03-31": "968.35200", "2019-12-31": "796.17410", "2019-09-30": "1085.79900", "2019-06-30": "877.35820", "2019-03-31": "813.47790", "2018-12-31": "294.27990", "2018-09-30": "760.77040", "2018-06-30": "594.02490", "2018-03-31": "860.84510", "2017-12-31": "754.08640", "2017-09-30": "1277.89700", "2017-06-30": "680.13710", "2017-03-31": "726.86590", "2016-12-31": "-1953.34900", "2016-09-30": "1308.17900", "2016-06-30": "954.76310", "2016-03-31": "998.46600", "2015-12-31": "250.24440", "2015-09-30": "-422.21390", "2015-06-30": "921.26300", "2015-03-31": "1068.77700", "2014-12-31": "862.02040", "2014-09-30": "1036.43600", "2014-06-30": "980.00480", "2014-03-31": "1256.31900", "2013-12-31": "764.63870", "2013-09-30": "912.92900", "2013-06-30": "822.52920", "2013-03-31": "866.97810", "2012-12-31": "802.18490", "2012-09-30": "1151.85700", "2012-06-30": "725.63710", "2012-03-31": "393.15180", "2011-12-31": "772.42130", "2011-09-30": "1064.61100", "2011-06-30": "988.35500", "2011-03-31": "933.30200", "2010-12-31": "839.56760", "2010-09-30": "1198.40000", "2010-06-30": "1034.59400", "2010-03-31": "900.14560", "2009-12-31": "885.94540", "2009-09-30": "1179.21400", "2009-06-30": "823.25710", "2009-03-31": "854.97110", "2008-12-31": "851.47740", "2008-09-30": "1063.26300", "2008-06-30": "862.90210", "2008-03-31": "897.21390", "2007-12-31": "627.37910", "2007-09-30": "1092.99300", "2007-06-30": "758.77310", "2007-03-31": "708.83400", "2006-12-31": "548.42290", "2006-09-30": "913.40270", "2006-06-30": "742.11790", "2006-03-31": "636.57020", "2005-12-31": "565.52140", "2005-09-30": "907.27910", "2005-06-30": "756.94310", "2005-03-31": "564.09680"}, "EBIT": {"2020-09-30": "778.01610", "2020-06-30": "439.31100", "2020-03-31": "399.75600", "2019-12-31": "248.53810", "2019-09-30": "519.92900", "2019-06-30": "338.77510", "2019-03-31": "283.25390", "2018-12-31": "-228.93120", "2018-09-30": "271.03540", "2018-06-30": "91.59690", "2018-03-31": "335.66410", "2017-12-31": "237.07350", "2017-09-30": "759.00270", "2017-06-30": "168.83910", "2017-03-31": "195.49290", "2016-12-31": "-2527.76800", "2016-09-30": "772.06010", "2016-06-30": "442.25810", "2016-03-31": "498.21800", "2015-12-31": "-254.30130", "2015-09-30": "-965.01590", "2015-06-30": "377.38310", "2015-03-31": "542.76900", "2014-12-31": "319.67600", "2014-09-30": "492.85890", "2014-06-30": "454.47680", "2014-03-31": "739.87700", "2013-12-31": "225.54760", "2013-09-30": "388.89400", "2013-06-30": "346.51220", "2013-03-31": "394.04520", "2012-12-31": "324.20260", "2012-09-30": "690.85210", "2012-06-30": "342.98410", "2012-03-31": "-56.85720", "2011-12-31": "342.69640", "2011-09-30": "600.90890", "2011-06-30": "558.73800", "2011-03-31": "510.89100", "2010-12-31": "393.77930", "2010-09-30": "770.64210", "2010-06-30": "626.24100", "2010-03-31": "476.71360", "2009-12-31": "503.19920", "2009-09-30": "800.30400", "2009-06-30": "474.49610", "2009-03-31": "506.52710", "2008-12-31": "356.73320", "2008-09-30": "752.09180", "2008-06-30": "568.10910", "2008-03-31": "606.23290", "2007-12-31": "329.40310", "2007-09-30": "810.33200", "2007-06-30": "478.04000", "2007-03-31": "438.59400", "2006-12-31": "278.89650", "2006-09-30": "644.40770", "2006-06-30": "487.29300", "2006-03-31": "394.76320", "2005-12-31": "311.06630", "2005-09-30": "654.34010", "2005-06-30": "515.57410", "2005-03-31": "311.00780"}, "Basic Shares Outstanding": {"2020-09-30": "200.22000", "2020-06-30": "200.17800", "2020-03-31": "199.79000", "2019-12-31": "195.19600", "2019-09-30": "198.93200", "2019-06-30": "193.01900", "2019-03-31": "189.57500", "2018-12-31": "181.41000", "2018-09-30": "181.00200", "2018-06-30": "180.82300", "2018-03-31": "180.70800", "2017-12-31": "179.67200", "2017-09-30": "179.56400", "2017-06-30": "179.47500", "2017-03-31": "179.33500", "2016-12-31": "178.88600", "2016-09-30": "179.02300", "2016-06-30": "178.80800", "2016-03-31": "178.57900", "2015-12-31": "179.17600", "2015-09-30": "179.15200", "2015-06-30": "179.52100", "2015-03-31": "179.65900", "2014-12-31": "179.50600", "2014-09-30": "179.61000", "2014-06-30": "179.35400", "2014-03-31": "178.79800", "2013-12-31": "178.21100", "2013-09-30": "178.28400", "2013-06-30": "178.19700", "2013-03-31": "178.02800", "2012-12-31": "177.32500", "2012-09-30": "177.51800", "2012-06-30": "177.16700", "2012-03-31": "176.86500", "2011-12-31": "177.43000", "2011-09-30": "176.95000", "2011-06-30": "177.80900", "2011-03-31": "178.83400", "2010-12-31": "186.01000", "2010-09-30": "185.96200", "2010-06-30": "188.77600", "2010-03-31": "189.20300", "2009-12-31": "192.77200", "2009-09-30": "193.42500", "2009-06-30": "196.10500", "2009-03-31": "192.59400", "2008-12-31": "190.92600", "2008-09-30": "190.37900", "2008-06-30": "191.32700", "2008-03-31": "192.64000", "2007-12-31": "196.57300", "2007-09-30": "194.86400", "2007-06-30": "196.98000", "2007-03-31": "200.55000", "2006-12-31": "207.45700", "2006-09-30": "208.38300", "2006-06-30": "207.98200", "2006-03-31": "207.73200", "2005-12-31": "210.14200", "2005-09-30": "207.90700", "2005-06-30": "211.13400", "2005-03-31": "214.12800"}, "Shares Outstanding": {"2020-09-30": "201.11600", "2020-06-30": "200.88700", "2020-03-31": "200.90100", "2019-12-31": "196.99900", "2019-09-30": "200.49300", "2019-06-30": "194.23800", "2019-03-31": "192.23400", "2018-12-31": "183.37900", "2018-09-30": "183.66500", "2018-06-30": "182.98300", "2018-03-31": "181.43200", "2017-12-31": "180.53600", "2017-09-30": "180.46400", "2017-06-30": "180.23500", "2017-03-31": "179.84200", "2016-12-31": "178.88600", "2016-09-30": "179.99100", "2016-06-30": "179.50400", "2016-03-31": "178.97600", "2015-12-31": "179.17600", "2015-09-30": "179.15200", "2015-06-30": "180.12000", "2015-03-31": "180.48100", "2014-12-31": "180.29700", "2014-09-30": "180.52700", "2014-06-30": "180.04500", "2014-03-31": "179.05600", "2013-12-31": "178.57000", "2013-09-30": "178.65200", "2013-06-30": "178.61400", "2013-03-31": "178.41300", "2012-12-31": "177.73800", "2012-09-30": "177.97500", "2012-06-30": "177.56500", "2012-03-31": "177.38800", "2011-12-31": "178.37100", "2011-09-30": "177.72300", "2011-06-30": "178.92500", "2011-03-31": "180.08300", "2010-12-31": "187.81400", "2010-09-30": "187.77700", "2010-06-30": "190.71800", "2010-03-31": "191.28400", "2009-12-31": "195.83800", "2009-09-30": "195.87500", "2009-06-30": "198.24300", "2009-03-31": "198.05800", "2008-12-31": "201.01200", "2008-09-30": "194.96100", "2008-06-30": "197.86400", "2008-03-31": "198.30000", "2007-12-31": "202.78000", "2007-09-30": "200.53300", "2007-06-30": "203.42000", "2007-03-31": "206.13300", "2006-12-31": "211.45200", "2006-09-30": "212.40500", "2006-06-30": "211.55800", "2006-03-31": "211.37500", "2005-12-31": "214.44100", "2005-09-30": "212.33600", "2005-06-30": "215.56900", "2005-03-31": "218.63300"}, "Basic EPS": {"2020-09-30": "2.60000", "2020-06-30": "1.80000", "2020-03-31": "0.59000", "2019-12-31": "1.96000", "2019-09-30": "1.84000", "2019-06-30": "1.22000", "2019-03-31": "1.34000", "2018-12-31": "-0.37000", "2018-09-30": "2.96000", "2018-06-30": "1.36000", "2018-03-31": "0.73000", "2017-12-31": "-2.67000", "2017-09-30": "2.22000", "2017-06-30": "2.28000", "2017-03-31": "0.46000", "2016-12-31": "-9.89000", "2016-09-30": "2.17000", "2016-06-30": "3.17000", "2016-03-31": "1.29000", "2015-12-31": "0.56000", "2015-09-30": "-4.04000", "2015-06-30": "0.83000", "2015-03-31": "1.66000", "2014-12-31": "0.66000", "2014-09-30": "1.28000", "2014-06-30": "1.06000", "2014-03-31": "2.24000", "2013-12-31": "0.81000", "2013-09-30": "1.35000", "2013-06-30": "0.92000", "2013-03-31": "0.91000", "2012-12-31": "1.67000", "2012-09-30": "1.90000", "2012-06-30": "2.06000", "2012-03-31": "-0.86000", "2011-12-31": "0.88000", "2011-09-30": "3.55000", "2011-06-30": "1.77000", "2011-03-31": "1.39000", "2010-12-31": "1.27000", "2010-09-30": "2.65000", "2010-06-30": "1.67000", "2010-03-31": "1.13000", "2009-12-31": "1.66000", "2009-09-30": "2.35000", "2009-06-30": "1.16000", "2009-03-31": "1.22000", "2008-12-31": "0.90000", "2008-09-30": "2.47000", "2008-06-30": "1.42000", "2008-03-31": "1.60000", "2007-12-31": "0.98000", "2007-09-30": "2.37000", "2007-06-30": "1.36000", "2007-03-31": "1.06000", "2006-12-31": "1.31000", "2006-09-30": "1.87000", "2006-06-30": "1.35000", "2006-03-31": "0.93000", "2005-12-31": "0.43000", "2005-09-30": "1.68000", "2005-06-30": "1.36000", "2005-03-31": "0.80000"}, "EPS - Earnings Per Share": {"2020-09-30": "2.59000", "2020-06-30": "1.79000", "2020-03-31": "0.59000", "2019-12-31": "1.94000", "2019-09-30": "1.82000", "2019-06-30": "1.22000", "2019-03-31": "1.32000", "2018-12-31": "-0.36000", "2018-09-30": "2.92000", "2018-06-30": "1.34000", "2018-03-31": "0.73000", "2017-12-31": "-2.66000", "2017-09-30": "2.21000", "2017-06-30": "2.27000", "2017-03-31": "0.46000", "2016-12-31": "-9.86000", "2016-09-30": "2.16000", "2016-06-30": "3.16000", "2016-03-31": "1.28000", "2015-12-31": "0.57000", "2015-09-30": "-4.04000", "2015-06-30": "0.83000", "2015-03-31": "1.65000", "2014-12-31": "0.66000", "2014-09-30": "1.27000", "2014-06-30": "1.05000", "2014-03-31": "2.24000", "2013-12-31": "0.83000", "2013-09-30": "1.34000", "2013-06-30": "0.92000", "2013-03-31": "0.90000", "2012-12-31": "1.67000", "2012-09-30": "1.89000", "2012-06-30": "2.06000", "2012-03-31": "-0.86000", "2011-12-31": "0.88000", "2011-09-30": "3.53000", "2011-06-30": "1.76000", "2011-03-31": "1.38000", "2010-12-31": "1.27000", "2010-09-30": "2.62000", "2010-06-30": "1.65000", "2010-03-31": "1.12000", "2009-12-31": "1.64000", "2009-09-30": "2.32000", "2009-06-30": "1.14000", "2009-03-31": "1.20000", "2008-12-31": "0.86000", "2008-09-30": "2.41000", "2008-06-30": "1.37000", "2008-03-31": "1.56000", "2007-12-31": "0.95000", "2007-09-30": "2.30000", "2007-06-30": "1.32000", "2007-03-31": "1.03000", "2006-12-31": "1.28000", "2006-09-30": "1.83000", "2006-06-30": "1.33000", "2006-03-31": "0.92000", "2005-12-31": "0.42000", "2005-09-30": "1.65000", "2005-06-30": "1.33000", "2005-03-31": "0.79000"}}, "balance sheet": {"Cash On Hand": {"2019-12-31": "425.72200", "2018-12-31": "480.97500", "2017-12-31": "781.27300", "2016-12-31": "1187.84400", "2015-12-31": "1350.96100", "2014-12-31": "1422.02600", "2013-12-31": "739.12600", "2012-12-31": "578.60890", "2011-12-31": "744.74200", "2010-12-31": "1337.51600", "2009-12-31": "1722.64900", "2008-12-31": "1932.55300", "2007-12-31": "1273.00100", "2006-12-31": "1016.15200", "2005-12-31": "582.82000"}, "Receivables": {"2019-12-31": "1208.59200", "2018-12-31": "1114.40500", "2017-12-31": "1212.95000", "2016-12-31": "1170.16700", "2015-12-31": "1068.90000", "2014-12-31": "1103.25500", "2013-12-31": "1172.18600", "2012-12-31": "1001.71500", "2011-12-31": "1001.86800", "2010-12-31": "1035.58200", "2009-12-31": "980.82700", "2008-12-31": "1198.13500", "2007-12-31": "1176.07100", "2006-12-31": "1127.59300", "2005-12-31": "1535.63400"}, "Inventory": {"2019-12-31": "970.46500", "2018-12-31": "870.14700", "2017-12-31": "905.86500", "2016-12-31": "878.12300", "2015-12-31": "1091.16700", "2014-12-31": "1124.01800", "2013-12-31": "1123.96400", "2012-12-31": "1142.36100", "2011-12-31": "1096.88800", "2010-12-31": "1074.42800", "2009-12-31": "1022.55700", "2008-12-31": "992.31500", "2007-12-31": "900.96000", "2006-12-31": "798.09600", "2005-12-31": "817.12700"}, "Pre-Paid Expenses": {"2019-12-31": "283.64500", "2018-12-31": "234.32600", "2017-12-31": "156.33300", "2016-12-31": "193.44800", "2015-12-31": "344.87200", "2014-12-31": "343.22300", "2013-12-31": "410.48900", "2012-12-31": "242.92200", "2011-12-31": "291.74200", "2010-12-31": "547.84300", "2009-12-31": "386.04000", "2008-12-31": "247.18400", "2007-12-31": "129.16200", "2006-12-31": "171.75900", "2005-12-31": "325.79500"}, "Other Current Assets": {"2019-12-31": "", "2018-12-31": "27.25100", "2017-12-31": "95.74600", "2016-12-31": "108.46500", "2015-12-31": "", "2014-12-31": "155.14000", "2013-12-31": "116.37900", "2012-12-31": "167.24300", "2011-12-31": "246.57600", "2010-12-31": "116.81900", "2009-12-31": "196.79800", "2008-12-31": "561.09200", "2007-12-31": "268.00000", "2006-12-31": "", "2005-12-31": "543.92700"}, "Total Current Assets": {"2019-12-31": "3045.99200", "2018-12-31": "2958.06400", "2017-12-31": "3285.33100", "2016-12-31": "3684.26800", "2015-12-31": "4067.41200", "2014-12-31": "4389.63300", "2013-12-31": "3929.69100", "2012-12-31": "3683.12600", "2011-12-31": "3622.70300", "2010-12-31": "4339.08300", "2009-12-31": "4534.16100", "2008-12-31": "5160.38900", "2007-12-31": "3958.24700", "2006-12-31": "3325.43400", "2005-12-31": "4062.68200"}, "Property, Plant, And Equipment": {"2019-12-31": "35182.69000", "2018-12-31": "31974.45000", "2017-12-31": "29664.36000", "2016-12-31": "27921.41000", "2015-12-31": "27824.36000", "2014-12-31": "28722.95000", "2013-12-31": "27881.64000", "2012-12-31": "27298.54000", "2011-12-31": "25609.28000", "2010-12-31": "23848.36000", "2009-12-31": "23389.40000", "2008-12-31": "22429.11000", "2007-12-31": "20974.27000", "2006-12-31": "19438.08000", "2005-12-31": "19197.04000"}, "Long-Term Investments": {"2019-12-31": "", "2018-12-31": "", "2017-12-31": "0.19800", "2016-12-31": "0.19800", "2015-12-31": "4.34100", "2014-12-31": "36.23400", "2013-12-31": "40.35000", "2012-12-31": "46.73800", "2011-12-31": "44.87600", "2010-12-31": "40.69700", "2009-12-31": "39.58000", "2008-12-31": "66.24700", "2007-12-31": "78.99200", "2006-12-31": "229.08900", "2005-12-31": "296.78400"}, "Goodwill And Intangible Assets": {"2019-12-31": "377.17200", "2018-12-31": "377.17200", "2017-12-31": "377.17200", "2016-12-31": "377.17200", "2015-12-31": "377.17200", "2014-12-31": "377.17200", "2013-12-31": "377.17200", "2012-12-31": "377.17200", "2011-12-31": "377.17200", "2010-12-31": "377.17200", "2009-12-31": "377.17200", "2008-12-31": "377.17200", "2007-12-31": "377.17200", "2006-12-31": "377.17200", "2005-12-31": "377.17200"}, "Other Long-Term Assets": {"2019-12-31": "829.31600", "2018-12-31": "741.64700", "2017-12-31": "814.90400", "2016-12-31": "2309.31400", "2015-12-31": "1250.31300", "2014-12-31": "1426.46800", "2013-12-31": "1297.15100", "2012-12-31": "1628.92100", "2011-12-31": "1632.55000", "2010-12-31": "1573.56600", "2009-12-31": "1374.24300", "2008-12-31": "1386.70800", "2007-12-31": "1211.42100", "2006-12-31": "1158.50300", "2005-12-31": "1302.20300"}, "Total Long-Term Assets": {"2019-12-31": "48677.92000", "2018-12-31": "45317.00000", "2017-12-31": "43421.82000", "2016-12-31": "42220.16000", "2015-12-31": "40580.27000", "2014-12-31": "42024.82000", "2013-12-31": "39476.76000", "2012-12-31": "39519.38000", "2011-12-31": "37078.99000", "2010-12-31": "34346.20000", "2009-12-31": "33027.79000", "2008-12-31": "31456.43000", "2007-12-31": "29684.76000", "2006-12-31": "27757.30000", "2005-12-31": "26794.97000"}, "Total Assets": {"2019-12-31": "51723.91000", "2018-12-31": "48275.07000", "2017-12-31": "46707.15000", "2016-12-31": "45904.43000", "2015-12-31": "44647.68000", "2014-12-31": "46414.45000", "2013-12-31": "43406.45000", "2012-12-31": "43202.50000", "2011-12-31": "40701.70000", "2010-12-31": "38685.28000", "2009-12-31": "37561.95000", "2008-12-31": "36616.82000", "2007-12-31": "33643.00000", "2006-12-31": "31082.73000", "2005-12-31": "30857.66000"}, "Total Current Liabilities": {"2019-12-31": "5620.46300", "2018-12-31": "5443.54400", "2017-12-31": "5036.20700", "2016-12-31": "3200.09600", "2015-12-31": "3089.95800", "2014-12-31": "3848.89100", "2013-12-31": "4060.57200", "2012-12-31": "4106.32100", "2011-12-31": "4950.69900", "2010-12-31": "2776.24900", "2009-12-31": "3193.99700", "2008-12-31": "3765.89400", "2007-12-31": "3256.75400", "2006-12-31": "2465.13000", "2005-12-31": "3112.36600"}, "Long Term Debt": {"2019-12-31": "17078.64000", "2018-12-31": "15518.30000", "2017-12-31": "14337.27000", "2016-12-31": "14492.24000", "2015-12-31": "13138.56000", "2014-12-31": "12416.42000", "2013-12-31": "12171.37000", "2012-12-31": "11954.86000", "2011-12-31": "10082.13000", "2010-12-31": "11359.24000", "2009-12-31": "11059.97000", "2008-12-31": "11517.38000", "2007-12-31": "9948.57300", "2006-12-31": "8986.12000", "2005-12-31": "8999.49800"}, "Other Non-Current Liabilities": {"2019-12-31": "11140.15000", "2018-12-31": "11313.17000", "2017-12-31": "11546.56000", "2016-12-31": "9168.66000", "2015-12-31": "7115.66800", "2014-12-31": "6817.68200", "2013-12-31": "5928.17700", "2012-12-31": "5352.38400", "2011-12-31": "4912.22900", "2010-12-31": "4701.31400", "2009-12-31": "4171.05000", "2008-12-31": "3986.58800", "2007-12-31": "4179.29800", "2006-12-31": "3488.49800", "2005-12-31": "3759.32500"}, "Total Long Term Liabilities": {"2019-12-31": "35625.36000", "2018-12-31": "33767.81000", "2017-12-31": "33480.63000", "2016-12-31": "34419.34000", "2015-12-31": "31982.75000", "2014-12-31": "32463.84000", "2013-12-31": "29619.41000", "2012-12-31": "29805.09000", "2011-12-31": "26695.73000", "2010-12-31": "27318.63000", "2009-12-31": "25660.60000", "2008-12-31": "24790.33000", "2007-12-31": "22523.58000", "2006-12-31": "20419.71000", "2005-12-31": "19997.02000"}, "Total Liabilities": {"2019-12-31": "41245.83000", "2018-12-31": "39211.36000", "2017-12-31": "38516.83000", "2016-12-31": "37619.44000", "2015-12-31": "35072.71000", "2014-12-31": "36312.73000", "2013-12-31": "33679.98000", "2012-12-31": "33911.41000", "2011-12-31": "31646.43000", "2010-12-31": "30094.88000", "2009-12-31": "28854.59000", "2008-12-31": "28556.23000", "2007-12-31": "25780.33000", "2006-12-31": "22884.84000", "2005-12-31": "23109.39000"}, "Common Stock Net": {"2019-12-31": "2.70000", "2018-12-31": "2.61600", "2017-12-31": "2.54800", "2016-12-31": "2.54800", "2015-12-31": "2.54800", "2014-12-31": "2.54800", "2013-12-31": "2.54800", "2012-12-31": "2.54800", "2011-12-31": "2.54800", "2010-12-31": "2.54800", "2009-12-31": "2.54800", "2008-12-31": "2.48200", "2007-12-31": "2.48200", "2006-12-31": "2.48200", "2005-12-31": "2.48200"}, "Retained Earnings (Accumulated Deficit)": {"2019-12-31": "9257.60900", "2018-12-31": "8721.15000", "2017-12-31": "7977.70200", "2016-12-31": "8195.57100", "2015-12-31": "9393.91300", "2014-12-31": "10169.66000", "2013-12-31": "9825.05300", "2012-12-31": "9704.59100", "2011-12-31": "9446.96000", "2010-12-31": "8689.40100", "2009-12-31": "8043.12200", "2008-12-31": "7382.71900", "2007-12-31": "6735.96500", "2006-12-31": "6113.04200", "2005-12-31": "5433.93100"}, "Comprehensive Income": {"2019-12-31": "-446.92000", "2018-12-31": "-557.17300", "2017-12-31": "-23.53100", "2016-12-31": "-34.97100", "2015-12-31": "8.95100", "2014-12-31": "-42.30700", "2013-12-31": "-29.32400", "2012-12-31": "-293.08300", "2011-12-31": "-168.45200", "2010-12-31": "-38.21200", "2009-12-31": "-75.18500", "2008-12-31": "-112.69800", "2007-12-31": "8.32000", "2006-12-31": "-100.51200", "2005-12-31": "-343.81900"}, "Other Share Holders Equity": {"2019-12-31": "", "2018-12-31": "", "2017-12-31": "", "2016-12-31": "", "2015-12-31": "", "2014-12-31": "", "2013-12-31": "", "2012-12-31": "", "2011-12-31": "", "2010-12-31": "", "2009-12-31": "", "2008-12-31": "", "2007-12-31": "", "2006-12-31": "", "2005-12-31": ""}, "Share Holder Equity": {"2019-12-31": "10478.08000", "2018-12-31": "9063.70700", "2017-12-31": "8190.31800", "2016-12-31": "8284.99400", "2015-12-31": "9574.97600", "2014-12-31": "10101.72000", "2013-12-31": "9726.46600", "2012-12-31": "9291.08900", "2011-12-31": "9055.27000", "2010-12-31": "8590.40000", "2009-12-31": "8707.36000", "2008-12-31": "8060.59200", "2007-12-31": "7862.67100", "2006-12-31": "8197.88700", "2005-12-31": "7748.27100"}, "Total Liabilities And Share Holders Equity": {"2019-12-31": "51723.91000", "2018-12-31": "48275.07000", "2017-12-31": "46707.15000", "2016-12-31": "45904.43000", "2015-12-31": "44647.68000", "2014-12-31": "46414.45000", "2013-12-31": "43406.45000", "2012-12-31": "43202.50000", "2011-12-31": "40701.70000", "2010-12-31": "38685.28000", "2009-12-31": "37561.95000", "2008-12-31": "36616.82000", "2007-12-31": "33643.00000", "2006-12-31": "31082.73000", "2005-12-31": "30857.66000"}}, "balance sheet, quarterly": {"Cash On Hand": {"2020-09-30": "1239.66400", "2020-06-30": "935.46800", "2020-03-31": "1463.83300", "2019-12-31": "425.72200", "2019-09-30": "955.83100", "2019-06-30": "635.90900", "2019-03-31": "983.49600", "2018-12-31": "480.97500", "2018-09-30": "987.98100", "2018-06-30": "812.78700", "2018-03-31": "1205.59600", "2017-12-31": "781.27300", "2017-09-30": "546.29100", "2017-06-30": "934.49500", "2017-03-31": "1083.06200", "2016-12-31": "1187.84400", "2016-09-30": "1307.43400", "2016-06-30": "996.09900", "2016-03-31": "1091.65100", "2015-12-31": "1350.96100", "2015-09-30": "1040.59800", "2015-06-30": "910.37000", "2015-03-31": "1180.54600", "2014-12-31": "1422.02600", "2014-09-30": "1068.50900", "2014-06-30": "650.06800", "2014-03-31": "908.48300", "2013-12-31": "739.12600", "2013-09-30": "415.07300", "2013-06-30": "348.29400", "2013-03-31": "307.36900", "2012-12-31": "578.60890", "2012-09-30": "802.05900", "2012-06-30": "320.82100", "2012-03-31": "734.36600", "2011-12-31": "744.74200", "2011-09-30": "1030.62700", "2011-06-30": "563.79600", "2011-03-31": "762.92100", "2010-12-31": "1337.51600", "2010-09-30": "1967.19900", "2010-06-30": "1371.15000", "2010-03-31": "1692.07100", "2009-12-31": "1722.64900", "2009-09-30": "1151.20100", "2009-06-30": "1290.00700", "2009-03-31": "1822.85100", "2008-12-31": "1932.55300", "2008-09-30": "2577.31200", "2008-06-30": "1096.52300", "2008-03-31": "943.33100", "2007-12-31": "1273.00100", "2007-09-30": "1466.68500", "2007-06-30": "1320.22200", "2007-03-31": "1080.02300", "2006-12-31": "1016.15200", "2006-09-30": "745.02800", "2006-06-30": "728.93400", "2006-03-31": "752.38600", "2005-12-31": "582.82000", "2005-09-30": "598.03100", "2005-06-30": "614.69000", "2005-03-31": "956.35210"}, "Receivables": {"2020-09-30": "1347.42000", "2020-06-30": "1177.42000", "2020-03-31": "1076.07300", "2019-12-31": "1208.59200", "2019-09-30": "1338.37100", "2019-06-30": "1234.62400", "2019-03-31": "1074.70900", "2018-12-31": "1114.40500", "2018-09-30": "1366.65300", "2018-06-30": "1258.46600", "2018-03-31": "1081.80100", "2017-12-31": "1212.95000", "2017-09-30": "1313.34300", "2017-06-30": "1120.43600", "2017-03-31": "973.14300", "2016-12-31": "1170.16700", "2016-09-30": "1380.45700", "2016-06-30": "1169.97000", "2016-03-31": "993.42400", "2015-12-31": "1068.90000", "2015-09-30": "1333.13900", "2015-06-30": "1190.36300", "2015-03-31": "1067.90700", "2014-12-31": "1103.25500", "2014-09-30": "1313.38300", "2014-06-30": "1232.94900", "2014-03-31": "1128.19200", "2013-12-31": "1172.18600", "2013-09-30": "1267.75900", "2013-06-30": "1222.43300", "2013-03-31": "1031.56000", "2012-12-31": "1001.71500", "2012-09-30": "1147.28000", "2012-06-30": "1037.45000", "2012-03-31": "829.06300", "2011-12-31": "1001.86800", "2011-09-30": "1248.37300", "2011-06-30": "1203.10200", "2011-03-31": "932.13700", "2010-12-31": "1035.58200", "2010-09-30": "1217.20500", "2010-06-30": "1166.15500", "2010-03-31": "936.99800", "2009-12-31": "980.82700", "2009-09-30": "1082.41500", "2009-06-30": "1095.38400", "2009-03-31": "994.98500", "2008-12-31": "1198.13500", "2008-09-30": "1441.41600", "2008-06-30": "1392.87600", "2008-03-31": "1185.44000", "2007-12-31": "1176.07100", "2007-09-30": "1430.88000", "2007-06-30": "1236.51300", "2007-03-31": "1063.72000", "2006-12-31": "1127.59300", "2006-09-30": "1343.40100", "2006-06-30": "1221.91200", "2006-03-31": "1160.80100", "2005-12-31": "1535.63400", "2005-09-30": "1844.21000", "2005-06-30": "1359.16400", "2005-03-31": "1068.18100"}, "Inventory": {"2020-09-30": "1065.04600", "2020-06-30": "1036.30800", "2020-03-31": "998.72000", "2019-12-31": "970.46500", "2019-09-30": "935.54600", "2019-06-30": "917.71800", "2019-03-31": "893.41200", "2018-12-31": "870.14700", "2018-09-30": "880.68600", "2018-06-30": "926.65100", "2018-03-31": "940.58100", "2017-12-31": "905.86500", "2017-09-30": "878.63600", "2017-06-30": "869.07700", "2017-03-31": "854.40200", "2016-12-31": "878.12300", "2016-09-30": "1107.17900", "2016-06-30": "1112.19700", "2016-03-31": "1100.57700", "2015-12-31": "1091.16700", "2015-09-30": "1094.52000", "2015-06-30": "1150.60400", "2015-03-31": "1157.82900", "2014-12-31": "1124.01800", "2014-09-30": "1109.02900", "2014-06-30": "1109.81500", "2014-03-31": "1119.27400", "2013-12-31": "1123.96400", "2013-09-30": "1103.52800", "2013-06-30": "1142.86900", "2013-03-31": "1147.08100", "2012-12-31": "1142.36100", "2012-09-30": "1136.39600", "2012-06-30": "1134.23800", "2012-03-31": "222.34500", "2011-12-31": "1096.88800", "2011-09-30": "1075.46700", "2011-06-30": "1082.32300", "2011-03-31": "1086.62600", "2010-12-31": "1074.42800", "2010-09-30": "1045.71800", "2010-06-30": "1038.19600", "2010-03-31": "1036.89400", "2009-12-31": "1022.55700", "2009-09-30": "1022.42000", "2009-06-30": "1019.28800", "2009-03-31": "1016.05500", "2008-12-31": "992.31500", "2008-09-30": "983.68490", "2008-06-30": "946.01700", "2008-03-31": "935.65500", "2007-12-31": "900.96000", "2007-09-30": "880.74900", "2007-06-30": "874.63600", "2007-03-31": "814.63900", "2006-12-31": "798.09600", "2006-09-30": "797.41300", "2006-06-30": "798.40200", "2006-03-31": "799.05500", "2005-12-31": "817.12700", "2005-09-30": "727.04600", "2005-06-30": "693.38000", "2005-03-31": "701.91100"}, "Pre-Paid Expenses": {"2020-09-30": "232.79600", "2020-06-30": "243.02100", "2020-03-31": "268.20100", "2019-12-31": "283.64500", "2019-09-30": "258.69500", "2019-06-30": "267.30300", "2019-03-31": "205.32200", "2018-12-31": "234.32600", "2018-09-30": "248.10700", "2018-06-30": "249.64500", "2018-03-31": "231.94600", "2017-12-31": "156.33300", "2017-09-30": "366.32400", "2017-06-30": "252.79100", "2017-03-31": "208.36300", "2016-12-31": "193.44800", "2016-09-30": "285.79200", "2016-06-30": "292.83500", "2016-03-31": "541.62400", "2015-12-31": "344.87200", "2015-09-30": "400.11300", "2015-06-30": "446.87700", "2015-03-31": "304.10800", "2014-12-31": "343.22300", "2014-09-30": "281.79600", "2014-06-30": "600.75500", "2014-03-31": "424.75100", "2013-12-31": "410.48900", "2013-09-30": "247.58500", "2013-06-30": "263.28700", "2013-03-31": "225.38500", "2012-12-31": "242.92200", "2012-09-30": "371.68600", "2012-06-30": "367.73600", "2012-03-31": "452.04200", "2011-12-31": "291.74200", "2011-09-30": "284.41600", "2011-06-30": "541.86900", "2011-03-31": "618.99000", "2010-12-31": "547.84300", "2010-09-30": "500.29000", "2010-06-30": "467.80200", "2010-03-31": "733.66900", "2009-12-31": "386.04000", "2009-09-30": "258.23500", "2009-06-30": "351.89000", "2009-03-31": "362.48000", "2008-12-31": "247.18400", "2008-09-30": "246.18500", "2008-06-30": "268.50500", "2008-03-31": "271.86100", "2007-12-31": "129.16200", "2007-09-30": "106.44900", "2007-06-30": "172.73300", "2007-03-31": "131.37700", "2006-12-31": "171.75900", "2006-09-30": "89.29100", "2006-06-30": "133.38900", "2006-03-31": "93.24600", "2005-12-31": "325.79500", "2005-09-30": "153.13600", "2005-06-30": "117.86200", "2005-03-31": "207.10000"}, "Other Current Assets": {"2020-09-30": "6.79800", "2020-06-30": "", "2020-03-31": "", "2019-12-31": "", "2019-09-30": "", "2019-06-30": "8.68500", "2019-03-31": "19.20900", "2018-12-31": "27.25100", "2018-09-30": "61.30900", "2018-06-30": "114.29300", "2018-03-31": "83.44500", "2017-12-31": "95.74600", "2017-09-30": "185.06600", "2017-06-30": "194.24500", "2017-03-31": "117.97100", "2016-12-31": "108.46500", "2016-09-30": "41.68600", "2016-06-30": "31.89500", "2016-03-31": "28.29600", "2015-12-31": "", "2015-09-30": "54.43100", "2015-06-30": "98.19600", "2015-03-31": "127.74200", "2014-12-31": "155.14000", "2014-09-30": "205.55300", "2014-06-30": "311.01800", "2014-03-31": "241.37200", "2013-12-31": "116.37900", "2013-09-30": "125.59400", "2013-06-30": "173.06100", "2013-03-31": "100.63800", "2012-12-31": "167.24300", "2012-09-30": "110.45200", "2012-06-30": "103.09600", "2012-03-31": "1003.35700", "2011-12-31": "246.57600", "2011-09-30": "277.47100", "2011-06-30": "177.79500", "2011-03-31": "104.31000", "2010-12-31": "116.81900", "2010-09-30": "92.04700", "2010-06-30": "42.57900", "2010-03-31": "94.67800", "2009-12-31": "196.79800", "2009-09-30": "226.19600", "2009-06-30": "359.02200", "2009-03-31": "413.52700", "2008-12-31": "561.09200", "2008-09-30": "450.97200", "2008-06-30": "839.33800", "2008-03-31": "408.70200", "2007-12-31": "268.00000", "2007-09-30": "143.40800", "2007-06-30": "215.80000", "2007-03-31": "", "2006-12-31": "", "2006-09-30": "73.72200", "2006-06-30": "246.96900", "2006-03-31": "268.27000", "2005-12-31": "543.92700", "2005-09-30": "553.52100", "2005-06-30": "223.98000", "2005-03-31": "21.33100"}, "Total Current Assets": {"2020-09-30": "4062.80500", "2020-06-30": "3546.99600", "2020-03-31": "3973.95100", "2019-12-31": "3045.99200", "2019-09-30": "3661.67200", "2019-06-30": "3283.50800", "2019-03-31": "3407.77600", "2018-12-31": "2958.06400", "2018-09-30": "3694.54600", "2018-06-30": "3534.45000", "2018-03-31": "3655.73400", "2017-12-31": "3285.33100", "2017-09-30": "3471.23100", "2017-06-30": "3599.34400", "2017-03-31": "3397.49100", "2016-12-31": "3684.26800", "2016-09-30": "4340.03500", "2016-06-30": "3851.92800", "2016-03-31": "4001.19500", "2015-12-31": "4067.41200", "2015-09-30": "4117.34600", "2015-06-30": "4085.05000", "2015-03-31": "4139.98500", "2014-12-31": "4389.63300", "2014-09-30": "4264.53900", "2014-06-30": "4245.13300", "2014-03-31": "4193.31600", "2013-12-31": "3929.69100", "2013-09-30": "3489.59000", "2013-06-30": "3591.72200", "2013-03-31": "3322.87300", "2012-12-31": "3683.12600", "2012-09-30": "3807.75000", "2012-06-30": "3203.50000", "2012-03-31": "3476.33700", "2011-12-31": "3622.70300", "2011-09-30": "4154.49800", "2011-06-30": "3863.14200", "2011-03-31": "3777.58600", "2010-12-31": "4339.08300", "2010-09-30": "5047.46300", "2010-06-30": "4362.52200", "2010-03-31": "4732.62000", "2009-12-31": "4534.16100", "2009-09-30": "3966.80300", "2009-06-30": "4430.06600", "2009-03-31": "4865.36600", "2008-12-31": "5160.38900", "2008-09-30": "5886.96400", "2008-06-30": "4737.99500", "2008-03-31": "3946.24600", "2007-12-31": "3958.24700", "2007-09-30": "4238.06500", "2007-06-30": "4036.83800", "2007-03-31": "3296.10800", "2006-12-31": "3325.43400", "2006-09-30": "3186.33400", "2006-06-30": "3301.97400", "2006-03-31": "3284.10400", "2005-12-31": "4062.68200", "2005-09-30": "4075.15800", "2005-06-30": "3178.91400", "2005-03-31": "3157.26600"}, "Property, Plant, And Equipment": {"2020-09-30": "38001.00000", "2020-06-30": "36307.14000", "2020-03-31": "35781.12000", "2019-12-31": "35182.69000", "2019-09-30": "34120.73000", "2019-06-30": "33544.73000", "2019-03-31": "32652.22000", "2018-12-31": "31974.45000", "2018-09-30": "31092.74000", "2018-06-30": "30512.11000", "2018-03-31": "30102.67000", "2017-12-31": "29664.36000", "2017-09-30": "28960.77000", "2017-06-30": "28567.22000", "2017-03-31": "28173.35000", "2016-12-31": "27921.41000", "2016-09-30": "29329.13000", "2016-06-30": "29069.68000", "2016-03-31": "28982.01000", "2015-12-31": "27824.36000", "2015-09-30": "27986.55000", "2015-06-30": "28857.90000", "2015-03-31": "28808.03000", "2014-12-31": "28722.95000", "2014-09-30": "28289.14000", "2014-06-30": "28109.24000", "2014-03-31": "28008.66000", "2013-12-31": "27881.64000", "2013-09-30": "27567.44000", "2013-06-30": "27572.08000", "2013-03-31": "27309.44000", "2012-12-31": "27298.54000", "2012-09-30": "26431.53000", "2012-06-30": "25995.75000", "2012-03-31": "25586.80000", "2011-12-31": "25609.28000", "2011-09-30": "24799.03000", "2011-06-30": "24638.85000", "2011-03-31": "24195.69000", "2010-12-31": "23848.36000", "2010-09-30": "23570.46000", "2010-06-30": "23491.67000", "2010-03-31": "23538.99000", "2009-12-31": "23389.40000", "2009-09-30": "22966.27000", "2009-06-30": "22819.17000", "2009-03-31": "22619.68000", "2008-12-31": "22429.11000", "2008-09-30": "22052.15000", "2008-06-30": "21294.29000", "2008-03-31": "21191.49000", "2007-12-31": "20974.27000", "2007-09-30": "20576.71000", "2007-06-30": "20834.50000", "2007-03-31": "19538.31000", "2006-12-31": "19438.08000", "2006-09-30": "19355.47000", "2006-06-30": "19307.99000", "2006-03-31": "19310.23000", "2005-12-31": "19197.04000", "2005-09-30": "18906.69000", "2005-06-30": "18979.38000", "2005-03-31": "18778.14000"}, "Long-Term Investments": {"2020-09-30": "", "2020-06-30": "", "2020-03-31": "", "2019-12-31": "", "2019-09-30": "", "2019-06-30": "", "2019-03-31": "310.21500", "2018-12-31": "", "2018-09-30": "0.19800", "2018-06-30": "0.19800", "2018-03-31": "0.19800", "2017-12-31": "0.19800", "2017-09-30": "0.19800", "2017-06-30": "0.19800", "2017-03-31": "0.19800", "2016-12-31": "0.19800", "2016-09-30": "0.71700", "2016-06-30": "4.84500", "2016-03-31": "4.65300", "2015-12-31": "4.34100", "2015-09-30": "36.68400", "2015-06-30": "34.63400", "2015-03-31": "34.86400", "2014-12-31": "36.23400", "2014-09-30": "39.75600", "2014-06-30": "38.33300", "2014-03-31": "39.37000", "2013-12-31": "40.35000", "2013-09-30": "44.41800", "2013-06-30": "41.49100", "2013-03-31": "45.97700", "2012-12-31": "46.73800", "2012-09-30": "47.75800", "2012-06-30": "45.31900", "2012-03-31": "45.76900", "2011-12-31": "44.87600", "2011-09-30": "43.93400", "2011-06-30": "44.17200", "2011-03-31": "40.17100", "2010-12-31": "40.69700", "2010-09-30": "38.05800", "2010-06-30": "38.23900", "2010-03-31": "39.65100", "2009-12-31": "39.58000", "2009-09-30": "68.63400", "2009-06-30": "67.77500", "2009-03-31": "63.62400", "2008-12-31": "66.24700", "2008-09-30": "78.11600", "2008-06-30": "76.95900", "2008-03-31": "76.24700", "2007-12-31": "78.99200", "2007-09-30": "79.26200", "2007-06-30": "79.06300", "2007-03-31": "233.52000", "2006-12-31": "229.08900", "2006-09-30": "323.00700", "2006-06-30": "307.81700", "2006-03-31": "295.87200", "2005-12-31": "296.78400", "2005-09-30": "337.87400", "2005-06-30": "168.04000", "2005-03-31": "192.33300"}, "Goodwill And Intangible Assets": {"2020-09-30": "377.17200", "2020-06-30": "377.17200", "2020-03-31": "377.17200", "2019-12-31": "377.17200", "2019-09-30": "377.17200", "2019-06-30": "377.17200", "2019-03-31": "377.17200", "2018-12-31": "377.17200", "2018-09-30": "377.17200", "2018-06-30": "377.17200", "2018-03-31": "377.17200", "2017-12-31": "377.17200", "2017-09-30": "377.17200", "2017-06-30": "377.17200", "2017-03-31": "377.17200", "2016-12-31": "377.17200", "2016-09-30": "377.17200", "2016-06-30": "377.17200", "2016-03-31": "377.17200", "2015-12-31": "377.17200", "2015-09-30": "377.17200", "2015-06-30": "377.17200", "2015-03-31": "377.17200", "2014-12-31": "377.17200", "2014-09-30": "377.17200", "2014-06-30": "377.17200", "2014-03-31": "377.17200", "2013-12-31": "377.17200", "2013-09-30": "377.17200", "2013-06-30": "377.17200", "2013-03-31": "377.17200", "2012-12-31": "377.17200", "2012-09-30": "377.17200", "2012-06-30": "377.17200", "2012-03-31": "377.17200", "2011-12-31": "377.17200", "2011-09-30": "377.17200", "2011-06-30": "377.17200", "2011-03-31": "377.17200", "2010-12-31": "377.17200", "2010-09-30": "377.17200", "2010-06-30": "377.17200", "2010-03-31": "377.17200", "2009-12-31": "377.17200", "2009-09-30": "377.17200", "2009-06-30": "377.17200", "2009-03-31": "377.17200", "2008-12-31": "377.17200", "2008-09-30": "377.17200", "2008-06-30": "377.17200", "2008-03-31": "377.17200", "2007-12-31": "377.17200", "2007-09-30": "377.17200", "2007-06-30": "377.17200", "2007-03-31": "377.17200", "2006-12-31": "377.17200", "2006-09-30": "377.17200", "2006-06-30": "377.17200", "2006-03-31": "377.17200", "2005-12-31": "377.17200", "2005-09-30": "377.17200", "2005-06-30": "377.17200", "2005-03-31": "377.17200"}, "Other Long-Term Assets": {"2020-09-30": "1103.19600", "2020-06-30": "1112.94000", "2020-03-31": "1135.01600", "2019-12-31": "1117.61700", "2019-09-30": "5614.20100", "2019-06-30": "1101.06000", "2019-03-31": "330.74500", "2018-12-31": "741.64700", "2018-09-30": "872.86600", "2018-06-30": "461.21400", "2018-03-31": "484.36400", "2017-12-31": "814.90400", "2017-09-30": "829.18300", "2017-06-30": "842.84500", "2017-03-31": "862.68700", "2016-12-31": "2309.31400", "2016-09-30": "2339.91500", "2016-06-30": "1283.35300", "2016-03-31": "1332.19700", "2015-12-31": "1250.31300", "2015-09-30": "1430.45900", "2015-06-30": "1576.30000", "2015-03-31": "1591.11200", "2014-12-31": "1426.46800", "2014-09-30": "1513.68800", "2014-06-30": "1284.37400", "2014-03-31": "1328.03600", "2013-12-31": "1297.15100", "2013-09-30": "1368.53100", "2013-06-30": "1408.58200", "2013-03-31": "1432.18600", "2012-12-31": "1628.92100", "2012-09-30": "1634.75600", "2012-06-30": "1325.70300", "2012-03-31": "1387.87900", "2011-12-31": "1632.55000", "2011-09-30": "1552.17600", "2011-06-30": "1600.36200", "2011-03-31": "1620.57300", "2010-12-31": "1573.56600", "2010-09-30": "1685.38700", "2010-06-30": "1406.49900", "2010-03-31": "1480.22700", "2009-12-31": "1374.24300", "2009-09-30": "1359.34800", "2009-06-30": "1435.56800", "2009-03-31": "1488.89900", "2008-12-31": "1386.70800", "2008-09-30": "1458.01000", "2008-06-30": "1335.67200", "2008-03-31": "1248.73600", "2007-12-31": "1211.42100", "2007-09-30": "1218.68200", "2007-06-30": "1247.97200", "2007-03-31": "1212.45000", "2006-12-31": "1158.50300", "2006-09-30": "1222.11200", "2006-06-30": "1314.49800", "2006-03-31": "1373.43400", "2005-12-31": "1302.20300", "2005-09-30": "1211.01300", "2005-06-30": "1185.32500", "2005-03-31": "1231.06500"}, "Total Long-Term Assets": {"2020-09-30": "52007.45000", "2020-06-30": "49818.30000", "2020-03-31": "48581.08000", "2019-12-31": "48677.92000", "2019-09-30": "46844.59000", "2019-06-30": "47282.23000", "2019-03-31": "46197.61000", "2018-12-31": "45317.00000", "2018-09-30": "44776.63000", "2018-06-30": "44088.20000", "2018-03-31": "43625.79000", "2017-12-31": "43421.82000", "2017-09-30": "42927.21000", "2017-06-30": "42407.69000", "2017-03-31": "41920.71000", "2016-12-31": "42220.16000", "2016-09-30": "43398.14000", "2016-06-30": "42025.12000", "2016-03-31": "41932.68000", "2015-12-31": "40580.27000", "2015-09-30": "40924.26000", "2015-06-30": "42180.60000", "2015-03-31": "42237.55000", "2014-12-31": "42024.82000", "2014-09-30": "40277.11000", "2014-06-30": "39905.61000", "2014-03-31": "39683.45000", "2013-12-31": "39476.76000", "2013-09-30": "39834.54000", "2013-06-30": "39670.56000", "2013-03-31": "39470.10000", "2012-12-31": "39519.38000", "2012-09-30": "38215.93000", "2012-06-30": "37714.11000", "2012-03-31": "37453.89000", "2011-12-31": "37078.99000", "2011-09-30": "35007.00000", "2011-06-30": "35266.62000", "2011-03-31": "34820.98000", "2010-12-31": "34346.20000", "2010-09-30": "33620.74000", "2010-06-30": "33389.55000", "2010-03-31": "33376.78000", "2009-12-31": "33027.79000", "2009-09-30": "32203.53000", "2009-06-30": "32055.15000", "2009-03-31": "31747.22000", "2008-12-31": "31456.43000", "2008-09-30": "30571.00000", "2008-06-30": "29955.35000", "2008-03-31": "29818.52000", "2007-12-31": "29684.76000", "2007-09-30": "29520.45000", "2007-06-30": "29377.89000", "2007-03-31": "27850.73000", "2006-12-31": "27757.30000", "2006-09-30": "27371.32000", "2006-06-30": "27261.70000", "2006-03-31": "27231.94000", "2005-12-31": "26794.97000", "2005-09-30": "25891.58000", "2005-06-30": "25402.24000", "2005-03-31": "25269.63000"}, "Total Assets": {"2020-09-30": "56070.25000", "2020-06-30": "53365.30000", "2020-03-31": "52555.03000", "2019-12-31": "51723.91000", "2019-09-30": "50506.27000", "2019-06-30": "50565.75000", "2019-03-31": "49605.38000", "2018-12-31": "48275.07000", "2018-09-30": "48471.17000", "2018-06-30": "47622.65000", "2018-03-31": "47281.52000", "2017-12-31": "46707.15000", "2017-09-30": "46398.44000", "2017-06-30": "46007.04000", "2017-03-31": "45318.21000", "2016-12-31": "45904.43000", "2016-09-30": "47738.18000", "2016-06-30": "45877.04000", "2016-03-31": "45933.88000", "2015-12-31": "44647.68000", "2015-09-30": "45041.61000", "2015-06-30": "46265.65000", "2015-03-31": "46377.53000", "2014-12-31": "46414.45000", "2014-09-30": "44541.65000", "2014-06-30": "44150.75000", "2014-03-31": "43876.77000", "2013-12-31": "43406.45000", "2013-09-30": "43324.13000", "2013-06-30": "43262.29000", "2013-03-31": "42792.97000", "2012-12-31": "43202.50000", "2012-09-30": "42023.68000", "2012-06-30": "40917.61000", "2012-03-31": "40930.22000", "2011-12-31": "40701.70000", "2011-09-30": "39161.50000", "2011-06-30": "39129.76000", "2011-03-31": "38598.57000", "2010-12-31": "38685.28000", "2010-09-30": "38668.21000", "2010-06-30": "37752.07000", "2010-03-31": "38109.40000", "2009-12-31": "37561.95000", "2009-09-30": "36170.34000", "2009-06-30": "36485.22000", "2009-03-31": "36612.59000", "2008-12-31": "36616.82000", "2008-09-30": "36457.96000", "2008-06-30": "34693.34000", "2008-03-31": "33764.77000", "2007-12-31": "33643.00000", "2007-09-30": "33758.52000", "2007-06-30": "33414.73000", "2007-03-31": "31146.84000", "2006-12-31": "31082.73000", "2006-09-30": "30557.65000", "2006-06-30": "30563.67000", "2006-03-31": "30516.05000", "2005-12-31": "30857.66000", "2005-09-30": "29966.74000", "2005-06-30": "28581.15000", "2005-03-31": "28426.90000"}, "Total Current Liabilities": {"2020-09-30": "6875.52600", "2020-06-30": "6115.90100", "2020-03-31": "6017.93900", "2019-12-31": "5620.46300", "2019-09-30": "5103.04600", "2019-06-30": "4522.60800", "2019-03-31": "4861.08300", "2018-12-31": "5443.54400", "2018-09-30": "5750.56300", "2018-06-30": "6232.07300", "2018-03-31": "5232.67200", "2017-12-31": "5036.20700", "2017-09-30": "4460.87100", "2017-06-30": "4240.53000", "2017-03-31": "3879.04300", "2016-12-31": "3200.09600", "2016-09-30": "3451.74700", "2016-06-30": "4021.84300", "2016-03-31": "3839.34800", "2015-12-31": "3089.95800", "2015-09-30": "3453.82600", "2015-06-30": "3998.37100", "2015-03-31": "3765.42500", "2014-12-31": "3848.89100", "2014-09-30": "4453.56700", "2014-06-30": "4128.06900", "2014-03-31": "3917.46100", "2013-12-31": "4060.57200", "2013-09-30": "3439.02800", "2013-06-30": "3983.95400", "2013-03-31": "3896.42000", "2012-12-31": "4106.32100", "2012-09-30": "3924.26800", "2012-06-30": "3041.94300", "2012-03-31": "2910.65400", "2011-12-31": "4950.69900", "2011-09-30": "4161.34300", "2011-06-30": "2242.40400", "2011-03-31": "2310.74400", "2010-12-31": "2776.24900", "2010-09-30": "2914.18600", "2010-06-30": "2806.50400", "2010-03-31": "3059.78100", "2009-12-31": "3193.99700", "2009-09-30": "3374.19400", "2009-06-30": "3501.21900", "2009-03-31": "3254.11700", "2008-12-31": "3765.89400", "2008-09-30": "3319.35700", "2008-06-30": "3452.23000", "2008-03-31": "3206.24300", "2007-12-31": "3256.75400", "2007-09-30": "2723.50800", "2007-06-30": "2490.05300", "2007-03-31": "2088.45300", "2006-12-31": "2465.13000", "2006-09-30": "2136.94400", "2006-06-30": "2233.40400", "2006-03-31": "2262.35400", "2005-12-31": "3112.36600", "2005-09-30": "3215.54100", "2005-06-30": "2246.38400", "2005-03-31": "2269.49900"}, "Long Term Debt": {"2020-09-30": "19612.66000", "2020-06-30": "18278.36000", "2020-03-31": "18228.53000", "2019-12-31": "17078.64000", "2019-09-30": "16938.01000", "2019-06-30": "17204.29000", "2019-03-31": "17167.89000", "2018-12-31": "15518.30000", "2018-09-30": "15801.71000", "2018-06-30": "14878.95000", "2018-03-31": "15613.26000", "2017-12-31": "14337.27000", "2017-09-30": "14000.31000", "2017-06-30": "14330.94000", "2017-03-31": "13950.78000", "2016-12-31": "14492.24000", "2016-09-30": "13886.66000", "2016-06-30": "13137.64000", "2016-03-31": "13526.43000", "2015-12-31": "13138.56000", "2015-09-30": "13080.24000", "2015-06-30": "12120.42000", "2015-03-31": "12336.59000", "2014-12-31": "12416.42000", "2014-09-30": "11665.02000", "2014-06-30": "11967.09000", "2014-03-31": "12230.25000", "2013-12-31": "12171.37000", "2013-09-30": "12308.31000", "2013-06-30": "12128.15000", "2013-03-31": "11763.11000", "2012-12-31": "11954.86000", "2012-09-30": "11783.68000", "2012-06-30": "12005.45000", "2012-03-31": "12158.58000", "2011-12-31": "10082.13000", "2011-09-30": "10281.33000", "2011-06-30": "12097.54000", "2011-03-31": "11622.50000", "2010-12-31": "11359.24000", "2010-09-30": "11487.39000", "2010-06-30": "11056.32000", "2010-03-31": "11173.35000", "2009-12-31": "11059.97000", "2009-09-30": "10346.27000", "2009-06-30": "10484.87000", "2009-03-31": "11215.69000", "2008-12-31": "11517.38000", "2008-09-30": "12261.42000", "2008-06-30": "11043.29000", "2008-03-31": "10203.36000", "2007-12-31": "9948.57300", "2007-09-30": "10323.77000", "2007-06-30": "10477.68000", "2007-03-31": "9415.44600", "2006-12-31": "8986.12000", "2006-09-30": "8797.94900", "2006-06-30": "9145.06000", "2006-03-31": "9074.60400", "2005-12-31": "8999.49800", "2005-09-30": "8576.06300", "2005-06-30": "8014.02700", "2005-03-31": "7620.07500"}, "Other Non-Current Liabilities": {"2020-09-30": "11151.30000", "2020-06-30": "10922.27000", "2020-03-31": "10551.43000", "2019-12-31": "11140.15000", "2019-09-30": "10928.54000", "2019-06-30": "11665.51000", "2019-03-31": "11315.92000", "2018-12-31": "11313.17000", "2018-09-30": "11088.16000", "2018-06-30": "10902.31000", "2018-03-31": "10771.94000", "2017-12-31": "11546.56000", "2017-09-30": "8591.57000", "2017-06-30": "8532.98800", "2017-03-31": "8489.08600", "2016-12-31": "9168.66000", "2016-09-30": "8472.92100", "2016-06-30": "7211.39700", "2016-03-31": "7091.56900", "2015-12-31": "7115.66800", "2015-09-30": "6865.24700", "2015-06-30": "6722.45900", "2015-03-31": "6841.58300", "2014-12-31": "6817.68200", "2014-09-30": "6604.97600", "2014-06-30": "6236.23800", "2014-03-31": "6054.19200", "2013-12-31": "5928.17700", "2013-09-30": "5571.46600", "2013-06-30": "5233.43200", "2013-03-31": "5262.89000", "2012-12-31": "5352.38400", "2012-09-30": "5343.35800", "2012-06-30": "5219.38600", "2012-03-31": "5094.00700", "2011-12-31": "4912.22900", "2011-09-30": "4859.18000", "2011-06-30": "4786.80600", "2011-03-31": "4787.31100", "2010-12-31": "4701.31400", "2010-09-30": "4670.32600", "2010-06-30": "4323.30900", "2010-03-31": "4295.49800", "2009-12-31": "4171.05000", "2009-09-30": "4062.09600", "2009-06-30": "4008.93600", "2009-03-31": "3926.33100", "2008-12-31": "3986.58800", "2008-09-30": "4355.94200", "2008-06-30": "4623.19000", "2008-03-31": "4286.04600", "2007-12-31": "4179.29800", "2007-09-30": "4284.10500", "2007-06-30": "4300.15300", "2007-03-31": "3515.04200", "2006-12-31": "3488.49800", "2006-09-30": "4387.77000", "2006-06-30": "4626.65800", "2006-03-31": "4685.13400", "2005-12-31": "3759.32500", "2005-09-30": "4482.68700", "2005-06-30": "4473.30400", "2005-03-31": "4678.80300"}, "Total Long Term Liabilities": {"2020-09-30": "38168.48000", "2020-06-30": "36788.41000", "2020-03-31": "36058.74000", "2019-12-31": "35625.36000", "2019-09-30": "35113.75000", "2019-06-30": "36026.20000", "2019-03-31": "35554.50000", "2018-12-31": "33767.81000", "2018-09-30": "34110.13000", "2018-06-30": "33170.34000", "2018-03-31": "33876.11000", "2017-12-31": "33480.63000", "2017-09-30": "33247.34000", "2017-06-30": "33192.46000", "2017-03-31": "33178.79000", "2016-12-31": "34419.34000", "2016-09-30": "33984.19000", "2016-06-30": "31779.23000", "2016-03-31": "32415.40000", "2015-12-31": "31982.75000", "2015-09-30": "32430.66000", "2015-06-30": "32015.08000", "2015-03-31": "32384.13000", "2014-12-31": "32463.84000", "2014-09-30": "29845.05000", "2014-06-30": "29866.21000", "2014-03-31": "29916.88000", "2013-12-31": "29619.41000", "2013-09-30": "30382.65000", "2013-06-30": "29909.81000", "2013-03-31": "29589.48000", "2012-12-31": "29805.09000", "2012-09-30": "28814.89000", "2012-06-30": "28751.67000", "2012-03-31": "29011.31000", "2011-12-31": "26695.73000", "2011-09-30": "25940.79000", "2011-06-30": "28195.79000", "2011-03-31": "27658.68000", "2010-12-31": "27318.63000", "2010-09-30": "26928.27000", "2010-06-30": "26080.83000", "2010-03-31": "26095.54000", "2009-12-31": "25660.60000", "2009-09-30": "24218.79000", "2009-06-30": "24123.53000", "2009-03-31": "24634.06000", "2008-12-31": "24790.33000", "2008-09-30": "25161.68000", "2008-06-30": "23918.31000", "2008-03-31": "22885.38000", "2007-12-31": "22523.58000", "2007-09-30": "23065.10000", "2007-06-30": "23137.17000", "2007-03-31": "21219.33000", "2006-12-31": "20419.71000", "2006-09-30": "19862.45000", "2006-06-30": "20121.19000", "2006-03-31": "20215.47000", "2005-12-31": "19997.02000", "2005-09-30": "18892.60000", "2005-06-30": "18384.66000", "2005-03-31": "18142.71000"}, "Total Liabilities": {"2020-09-30": "45044.00000", "2020-06-30": "42904.31000", "2020-03-31": "42076.68000", "2019-12-31": "41245.83000", "2019-09-30": "40216.80000", "2019-06-30": "40548.82000", "2019-03-31": "40415.59000", "2018-12-31": "39211.36000", "2018-09-30": "39860.69000", "2018-06-30": "39402.42000", "2018-03-31": "39108.78000", "2017-12-31": "38516.83000", "2017-09-30": "37708.20000", "2017-06-30": "37432.99000", "2017-03-31": "37057.84000", "2016-12-31": "37619.44000", "2016-09-30": "37435.93000", "2016-06-30": "35801.07000", "2016-03-31": "36254.75000", "2015-12-31": "35072.71000", "2015-09-30": "35884.48000", "2015-06-30": "36013.45000", "2015-03-31": "36149.55000", "2014-12-31": "36312.73000", "2014-09-30": "34298.61000", "2014-06-30": "33994.28000", "2014-03-31": "33834.34000", "2013-12-31": "33679.98000", "2013-09-30": "33821.68000", "2013-06-30": "33893.77000", "2013-03-31": "33485.89000", "2012-12-31": "33911.41000", "2012-09-30": "32739.16000", "2012-06-30": "31793.61000", "2012-03-31": "31921.96000", "2011-12-31": "31646.43000", "2011-09-30": "30102.14000", "2011-06-30": "30438.20000", "2011-03-31": "29969.43000", "2010-12-31": "30094.88000", "2010-09-30": "29842.46000", "2010-06-30": "28887.34000", "2010-03-31": "29155.32000", "2009-12-31": "28854.59000", "2009-09-30": "27592.99000", "2009-06-30": "27624.75000", "2009-03-31": "27888.18000", "2008-12-31": "28556.23000", "2008-09-30": "28481.04000", "2008-06-30": "27370.54000", "2008-03-31": "26091.62000", "2007-12-31": "25780.33000", "2007-09-30": "25788.60000", "2007-06-30": "25627.22000", "2007-03-31": "23307.79000", "2006-12-31": "22884.84000", "2006-09-30": "21999.39000", "2006-06-30": "22354.60000", "2006-03-31": "22477.82000", "2005-12-31": "23109.39000", "2005-09-30": "22108.14000", "2005-06-30": "20631.04000", "2005-03-31": "20412.21000"}, "Common Stock Net": {"2020-09-30": "2.70000", "2020-06-30": "2.70000", "2020-03-31": "2.70000", "2019-12-31": "2.70000", "2019-09-30": "2.70000", "2019-06-30": "2.70000", "2019-03-31": "2.61600", "2018-12-31": "2.61600", "2018-09-30": "2.54800", "2018-06-30": "2.54800", "2018-03-31": "2.54800", "2017-12-31": "2.54800", "2017-09-30": "2.54800", "2017-06-30": "2.54800", "2017-03-31": "2.54800", "2016-12-31": "2.54800", "2016-09-30": "2.54800", "2016-06-30": "2.54800", "2016-03-31": "2.54800", "2015-12-31": "2.54800", "2015-09-30": "2.54800", "2015-06-30": "2.54800", "2015-03-31": "2.54800", "2014-12-31": "2.54800", "2014-09-30": "2.54800", "2014-06-30": "2.54800", "2014-03-31": "2.54800", "2013-12-31": "2.54800", "2013-09-30": "2.54800", "2013-06-30": "2.54800", "2013-03-31": "2.54800", "2012-12-31": "2.54800", "2012-09-30": "2.54800", "2012-06-30": "2.54800", "2012-03-31": "2.54800", "2011-12-31": "2.54800", "2011-09-30": "2.54800", "2011-06-30": "2.54800", "2011-03-31": "2.54800", "2010-12-31": "2.54800", "2010-09-30": "2.54800", "2010-06-30": "2.54800", "2010-03-31": "2.54800", "2009-12-31": "2.54800", "2009-09-30": "2.54800", "2009-06-30": "2.54800", "2009-03-31": "2.54800", "2008-12-31": "2.48200", "2008-09-30": "2.48200", "2008-06-30": "2.48200", "2008-03-31": "2.48200", "2007-12-31": "2.48200", "2007-09-30": "2.48200", "2007-06-30": "2.48200", "2007-03-31": "2.48200", "2006-12-31": "2.48200", "2006-09-30": "2.48200", "2006-06-30": "2.48200", "2006-03-31": "2.48200", "2005-12-31": "2.48200", "2005-09-30": "2.48200", "2005-06-30": "2.48200", "2005-03-31": "2.48200"}, "Retained Earnings (Accumulated Deficit)": {"2020-09-30": "9699.43500", "2020-06-30": "9364.52300", "2020-03-31": "9190.14100", "2019-12-31": "9257.60900", "2019-09-30": "9057.74900", "2019-06-30": "8873.46500", "2019-03-31": "8809.90200", "2018-12-31": "8721.15000", "2018-09-30": "8953.61100", "2018-06-30": "8578.27600", "2018-03-31": "8493.79000", "2017-12-31": "7977.70200", "2017-09-30": "8617.90100", "2017-06-30": "8375.89000", "2017-03-31": "8122.10300", "2016-12-31": "8195.57100", "2016-09-30": "10123.09000", "2016-06-30": "9887.35000", "2016-03-31": "9472.04000", "2015-12-31": "9393.91300", "2015-09-30": "9445.96900", "2015-06-30": "10318.29000", "2015-03-31": "10318.45000", "2014-12-31": "10169.66000", "2014-09-30": "10199.34000", "2014-06-30": "10118.38000", "2014-03-31": "10077.95000", "2013-12-31": "9825.05300", "2013-09-30": "9825.65300", "2013-06-30": "9733.99000", "2013-03-31": "9718.17100", "2012-12-31": "9704.59100", "2012-09-30": "9555.85900", "2012-06-30": "9366.22100", "2012-03-31": "9148.26200", "2011-12-31": "9446.96000", "2011-09-30": "9439.00000", "2011-06-30": "8957.51600", "2011-03-31": "8789.53400", "2010-12-31": "8689.40100", "2010-09-30": "8611.08100", "2010-06-30": "8273.15300", "2010-03-31": "8115.01000", "2009-12-31": "8043.12200", "2009-09-30": "7871.05100", "2009-06-30": "7562.58700", "2009-03-31": "7482.32900", "2008-12-31": "7382.71900", "2008-09-30": "7354.14700", "2008-06-30": "7027.63000", "2008-03-31": "6900.34500", "2007-12-31": "6735.96500", "2007-09-30": "6687.95500", "2007-06-30": "6372.68700", "2007-03-31": "6211.61700", "2006-12-31": "6113.04200", "2006-09-30": "5950.78600", "2006-06-30": "5676.09400", "2006-03-31": "5509.89700", "2005-12-31": "5433.93100", "2005-09-30": "5450.21800", "2005-06-30": "5212.98500", "2005-03-31": "5040.65500"}, "Comprehensive Income": {"2020-09-30": "-390.42000", "2020-06-30": "-388.60400", "2020-03-31": "-398.98700", "2019-12-31": "-446.92000", "2019-09-30": "-419.77200", "2019-06-30": "-430.40400", "2019-03-31": "-551.15200", "2018-12-31": "-557.17300", "2018-09-30": "-632.12600", "2018-06-30": "-613.64200", "2018-03-31": "-561.49800", "2017-12-31": "-23.53100", "2017-09-30": "111.67800", "2017-06-30": "52.77300", "2017-03-31": "10.96000", "2016-12-31": "-34.97100", "2016-09-30": "38.13600", "2016-06-30": "-9.15500", "2016-03-31": "29.79200", "2015-12-31": "8.95100", "2015-09-30": "-117.79800", "2015-06-30": "-46.81600", "2015-03-31": "-59.73700", "2014-12-31": "-42.30700", "2014-09-30": "20.38400", "2014-06-30": "31.06800", "2014-03-31": "-5.20200", "2013-12-31": "-29.32400", "2013-09-30": "-243.53000", "2013-06-30": "-274.30300", "2013-03-31": "-303.65800", "2012-12-31": "-293.08300", "2012-09-30": "-136.79300", "2012-06-30": "-75.59700", "2012-03-31": "33.66700", "2011-12-31": "-168.45200", "2011-09-30": "-138.33700", "2011-06-30": "-75.15600", "2011-03-31": "-67.17700", "2010-12-31": "-38.21200", "2010-09-30": "72.56600", "2010-06-30": "-31.06500", "2010-03-31": "85.39200", "2009-12-31": "-75.18500", "2009-09-30": "-17.56100", "2009-06-30": "-10.61400", "2009-03-31": "-58.46600", "2008-12-31": "-112.69800", "2008-09-30": "-111.33800", "2008-06-30": "-510.95800", "2008-03-31": "-207.14900", "2007-12-31": "8.32000", "2007-09-30": "8.19400", "2007-06-30": "-41.76900", "2007-03-31": "-54.56000", "2006-12-31": "-100.51200", "2006-09-30": "-101.80800", "2006-06-30": "-153.82500", "2006-03-31": "-149.00600", "2005-12-31": "-343.81900", "2005-09-30": "-265.87700", "2005-06-30": "-147.00700", "2005-03-31": "-116.79700"}, "Other Share Holders Equity": {"2020-09-30": "", "2020-06-30": "", "2020-03-31": "", "2019-12-31": "", "2019-09-30": "", "2019-06-30": "", "2019-03-31": "", "2018-12-31": "", "2018-09-30": "", "2018-06-30": "", "2018-03-31": "", "2017-12-31": "", "2017-09-30": "", "2017-06-30": "", "2017-03-31": "", "2016-12-31": "", "2016-09-30": "", "2016-06-30": "", "2016-03-31": "", "2015-12-31": "", "2015-09-30": "", "2015-06-30": "", "2015-03-31": "", "2014-12-31": "", "2014-09-30": "", "2014-06-30": "", "2014-03-31": "", "2013-12-31": "", "2013-09-30": "", "2013-06-30": "", "2013-03-31": "", "2012-12-31": "", "2012-09-30": "", "2012-06-30": "", "2012-03-31": "", "2011-12-31": "", "2011-09-30": "", "2011-06-30": "", "2011-03-31": "", "2010-12-31": "", "2010-09-30": "", "2010-06-30": "", "2010-03-31": "", "2009-12-31": "", "2009-09-30": "", "2009-06-30": "", "2009-03-31": "", "2008-12-31": "", "2008-09-30": "", "2008-06-30": "", "2008-03-31": "", "2007-12-31": "", "2007-09-30": "", "2007-06-30": "", "2007-03-31": "", "2006-12-31": "", "2006-09-30": "", "2006-06-30": "", "2006-03-31": "", "2005-12-31": "", "2005-09-30": "", "2005-06-30": "", "2005-03-31": ""}, "Share Holder Equity": {"2020-09-30": "11026.25000", "2020-06-30": "10460.99000", "2020-03-31": "10478.35000", "2019-12-31": "10478.08000", "2019-09-30": "10289.47000", "2019-06-30": "10016.93000", "2019-03-31": "9189.79400", "2018-12-31": "9063.70700", "2018-09-30": "8610.48300", "2018-06-30": "8220.23200", "2018-03-31": "8172.74200", "2017-12-31": "8190.31800", "2017-09-30": "8690.23700", "2017-06-30": "8574.04100", "2017-03-31": "8260.37400", "2016-12-31": "8284.99400", "2016-09-30": "10302.25000", "2016-06-30": "10075.97000", "2016-03-31": "9679.13200", "2015-12-31": "9574.97600", "2015-09-30": "9157.12500", "2015-06-30": "10252.20000", "2015-03-31": "10227.98000", "2014-12-31": "10101.72000", "2014-09-30": "10243.04000", "2014-06-30": "10156.47000", "2014-03-31": "10042.43000", "2013-12-31": "9726.46600", "2013-09-30": "9502.45100", "2013-06-30": "9368.51700", "2013-03-31": "9307.07600", "2012-12-31": "9291.08900", "2012-09-30": "9284.52200", "2012-06-30": "9123.99600", "2012-03-31": "9008.26000", "2011-12-31": "9055.27000", "2011-09-30": "9059.36200", "2011-06-30": "8691.56600", "2011-03-31": "8629.13800", "2010-12-31": "8590.40000", "2010-09-30": "8825.75200", "2010-06-30": "8864.73800", "2010-03-31": "8954.07900", "2009-12-31": "8707.36000", "2009-09-30": "8577.34700", "2009-06-30": "8860.47400", "2009-03-31": "8724.40600", "2008-12-31": "8060.59200", "2008-09-30": "7976.92300", "2008-06-30": "7322.80500", "2008-03-31": "7673.15000", "2007-12-31": "7862.67100", "2007-09-30": "7969.91300", "2007-06-30": "7787.50900", "2007-03-31": "7839.05600", "2006-12-31": "8197.88700", "2006-09-30": "8558.26000", "2006-06-30": "8209.07700", "2006-03-31": "8038.22100", "2005-12-31": "7748.27100", "2005-09-30": "7858.59800", "2005-06-30": "7950.11000", "2005-03-31": "8014.68700"}, "Total Liabilities And Share Holders Equity": {"2020-09-30": "56070.25000", "2020-06-30": "53365.30000", "2020-03-31": "52555.03000", "2019-12-31": "51723.91000", "2019-09-30": "50506.27000", "2019-06-30": "50565.75000", "2019-03-31": "49605.38000", "2018-12-31": "48275.07000", "2018-09-30": "48471.17000", "2018-06-30": "47622.65000", "2018-03-31": "47281.52000", "2017-12-31": "46707.15000", "2017-09-30": "46398.44000", "2017-06-30": "46007.04000", "2017-03-31": "45318.21000", "2016-12-31": "45904.43000", "2016-09-30": "47738.18000", "2016-06-30": "45877.04000", "2016-03-31": "45933.88000", "2015-12-31": "44647.68000", "2015-09-30": "45041.61000", "2015-06-30": "46265.65000", "2015-03-31": "46377.53000", "2014-12-31": "46414.45000", "2014-09-30": "44541.65000", "2014-06-30": "44150.75000", "2014-03-31": "43876.77000", "2013-12-31": "43406.45000", "2013-09-30": "43324.13000", "2013-06-30": "43262.29000", "2013-03-31": "42792.97000", "2012-12-31": "43202.50000", "2012-09-30": "42023.68000", "2012-06-30": "40917.61000", "2012-03-31": "40930.22000", "2011-12-31": "40701.70000", "2011-09-30": "39161.50000", "2011-06-30": "39129.76000", "2011-03-31": "38598.57000", "2010-12-31": "38685.28000", "2010-09-30": "38668.21000", "2010-06-30": "37752.07000", "2010-03-31": "38109.40000", "2009-12-31": "37561.95000", "2009-09-30": "36170.34000", "2009-06-30": "36485.22000", "2009-03-31": "36612.59000", "2008-12-31": "36616.82000", "2008-09-30": "36457.96000", "2008-06-30": "34693.34000", "2008-03-31": "33764.77000", "2007-12-31": "33643.00000", "2007-09-30": "33758.52000", "2007-06-30": "33414.73000", "2007-03-31": "31146.84000", "2006-12-31": "31082.73000", "2006-09-30": "30557.65000", "2006-06-30": "30563.67000", "2006-03-31": "30516.05000", "2005-12-31": "30857.66000", "2005-09-30": "29966.74000", "2005-06-30": "28581.15000", "2005-03-31": "28426.90000"}}, "cash flow statement": {"Net Income/Loss": {"2019-12-31": "1258.24400", "2018-12-31": "862.55500", "2017-12-31": "425.35300", "2016-12-31": "-564.50300", "2015-12-31": "-156.73400", "2014-12-31": "960.25700", "2013-12-31": "730.57200", "2012-12-31": "868.36300", "2011-12-31": "1367.37200", "2010-12-31": "1270.30500", "2009-12-31": "1251.05000", "2008-12-31": "1240.53500", "2007-12-31": "1159.95400", "2006-12-31": "1132.60200", "2005-12-31": "898.33100"}, "Total Depreciation And Amortization - Cash Flow": {"2019-12-31": "2182.31300", "2018-12-31": "2040.55500", "2017-12-31": "2078.57800", "2016-12-31": "2123.29100", "2015-12-31": "2117.23600", "2014-12-31": "2127.89200", "2013-12-31": "2012.07600", "2012-12-31": "1771.64900", "2011-12-31": "1745.45500", "2010-12-31": "1705.33100", "2009-12-31": "1458.86100", "2008-12-31": "1391.68900", "2007-12-31": "1131.61000", "2006-12-31": "1035.15300", "2005-12-31": "1001.85200"}, "Other Non-Cash Items": {"2019-12-31": "440.54200", "2018-12-31": "270.59700", "2017-12-31": "883.02500", "2016-12-31": "1999.38000", "2015-12-31": "1173.08500", "2014-12-31": "720.46200", "2013-12-31": "609.75700", "2012-12-31": "329.04500", "2011-12-31": "-280.02900", "2010-12-31": "718.98700", "2009-12-31": "852.65400", "2008-12-31": "346.41000", "2007-12-31": "453.15300", "2006-12-31": "696.57300", "2005-12-31": "396.26700"}, "Total Non-Cash Items": {"2019-12-31": "2622.85500", "2018-12-31": "2311.15200", "2017-12-31": "2961.60300", "2016-12-31": "4122.67100", "2015-12-31": "3290.32100", "2014-12-31": "2848.35400", "2013-12-31": "2621.83300", "2012-12-31": "2100.69400", "2011-12-31": "1465.42600", "2010-12-31": "2424.31800", "2009-12-31": "2311.51500", "2008-12-31": "1738.09900", "2007-12-31": "1584.76300", "2006-12-31": "1731.72600", "2005-12-31": "1398.11900"}, "Change In Accounts Receivable": {"2019-12-31": "-101.22700", "2018-12-31": "98.54600", "2017-12-31": "-97.63700", "2016-12-31": "-96.97500", "2015-12-31": "38.15200", "2014-12-31": "98.49300", "2013-12-31": "-180.64800", "2012-12-31": "-14.20200", "2011-12-31": "28.09100", "2010-12-31": "-99.64000", "2009-12-31": "116.44400", "2008-12-31": "78.65300", "2007-12-31": "-62.64600", "2006-12-31": "408.04200", "2005-12-31": "-367.35100"}, "Change In Inventories": {"2019-12-31": "-28.17300", "2018-12-31": "45.83900", "2017-12-31": "-3.04300", "2016-12-31": "38.21000", "2015-12-31": "-12.37600", "2014-12-31": "3.52400", "2013-12-31": "4.87300", "2012-12-31": "-11.60400", "2011-12-31": "5.39300", "2010-12-31": "-10.66500", "2009-12-31": "19.29100", "2008-12-31": "-7.56100", "2007-12-31": "-10.44500", "2006-12-31": "13.09700", "2005-12-31": "-83.12500"}, "Change In Accounts Payable": {"2019-12-31": "-71.89800", "2018-12-31": "97.31200", "2017-12-31": "101.80200", "2016-12-31": "174.42100", "2015-12-31": "-135.21100", "2014-12-31": "-12.99600", "2013-12-31": "94.43600", "2012-12-31": "-6.77900", "2011-12-31": "-131.97000", "2010-12-31": "216.63500", "2009-12-31": "-14.25100", "2008-12-31": "-23.22500", "2007-12-31": "-103.04800", "2006-12-31": "-83.88400", "2005-12-31": "303.19400"}, "Change In Assets/Liabilities": {"2019-12-31": "-204.17800", "2018-12-31": "-1109.07300", "2017-12-31": "-232.92600", "2016-12-31": "-217.15100", "2015-12-31": "62.16400", "2014-12-31": "677.85300", "2013-12-31": "-250.05900", "2012-12-31": "139.30800", "2011-12-31": "453.48700", "2010-12-31": "372.43100", "2009-12-31": "-314.44500", "2008-12-31": "346.15300", "2007-12-31": "126.15500", "2006-12-31": "526.34900", "2005-12-31": "-594.38790"}, "Total Change In Assets/Liabilities": {"2019-12-31": "-425.32300", "2018-12-31": "-822.88400", "2017-12-31": "-197.20900", "2016-12-31": "-137.79300", "2015-12-31": "23.25300", "2014-12-31": "728.90200", "2013-12-31": "-477.69100", "2012-12-31": "163.35900", "2011-12-31": "900.87100", "2010-12-31": "379.42400", "2009-12-31": "-448.01600", "2008-12-31": "515.50200", "2007-12-31": "-225.52300", "2006-12-31": "868.74400", "2005-12-31": "-759.84300"}, "Cash Flow From Operating Activities": {"2019-12-31": "2816.62700", "2018-12-31": "2385.24700", "2017-12-31": "2623.50000", "2016-12-31": "2998.69900", "2015-12-31": "3291.18400", "2014-12-31": "3889.56100", "2013-12-31": "3189.21900", "2012-12-31": "2940.28500", "2011-12-31": "3128.81700", "2010-12-31": "3926.08100", "2009-12-31": "2933.15800", "2008-12-31": "3324.32800", "2007-12-31": "2559.77000", "2006-12-31": "3447.83900", "2005-12-31": "1467.80800"}, "Net Change In Property, Plant, And Equipment": {"2019-12-31": "-4474.20700", "2018-12-31": "-3943.73100", "2017-12-31": "-3524.29400", "2016-12-31": "-3708.58300", "2015-12-31": "-1989.05500", "2014-12-31": "-2109.09100", "2013-12-31": "-2156.97100", "2012-12-31": "-3131.00600", "2011-12-31": "-2686.16400", "2010-12-31": "-1974.28600", "2009-12-31": "-1931.24500", "2008-12-31": "-2348.96400", "2007-12-31": "-1914.24100", "2006-12-31": "-1721.46700", "2005-12-31": "-1620.16100"}, "Net Change In Intangible Assets": {"2019-12-31": "", "2018-12-31": "", "2017-12-31": "", "2016-12-31": "", "2015-12-31": "", "2014-12-31": "", "2013-12-31": "", "2012-12-31": "", "2011-12-31": "", "2010-12-31": "", "2009-12-31": "", "2008-12-31": "", "2007-12-31": "", "2006-12-31": "", "2005-12-31": ""}, "Net Acquisitions/Divestitures": {"2019-12-31": "", "2018-12-31": "", "2017-12-31": "", "2016-12-31": "", "2015-12-31": "-70.79000", "2014-12-31": "", "2013-12-31": "", "2012-12-31": "", "2011-12-31": "6.53100", "2010-12-31": "228.17100", "2009-12-31": "-32.44600", "2008-12-31": "-41.27500", "2007-12-31": "13.06300", "2006-12-31": "77.15900", "2005-12-31": ""}, "Net Change In Short-term Investments": {"2019-12-31": "30.31900", "2018-12-31": "-54.50000", "2017-12-31": "1.07800", "2016-12-31": "", "2015-12-31": "0.57100", "2014-12-31": "46.98300", "2013-12-31": "", "2012-12-31": "", "2011-12-31": "-11.62300", "2010-12-31": "24.95600", "2009-12-31": "99.92000", "2008-12-31": "-66.22000", "2007-12-31": "22.44700", "2006-12-31": "-6.35300", "2005-12-31": "197.85500"}, "Net Change In Long-Term Investments": {"2019-12-31": "-71.02300", "2018-12-31": "-173.27390", "2017-12-31": "-379.25100", "2016-12-31": "-322.06810", "2015-12-31": "-498.75100", "2014-12-31": "-586.50420", "2013-12-31": "-646.63820", "2012-12-31": "-584.26290", "2011-12-31": "-669.91210", "2010-12-31": "-472.32370", "2009-12-31": "-277.58130", "2008-12-31": "-134.23510", "2007-12-31": "-322.10410", "2006-12-31": "-295.74010", "2005-12-31": "-570.30200"}, "Net Change In Investments - Total": {"2019-12-31": "-40.70400", "2018-12-31": "-227.77390", "2017-12-31": "-378.17300", "2016-12-31": "-322.06810", "2015-12-31": "-498.18000", "2014-12-31": "-539.52110", "2013-12-31": "-646.63820", "2012-12-31": "-584.26290", "2011-12-31": "-681.53510", "2010-12-31": "-447.36770", "2009-12-31": "-177.66130", "2008-12-31": "-200.45510", "2007-12-31": "-299.65710", "2006-12-31": "-302.09300", "2005-12-31": "-372.44700"}, "Investing Activities - Other": {"2019-12-31": "4.66900", "2018-12-31": "65.51800", "2017-12-31": "61.41800", "2016-12-31": "180.60300", "2015-12-31": "-50.75700", "2014-12-31": "-305.87600", "2013-12-31": "202.01600", "2012-12-31": "75.47200", "2011-12-31": "-85.68500", "2010-12-31": "-380.74000", "2009-12-31": "46.95800", "2008-12-31": "0.59800", "2007-12-31": "83.10400", "2006-12-31": "18.82800", "2005-12-31": ""}, "Cash Flow From Investing Activities": {"2019-12-31": "-4510.24200", "2018-12-31": "-4105.98700", "2017-12-31": "-3841.04900", "2016-12-31": "-3850.04800", "2015-12-31": "-2608.78200", "2014-12-31": "-2954.48800", "2013-12-31": "-2601.59300", "2012-12-31": "-3639.79700", "2011-12-31": "-3446.85300", "2010-12-31": "-2574.22300", "2009-12-31": "-2094.39400", "2008-12-31": "-2590.09600", "2007-12-31": "-2117.73100", "2006-12-31": "-1927.57300", "2005-12-31": "-1992.60800"}, "Net Long-Term Debt": {"2019-12-31": "1685.01700", "2018-12-31": "1069.79800", "2017-12-31": "223.70900", "2016-12-31": "1489.23400", "2015-12-31": "40.67090", "2014-12-31": "776.75610", "2013-12-31": "-68.64990", "2012-12-31": "348.12820", "2011-12-31": "553.50900", "2010-12-31": "-307.43290", "2009-12-31": "160.30000", "2008-12-31": "969.88920", "2007-12-31": "1496.19100", "2006-12-31": "33.34000", "2005-12-31": "1613.36400"}, "Net Current Debt": {"2019-12-31": "4.38900", "2018-12-31": "364.03100", "2017-12-31": "1163.29600", "2016-12-31": "-79.33700", "2015-12-31": "-104.04700", "2014-12-31": "-448.47500", "2013-12-31": "250.88900", "2012-12-31": "687.67500", "2011-12-31": "-6.50100", "2010-12-31": "-8.51200", "2009-12-31": "-25.00000", "2008-12-31": "30.00000", "2007-12-31": "", "2006-12-31": "-15.00000", "2005-12-31": "39.85000"}, "Debt Issuance/Retirement Net - Total": {"2019-12-31": "1689.40600", "2018-12-31": "1433.82900", "2017-12-31": "1387.00500", "2016-12-31": "1409.89700", "2015-12-31": "-63.37610", "2014-12-31": "328.28110", "2013-12-31": "182.23910", "2012-12-31": "1035.80300", "2011-12-31": "547.00810", "2010-12-31": "-315.94490", "2009-12-31": "135.30000", "2008-12-31": "999.88920", "2007-12-31": "1496.19100", "2006-12-31": "18.34000", "2005-12-31": "1653.21400"}, "Net Common Equity Issued/Repurchased": {"2019-12-31": "701.51200", "2018-12-31": "602.58700", "2017-12-31": "80.72900", "2016-12-31": "33.11400", "2015-12-31": "-75.44100", "2014-12-31": "11.59500", "2013-12-31": "24.52700", "2012-12-31": "62.88600", "2011-12-31": "-188.44700", "2010-12-31": "-827.41300", "2009-12-31": "-584.92700", "2008-12-31": "-477.57600", "2007-12-31": "-1136.74800", "2006-12-31": "-513.73800", "2005-12-31": "-772.12000"}, "Net Total Equity Issued/Repurchased": {"2019-12-31": "684.70000", "2018-12-31": "622.04900", "2017-12-31": "74.52900", "2016-12-31": "-82.16900", "2015-12-31": "-82.05800", "2014-12-31": "11.59500", "2013-12-31": "48.77600", "2012-12-31": "113.88600", "2011-12-31": "-218.75500", "2010-12-31": "-827.41300", "2009-12-31": "-586.77400", "2008-12-31": "-477.57600", "2007-12-31": "-1184.57500", "2006-12-31": "-624.26500", "2005-12-31": "-677.84400"}, "Total Common And Preferred Stock Dividends Paid": {"2019-12-31": "-728.01100", "2018-12-31": "-661.88900", "2017-12-31": "-642.82500", "2016-12-31": "-632.62400", "2015-12-31": "-598.89700", "2014-12-31": "-615.62800", "2013-12-31": "-611.83900", "2012-12-31": "-611.53800", "2011-12-31": "-610.53800", "2010-12-31": "-623.91700", "2009-12-31": "-596.91400", "2008-12-31": "-593.07000", "2007-12-31": "-533.20200", "2006-12-31": "-477.80200", "2005-12-31": "-478.98000"}, "Financial Activities - Other": {"2019-12-31": "-7.73200", "2018-12-31": "26.45300", "2017-12-31": "-7.73100", "2016-12-31": "-6.87200", "2015-12-31": "-9.13600", "2014-12-31": "23.57900", "2013-12-31": "", "2012-12-31": "", "2011-12-31": "", "2010-12-31": "", "2009-12-31": "", "2008-12-31": "", "2007-12-31": "", "2006-12-31": "", "2005-12-31": ""}, "Cash Flow From Financial Activities": {"2019-12-31": "1638.36200", "2018-12-31": "1420.44200", "2017-12-31": "810.97800", "2016-12-31": "688.23200", "2015-12-31": "-753.46700", "2014-12-31": "-252.17300", "2013-12-31": "-380.82400", "2012-12-31": "538.15100", "2011-12-31": "-282.28500", "2010-12-31": "-1767.27500", "2009-12-31": "-1048.38800", "2008-12-31": "-70.75700", "2007-12-31": "-221.58600", "2006-12-31": "-1083.72700", "2005-12-31": "496.39000"}, "Net Cash Flow": {"2019-12-31": "-55.25300", "2018-12-31": "-300.29800", "2017-12-31": "-406.57100", "2016-12-31": "-163.11700", "2015-12-31": "-71.06500", "2014-12-31": "682.90000", "2013-12-31": "206.55700", "2012-12-31": "-161.86900", "2011-12-31": "-600.03400", "2010-12-31": "-415.07900", "2009-12-31": "-210.94000", "2008-12-31": "666.76300", "2007-12-31": "237.57600", "2006-12-31": "433.33200", "2005-12-31": "-36.96600"}, "Stock-Based Compensation": {"2019-12-31": "", "2018-12-31": "", "2017-12-31": "", "2016-12-31": "", "2015-12-31": "", "2014-12-31": "", "2013-12-31": "", "2012-12-31": "", "2011-12-31": "", "2010-12-31": "", "2009-12-31": "", "2008-12-31": "", "2007-12-31": "", "2006-12-31": "", "2005-12-31": ""}, "Common Stock Dividends Paid": {"2019-12-31": "-711.57300", "2018-12-31": "-647.70400", "2017-12-31": "-628.88500", "2016-12-31": "-611.83500", "2015-12-31": "-598.89700", "2014-12-31": "-596.11700", "2013-12-31": "-593.03700", "2012-12-31": "-589.20900", "2011-12-31": "-589.60500", "2010-12-31": "-603.85400", "2009-12-31": "-576.95600", "2008-12-31": "-573.04500", "2007-12-31": "-507.32700", "2006-12-31": "-448.95400", "2005-12-31": "-453.50800"}}, "cash flow statement, quarterly": {"Net Income/Loss": {"2020-09-30": 525.699, "2020-06-30": 365.112, "2020-03-31": "123.29400", "2019-12-31": 389.605, "2019-09-30": 369.459, "2019-06-30": 240.534, "2019-03-31": "258.64600", "2018-12-31": -62.322, "2018-09-30": 539.818, "2018-06-30": 248.859, "2018-03-31": "136.20000", "2017-12-31": -475.711, "2017-09-30": 401.644, "2017-06-30": 413.369, "2017-03-31": "86.05100", "2016-12-31": -1765.538, "2016-09-30": 393.203, "2016-06-30": 572.59, "2016-03-31": "235.24200", "2015-12-31": 104.849, "2015-09-30": -718.234, "2015-06-30": 153.722, "2015-03-31": "302.92900", "2014-12-31": 125.007, "2014-09-30": 234.916, "2014-06-30": 194.281, "2014-03-31": "406.05300", "2013-12-31": 151.352, "2013-09-30": 244.182, "2013-06-30": 168.056, "2013-03-31": "166.98200", "2012-12-31": 301.85, "2012-09-30": 342.669, "2012-06-30": 370.584, "2012-03-31": "-146.74000", "2011-12-31": 160.026, "2011-09-30": 633.069, "2011-06-30": 320.599, "2011-03-31": "253.67800", "2010-12-31": 233.306, "2010-09-30": 497.902, "2010-06-30": 320.283, "2010-03-31": "218.81400", "2009-12-31": 318.74, "2009-09-30": 460.166, "2009-06-30": 231.811, "2009-03-31": "240.33300", "2008-12-31": 175.572, "2008-09-30": 475.287, "2008-06-30": 275.929, "2008-03-31": "313.74700", "2007-12-31": 218.998, "2007-09-30": 461.159, "2007-06-30": 267.602, "2007-03-31": "212.19500", "2006-12-31": 268.288, "2006-09-30": 388.883, "2006-06-30": 281.803, "2006-03-31": "193.62800", "2005-12-31": 71.016, "2005-09-30": 356.388, "2005-06-30": 292.548, "2005-03-31": "178.37900"}, "Total Depreciation And Amortization - Cash Flow": {"2020-09-30": 563.692, "2020-06-30": 562.616, "2020-03-31": "568.59600", "2019-12-31": 547.636, "2019-09-30": 565.87, "2019-06-30": 538.583, "2019-03-31": "530.22400", "2018-12-31": 523.211, "2018-09-30": 489.735, "2018-06-30": 502.428, "2018-03-31": "525.18100", "2017-12-31": 517.013, "2017-09-30": 518.894, "2017-06-30": 511.298, "2017-03-31": "531.37300", "2016-12-31": 574.419, "2016-09-30": 536.119, "2016-06-30": 512.505, "2016-03-31": "500.24800", "2015-12-31": 504.546, "2015-09-30": 542.802, "2015-06-30": 543.88, "2015-03-31": "526.00800", "2014-12-31": 542.345, "2014-09-30": 543.577, "2014-06-30": 525.528, "2014-03-31": "516.44200", "2013-12-31": 539.091, "2013-09-30": 524.035, "2013-06-30": 476.017, "2013-03-31": "472.93300", "2012-12-31": 477.982, "2012-09-30": 461.005, "2012-06-30": 382.653, "2012-03-31": "450.00900", "2011-12-31": 429.725, "2011-09-30": 463.702, "2011-06-30": 429.617, "2011-03-31": "422.41100", "2010-12-31": 445.788, "2010-09-30": 427.758, "2010-06-30": 408.353, "2010-03-31": "423.43200", "2009-12-31": 382.746, "2009-09-30": 378.91, "2009-06-30": 348.761, "2009-03-31": "348.44400", "2008-12-31": 494.744, "2008-09-30": 311.171, "2008-06-30": 294.793, "2008-03-31": "290.98100", "2007-12-31": 297.976, "2007-09-30": 282.661, "2007-06-30": 280.733, "2007-03-31": "270.24000", "2006-12-31": 269.526, "2006-09-30": 268.995, "2006-06-30": 254.825, "2006-03-31": "241.80700", "2005-12-31": 254.455, "2005-09-30": 252.939, "2005-06-30": 241.369, "2005-03-31": "253.08900"}, "Other Non-Cash Items": {"2020-09-30": 458.902, "2020-06-30": -59.787, "2020-03-31": "-62.27200", "2019-12-31": -158.356, "2019-09-30": 233.864, "2019-06-30": 220.968, "2019-03-31": "144.06600", "2018-12-31": -22.307, "2018-09-30": 125.226, "2018-06-30": 37.271, "2018-03-31": "130.40700", "2017-12-31": 748.064, "2017-09-30": 261.97, "2017-06-30": -268.231, "2017-03-31": "141.22200", "2016-12-31": 1843.847, "2016-09-30": 311.23, "2016-06-30": -238.473, "2016-03-31": "82.77600", "2015-12-31": -256.312, "2015-09-30": 1249.391, "2015-06-30": 82.94, "2015-03-31": "97.06600", "2014-12-31": -154.348, "2014-09-30": 512.925, "2014-06-30": 124.464, "2014-03-31": "237.42100", "2013-12-31": 391.76, "2013-09-30": 306.151, "2013-06-30": -186.825, "2013-03-31": "98.67100", "2012-12-31": -120.228, "2012-09-30": 235.673, "2012-06-30": -180.782, "2012-03-31": "394.38200", "2011-12-31": -274.05, "2011-09-30": -311.1, "2011-06-30": 132.116, "2011-03-31": "173.00500", "2010-12-31": -547.294, "2010-09-30": 953.858, "2010-06-30": 214.76, "2010-03-31": "97.66300", "2009-12-31": 380.636, "2009-09-30": 258.989, "2009-06-30": 84.983, "2009-03-31": "128.04600", "2008-12-31": -546.279, "2008-09-30": 446.46, "2008-06-30": 310.911, "2008-03-31": "135.31800", "2007-12-31": -122.352, "2007-09-30": -31.4869, "2007-06-30": 206.4148, "2007-03-31": "400.57710", "2006-12-31": 162.43, "2006-09-30": 152.993, "2006-06-30": -1.385, "2006-03-31": "382.53500", "2005-12-31": 332.953, "2005-09-30": 95.085, "2005-06-30": -62.541, "2005-03-31": "30.77000"}, "Total Non-Cash Items": {"2020-09-30": 1022.594, "2020-06-30": 502.8291, "2020-03-31": "506.32390", "2019-12-31": 389.28, "2019-09-30": 799.734, "2019-06-30": 759.551, "2019-03-31": "674.29000", "2018-12-31": 500.904, "2018-09-30": 614.961, "2018-06-30": 539.699, "2018-03-31": "655.58800", "2017-12-31": 1265.077, "2017-09-30": 780.864, "2017-06-30": 243.067, "2017-03-31": "672.59500", "2016-12-31": 2418.266, "2016-09-30": 847.349, "2016-06-30": 274.032, "2016-03-31": "583.02400", "2015-12-31": 248.234, "2015-09-30": 1792.193, "2015-06-30": 626.82, "2015-03-31": "623.07400", "2014-12-31": 387.997, "2014-09-30": 1056.502, "2014-06-30": 649.992, "2014-03-31": "753.86300", "2013-12-31": 930.851, "2013-09-30": 830.186, "2013-06-30": 289.192, "2013-03-31": "571.60400", "2012-12-31": 357.754, "2012-09-30": 696.678, "2012-06-30": 201.871, "2012-03-31": "844.39100", "2011-12-31": 155.675, "2011-09-30": 152.602, "2011-06-30": 561.733, "2011-03-31": "595.41600", "2010-12-31": -101.506, "2010-09-30": 1381.616, "2010-06-30": 623.113, "2010-03-31": "521.09500", "2009-12-31": 763.382, "2009-09-30": 637.899, "2009-06-30": 433.744, "2009-03-31": "476.49000", "2008-12-31": -51.535, "2008-09-30": 757.631, "2008-06-30": 605.704, "2008-03-31": "426.29900", "2007-12-31": 175.624, "2007-09-30": 251.174, "2007-06-30": 487.148, "2007-03-31": "670.81700", "2006-12-31": 431.956, "2006-09-30": 421.988, "2006-06-30": 253.44, "2006-03-31": "624.34200", "2005-12-31": 587.408, "2005-09-30": 348.024, "2005-06-30": 178.828, "2005-03-31": "283.85900"}, "Change In Accounts Receivable": {"2020-09-30": -170, "2020-06-30": -101.347, "2020-03-31": "70.35700", "2019-12-31": 129.778, "2019-09-30": -103.746, "2019-06-30": -166.956, "2019-03-31": "39.69700", "2018-12-31": 252.249, "2018-09-30": -108.188, "2018-06-30": -176.665, "2018-03-31": "131.15000", "2017-12-31": 100.392, "2017-09-30": -204.12, "2017-06-30": -150.11, "2017-03-31": "156.20100", "2016-12-31": 173.872, "2016-09-30": -213.174, "2016-06-30": -134.205, "2016-03-31": "76.53200", "2015-12-31": 260.463, "2015-09-30": -122.143, "2015-06-30": -122.456, "2015-03-31": "22.28800", "2014-12-31": 217.601, "2014-09-30": -71.988, "2014-06-30": -96.227, "2014-03-31": "49.10700", "2013-12-31": 93.228, "2013-09-30": -55.597, "2013-06-30": -188.434, "2013-03-31": "-29.84500", "2012-12-31": 147.813, "2012-09-30": -109.83, "2012-06-30": -208.387, "2012-03-31": "156.20200", "2011-12-31": 241.615, "2011-09-30": -45.271, "2011-06-30": -270.964, "2011-03-31": "102.71100", "2010-12-31": 143.686, "2010-09-30": -65.881, "2010-06-30": -221.275, "2010-03-31": "43.83000", "2009-12-31": 101.588, "2009-09-30": 12.968, "2009-06-30": -100.54, "2009-03-31": "102.42800", "2008-12-31": 344.002, "2008-09-30": -48.539, "2008-06-30": -207.436, "2008-03-31": "-9.37400", "2007-12-31": 254.808, "2007-09-30": -194.366, "2007-06-30": -189.23, "2007-03-31": "66.14200", "2006-12-31": 197.731, "2006-09-30": -108.169, "2006-06-30": -9.539, "2006-03-31": "328.01900", "2005-12-31": 308.576, "2005-09-30": -551.693, "2005-06-30": -259.173, "2005-03-31": "134.93900"}, "Change In Inventories": {"2020-09-30": 19.289, "2020-06-30": -4.508, "2020-03-31": "-15.38900", "2019-12-31": -13.774, "2019-09-30": -1.053, "2019-06-30": -8.945, "2019-03-31": "-4.40100", "2018-12-31": -3.889, "2018-09-30": 41.216, "2018-06-30": 24.773, "2018-03-31": "-16.26100", "2017-12-31": -23.789, "2017-09-30": 14.533, "2017-06-30": -0.252, "2017-03-31": "6.46500", "2016-12-31": 9.31, "2016-09-30": 19.314, "2016-06-30": 18.675, "2016-03-31": "-9.08900", "2015-12-31": -4.798, "2015-09-30": -3.83, "2015-06-30": 18.805, "2015-03-31": "-22.55300", "2014-12-31": -26.339, "2014-09-30": -2.262, "2014-06-30": 16.185, "2014-03-31": "15.94000", "2013-12-31": -11.548, "2013-09-30": 10.231, "2013-06-30": 11.337, "2013-03-31": "-5.14700", "2012-12-31": -2.541, "2012-09-30": 10.159, "2012-06-30": 0.991, "2012-03-31": "-20.21300", "2011-12-31": -7.284, "2011-09-30": 18.134, "2011-06-30": 7.051, "2011-03-31": "-12.50800", "2010-12-31": -13.993, "2010-09-30": -1.674, "2010-06-30": 11.326, "2010-03-31": "-6.32400", "2009-12-31": 9.461, "2009-09-30": 13.793, "2009-06-30": 13.668, "2009-03-31": "-17.63100", "2008-12-31": 12.32, "2008-09-30": -7.624, "2008-06-30": 10.408, "2008-03-31": "-22.66500", "2007-12-31": -10.835, "2007-09-30": 10.923, "2007-06-30": -10.727, "2007-03-31": "0.19400", "2006-12-31": 9.445, "2006-09-30": 17.302, "2006-06-30": 14.957, "2006-03-31": "-28.60700", "2005-12-31": -72.718, "2005-09-30": -19.472, "2005-06-30": 12.338, "2005-03-31": "-3.27300"}, "Change In Accounts Payable": {"2020-09-30": 213.137, "2020-06-30": 88.673, "2020-03-31": "-127.72700", "2019-12-31": 103.348, "2019-09-30": -156.414, "2019-06-30": 44.781, "2019-03-31": "-63.61300", "2018-12-31": 17.363, "2018-09-30": -17.515, "2018-06-30": 166.321, "2018-03-31": "-68.85700", "2017-12-31": 177.764, "2017-09-30": -85.649, "2017-06-30": 57.369, "2017-03-31": "-47.68200", "2016-12-31": 74.488, "2016-09-30": 54.521, "2016-06-30": 112.776, "2016-03-31": "-67.36400", "2015-12-31": -44.902, "2015-09-30": 14.286, "2015-06-30": 49.105, "2015-03-31": "-153.70000", "2014-12-31": 27.171, "2014-09-30": -86.864, "2014-06-30": 13.827, "2014-03-31": "32.87000", "2013-12-31": 175.062, "2013-09-30": -232.619, "2013-06-30": 192.854, "2013-03-31": "-40.86100", "2012-12-31": -150.375, "2012-09-30": 135.257, "2012-06-30": 153.938, "2012-03-31": "-145.59900", "2011-12-31": 106.909, "2011-09-30": -162.076, "2011-06-30": 77.595, "2011-03-31": "-154.39800", "2010-12-31": 172.287, "2010-09-30": 21.254, "2010-06-30": 102.344, "2010-03-31": "-79.25000", "2009-12-31": 175.335, "2009-09-30": -131.409, "2009-06-30": 75.831, "2009-03-31": "-134.00800", "2008-12-31": -149.89, "2008-09-30": -230.838, "2008-06-30": 347.981, "2008-03-31": "9.52200", "2007-12-31": 52.688, "2007-09-30": -18.634, "2007-06-30": 145.145, "2007-03-31": "-282.24700", "2006-12-31": 306.92, "2006-09-30": -105.054, "2006-06-30": -29.33, "2006-03-31": "-256.42000", "2005-12-31": -205.454, "2005-09-30": 523.333, "2005-06-30": 150.584, "2005-03-31": "-165.26900"}, "Change In Assets/Liabilities": {"2020-09-30": -506.472, "2020-06-30": 322.64, "2020-03-31": "-455.89900", "2019-12-31": -45.359, "2019-09-30": 63.136, "2019-06-30": -161.159, "2019-03-31": "-60.79600", "2018-12-31": -474.25, "2018-09-30": -45.773, "2018-06-30": -451.103, "2018-03-31": "-137.94700", "2017-12-31": 191.305, "2017-09-30": -78.797, "2017-06-30": -273.464, "2017-03-31": "-71.97000", "2016-12-31": 50.479, "2016-09-30": -162.34, "2016-06-30": -89.333, "2016-03-31": "-15.95700", "2015-12-31": 277.643, "2015-09-30": -149.625, "2015-06-30": -112.936, "2015-03-31": "47.08200", "2014-12-31": 909.228, "2014-09-30": 134.948, "2014-06-30": -82.161, "2014-03-31": "-284.16200", "2013-12-31": -540.64, "2013-09-30": 185.156, "2013-06-30": 157.682, "2013-03-31": "-52.25700", "2012-12-31": 99.101, "2012-09-30": 63.635, "2012-06-30": -107.143, "2012-03-31": "83.71500", "2011-12-31": 633.838, "2011-09-30": 271.798, "2011-06-30": -141.238, "2011-03-31": "-310.91100", "2010-12-31": 742.79, "2010-09-30": -144.575, "2010-06-30": -154.181, "2010-03-31": "-71.60300", "2009-12-31": -7.624, "2009-09-30": 84.747, "2009-06-30": -69.531, "2009-03-31": "-322.03700", "2008-12-31": 110.242, "2008-09-30": 969.392, "2008-06-30": -396.999, "2008-03-31": "-336.48200", "2007-12-31": 145.588, "2007-09-30": -20.352, "2007-06-30": -114.781, "2007-03-31": "115.70000", "2006-12-31": 171.518, "2006-09-30": 143.733, "2006-06-30": -53.642, "2006-03-31": "264.74000", "2005-12-31": 53.4551, "2005-09-30": -543.907, "2005-06-30": -89.607, "2005-03-31": "-14.32900"}, "Total Change In Assets/Liabilities": {"2020-09-30": -275.068, "2020-06-30": 403.147, "2020-03-31": "-577.69000", "2019-12-31": 158.88, "2019-09-30": -164.481, "2019-06-30": -265.98, "2019-03-31": "-153.74200", "2018-12-31": -198.147, "2018-09-30": -86, "2018-06-30": -380.51, "2018-03-31": "-158.22700", "2017-12-31": 419.483, "2017-09-30": -287.1, "2017-06-30": -299.853, "2017-03-31": "-29.73900", "2016-12-31": 255.909, "2016-09-30": -283.25, "2016-06-30": -51.043, "2016-03-31": "-59.40900", "2015-12-31": 485.069, "2015-09-30": -149.44, "2015-06-30": -95.001, "2015-03-31": "-217.37500", "2014-12-31": 1073.875, "2014-09-30": 27.457, "2014-06-30": -81.554, "2014-03-31": "-290.87600", "2013-12-31": -398.455, "2013-09-30": -63.217, "2013-06-30": 178.309, "2013-03-31": "-194.32800", "2012-12-31": 130.761, "2012-09-30": 138.518, "2012-06-30": -58.248, "2012-03-31": "-47.67200", "2011-12-31": 1329.013, "2011-09-30": 316.734, "2011-06-30": -237.874, "2011-03-31": "-507.00200", "2010-12-31": 911.217, "2010-09-30": -137.949, "2010-06-30": -228.783, "2010-03-31": "-165.06100", "2009-12-31": -11.05, "2009-09-30": 46.704, "2009-06-30": -62.225, "2009-03-31": "-421.44500", "2008-12-31": 446.308, "2008-09-30": 723.038, "2008-06-30": -260.607, "2008-03-31": "-393.23700", "2007-12-31": 435.32, "2007-09-30": -172.536, "2007-06-30": -176.481, "2007-03-31": "-311.82600", "2006-12-31": 621.518, "2006-09-30": 14.861, "2006-06-30": -94.474, "2006-03-31": "326.83900", "2005-12-31": -136.348, "2005-09-30": -440.485, "2005-06-30": -148.344, "2005-03-31": "-34.66600"}, "Cash Flow From Operating Activities": {"2020-09-30": 921.859, "2020-06-30": 789.247, "2020-03-31": "659.06000", "2019-12-31": 698.68, "2019-09-30": 1064.857, "2019-06-30": 551.901, "2019-03-31": "501.18900", "2018-12-31": 525.743, "2018-09-30": 779.581, "2018-06-30": 522.53, "2018-03-31": "557.39300", "2017-12-31": 910.749, "2017-09-30": 893.068, "2017-06-30": 290.29, "2017-03-31": "529.39300", "2016-12-31": 746.304, "2016-09-30": 1000.315, "2016-06-30": 719.259, "2016-03-31": "532.82100", "2015-12-31": 941.539, "2015-09-30": 1011.284, "2015-06-30": 727.403, "2015-03-31": "610.95800", "2014-12-31": 998.072, "2014-09-30": 1362.926, "2014-06-30": 761.406, "2014-03-31": "767.15700", "2013-12-31": 989.76, "2013-09-30": 1083.554, "2013-06-30": 571.916, "2013-03-31": "543.98900", "2012-12-31": 720.497, "2012-09-30": 1031.869, "2012-06-30": 587.419, "2012-03-31": "600.50000", "2011-12-31": 999.061, "2011-09-30": 1152.507, "2011-06-30": 654.148, "2011-03-31": "323.10100", "2010-12-31": 760.992, "2010-09-30": 1697.255, "2010-06-30": 793.569, "2010-03-31": "674.26500", "2009-12-31": 923.827, "2009-09-30": 992.982, "2009-06-30": 641.73, "2009-03-31": "374.61900", "2008-12-31": 631.514, "2008-09-30": 1779.245, "2008-06-30": 465.399, "2008-03-31": "448.17000", "2007-12-31": 933.018, "2007-09-30": 662.62, "2007-06-30": 470.814, "2007-03-31": "493.31800", "2006-12-31": 1190.482, "2006-09-30": 776.814, "2006-06-30": 468.028, "2006-03-31": "1012.51500", "2005-12-31": 360.86, "2005-09-30": 333.796, "2005-06-30": 276.387, "2005-03-31": "496.76500"}, "Net Change In Property, Plant, And Equipment": {"2020-09-30": -990.265, "2020-06-30": -1141.686, "2020-03-31": "-1068.24100", "2019-12-31": -1414.282, "2019-09-30": -991.246, "2019-06-30": -1117.05, "2019-03-31": "-951.62900", "2018-12-31": -1084.122, "2018-09-30": -993.876, "2018-06-30": -934.254, "2018-03-31": "-931.47900", "2017-12-31": -1028.347, "2017-09-30": -902.392, "2017-06-30": -920.016, "2017-03-31": "-673.53900", "2016-12-31": -755.827, "2016-09-30": -710.355, "2016-06-30": -658.612, "2016-03-31": "-1583.78900", "2015-12-31": -287.297, "2015-09-30": -605.832, "2015-06-30": -562.968, "2015-03-31": "-532.95800", "2014-12-31": -612.58, "2014-09-30": -575.219, "2014-06-30": -476.268, "2014-03-31": "-445.02400", "2013-12-31": -375.763, "2013-09-30": -536.349, "2013-06-30": -613.002, "2013-03-31": "-631.85700", "2012-12-31": -1261.671, "2012-09-30": -616.413, "2012-06-30": -689.383, "2012-03-31": "-563.53900", "2011-12-31": -925.906, "2011-09-30": -469.375, "2011-06-30": -804.322, "2011-03-31": "-486.56100", "2010-12-31": -571.472, "2010-09-30": -484.232, "2010-06-30": -471.106, "2010-03-31": "-447.47600", "2009-12-31": -621.319, "2009-09-30": -377.87, "2009-06-30": -476.319, "2009-03-31": "-455.73700", "2008-12-31": -756.604, "2008-09-30": -820.221, "2008-06-30": -342.413, "2008-03-31": "-429.72600", "2007-12-31": -577.588, "2007-09-30": -365.4079, "2007-06-30": -668.6781, "2007-03-31": "-302.56700", "2006-12-31": -399.763, "2006-09-30": -291.403, "2006-06-30": -277.924, "2006-03-31": "-752.37700", "2005-12-31": -580.921, "2005-09-30": -261.161, "2005-06-30": -506.25, "2005-03-31": "-271.82900"}, "Net Change In Intangible Assets": {"2020-09-30": 0, "2020-06-30": 0, "2020-03-31": "", "2019-12-31": 0, "2019-09-30": 0, "2019-06-30": 0, "2019-03-31": "", "2018-12-31": 0, "2018-09-30": 0, "2018-06-30": 0, "2018-03-31": "", "2017-12-31": 0, "2017-09-30": 0, "2017-06-30": 0, "2017-03-31": "", "2016-12-31": 0, "2016-09-30": 0, "2016-06-30": 0, "2016-03-31": "", "2015-12-31": 0, "2015-09-30": 0, "2015-06-30": 0, "2015-03-31": "", "2014-12-31": 0, "2014-09-30": 0, "2014-06-30": 0, "2014-03-31": "", "2013-12-31": 0, "2013-09-30": 0, "2013-06-30": 0, "2013-03-31": "", "2012-12-31": 0, "2012-09-30": 0, "2012-06-30": 0, "2012-03-31": "", "2011-12-31": 0, "2011-09-30": 0, "2011-06-30": 0, "2011-03-31": "", "2010-12-31": 0, "2010-09-30": 0, "2010-06-30": 0, "2010-03-31": "", "2009-12-31": 0, "2009-09-30": 0, "2009-06-30": 0, "2009-03-31": "", "2008-12-31": 0, "2008-09-30": 0, "2008-06-30": 0, "2008-03-31": "", "2007-12-31": 0, "2007-09-30": 0, "2007-06-30": 0, "2007-03-31": "", "2006-12-31": 0, "2006-09-30": 0, "2006-06-30": 0, "2006-03-31": "", "2005-12-31": 0, "2005-09-30": 0, "2005-06-30": 0, "2005-03-31": ""}, "Net Acquisitions/Divestitures": {"2020-09-30": 0, "2020-06-30": 0, "2020-03-31": "", "2019-12-31": 0, "2019-09-30": 0, "2019-06-30": 0, "2019-03-31": "", "2018-12-31": 0, "2018-09-30": 0, "2018-06-30": 0, "2018-03-31": "", "2017-12-31": 0, "2017-09-30": 0, "2017-06-30": 0, "2017-03-31": "", "2016-12-31": 0, "2016-09-30": 0, "2016-06-30": 0, "2016-03-31": "", "2015-12-31": 0, "2015-09-30": -70.79, "2015-06-30": 70.79, "2015-03-31": "-70.79000", "2014-12-31": 72, "2014-09-30": 0, "2014-06-30": 0, "2014-03-31": "-72.00000", "2013-12-31": 71.736, "2013-09-30": 0, "2013-06-30": -71.736, "2013-03-31": "", "2012-12-31": 72, "2012-09-30": 0, "2012-06-30": -72, "2012-03-31": "", "2011-12-31": 0, "2011-09-30": 6.531, "2011-06-30": 72, "2011-03-31": "-72.00000", "2010-12-31": 290.496, "2010-09-30": 0, "2010-06-30": 0, "2010-03-31": "-62.32500", "2009-12-31": 0.5, "2009-09-30": 30.4, "2009-06-30": 8.654, "2009-03-31": "-72.00000", "2008-12-31": 0, "2008-09-30": 0, "2008-06-30": 30.725, "2008-03-31": "-72.00000", "2007-12-31": 0, "2007-09-30": 0, "2007-06-30": 0.4, "2007-03-31": "12.66300", "2006-12-31": 0, "2006-09-30": 0, "2006-06-30": 77.159, "2006-03-31": "", "2005-12-31": 0, "2005-09-30": 0, "2005-06-30": 0, "2005-03-31": ""}, "Net Change In Short-term Investments": {"2020-09-30": -2.262, "2020-06-30": 2.262, "2020-03-31": "", "2019-12-31": 30.319, "2019-09-30": -51.073, "2019-06-30": 51.073, "2019-03-31": "", "2018-12-31": -54.5, "2018-09-30": 10.769, "2018-06-30": -10.363, "2018-03-31": "-0.40600", "2017-12-31": 1.078, "2017-09-30": -1.705, "2017-06-30": 12.082, "2017-03-31": "-10.37700", "2016-12-31": -12.374, "2016-09-30": 12.374, "2016-06-30": 196.509, "2016-03-31": "-196.50900", "2015-12-31": 15.894, "2015-09-30": 38.699, "2015-06-30": -54.3, "2015-03-31": "0.27800", "2014-12-31": 9.893, "2014-09-30": 37.09, "2014-06-30": -18.093, "2014-03-31": "18.09300", "2013-12-31": 43.656, "2013-09-30": -43.656, "2013-06-30": 44.298, "2013-03-31": "-44.29800", "2012-12-31": 69.995, "2012-09-30": -107.071, "2012-06-30": -56.71, "2012-03-31": "93.78600", "2011-12-31": -11.623, "2011-09-30": 0, "2011-06-30": 21.212, "2011-03-31": "-21.21200", "2010-12-31": -92.74, "2010-09-30": 62.266, "2010-06-30": -32.67, "2010-03-31": "88.10000", "2009-12-31": 70.353, "2009-09-30": 12.456, "2009-06-30": 9.772, "2009-03-31": "7.33900", "2008-12-31": 161.756, "2008-09-30": -132.81, "2008-06-30": -103.14, "2008-03-31": "7.97400", "2007-12-31": -49.323, "2007-09-30": -2.199, "2007-06-30": -31.954, "2007-03-31": "105.92300", "2006-12-31": -62.854, "2006-09-30": 6.431, "2006-06-30": 50.07, "2006-03-31": "", "2005-12-31": -9.793, "2005-09-30": -43.495, "2005-06-30": 502.8629, "2005-03-31": "-251.71990"}, "Net Change In Long-Term Investments": {"2020-09-30": -53.207, "2020-06-30": -30.5591, "2020-03-31": "-78.37000", "2019-12-31": -107.0101, "2019-09-30": 50.793, "2019-06-30": -18.8461, "2019-03-31": "4.04020", "2018-12-31": -49.9018, "2018-09-30": -68.172, "2018-06-30": -19.3031, "2018-03-31": "-35.89700", "2017-12-31": -133.783, "2017-09-30": -23.881, "2017-06-30": -60.817, "2017-03-31": "-160.77000", "2016-12-31": -162.5841, "2016-09-30": -33.8059, "2016-06-30": -29.7151, "2016-03-31": "-95.96300", "2015-12-31": -165.215, "2015-09-30": -168.5229, "2015-06-30": -57.9751, "2015-03-31": "-107.03800", "2014-12-31": -195.2121, "2014-09-30": -131.3331, "2014-06-30": -107.407, "2014-03-31": "-152.55200", "2013-12-31": -213.7332, "2013-09-30": -196.965, "2013-06-30": -70.207, "2013-03-31": "-165.73300", "2012-12-31": -154.4218, "2012-09-30": -189.7082, "2012-06-30": -32.2929, "2012-03-31": "-207.84000", "2011-12-31": -105.6221, "2011-09-30": -93.638, "2011-06-30": -148.976, "2011-03-31": "-321.67600", "2010-12-31": -133.1809, "2010-09-30": -107.3518, "2010-06-30": -151.668, "2010-03-31": "-80.12300", "2009-12-31": -156.8463, "2009-09-30": 23.417, "2009-06-30": -25.579, "2009-03-31": "-118.57300", "2008-12-31": -55.3302, "2008-09-30": 29.3301, "2008-06-30": -22.718, "2008-03-31": "-85.51700", "2007-12-31": -123.2221, "2007-09-30": -66.7861, "2007-06-30": -49.5049, "2007-03-31": "-82.59100", "2006-12-31": -88.5991, "2006-09-30": -55.773, "2006-06-30": -32.636, "2006-03-31": "-118.73200", "2005-12-31": -197.896, "2005-09-30": -224.835, "2005-06-30": -112.668, "2005-03-31": "-34.90300"}, "Net Change In Investments - Total": {"2020-09-30": -55.469, "2020-06-30": -28.2971, "2020-03-31": "-78.37000", "2019-12-31": -76.6911, "2019-09-30": -0.28, "2019-06-30": 32.2269, "2019-03-31": "4.04020", "2018-12-31": -104.4018, "2018-09-30": -57.403, "2018-06-30": -29.6661, "2018-03-31": "-36.30300", "2017-12-31": -132.705, "2017-09-30": -25.586, "2017-06-30": -48.735, "2017-03-31": "-171.14700", "2016-12-31": -174.9581, "2016-09-30": -21.4319, "2016-06-30": 166.7939, "2016-03-31": "-292.47200", "2015-12-31": -149.321, "2015-09-30": -129.8239, "2015-06-30": -112.2751, "2015-03-31": "-106.76000", "2014-12-31": -185.319, "2014-09-30": -94.2431, "2014-06-30": -125.5, "2014-03-31": "-134.45900", "2013-12-31": -170.0772, "2013-09-30": -240.621, "2013-06-30": -25.909, "2013-03-31": "-210.03100", "2012-12-31": -84.4268, "2012-09-30": -296.7792, "2012-06-30": -89.0029, "2012-03-31": "-114.05400", "2011-12-31": -117.2451, "2011-09-30": -93.638, "2011-06-30": -127.764, "2011-03-31": "-342.88800", "2010-12-31": -225.9209, "2010-09-30": -45.0858, "2010-06-30": -184.338, "2010-03-31": "7.97700", "2009-12-31": -86.4933, "2009-09-30": 35.873, "2009-06-30": -15.807, "2009-03-31": "-111.23400", "2008-12-31": 106.4258, "2008-09-30": -103.4799, "2008-06-30": -125.858, "2008-03-31": "-77.54300", "2007-12-31": -172.5451, "2007-09-30": -68.985, "2007-06-30": -81.459, "2007-03-31": "23.33200", "2006-12-31": -151.453, "2006-09-30": -49.342, "2006-06-30": 17.434, "2006-03-31": "-118.73200", "2005-12-31": -207.689, "2005-09-30": -268.33, "2005-06-30": 390.195, "2005-03-31": "-286.62300"}, "Investing Activities - Other": {"2020-09-30": -11.955, "2020-06-30": 17.277, "2020-03-31": "101.12400", "2019-12-31": 5.657, "2019-09-30": -8.399, "2019-06-30": 10.78, "2019-03-31": "-3.36900", "2018-12-31": 83.018, "2018-09-30": -19.51, "2018-06-30": 8.666, "2018-03-31": "-6.65600", "2017-12-31": 147.725, "2017-09-30": -129.54, "2017-06-30": 10.347, "2017-03-31": "32.88600", "2016-12-31": 63.229, "2016-09-30": 15.533, "2016-06-30": 103.607, "2016-03-31": "-1.76600", "2015-12-31": 14.21, "2015-09-30": -9.837, "2015-06-30": -65.759, "2015-03-31": "10.62900", "2014-12-31": -60.148, "2014-09-30": -108.319, "2014-06-30": -133.293, "2014-03-31": "-4.11600", "2013-12-31": -69.713, "2013-09-30": 24.368, "2013-06-30": 67.233, "2013-03-31": "180.12800", "2012-12-31": -42.472, "2012-09-30": 90.171, "2012-06-30": 99.455, "2012-03-31": "-71.68200", "2011-12-31": -8.199, "2011-09-30": -11.298, "2011-06-30": -70.812, "2011-03-31": "4.62400", "2010-12-31": -72.582, "2010-09-30": -292.525, "2010-06-30": -2.009, "2010-03-31": "-13.62400", "2009-12-31": 60.579, "2009-09-30": -16.583, "2009-06-30": 10.793, "2009-03-31": "-7.83100", "2008-12-31": 2.749, "2008-09-30": -11.322, "2008-06-30": 17.523, "2008-03-31": "-8.35200", "2007-12-31": 83.104, "2007-09-30": 0, "2007-06-30": 0, "2007-03-31": "", "2006-12-31": 18.828, "2006-09-30": 0, "2006-06-30": -12.34, "2006-03-31": "12.34000", "2005-12-31": 0, "2005-09-30": 0, "2005-06-30": 0, "2005-03-31": ""}, "Cash Flow From Investing Activities": {"2020-09-30": -1057.689, "2020-06-30": -1152.706, "2020-03-31": "-1045.48700", "2019-12-31": -1485.316, "2019-09-30": -999.925, "2019-06-30": -1074.043, "2019-03-31": "-950.95800", "2018-12-31": -1105.506, "2018-09-30": -1070.789, "2018-06-30": -955.254, "2018-03-31": "-974.43800", "2017-12-31": -1013.327, "2017-09-30": -1057.518, "2017-06-30": -958.404, "2017-03-31": "-811.80000", "2016-12-31": -867.556, "2016-09-30": -716.254, "2016-06-30": -388.211, "2016-03-31": "-1878.02700", "2015-12-31": -422.408, "2015-09-30": -816.283, "2015-06-30": -670.212, "2015-03-31": "-699.87900", "2014-12-31": -786.047, "2014-09-30": -777.781, "2014-06-30": -735.061, "2014-03-31": "-655.59900", "2013-12-31": -543.817, "2013-09-30": -752.602, "2013-06-30": -643.414, "2013-03-31": "-661.76000", "2012-12-31": -1316.57, "2012-09-30": -823.021, "2012-06-30": -750.931, "2012-03-31": "-749.27500", "2011-12-31": -1051.35, "2011-09-30": -567.78, "2011-06-30": -930.898, "2011-03-31": "-896.82500", "2010-12-31": -579.479, "2010-09-30": -821.843, "2010-06-30": -657.453, "2010-03-31": "-515.44800", "2009-12-31": -646.733, "2009-09-30": -328.18, "2009-06-30": -472.679, "2009-03-31": "-646.80200", "2008-12-31": -647.429, "2008-09-30": -935.023, "2008-06-30": -420.023, "2008-03-31": "-587.62100", "2007-12-31": -667.029, "2007-09-30": -434.393, "2007-06-30": -749.737, "2007-03-31": "-266.57200", "2006-12-31": -532.388, "2006-09-30": -340.745, "2006-06-30": -195.671, "2006-03-31": "-858.76900", "2005-12-31": -788.61, "2005-09-30": -529.491, "2005-06-30": -116.055, "2005-03-31": "-558.45200"}, "Net Long-Term Debt": {"2020-09-30": 1176.289, "2020-06-30": 27.324, "2020-03-31": "1580.76700", "2019-12-31": 411.16, "2019-09-30": 96.805, "2019-06-30": 31.677, "2019-03-31": "1145.37500", "2018-12-31": -352.513, "2018-09-30": 632.249, "2018-06-30": -981.664, "2018-03-31": "1771.72600", "2017-12-31": 224.0181, "2017-09-30": -170.5012, "2017-06-30": 745.6841, "2017-03-31": "-575.49200", "2016-12-31": 210.372, "2016-09-30": 842.29, "2016-06-30": -529.5661, "2016-03-31": "966.13810", "2015-12-31": 129.9048, "2015-09-30": 429.7901, "2015-06-30": -321.831, "2015-03-31": "-197.19300", "2014-12-31": 644.8351, "2014-09-30": 124.493, "2014-06-30": -10.022, "2014-03-31": "17.45000", "2013-12-31": 111.5791, "2013-09-30": -143.984, "2013-06-30": 248.898, "2013-03-31": "-285.14300", "2012-12-31": 87.6503, "2012-09-30": 135.2419, "2012-06-30": -50.0609, "2012-03-31": "175.29690", "2011-12-31": -34.724, "2011-09-30": 68.9929, "2011-06-30": 385.8801, "2011-03-31": "133.36000", "2010-12-31": -465.73, "2010-09-30": 407.2801, "2010-06-30": -191.239, "2010-03-31": "-57.74400", "2009-12-31": 463.535, "2009-09-30": -63.749, "2009-06-30": -514.45, "2009-03-31": "274.96400", "2008-12-31": -459.1768, "2008-09-30": 1011.916, "2008-06-30": 310.377, "2008-03-31": "106.77300", "2007-12-31": -51.159, "2007-09-30": 205.133, "2007-06-30": 857.092, "2007-03-31": "485.12500", "2006-12-31": 254.064, "2006-09-30": -314.843, "2006-06-30": 1.184, "2006-03-31": "92.93500", "2005-12-31": 441.297, "2005-09-30": 511.5571, "2005-06-30": 291.2729, "2005-03-31": "369.23700"}, "Net Current Debt": {"2020-09-30": -548.014, "2020-06-30": 4.403, "2020-03-31": "-4.91100", "2019-12-31": 28.939, "2019-09-30": 282.327, "2019-06-30": -306.86, "2019-03-31": "-0.01700", "2018-12-31": -4.339, "2018-09-30": -37.425, "2018-06-30": 1178.972, "2018-03-31": "-773.17700", "2017-12-31": 225.619, "2017-09-30": 103.72, "2017-06-30": -74.421, "2017-03-31": "908.37800", "2016-12-31": -18.352, "2016-09-30": -591.525, "2016-06-30": 258.81, "2016-03-31": "271.73000", "2015-12-31": -287.674, "2015-09-30": -157.951, "2015-06-30": 131.566, "2015-03-31": "210.01200", "2014-12-31": -293.038, "2014-09-30": -147.899, "2014-06-30": -165.497, "2014-03-31": "157.95900", "2013-12-31": -59.153, "2013-09-30": 15.919, "2013-06-30": 16.237, "2013-03-31": "277.88600", "2012-12-31": 439.83, "2012-09-30": 252.46, "2012-06-30": -37.397, "2012-03-31": "32.78200", "2011-12-31": -36.537, "2011-09-30": 14.076, "2011-06-30": -52.284, "2011-03-31": "68.24400", "2010-12-31": 10.42, "2010-09-30": -36.055, "2010-06-30": 30.491, "2010-03-31": "-13.36800", "2009-12-31": -25, "2009-09-30": 0, "2009-06-30": -25, "2009-03-31": "25.00000", "2008-12-31": 30, "2008-09-30": -150, "2008-06-30": 150, "2008-03-31": "", "2007-12-31": -60, "2007-09-30": 60, "2007-06-30": 0, "2007-03-31": "", "2006-12-31": 25, "2006-09-30": 0, "2006-06-30": 0, "2006-03-31": "-40.00000", "2005-12-31": 0, "2005-09-30": 40, "2005-06-30": -0.075, "2005-03-31": "-0.07500"}, "Debt Issuance/Retirement Net - Total": {"2020-09-30": 628.275, "2020-06-30": 31.727, "2020-03-31": "1575.85600", "2019-12-31": 440.099, "2019-09-30": 379.1323, "2019-06-30": -275.1833, "2019-03-31": "1145.35800", "2018-12-31": -356.852, "2018-09-30": 594.824, "2018-06-30": 197.3079, "2018-03-31": "998.54910", "2017-12-31": 449.6371, "2017-09-30": -66.7811, "2017-06-30": 671.263, "2017-03-31": "332.88600", "2016-12-31": 192.02, "2016-09-30": 250.765, "2016-06-30": -270.756, "2016-03-31": "1237.86800", "2015-12-31": -157.7692, "2015-09-30": 271.8391, "2015-06-30": -190.265, "2015-03-31": "12.81900", "2014-12-31": 351.7971, "2014-09-30": -23.406, "2014-06-30": -175.519, "2014-03-31": "175.40900", "2013-12-31": 52.4261, "2013-09-30": -128.065, "2013-06-30": 265.135, "2013-03-31": "-7.25700", "2012-12-31": 527.4801, "2012-09-30": 387.7019, "2012-06-30": -87.4579, "2012-03-31": "208.07890", "2011-12-31": -71.2609, "2011-09-30": 83.0689, "2011-06-30": 333.5961, "2011-03-31": "201.60400", "2010-12-31": -455.31, "2010-09-30": 371.2251, "2010-06-30": -160.748, "2010-03-31": "-71.11200", "2009-12-31": 438.535, "2009-09-30": -63.749, "2009-06-30": -539.45, "2009-03-31": "299.96400", "2008-12-31": -429.1768, "2008-09-30": 861.916, "2008-06-30": 460.377, "2008-03-31": "106.77300", "2007-12-31": -111.159, "2007-09-30": 265.133, "2007-06-30": 857.092, "2007-03-31": "485.12500", "2006-12-31": 279.064, "2006-09-30": -314.843, "2006-06-30": 1.184, "2006-03-31": "52.93500", "2005-12-31": 441.297, "2005-09-30": 551.5571, "2005-06-30": 291.1979, "2005-03-31": "369.16200"}, "Net Common Equity Issued/Repurchased": {"2020-09-30": 0.031, "2020-06-30": 1.789, "2020-03-31": "39.96400", "2019-12-31": 4.559, "2019-09-30": 31.506, "2019-06-30": 629.87, "2019-03-31": "35.57700", "2018-12-31": 577.941, "2018-09-30": 20.955, "2018-06-30": 1.739, "2018-03-31": "1.95200", "2017-12-31": 65.608, "2017-09-30": 7.302, "2017-06-30": 5.371, "2017-03-31": "2.44800", "2016-12-31": -0.006, "2016-09-30": 16.265, "2016-06-30": 11.068, "2016-03-31": "5.78700", "2015-12-31": 0.148, "2015-09-30": -74.408, "2015-06-30": 0.741, "2015-03-31": "-1.92200", "2014-12-31": -58.214, "2014-09-30": 6.71, "2014-06-30": 27.561, "2014-03-31": "35.53800", "2013-12-31": 3.807, "2013-09-30": 301.14, "2013-06-30": -288.522, "2013-03-31": "8.10200", "2012-12-31": 6.284, "2012-09-30": 315.715, "2012-06-30": -291.939, "2012-03-31": "32.82600", "2011-12-31": 13.296, "2011-09-30": -59.099, "2011-06-30": 48.158, "2011-03-31": "-190.80200", "2010-12-31": -207.552, "2010-09-30": -490.828, "2010-06-30": -135.111, "2010-03-31": "6.07800", "2009-12-31": 10.983, "2009-09-30": -598.601, "2009-06-30": 1.764, "2009-03-31": "0.92700", "2008-12-31": -45.338, "2008-09-30": -90.488, "2008-06-30": -188.238, "2008-03-31": "-153.51200", "2007-12-31": -171.7379, "2007-09-30": -193.2561, "2007-06-30": -244.457, "2007-03-31": "-527.29700", "2006-12-31": -545.81, "2006-09-30": 16.7, "2006-06-30": 3.567, "2006-03-31": "11.80500", "2005-12-31": -8.484, "2005-09-30": -213.684, "2005-06-30": -231.639, "2005-03-31": "-318.31300"}, "Net Total Equity Issued/Repurchased": {"2020-09-30": 0.031, "2020-06-30": 1.789, "2020-03-31": "39.96400", "2019-12-31": 4.261, "2019-09-30": 64.992, "2019-06-30": 629.87, "2019-03-31": "-14.42300", "2018-12-31": 597.403, "2018-09-30": 20.955, "2018-06-30": 1.739, "2018-03-31": "1.95200", "2017-12-31": 59.408, "2017-09-30": 7.302, "2017-06-30": 5.371, "2017-03-31": "2.44800", "2016-12-31": -30.006, "2016-09-30": -69.018, "2016-06-30": 16.344, "2016-03-31": "0.51100", "2015-12-31": 87.816, "2015-09-30": -168.693, "2015-06-30": 0.741, "2015-03-31": "-1.92200", "2014-12-31": -58.214, "2014-09-30": 6.71, "2014-06-30": 32.434, "2014-03-31": "30.66500", "2013-12-31": 42.525, "2013-09-30": 296.808, "2013-06-30": -298.659, "2013-03-31": "8.10200", "2012-12-31": 6.284, "2012-09-30": 315.715, "2012-06-30": -291.939, "2012-03-31": "83.82600", "2011-12-31": -17.012, "2011-09-30": -59.099, "2011-06-30": 48.158, "2011-03-31": "-190.80200", "2010-12-31": -207.552, "2010-09-30": -490.828, "2010-06-30": -135.111, "2010-03-31": "6.07800", "2009-12-31": 10.983, "2009-09-30": -600.448, "2009-06-30": 1.764, "2009-03-31": "0.92700", "2008-12-31": -45.338, "2008-09-30": -90.488, "2008-06-30": -188.238, "2008-03-31": "-153.51200", "2007-12-31": -216.1149, "2007-09-30": -194.4561, "2007-06-30": -244.457, "2007-03-31": "-529.54700", "2006-12-31": -545.81, "2006-09-30": 13.879, "2006-06-30": -175.243, "2006-03-31": "82.90900", "2005-12-31": 89.513, "2005-09-30": -245.155, "2005-06-30": -201.639, "2005-03-31": "-320.56300"}, "Total Common And Preferred Stock Dividends Paid": {"2020-09-30": -190.787, "2020-06-30": -190.73, "2020-03-31": "-190.52600", "2019-12-31": -189.275, "2019-09-30": -185.065, "2019-06-30": -176.971, "2019-03-31": "-176.70000", "2018-12-31": -168.707, "2018-09-30": -164.483, "2018-06-30": -164.373, "2018-03-31": "-164.32600", "2017-12-31": -164.091, "2017-09-30": -159.633, "2017-06-30": -159.582, "2017-03-31": "-159.51900", "2016-12-31": -159.684, "2016-09-30": -158.545, "2016-06-30": -162.556, "2016-03-31": "-151.83900", "2015-12-31": -136.781, "2015-09-30": -154.098, "2015-06-30": -153.882, "2015-03-31": "-154.13600", "2014-12-31": -154.688, "2014-09-30": -153.96, "2014-06-30": -158.705, "2014-03-31": "-148.27500", "2013-12-31": -166.808, "2013-09-30": -445.031, "2013-06-30": 153.484, "2013-03-31": "-153.48400", "2012-12-31": -154.749, "2012-09-30": -445.624, "2012-06-30": 141.091, "2012-03-31": "-152.25600", "2011-12-31": -152.202, "2011-09-30": -151.95, "2011-06-30": -301.371, "2011-03-31": "-5.01500", "2010-12-31": -155.186, "2010-09-30": -159.902, "2010-06-30": -161.922, "2010-03-31": "-146.90700", "2009-12-31": -146.743, "2009-09-30": -151.017, "2009-06-30": -152.071, "2009-03-31": "-147.08300", "2008-12-31": -147.01, "2008-09-30": -147.858, "2008-06-30": -146.353, "2008-03-31": "-151.84900", "2007-12-31": -152.096, "2007-09-30": -152.29, "2007-06-30": -113.77, "2007-03-31": "-115.04600", "2006-12-31": -117.837, "2006-09-30": -118.747, "2006-06-30": -121.367, "2006-03-31": "-119.85100", "2005-12-31": -118.456, "2005-09-30": -118.392, "2005-06-30": -120.219, "2005-03-31": "-121.91300"}, "Financial Activities - Other": {"2020-09-30": 2.507, "2020-06-30": -7.692, "2020-03-31": "-0.75600", "2019-12-31": 1.443, "2019-09-30": -4.069, "2019-06-30": -3.161, "2019-03-31": "-1.94500", "2018-12-31": 0.913, "2018-09-30": 15.106, "2018-06-30": 5.241, "2018-03-31": "5.19300", "2017-12-31": -7.394, "2017-09-30": -4.642, "2017-06-30": 2.495, "2017-03-31": "1.81000", "2016-12-31": -0.668, "2016-09-30": 4.072, "2016-06-30": -9.632, "2016-03-31": "-0.64400", "2015-12-31": -2.034, "2015-09-30": -13.821, "2015-06-30": 16.039, "2015-03-31": "-9.32000", "2014-12-31": 2.597, "2014-09-30": 3.952, "2014-06-30": 17.03, "2014-03-31": "", "2013-12-31": 0, "2013-09-30": 0, "2013-06-30": 0, "2013-03-31": "", "2012-12-31": 0, "2012-09-30": 0, "2012-06-30": 0, "2012-03-31": "", "2011-12-31": 0, "2011-09-30": 0, "2011-06-30": 0, "2011-03-31": "", "2010-12-31": 0, "2010-09-30": 0, "2010-06-30": 0, "2010-03-31": "", "2009-12-31": 0, "2009-09-30": 0, "2009-06-30": 0, "2009-03-31": "", "2008-12-31": 0, "2008-09-30": 0, "2008-06-30": 0, "2008-03-31": "", "2007-12-31": 0, "2007-09-30": 0, "2007-06-30": 0, "2007-03-31": "", "2006-12-31": 0, "2006-09-30": 0, "2006-06-30": 0, "2006-03-31": "", "2005-12-31": 0, "2005-09-30": 0, "2005-06-30": 0, "2005-03-31": ""}, "Cash Flow From Financial Activities": {"2020-09-30": 440.026, "2020-06-30": -164.906, "2020-03-31": "1424.53800", "2019-12-31": 256.527, "2019-09-30": 254.99, "2019-06-30": 174.555, "2019-03-31": "952.29000", "2018-12-31": 72.757, "2018-09-30": 466.402, "2018-06-30": 39.915, "2018-03-31": "841.36800", "2017-12-31": 337.56, "2017-09-30": -223.754, "2017-06-30": 519.547, "2017-03-31": "177.62500", "2016-12-31": 1.662, "2016-09-30": 27.274, "2016-06-30": -426.6, "2016-03-31": "1085.89600", "2015-12-31": -208.768, "2015-09-30": -64.773, "2015-06-30": -327.367, "2015-03-31": "-152.55900", "2014-12-31": 141.492, "2014-09-30": -166.704, "2014-06-30": -284.76, "2014-03-31": "57.79900", "2013-12-31": -71.857, "2013-09-30": -276.288, "2013-06-30": 119.96, "2013-03-31": "-152.63900", "2012-12-31": 379.015, "2012-09-30": 257.793, "2012-06-30": -238.306, "2012-03-31": "139.64900", "2011-12-31": -240.475, "2011-09-30": -127.98, "2011-06-30": 80.383, "2011-03-31": "5.78700", "2010-12-31": -818.048, "2010-09-30": -279.505, "2010-06-30": -457.781, "2010-03-31": "-211.94100", "2009-12-31": 302.775, "2009-09-30": -815.214, "2009-06-30": -689.757, "2009-03-31": "153.80800", "2008-12-31": -621.525, "2008-09-30": 623.57, "2008-06-30": 125.786, "2008-03-31": "-198.58800", "2007-12-31": -479.37, "2007-09-30": -81.613, "2007-06-30": 498.865, "2007-03-31": "-159.46800", "2006-12-31": -384.583, "2006-09-30": -419.711, "2006-06-30": -295.426, "2006-03-31": "15.99300", "2005-12-31": 412.354, "2005-09-30": 188.01, "2005-06-30": -30.66, "2005-03-31": "-73.31400"}, "Net Cash Flow": {"2020-09-30": 304.196, "2020-06-30": -528.365, "2020-03-31": "1038.11100", "2019-12-31": -530.109, "2019-09-30": 319.922, "2019-06-30": -347.587, "2019-03-31": "502.52100", "2018-12-31": -507.006, "2018-09-30": 175.194, "2018-06-30": -392.809, "2018-03-31": "424.32300", "2017-12-31": 234.982, "2017-09-30": -388.204, "2017-06-30": -148.567, "2017-03-31": "-104.78200", "2016-12-31": -119.59, "2016-09-30": 311.335, "2016-06-30": -95.552, "2016-03-31": "-259.31000", "2015-12-31": 310.363, "2015-09-30": 130.228, "2015-06-30": -270.176, "2015-03-31": "-241.48000", "2014-12-31": 353.517, "2014-09-30": 418.441, "2014-06-30": -258.415, "2014-03-31": "169.35700", "2013-12-31": 373.794, "2013-09-30": 53.96, "2013-06-30": 48.441, "2013-03-31": "-269.63800", "2012-12-31": -217.15, "2012-09-30": 466.326, "2012-06-30": -401.609, "2012-03-31": "-9.43600", "2011-12-31": -292.702, "2011-09-30": 457.282, "2011-06-30": -196.379, "2011-03-31": "-568.23500", "2010-12-31": -636.447, "2010-09-30": 595.395, "2010-06-30": -321.51, "2010-03-31": "-52.51700", "2009-12-31": 578.771, "2009-09-30": -150.127, "2009-06-30": -522.051, "2009-03-31": "-117.53300", "2008-12-31": -635.397, "2008-09-30": 1469.467, "2008-06-30": 170.715, "2008-03-31": "-338.02200", "2007-12-31": -212.957, "2007-09-30": 146.463, "2007-06-30": 219.71, "2007-03-31": "84.36000", "2006-12-31": 271.124, "2006-09-30": 16.094, "2006-06-30": -23.452, "2006-03-31": "169.56600", "2005-12-31": -15.211, "2005-09-30": -8.601, "2005-06-30": 129.757, "2005-03-31": "-142.91100"}, "Stock-Based Compensation": {"2020-09-30": 0, "2020-06-30": 0, "2020-03-31": "", "2019-12-31": 0, "2019-09-30": 0, "2019-06-30": 0, "2019-03-31": "", "2018-12-31": 0, "2018-09-30": 0, "2018-06-30": 0, "2018-03-31": "", "2017-12-31": 0, "2017-09-30": 0, "2017-06-30": 0, "2017-03-31": "", "2016-12-31": 0, "2016-09-30": 0, "2016-06-30": 0, "2016-03-31": "", "2015-12-31": 0, "2015-09-30": 0, "2015-06-30": 0, "2015-03-31": "", "2014-12-31": 0, "2014-09-30": 0, "2014-06-30": 0, "2014-03-31": "", "2013-12-31": 0, "2013-09-30": 0, "2013-06-30": 0, "2013-03-31": "", "2012-12-31": 0, "2012-09-30": 0, "2012-06-30": 0, "2012-03-31": "", "2011-12-31": 0, "2011-09-30": 0, "2011-06-30": 0, "2011-03-31": "", "2010-12-31": 0, "2010-09-30": 0, "2010-06-30": 0, "2010-03-31": "", "2009-12-31": 0, "2009-09-30": 0, "2009-06-30": 0, "2009-03-31": "", "2008-12-31": 0, "2008-09-30": 0, "2008-06-30": 0, "2008-03-31": "", "2007-12-31": 0, "2007-09-30": 0, "2007-06-30": 0, "2007-03-31": "", "2006-12-31": 0, "2006-09-30": 0, "2006-06-30": 0, "2006-03-31": "", "2005-12-31": 0, "2005-09-30": 0, "2005-06-30": 0, "2005-03-31": ""}, "Common Stock Dividends Paid": {"2020-09-30": -186.207, "2020-06-30": -186.151, "2020-03-31": "-185.76300", "2019-12-31": -185.165, "2019-09-30": -180.956, "2019-06-30": -172.861, "2019-03-31": "-172.59100", "2018-12-31": -164.839, "2018-09-30": -161.044, "2018-06-30": -160.934, "2018-03-31": "-160.88700", "2017-12-31": -160.489, "2017-09-30": -156.187, "2017-06-30": -156.136, "2017-03-31": "-156.07300", "2016-12-31": -155.842, "2016-09-30": -152.15, "2016-06-30": -152.004, "2016-03-31": "-151.83900", "2015-12-31": -151.629, "2015-09-30": -149.009, "2015-06-30": -149.002, "2015-03-31": "-149.25700", "2014-12-31": -149.809, "2014-09-30": -149.08, "2014-06-30": -148.953, "2014-03-31": "-148.27500", "2013-12-31": -148.006, "2013-09-30": -445.031, "2013-06-30": 147.902, "2013-03-31": "-147.90200", "2012-12-31": -147.917, "2012-09-30": -441.292, "2012-06-30": 146.674, "2012-03-31": "-146.67400", "2011-12-31": -146.315, "2011-09-30": -146.935, "2011-06-30": -296.355, "2011-03-31": "", "2010-12-31": -150.171, "2010-09-30": -154.887, "2010-06-30": -156.904, "2010-03-31": "-141.89200", "2009-12-31": -141.778, "2009-09-30": -146.019, "2009-06-30": -147.074, "2009-03-31": "-142.08500", "2008-12-31": -142.013, "2008-09-30": -142.86, "2008-06-30": -143.593, "2008-03-31": "-144.57900", "2007-12-31": -145.753, "2007-09-30": -146.102, "2007-06-30": -106.505, "2007-03-31": "-108.96700", "2006-12-31": -111.85, "2006-09-30": -112.646, "2006-06-30": -112.268, "2006-03-31": "-112.19000", "2005-12-31": -112.071, "2005-09-30": -112.084, "2005-06-30": -113.849, "2005-03-31": "-115.50400"}}, "financial ratios": {"Current Ratio": {"2019-12-31": "0.54190", "2018-12-31": "0.54340", "2017-12-31": "0.65230", "2016-12-31": "1.15130", "2015-12-31": "1.31630", "2014-12-31": "1.14050", "2013-12-31": "0.96780", "2012-12-31": "0.89690", "2011-12-31": "0.73180", "2010-12-31": "1.56290", "2009-12-31": "1.41960", "2008-12-31": "1.37030", "2007-12-31": "1.21540", "2006-12-31": "1.34900", "2005-12-31": "1.30530"}, "Long-term Debt / Capital": {"2019-12-31": "0.61980", "2018-12-31": "0.63130", "2017-12-31": "0.63640", "2016-12-31": "0.63630", "2015-12-31": "0.57840", "2014-12-31": "0.55140", "2013-12-31": "0.55580", "2012-12-31": "0.56270", "2011-12-31": "0.52680", "2010-12-31": "0.56940", "2009-12-31": "0.55950", "2008-12-31": "0.58830", "2007-12-31": "0.55860", "2006-12-31": "0.52290", "2005-12-31": "0.53740"}, "Debt/Equity Ratio": {"2019-12-31": "1.89160", "2018-12-31": "1.99820", "2017-12-31": "2.03620", "2016-12-31": "1.84360", "2015-12-31": "1.44650", "2014-12-31": "1.37770", "2013-12-31": "1.40620", "2012-12-31": "1.45010", "2011-12-31": "1.36790", "2010-12-31": "1.37550", "2009-12-31": "1.37980", "2008-12-31": "1.52340", "2007-12-31": "1.41470", "2006-12-31": "1.14000", "2005-12-31": "1.19690"}, "Gross Margin": {"2019-12-31": "70.37780", "2018-12-31": "65.42430", "2017-12-31": "69.12240", "2016-12-31": "72.06500", "2015-12-31": "66.62130", "2014-12-31": "63.60140", "2013-12-31": "64.88310", "2012-12-31": "68.03910", "2011-12-31": "63.86450", "2010-12-31": "63.63030", "2009-12-31": "65.52060", "2008-12-31": "53.64990", "2007-12-31": "57.14370", "2006-12-31": "51.68100", "2005-12-31": "53.52120"}, "Operating Margin": {"2019-12-31": "12.78190", "2018-12-31": "4.26330", "2017-12-31": "12.28420", "2016-12-31": "-7.51670", "2015-12-31": "-2.59840", "2014-12-31": "16.06160", "2013-12-31": "11.89540", "2012-12-31": "12.63030", "2011-12-31": "17.92880", "2010-12-31": "19.73760", "2009-12-31": "21.26000", "2008-12-31": "17.43710", "2007-12-31": "17.90580", "2006-12-31": "16.51420", "2005-12-31": "17.73150"}, "EBIT Margin": {"2019-12-31": "12.78190", "2018-12-31": "4.26330", "2017-12-31": "12.28420", "2016-12-31": "-7.51670", "2015-12-31": "-2.59840", "2014-12-31": "16.06160", "2013-12-31": "11.89540", "2012-12-31": "12.63030", "2011-12-31": "17.92880", "2010-12-31": "19.73760", "2009-12-31": "21.26000", "2008-12-31": "17.43710", "2007-12-31": "17.90580", "2006-12-31": "16.51420", "2005-12-31": "17.73150"}, "EBITDA Margin": {"2019-12-31": "32.84230", "2018-12-31": "22.79790", "2017-12-31": "31.05330", "2016-12-31": "12.06070", "2015-12-31": "15.79110", "2014-12-31": "33.09170", "2013-12-31": "29.55920", "2012-12-31": "29.82730", "2011-12-31": "33.47280", "2010-12-31": "34.58260", "2009-12-31": "34.83630", "2008-12-31": "28.06570", "2007-12-31": "27.75920", "2006-12-31": "25.98310", "2005-12-31": "27.64470"}, "Pre-Tax Profit Margin": {"2019-12-31": "10.00510", "2018-12-31": "-1.58290", "2017-12-31": "8.74010", "2016-12-31": "-12.74030", "2015-12-31": "-6.94560", "2014-12-31": "12.40390", "2013-12-31": "8.39750", "2012-12-31": "8.72850", "2011-12-31": "14.72640", "2010-12-31": "16.43120", "2009-12-31": "17.53070", "2008-12-31": "14.07950", "2007-12-31": "14.57950", "2006-12-31": "14.41750", "2005-12-31": "14.86610"}, "Net Profit Margin": {"2019-12-31": "11.40970", "2018-12-31": "7.70850", "2017-12-31": "3.71680", "2016-12-31": "-5.38110", "2015-12-31": "-1.53360", "2014-12-31": "7.52880", "2013-12-31": "6.24970", "2012-12-31": "8.21850", "2011-12-31": "11.99070", "2010-12-31": "10.88340", "2009-12-31": "11.45670", "2008-12-31": "9.32170", "2007-12-31": "9.88170", "2006-12-31": "10.36030", "2005-12-31": "8.88890"}, "Asset Turnover": {"2019-12-31": "0.21030", "2018-12-31": "0.22810", "2017-12-31": "0.23710", "2016-12-31": "0.23630", "2015-12-31": "0.25790", "2014-12-31": "0.26920", "2013-12-31": "0.26240", "2012-12-31": "0.23850", "2011-12-31": "0.27590", "2010-12-31": "0.29690", "2009-12-31": "0.28610", "2008-12-31": "0.35760", "2007-12-31": "0.34140", "2006-12-31": "0.35170", "2005-12-31": "0.32750"}, "Inventory Turnover Ratio": {"2019-12-31": "3.32060", "2018-12-31": "4.37470", "2017-12-31": "3.77490", "2016-12-31": "3.45020", "2015-12-31": "3.52190", "2014-12-31": "4.04620", "2013-12-31": "3.55900", "2012-12-31": "2.88230", "2011-12-31": "3.69930", "2010-12-31": "3.88860", "2009-12-31": "3.62330", "2008-12-31": "6.11600", "2007-12-31": "5.46280", "2006-12-31": "6.61860", "2005-12-31": "5.74850"}, "Receiveable Turnover": {"2019-12-31": "9.00110", "2018-12-31": "9.87920", "2017-12-31": "9.13020", "2016-12-31": "9.26850", "2015-12-31": "10.77110", "2014-12-31": "11.32550", "2013-12-31": "9.71770", "2012-12-31": "10.28440", "2011-12-31": "11.20810", "2010-12-31": "11.09290", "2009-12-31": "10.95570", "2008-12-31": "10.92850", "2007-12-31": "9.76510", "2006-12-31": "9.69510", "2005-12-31": "6.58120"}, "Days Sales In Receivables": {"2019-12-31": "40.55050", "2018-12-31": "36.94620", "2017-12-31": "39.97720", "2016-12-31": "39.38090", "2015-12-31": "33.88690", "2014-12-31": "32.22810", "2013-12-31": "37.56030", "2012-12-31": "35.49050", "2011-12-31": "32.56560", "2010-12-31": "32.90400", "2009-12-31": "33.31600", "2008-12-31": "33.39910", "2007-12-31": "37.37820", "2006-12-31": "37.64780", "2005-12-31": "55.46140"}, "ROE - Return On Equity": {"2019-12-31": "12.30720", "2018-12-31": "9.75270", "2017-12-31": "5.32190", "2016-12-31": "-6.98490", "2015-12-31": "-1.69320", "2014-12-31": "9.59520", "2013-12-31": "7.58450", "2012-12-31": "9.44170", "2011-12-31": "15.25870", "2010-12-31": "14.95110", "2009-12-31": "14.52450", "2008-12-31": "15.57170", "2007-12-31": "14.75270", "2006-12-31": "13.82180", "2005-12-31": "12.17210"}, "Return On Tangible Equity": {"2019-12-31": "12.45670", "2018-12-31": "9.92980", "2017-12-31": "5.44410", "2016-12-31": "-7.13850", "2015-12-31": "-1.70400", "2014-12-31": "9.87460", "2013-12-31": "7.81420", "2012-12-31": "9.74170", "2011-12-31": "15.75660", "2010-12-31": "15.46660", "2009-12-31": "15.01830", "2008-12-31": "16.14560", "2007-12-31": "15.49600", "2006-12-31": "14.48840", "2005-12-31": "12.79490"}, "ROA - Return On Assets": {"2019-12-31": "2.43260", "2018-12-31": "1.78680", "2017-12-31": "0.91070", "2016-12-31": "-1.22970", "2015-12-31": "-0.35100", "2014-12-31": "2.06890", "2013-12-31": "1.68310", "2012-12-31": "2.01000", "2011-12-31": "3.35950", "2010-12-31": "3.28370", "2009-12-31": "3.33060", "2008-12-31": "3.38790", "2007-12-31": "3.44780", "2006-12-31": "3.64540", "2005-12-31": "3.05640"}, "ROI - Return On Investment": {"2019-12-31": "4.56600", "2018-12-31": "3.50890", "2017-12-31": "1.88810", "2016-12-31": "-2.47840", "2015-12-31": "-0.69000", "2014-12-31": "4.26440", "2013-12-31": "3.33630", "2012-12-31": "4.08720", "2011-12-31": "7.14500", "2010-12-31": "6.36760", "2009-12-31": "6.32890", "2008-12-31": "6.33640", "2007-12-31": "6.51250", "2006-12-31": "6.59390", "2005-12-31": "5.63130"}, "Book Value Per Share": {"2019-12-31": "52.61430", "2018-12-31": "47.94190", "2017-12-31": "45.37120", "2016-12-31": "46.25160", "2015-12-31": "53.67470", "2014-12-31": "56.35830", "2013-12-31": "54.52940", "2012-12-31": "52.25350", "2011-12-31": "51.34650", "2010-12-31": "48.05930", "2009-12-31": "46.04200", "2008-12-31": "42.56800", "2007-12-31": "40.71370", "2006-12-31": "40.44980", "2005-12-31": "37.33590"}, "Operating Cash Flow Per Share": {"2019-12-31": 1.2905, "2018-12-31": -1.5245, "2017-12-31": -2.2315, "2016-12-31": -1.6052, "2015-12-31": -3.2047, "2014-12-31": 3.7133, "2013-12-31": 1.317, "2012-12-31": -0.9983, "2011-12-31": -3.363, "2010-12-31": 5.9266, "2009-12-31": -1.5605, "2008-12-31": 3.9146, "2007-12-31": -3.6821, "2006-12-31": 9.4607, "2005-12-31": 6.8448}, "Free Cash Flow Per Share": {"2019-12-31": 0.0845, "2018-12-31": -3.5091, "2017-12-31": -1.0212, "2016-12-31": -11.2357, "2015-12-31": -2.6079, "2014-12-31": 4.0946, "2013-12-31": 6.8536, "2012-12-31": -3.5546, "2011-12-31": -7.9106, "2010-12-31": 5.2762, "2009-12-31": 0.2637, "2008-12-31": 1.6689, "2007-12-31": -4.981, "2006-12-31": 8.8749, "2005-12-31": -0.7105}}, "financial ratios, quarterly": {"Current Ratio": {"2020-09-30": "0.59090", "2020-06-30": "0.58000", "2020-03-31": "0.66040", "2019-12-31": "0.54190", "2019-09-30": "0.71750", "2019-06-30": "0.72600", "2019-03-31": "0.70100", "2018-12-31": "0.54340", "2018-09-30": "0.64250", "2018-06-30": "0.56710", "2018-03-31": "0.69860", "2017-12-31": "0.65230", "2017-09-30": "0.77820", "2017-06-30": "0.84880", "2017-03-31": "0.87590", "2016-12-31": "1.15130", "2016-09-30": "1.25730", "2016-06-30": "0.95780", "2016-03-31": "1.04220", "2015-12-31": "1.31630", "2015-09-30": "1.19210", "2015-06-30": "1.02170", "2015-03-31": "1.09950", "2014-12-31": "1.14050", "2014-09-30": "0.95760", "2014-06-30": "1.02840", "2014-03-31": "1.07040", "2013-12-31": "0.96780", "2013-09-30": "1.01470", "2013-06-30": "0.90150", "2013-03-31": "0.85280", "2012-12-31": "0.89690", "2012-09-30": "0.97030", "2012-06-30": "1.05310", "2012-03-31": "1.19430", "2011-12-31": "0.73180", "2011-09-30": "0.99840", "2011-06-30": "1.72280", "2011-03-31": "1.63480", "2010-12-31": "1.56290", "2010-09-30": "1.73200", "2010-06-30": "1.55440", "2010-03-31": "1.54670", "2009-12-31": "1.41960", "2009-09-30": "1.17560", "2009-06-30": "1.26530", "2009-03-31": "1.49510", "2008-12-31": "1.37030", "2008-09-30": "1.77350", "2008-06-30": "1.37240", "2008-03-31": "1.23080", "2007-12-31": "1.21540", "2007-09-30": "1.55610", "2007-06-30": "1.62120", "2007-03-31": "1.57830", "2006-12-31": "1.34900", "2006-09-30": "1.49110", "2006-06-30": "1.47840", "2006-03-31": "1.45160", "2005-12-31": "1.30530", "2005-09-30": "1.26730", "2005-06-30": "1.41510", "2005-03-31": "1.39120"}, "Long-term Debt / Capital": {"2020-09-30": "0.64010", "2020-06-30": "0.63600", "2020-03-31": "0.63500", "2019-12-31": "0.61980", "2019-09-30": "0.62210", "2019-06-30": "0.63200", "2019-03-31": "0.65130", "2018-12-31": "0.63130", "2018-09-30": "0.64730", "2018-06-30": "0.64410", "2018-03-31": "0.65640", "2017-12-31": "0.63640", "2017-09-30": "0.61700", "2017-06-30": "0.62570", "2017-03-31": "0.62810", "2016-12-31": "0.63630", "2016-09-30": "0.57410", "2016-06-30": "0.56590", "2016-03-31": "0.58290", "2015-12-31": "0.57840", "2015-09-30": "0.58820", "2015-06-30": "0.54180", "2015-03-31": "0.54670", "2014-12-31": "0.55140", "2014-09-30": "0.53250", "2014-06-30": "0.54090", "2014-03-31": "0.54910", "2013-12-31": "0.55580", "2013-09-30": "0.56430", "2013-06-30": "0.56420", "2013-03-31": "0.55830", "2012-12-31": "0.56270", "2012-09-30": "0.55930", "2012-06-30": "0.56820", "2012-03-31": "0.57440", "2011-12-31": "0.52680", "2011-09-30": "0.53160", "2011-06-30": "0.58190", "2011-03-31": "0.57390", "2010-12-31": "0.56940", "2010-09-30": "0.56550", "2010-06-30": "0.55500", "2010-03-31": "0.55510", "2009-12-31": "0.55950", "2009-09-30": "0.54670", "2009-06-30": "0.54200", "2009-03-31": "0.56250", "2008-12-31": "0.58830", "2008-09-30": "0.60590", "2008-06-30": "0.60130", "2008-03-31": "0.57080", "2007-12-31": "0.55860", "2007-09-30": "0.56430", "2007-06-30": "0.57360", "2007-03-31": "0.54570", "2006-12-31": "0.52290", "2006-09-30": "0.50690", "2006-06-30": "0.52700", "2006-03-31": "0.53030", "2005-12-31": "0.53740", "2005-09-30": "0.52180", "2005-06-30": "0.50200", "2005-03-31": "0.48740"}, "Debt/Equity Ratio": {"2020-09-30": "2.00080", "2020-06-30": "2.04850", "2020-03-31": "2.04230", "2019-12-31": "1.89160", "2019-09-30": "1.88310", "2019-06-30": "1.89580", "2019-03-31": "2.09580", "2018-12-31": "1.99820", "2018-09-30": "2.14680", "2018-06-30": "2.17530", "2018-03-31": "2.16330", "2017-12-31": "2.03620", "2017-09-30": "1.86700", "2017-06-30": "1.89940", "2017-03-31": "1.88980", "2016-12-31": "1.84360", "2016-09-30": "1.46310", "2016-06-30": "1.47250", "2016-03-31": "1.55920", "2015-12-31": "1.44650", "2015-09-30": "1.54460", "2015-06-30": "1.35170", "2015-03-31": "1.37310", "2014-12-31": "1.37770", "2014-09-30": "1.33490", "2014-06-30": "1.34810", "2014-03-31": "1.38020", "2013-12-31": "1.40620", "2013-09-30": "1.43370", "2013-06-30": "1.46740", "2013-03-31": "1.44740", "2012-12-31": "1.45010", "2012-09-30": "1.39280", "2012-06-30": "1.37370", "2012-03-31": "1.40080", "2011-12-31": "1.36790", "2011-09-30": "1.37450", "2011-06-30": "1.42210", "2011-03-31": "1.39270", "2010-12-31": "1.37550", "2010-09-30": "1.38770", "2010-06-30": "1.33710", "2010-03-31": "1.35710", "2009-12-31": "1.37980", "2009-09-30": "1.34330", "2009-06-30": "1.29910", "2009-03-31": "1.37930", "2008-12-31": "1.52340", "2008-09-30": "1.58650", "2008-06-30": "1.60700", "2008-03-31": "1.47160", "2007-12-31": "1.41470", "2007-09-30": "1.40370", "2007-06-30": "1.40320", "2007-03-31": "1.25850", "2006-12-31": "1.14000", "2006-09-30": "1.05670", "2006-06-30": "1.14390", "2006-03-31": "1.15910", "2005-12-31": "1.19690", "2005-09-30": "1.12630", "2005-06-30": "1.07230", "2005-03-31": "1.02870"}, "Gross Margin": {"2020-09-30": "76.35350", "2020-06-30": "77.08190", "2020-03-31": "74.70240", "2019-12-31": "72.45680", "2019-09-30": "70.92000", "2019-06-30": "69.50040", "2019-03-31": "68.66030", "2018-12-31": "63.55050", "2018-09-30": "62.35410", "2018-06-30": "66.91980", "2018-03-31": "69.18670", "2017-12-31": "69.10370", "2017-09-30": "68.52010", "2017-06-30": "68.97350", "2017-03-31": "70.04650", "2016-12-31": "69.71140", "2016-09-30": "73.24240", "2016-06-30": "74.65500", "2016-03-31": "70.60030", "2015-12-31": "67.76450", "2015-09-30": "64.72590", "2015-06-30": "67.83790", "2015-03-31": "66.69710", "2014-12-31": "65.26250", "2014-09-30": "61.71300", "2014-06-30": "62.55890", "2014-03-31": "65.14460", "2013-12-31": "65.43200", "2013-09-30": "63.87790", "2013-06-30": "64.37990", "2013-03-31": "66.13630", "2012-12-31": "69.06920", "2012-09-30": "68.52360", "2012-06-30": "68.93290", "2012-03-31": "65.43960", "2011-12-31": "65.95090", "2011-09-30": "60.96900", "2011-06-30": "63.80810", "2011-03-31": "65.75210", "2010-12-31": "65.93640", "2010-09-30": "62.98040", "2010-06-30": "63.39430", "2010-03-31": "62.54290", "2009-12-31": "70.22310", "2009-09-30": "67.74240", "2009-06-30": "66.51880", "2009-03-31": "58.06600", "2008-12-31": "53.39680", "2008-09-30": "48.67960", "2008-06-30": "54.81260", "2008-03-31": "59.46770", "2007-12-31": "57.40600", "2007-09-30": "59.56610", "2007-06-30": "56.79130", "2007-03-31": "54.28270", "2006-12-31": "53.79080", "2006-09-30": "50.98390", "2006-06-30": "52.86190", "2006-03-31": "49.31760", "2005-12-31": "47.86370", "2005-09-30": "53.21810", "2005-06-30": "57.96490", "2005-03-31": "55.89910"}, "Operating Margin": {"2020-09-30": "26.79520", "2020-06-30": "18.20760", "2020-03-31": "16.47000", "2019-12-31": "10.09370", "2019-09-30": "16.55520", "2019-06-30": "12.70630", "2019-03-31": "10.85440", "2018-12-31": "-9.11180", "2018-09-30": "8.73090", "2018-06-30": "3.43220", "2018-03-31": "12.32300", "2017-12-31": "9.03530", "2017-09-30": "23.39980", "2017-06-30": "6.44780", "2017-03-31": "7.55250", "2016-12-31": "-95.44050", "2016-09-30": "24.70830", "2016-06-30": "17.95930", "2016-03-31": "19.08990", "2015-12-31": "-10.13750", "2015-09-30": "-28.62350", "2015-06-30": "13.90900", "2015-03-31": "18.58740", "2014-12-31": "11.29070", "2014-09-30": "14.25230", "2014-06-30": "15.16620", "2014-03-31": "23.05740", "2013-12-31": "8.37870", "2013-09-30": "11.60200", "2013-06-30": "12.65470", "2013-03-31": "15.10400", "2012-12-31": "13.30740", "2012-09-30": "23.31160", "2012-06-30": "13.61810", "2012-03-31": "-2.38530", "2011-12-31": "13.76830", "2011-09-30": "17.69690", "2011-06-30": "19.93160", "2011-03-31": "20.10430", "2010-12-31": "15.54530", "2010-09-30": "23.12730", "2010-06-30": "21.87400", "2010-03-31": "17.27630", "2009-12-31": "20.13880", "2009-09-30": "27.24820", "2009-06-30": "18.82330", "2009-03-31": "18.16090", "2008-12-31": "11.88770", "2008-09-30": "18.97360", "2008-06-30": "17.40390", "2008-03-31": "21.16190", "2007-12-31": "12.05770", "2007-09-30": "24.63700", "2007-06-30": "17.26180", "2007-03-31": "16.28000", "2006-12-31": "11.24170", "2006-09-30": "19.79920", "2006-06-30": "18.53880", "2006-03-31": "15.37220", "2005-12-31": "11.72770", "2005-09-30": "22.57700", "2005-06-30": "21.08350", "2005-03-31": "14.73840"}, "EBIT Margin": {"2020-09-30": "26.79520", "2020-06-30": "18.20760", "2020-03-31": "16.47000", "2019-12-31": "10.09370", "2019-09-30": "16.55520", "2019-06-30": "12.70630", "2019-03-31": "10.85440", "2018-12-31": "-9.11180", "2018-09-30": "8.73090", "2018-06-30": "3.43220", "2018-03-31": "12.32300", "2017-12-31": "9.03530", "2017-09-30": "23.39980", "2017-06-30": "6.44780", "2017-03-31": "7.55250", "2016-12-31": "-95.44050", "2016-09-30": "24.70830", "2016-06-30": "17.95930", "2016-03-31": "19.08990", "2015-12-31": "-10.13750", "2015-09-30": "-28.62350", "2015-06-30": "13.90900", "2015-03-31": "18.58740", "2014-12-31": "11.29070", "2014-09-30": "14.25230", "2014-06-30": "15.16620", "2014-03-31": "23.05740", "2013-12-31": "8.37870", "2013-09-30": "11.60200", "2013-06-30": "12.65470", "2013-03-31": "15.10400", "2012-12-31": "13.30740", "2012-09-30": "23.31160", "2012-06-30": "13.61810", "2012-03-31": "-2.38530", "2011-12-31": "13.76830", "2011-09-30": "17.69690", "2011-06-30": "19.93160", "2011-03-31": "20.10430", "2010-12-31": "15.54530", "2010-09-30": "23.12730", "2010-06-30": "21.87400", "2010-03-31": "17.27630", "2009-12-31": "20.13880", "2009-09-30": "27.24820", "2009-06-30": "18.82330", "2009-03-31": "18.16090", "2008-12-31": "11.88770", "2008-09-30": "18.97360", "2008-06-30": "17.40390", "2008-03-31": "21.16190", "2007-12-31": "12.05770", "2007-09-30": "24.63700", "2007-06-30": "17.26180", "2007-03-31": "16.28000", "2006-12-31": "11.24170", "2006-09-30": "19.79920", "2006-06-30": "18.53880", "2006-03-31": "15.37220", "2005-12-31": "11.72770", "2005-09-30": "22.57700", "2005-06-30": "21.08350", "2005-03-31": "14.73840"}, "EBITDA Margin": {"2020-09-30": "", "2020-06-30": "", "2020-03-31": "", "2019-12-31": "", "2019-09-30": "", "2019-06-30": "", "2019-03-31": "", "2018-12-31": "", "2018-09-30": "", "2018-06-30": "", "2018-03-31": "", "2017-12-31": "", "2017-09-30": "", "2017-06-30": "", "2017-03-31": "", "2016-12-31": "", "2016-09-30": "", "2016-06-30": "", "2016-03-31": "", "2015-12-31": "", "2015-09-30": "", "2015-06-30": "", "2015-03-31": "", "2014-12-31": "", "2014-09-30": "", "2014-06-30": "", "2014-03-31": "", "2013-12-31": "", "2013-09-30": "", "2013-06-30": "", "2013-03-31": "", "2012-12-31": "", "2012-09-30": "", "2012-06-30": "", "2012-03-31": "", "2011-12-31": "", "2011-09-30": "", "2011-06-30": "", "2011-03-31": "", "2010-12-31": "", "2010-09-30": "", "2010-06-30": "", "2010-03-31": "", "2009-12-31": "", "2009-09-30": "", "2009-06-30": "", "2009-03-31": "", "2008-12-31": "", "2008-09-30": "", "2008-06-30": "", "2008-03-31": "", "2007-12-31": "", "2007-09-30": "", "2007-06-30": "", "2007-03-31": "", "2006-12-31": "", "2006-09-30": "", "2006-06-30": "", "2006-03-31": "", "2005-12-31": "", "2005-09-30": "", "2005-06-30": "", "2005-03-31": ""}, "Pre-Tax Profit Margin": {"2020-09-30": "23.25220", "2020-06-30": "18.82590", "2020-03-31": "2.14650", "2019-12-31": "5.94370", "2019-09-30": "12.69390", "2019-06-30": "9.07620", "2019-03-31": "11.55040", "2018-12-31": "-23.05330", "2018-09-30": "8.27270", "2018-06-30": "-1.18920", "2018-03-31": "6.60320", "2017-12-31": "5.88500", "2017-09-30": "19.83700", "2017-06-30": "2.91210", "2017-03-31": "3.62430", "2016-12-31": "-103.13940", "2016-09-30": "20.83750", "2016-06-30": "13.14150", "2016-03-31": "14.37580", "2015-12-31": "-16.76950", "2015-09-30": "-32.20910", "2015-06-30": "9.34320", "2015-03-31": "15.52690", "2014-12-31": "7.31570", "2014-09-30": "11.47100", "2014-06-30": "10.77950", "2014-03-31": "19.41570", "2013-12-31": "6.06010", "2013-09-30": "8.01730", "2013-06-30": "8.80750", "2013-03-31": "10.86750", "2012-12-31": "9.13550", "2012-09-30": "19.40820", "2012-06-30": "9.86190", "2012-03-31": "-6.16290", "2011-12-31": "10.05280", "2011-09-30": "15.13560", "2011-06-30": "16.82140", "2011-03-31": "16.44600", "2010-12-31": "12.40840", "2010-09-30": "20.48320", "2010-06-30": "18.30940", "2010-03-31": "13.28210", "2009-12-31": "16.70410", "2009-09-30": "25.21470", "2009-06-30": "12.79170", "2009-03-31": "14.46260", "2008-12-31": "7.80830", "2008-09-30": "16.23470", "2008-06-30": "14.05950", "2008-03-31": "17.68930", "2007-12-31": "9.15330", "2007-09-30": "21.03920", "2007-06-30": "13.50690", "2007-03-31": "13.29820", "2006-12-31": "11.18510", "2006-09-30": "18.20030", "2006-06-30": "14.89760", "2006-03-31": "12.25440", "2005-12-31": "7.45120", "2005-09-30": "20.20440", "2005-06-30": "18.28780", "2005-03-31": "12.88930"}, "Net Profit Margin": {"2020-09-30": "17.94750", "2020-06-30": "14.94260", "2020-03-31": "4.89100", "2019-12-31": "15.63680", "2019-09-30": "11.62970", "2019-06-30": "8.86740", "2019-03-31": "9.75390", "2018-12-31": "-2.62290", "2018-09-30": "17.27850", "2018-06-30": "9.19600", "2018-03-31": "4.87400", "2017-12-31": "-18.26000", "2017-09-30": "12.27630", "2017-06-30": "15.65450", "2017-03-31": "3.19130", "2016-12-31": "-66.79440", "2016-09-30": "12.42260", "2016-06-30": "23.03760", "2016-03-31": "8.81150", "2015-12-31": "3.96930", "2015-09-30": "-21.44590", "2015-06-30": "5.48580", "2015-03-31": "10.20690", "2014-12-31": "4.24280", "2014-09-30": "6.65210", "2014-06-30": "6.31980", "2014-03-31": "12.50210", "2013-12-31": "5.45820", "2013-09-30": "7.15550", "2013-06-30": "5.97920", "2013-03-31": "6.18660", "2012-12-31": "12.16070", "2012-09-30": "11.37440", "2012-06-30": "14.49220", "2012-03-31": "-6.36350", "2011-12-31": "6.19270", "2011-09-30": "18.49640", "2011-06-30": "11.25760", "2011-03-31": "9.78520", "2010-12-31": "9.01230", "2010-09-30": "14.79170", "2010-06-30": "11.01190", "2010-03-31": "7.74820", "2009-12-31": "12.55780", "2009-09-30": "15.49730", "2009-06-30": "8.99770", "2009-03-31": "8.43760", "2008-12-31": "5.68420", "2008-09-30": "11.86440", "2008-06-30": "8.30060", "2008-03-31": "10.77760", "2007-12-31": "7.09740", "2007-09-30": "14.02090", "2007-06-30": "9.66300", "2007-03-31": "7.87640", "2006-12-31": "10.81420", "2006-09-30": "11.94830", "2006-06-30": "10.72100", "2006-03-31": "7.53990", "2005-12-31": "3.40190", "2005-09-30": "12.07460", "2005-06-30": "11.70160", "2005-03-31": "8.15080"}, "Asset Turnover": {"2020-09-30": "0.05180", "2020-06-30": "0.04520", "2020-03-31": "0.04620", "2019-12-31": "0.04760", "2019-09-30": "0.06220", "2019-06-30": "0.05270", "2019-03-31": "0.05260", "2018-12-31": "0.05200", "2018-09-30": "0.06400", "2018-06-30": "0.05600", "2018-03-31": "0.05760", "2017-12-31": "0.05620", "2017-09-30": "0.06990", "2017-06-30": "0.05690", "2017-03-31": "0.05710", "2016-12-31": "0.05770", "2016-09-30": "0.06550", "2016-06-30": "0.05370", "2016-03-31": "0.05680", "2015-12-31": "0.05620", "2015-09-30": "0.07490", "2015-06-30": "0.05860", "2015-03-31": "0.06300", "2014-12-31": "0.06100", "2014-09-30": "0.07760", "2014-06-30": "0.06790", "2014-03-31": "0.07310", "2013-12-31": "0.06200", "2013-09-30": "0.07740", "2013-06-30": "0.06330", "2013-03-31": "0.06100", "2012-12-31": "0.05640", "2012-09-30": "0.07050", "2012-06-30": "0.06160", "2012-03-31": "0.05820", "2011-12-31": "0.06120", "2011-09-30": "0.08670", "2011-06-30": "0.07160", "2011-03-31": "0.06580", "2010-12-31": "0.06550", "2010-09-30": "0.08620", "2010-06-30": "0.07580", "2010-03-31": "0.07240", "2009-12-31": "0.06650", "2009-09-30": "0.08120", "2009-06-30": "0.06910", "2009-03-31": "0.07620", "2008-12-31": "0.08200", "2008-09-30": "0.10870", "2008-06-30": "0.09410", "2008-03-31": "0.08480", "2007-12-31": "0.08120", "2007-09-30": "0.09740", "2007-06-30": "0.08290", "2007-03-31": "0.08650", "2006-12-31": "0.07980", "2006-09-30": "0.10650", "2006-06-30": "0.08600", "2006-03-31": "0.08420", "2005-12-31": "0.08600", "2005-09-30": "0.09670", "2005-06-30": "0.08560", "2005-03-31": "0.07420"}, "Inventory Turnover Ratio": {"2020-09-30": "0.64470", "2020-06-30": "0.53360", "2020-03-31": "0.61480", "2019-12-31": "0.69880", "2019-09-30": "0.97620", "2019-06-30": "0.88610", "2019-03-31": "0.91540", "2018-12-31": "1.05250", "2018-09-30": "1.32700", "2018-06-30": "0.95270", "2018-03-31": "0.89230", "2017-12-31": "0.89490", "2017-09-30": "1.16210", "2017-06-30": "0.93480", "2017-03-31": "0.90750", "2016-12-31": "0.91350", "2016-09-30": "0.75520", "2016-06-30": "0.56120", "2016-03-31": "0.69720", "2015-12-31": "0.74110", "2015-09-30": "1.08650", "2015-06-30": "0.75840", "2015-03-31": "0.83990", "2014-12-31": "0.87500", "2014-09-30": "1.19380", "2014-06-30": "1.01100", "2014-03-31": "0.99930", "2013-12-31": "0.82790", "2013-09-30": "1.09720", "2013-06-30": "0.85340", "2013-03-31": "0.77020", "2012-12-31": "0.65960", "2012-09-30": "0.82090", "2012-06-30": "0.68990", "2012-03-31": "3.70510", "2011-12-31": "0.77260", "2011-09-30": "1.23230", "2011-06-30": "0.93740", "2011-03-31": "0.80090", "2010-12-31": "0.80310", "2010-09-30": "1.17960", "2010-06-30": "1.00940", "2010-03-31": "0.99680", "2009-12-31": "0.72760", "2009-09-30": "0.92670", "2009-06-30": "0.82800", "2009-03-31": "1.15110", "2008-12-31": "1.40930", "2008-09-30": "2.06800", "2008-06-30": "1.55920", "2008-03-31": "1.24100", "2007-12-31": "1.29150", "2007-09-30": "1.51000", "2007-06-30": "1.36810", "2007-03-31": "1.51190", "2006-12-31": "1.43640", "2006-09-30": "2.00060", "2006-06-30": "1.55190", "2006-03-31": "1.62890", "2005-12-31": "1.69240", "2005-09-30": "1.86490", "2005-06-30": "1.48250", "2005-03-31": "1.32580"}, "Receiveable Turnover": {"2020-09-30": "2.15490", "2020-06-30": "2.04920", "2020-03-31": "2.25560", "2019-12-31": "2.03730", "2019-09-30": "2.34660", "2019-06-30": "2.15950", "2019-03-31": "2.42820", "2018-12-31": "2.25460", "2018-09-30": "2.27150", "2018-06-30": "2.12070", "2018-03-31": "2.51790", "2017-12-31": "2.16320", "2017-09-30": "2.46970", "2017-06-30": "2.33710", "2017-03-31": "2.65990", "2016-12-31": "2.26340", "2016-09-30": "2.26350", "2016-06-30": "2.10480", "2016-03-31": "2.62710", "2015-12-31": "2.34680", "2015-09-30": "2.52890", "2015-06-30": "2.27930", "2015-03-31": "2.73440", "2014-12-31": "2.56630", "2014-09-30": "2.63300", "2014-06-30": "2.43050", "2014-03-31": "2.84420", "2013-12-31": "2.29650", "2013-09-30": "2.64400", "2013-06-30": "2.24000", "2013-03-31": "2.52910", "2012-12-31": "2.43210", "2012-09-30": "2.58310", "2012-06-30": "2.42770", "2012-03-31": "2.87510", "2011-12-31": "2.48440", "2011-09-30": "2.72000", "2011-06-30": "2.33000", "2011-03-31": "2.72620", "2010-12-31": "2.44610", "2010-09-30": "2.73760", "2010-06-30": "2.45500", "2010-03-31": "2.94490", "2009-12-31": "2.54750", "2009-09-30": "2.71350", "2009-06-30": "2.30130", "2009-03-31": "2.80320", "2008-12-31": "2.50460", "2008-09-30": "2.75000", "2008-06-30": "2.34350", "2008-03-31": "2.41660", "2007-12-31": "2.32290", "2007-09-30": "2.29860", "2007-06-30": "2.23960", "2007-03-31": "2.53270", "2006-12-31": "2.20020", "2006-09-30": "2.42270", "2006-06-30": "2.15110", "2006-03-31": "2.21230", "2005-12-31": "1.72720", "2005-09-30": "1.57150", "2005-06-30": "1.79920", "2005-03-31": "1.97550"}, "Days Sales In Receivables": {"2020-09-30": "41.76510", "2020-06-30": "43.91920", "2020-03-31": "39.90090", "2019-12-31": "44.17540", "2019-09-30": "38.35390", "2019-06-30": "41.67570", "2019-03-31": "37.06480", "2018-12-31": "39.91930", "2018-09-30": "39.62180", "2018-06-30": "42.43980", "2018-03-31": "35.74390", "2017-12-31": "41.60520", "2017-09-30": "36.44100", "2017-06-30": "38.50960", "2017-03-31": "33.83590", "2016-12-31": "39.76360", "2016-09-30": "39.76090", "2016-06-30": "42.75930", "2016-03-31": "34.25790", "2015-12-31": "38.34970", "2015-09-30": "35.58830", "2015-06-30": "39.48530", "2015-03-31": "32.91390", "2014-12-31": "35.06950", "2014-09-30": "34.18180", "2014-06-30": "37.02980", "2014-03-31": "31.64300", "2013-12-31": "39.19040", "2013-09-30": "34.03930", "2013-06-30": "40.17920", "2013-03-31": "35.58640", "2012-12-31": "37.00520", "2012-09-30": "34.84160", "2012-06-30": "37.07240", "2012-03-31": "31.30300", "2011-12-31": "36.22620", "2011-09-30": "33.08840", "2011-06-30": "38.62590", "2011-03-31": "33.01280", "2010-12-31": "36.79370", "2010-09-30": "32.87600", "2010-06-30": "36.65940", "2010-03-31": "30.56150", "2009-12-31": "35.32880", "2009-09-30": "33.16790", "2009-06-30": "39.10860", "2009-03-31": "32.10650", "2008-12-31": "35.93370", "2008-09-30": "32.72740", "2008-06-30": "38.40330", "2008-03-31": "37.24240", "2007-12-31": "38.74460", "2007-09-30": "39.15350", "2007-06-30": "40.18490", "2007-03-31": "35.53550", "2006-12-31": "40.90580", "2006-09-30": "37.14790", "2006-06-30": "41.83830", "2006-03-31": "40.68180", "2005-12-31": "52.10610", "2005-09-30": "57.26850", "2005-06-30": "50.02260", "2005-03-31": "45.55830"}, "ROE - Return On Equity": {"2020-09-30": "4.88030", "2020-06-30": "3.50200", "2020-03-31": "1.20590", "2019-12-31": "3.81080", "2019-09-30": "3.68170", "2019-06-30": "2.45500", "2019-03-31": "2.88330", "2018-12-31": "-0.70470", "2018-09-30": "6.41670", "2018-06-30": "3.10200", "2018-03-31": "1.70780", "2017-12-31": "-5.95190", "2017-09-30": "4.62180", "2017-06-30": "4.93820", "2017-03-31": "1.06800", "2016-12-31": "-21.84580", "2016-09-30": "3.90510", "2016-06-30": "5.86800", "2016-03-31": "2.51300", "2015-12-31": "1.13270", "2015-09-30": "-7.84340", "2015-06-30": "1.51330", "2015-03-31": "2.98920", "2014-12-31": "1.24910", "2014-09-30": "2.31470", "2014-06-30": "1.93070", "2014-03-31": "4.08160", "2013-12-31": "1.57130", "2013-09-30": "2.59530", "2013-06-30": "1.81200", "2013-03-31": "1.81240", "2012-12-31": "3.28200", "2012-09-30": "3.72850", "2012-06-30": "4.10390", "2012-03-31": "-1.64610", "2011-12-31": "1.78580", "2011-09-30": "7.06130", "2011-06-30": "3.72890", "2011-03-31": "2.97220", "2010-12-31": "2.74600", "2010-09-30": "5.70220", "2010-06-30": "3.65170", "2010-03-31": "2.46970", "2009-12-31": "3.70050", "2009-09-30": "5.42440", "2009-06-30": "2.64430", "2009-03-31": "2.78470", "2008-12-31": "2.20390", "2008-09-30": "5.95830", "2008-06-30": "3.76810", "2008-03-31": "4.08890", "2007-12-31": "2.78530", "2007-09-30": "5.78620", "2007-06-30": "3.43630", "2007-03-31": "2.70690", "2006-12-31": "3.39860", "2006-09-30": "4.55620", "2006-06-30": "3.27300", "2006-03-31": "2.43670", "2005-12-31": "1.34900", "2005-09-30": "4.62550", "2005-06-30": "3.71520", "2005-03-31": "2.24270"}, "Return On Tangible Equity": {"2020-09-30": "4.93660", "2020-06-30": "3.62080", "2020-03-31": "1.22060", "2019-12-31": "3.85710", "2019-09-30": "3.72730", "2019-06-30": "2.49520", "2019-03-31": "2.93490", "2018-12-31": "-0.71750", "2018-09-30": "6.55650", "2018-06-30": "3.17300", "2018-03-31": "1.74710", "2017-12-31": "-6.08860", "2017-09-30": "4.83150", "2017-06-30": "5.04300", "2017-03-31": "1.09160", "2016-12-31": "-22.32650", "2016-09-30": "3.96170", "2016-06-30": "5.90370", "2016-03-31": "2.52900", "2015-12-31": "1.13990", "2015-09-30": "-8.18040", "2015-06-30": "1.55670", "2015-03-31": "3.07520", "2014-12-31": "1.28550", "2014-09-30": "2.38110", "2014-06-30": "1.98670", "2014-03-31": "4.20120", "2013-12-31": "1.61890", "2013-09-30": "2.67590", "2013-06-30": "1.86910", "2013-03-31": "1.86990", "2012-12-31": "3.38630", "2012-09-30": "3.84700", "2012-06-30": "4.23680", "2012-03-31": "-1.70010", "2011-12-31": "1.84400", "2011-09-30": "7.29160", "2011-06-30": "3.85590", "2011-03-31": "3.07420", "2010-12-31": "2.84060", "2010-09-30": "5.89330", "2010-06-30": "3.77360", "2010-03-31": "2.55120", "2009-12-31": "3.82630", "2009-09-30": "5.61170", "2009-06-30": "2.73260", "2009-03-31": "2.87920", "2008-12-31": "2.28510", "2008-09-30": "6.25400", "2008-06-30": "3.97270", "2008-03-31": "4.30030", "2007-12-31": "2.92560", "2007-09-30": "6.07370", "2007-06-30": "3.61120", "2007-03-31": "2.84370", "2006-12-31": "3.56250", "2006-09-30": "4.76630", "2006-06-30": "3.43060", "2006-03-31": "2.55670", "2005-12-31": "1.41800", "2005-09-30": "4.85860", "2005-06-30": "3.90020", "2005-03-31": "2.35340"}, "ROA - Return On Assets": {"2020-09-30": "0.93760", "2020-06-30": "0.68420", "2020-03-31": "0.23460", "2019-12-31": "0.75320", "2019-09-30": "0.73150", "2019-06-30": "0.47570", "2019-03-31": "0.52140", "2018-12-31": "-0.12910", "2018-09-30": "1.11370", "2018-06-30": "0.52260", "2018-03-31": "0.28810", "2017-12-31": "-1.01850", "2017-09-30": "0.86560", "2017-06-30": "0.89850", "2017-03-31": "0.18990", "2016-12-31": "-3.84610", "2016-09-30": "0.82370", "2016-06-30": "1.24810", "2016-03-31": "0.51210", "2015-12-31": "0.23480", "2015-09-30": "-1.59460", "2015-06-30": "0.33230", "2015-03-31": "0.65320", "2014-12-31": "0.26930", "2014-09-30": "0.52740", "2014-06-30": "0.44000", "2014-03-31": "0.92540", "2013-12-31": "0.34870", "2013-09-30": "0.56360", "2013-06-30": "0.38850", "2013-03-31": "0.39020", "2012-12-31": "0.69870", "2012-09-30": "0.81540", "2012-06-30": "0.90570", "2012-03-31": "-0.35850", "2011-12-31": "0.39320", "2011-09-30": "1.61660", "2011-06-30": "0.81930", "2011-03-31": "0.65720", "2010-12-31": "0.60310", "2010-09-30": "1.28760", "2010-06-30": "0.84840", "2010-03-31": "0.57420", "2009-12-31": "0.84860", "2009-09-30": "1.27220", "2009-06-30": "0.63540", "2009-03-31": "0.65640", "2008-12-31": "0.47950", "2008-09-30": "1.30370", "2008-06-30": "0.79530", "2008-03-31": "0.92920", "2007-12-31": "0.65090", "2007-09-30": "1.36610", "2007-06-30": "0.80090", "2007-03-31": "0.68130", "2006-12-31": "0.89640", "2006-09-30": "1.27610", "2006-06-30": "0.87910", "2006-03-31": "0.64180", "2005-12-31": "0.33870", "2005-09-30": "1.21300", "2005-06-30": "1.03340", "2005-03-31": "0.63230"}, "ROI - Return On Investment": {"2020-09-30": "1.71580", "2020-06-30": "1.27040", "2020-03-31": "0.42950", "2019-12-31": "1.41380", "2019-09-30": "1.35690", "2019-06-30": "0.88360", "2019-03-31": "0.98130", "2018-12-31": "-0.25350", "2018-09-30": "2.21130", "2018-06-30": "1.07740", "2018-03-31": "0.57260", "2017-12-31": "-2.11170", "2017-09-30": "1.77010", "2017-06-30": "1.80470", "2017-03-31": "0.38740", "2016-12-31": "-7.75130", "2016-09-30": "1.62560", "2016-06-30": "2.46660", "2016-03-31": "1.01370", "2015-12-31": "0.46160", "2015-09-30": "-3.22980", "2015-06-30": "0.68710", "2015-03-31": "1.34250", "2014-12-31": "0.55510", "2014-09-30": "1.07230", "2014-06-30": "0.87820", "2014-03-31": "1.82310", "2013-12-31": "0.69120", "2013-09-30": "1.11950", "2013-06-30": "0.78180", "2013-03-31": "0.79250", "2012-12-31": "1.42070", "2012-09-30": "1.62650", "2012-06-30": "1.75390", "2012-03-31": "-0.69330", "2011-12-31": "0.83620", "2011-09-30": "3.27320", "2011-06-30": "1.54210", "2011-03-31": "1.25260", "2010-12-31": "1.16950", "2010-09-30": "2.45110", "2010-06-30": "1.60780", "2010-03-31": "1.08710", "2009-12-31": "1.61250", "2009-09-30": "2.43170", "2009-06-30": "1.19830", "2009-03-31": "1.20530", "2008-12-31": "0.89680", "2008-09-30": "2.34840", "2008-06-30": "1.50240", "2008-03-31": "1.75510", "2007-12-31": "1.22950", "2007-09-30": "2.52090", "2007-06-30": "1.46510", "2007-03-31": "1.22980", "2006-12-31": "1.62140", "2006-09-30": "2.24660", "2006-06-30": "1.54820", "2006-03-31": "1.14460", "2005-12-31": "0.62410", "2005-09-30": "2.21180", "2005-06-30": "1.85010", "2005-03-31": "1.14970"}, "Book Value Per Share": {"2020-09-30": "55.06740", "2020-06-30": "52.25010", "2020-03-31": "52.34960", "2019-12-31": "52.61430", "2019-09-30": "51.68330", "2019-06-30": "50.41590", "2019-03-31": "48.38870", "2018-12-31": "47.94190", "2018-09-30": "47.53730", "2018-06-30": "45.45560", "2018-03-31": "45.20350", "2017-12-31": "45.37120", "2017-09-30": "48.37960", "2017-06-30": "47.76120", "2017-03-31": "46.03600", "2016-12-31": "46.25160", "2016-09-30": "57.51330", "2016-06-30": "56.32310", "2016-03-31": "54.15750", "2015-12-31": "53.67470", "2015-09-30": "51.33290", "2015-06-30": "57.10700", "2015-03-31": "56.97590", "2014-12-31": "56.35830", "2014-09-30": "57.01660", "2014-06-30": "56.56500", "2014-03-31": "56.05790", "2013-12-31": "54.52940", "2013-09-30": "53.29290", "2013-06-30": "52.56150", "2013-03-31": "52.25880", "2012-12-31": "52.25350", "2012-09-30": "52.25650", "2012-06-30": "51.49240", "2012-03-31": "50.85050", "2011-12-31": "51.34650", "2011-09-30": "51.45140", "2011-06-30": "49.15100", "2011-03-31": "48.40540", "2010-12-31": "48.05930", "2010-09-30": "48.62060", "2010-06-30": "47.27990", "2010-03-31": "47.30880", "2009-12-31": "46.04200", "2009-09-30": "45.40710", "2009-06-30": "45.17820", "2009-03-31": "44.49460", "2008-12-31": "42.56800", "2008-09-30": "42.01590", "2008-06-30": "38.43170", "2008-03-31": "39.98580", "2007-12-31": "40.71370", "2007-09-30": "41.02660", "2007-06-30": "39.72020", "2007-03-31": "39.62720", "2006-12-31": "40.44980", "2006-09-30": "41.03340", "2006-06-30": "39.45340", "2006-03-31": "38.65980", "2005-12-31": "37.33590", "2005-09-30": "37.88720", "2005-06-30": "37.86700", "2005-03-31": "37.65610"}, "Operating Cash Flow Per Share": {"2020-09-30": 4.5755, "2020-06-30": 3.9291, "2020-03-31": "3.28050", "2019-12-31": 3.734, "2019-09-30": 5.1421, "2019-06-30": 2.8144, "2019-03-31": "2.60720", "2018-12-31": 2.8828, "2018-09-30": 4.2226, "2018-06-30": 2.8296, "2018-03-31": "3.07220", "2017-12-31": 5.0409, "2017-09-30": 4.9429, "2017-06-30": 1.6042, "2017-03-31": "2.94370", "2016-12-31": 4.2493, "2016-09-30": 5.5387, "2016-06-30": 3.9981, "2016-03-31": "2.97710", "2015-12-31": 5.253, "2015-09-30": 5.685, "2015-06-30": 4.0452, "2015-03-31": "3.38520", "2014-12-31": 5.5562, "2014-09-30": 7.527, "2014-06-30": 4.2054, "2014-03-31": "4.28450", "2013-12-31": 5.5484, "2013-09-30": 6.0638, "2013-06-30": 3.1986, "2013-03-31": "3.04900", "2012-12-31": 4.0703, "2012-09-30": 5.7824, "2012-06-30": 3.3049, "2012-03-31": "3.38520", "2011-12-31": 5.5575, "2011-09-30": 6.5218, "2011-06-30": 3.6676, "2011-03-31": "1.79420", "2010-12-31": 4.0485, "2010-09-30": 9.1592, "2010-06-30": 4.1715, "2010-03-31": "3.52490", "2009-12-31": 4.7193, "2009-09-30": 5.1314, "2009-06-30": 3.2353, "2009-03-31": "1.89150", "2008-12-31": 2.7259, "2008-09-30": 9.1949, "2008-06-30": 2.3571, "2008-03-31": "2.26010", "2007-12-31": 4.5113, "2007-09-30": 3.3725, "2007-06-30": 2.3464, "2007-03-31": "2.39320", "2006-12-31": 5.6779, "2006-09-30": 3.6293, "2006-06-30": 2.2082, "2006-03-31": "4.79010", "2005-12-31": 1.6316, "2005-09-30": 1.6266, "2005-06-30": 1.3145, "2005-03-31": "2.27210"}, "Free Cash Flow Per Share": {"2020-09-30": -0.3358, "2020-06-30": -1.7546, "2020-03-31": "-2.03670", "2019-12-31": -3.7159, "2019-09-30": 0.5303, "2019-06-30": -2.8854, "2019-03-31": "-2.34320", "2018-12-31": -3.0534, "2018-09-30": -1.1509, "2018-06-30": -2.2325, "2018-03-31": "-2.06190", "2017-12-31": -0.6497, "2017-09-30": -0.0462, "2017-06-30": -3.4922, "2017-03-31": "-0.80150", "2016-12-31": -0.0773, "2016-09-30": 1.6259, "2016-06-30": 0.3551, "2016-03-31": "-5.87210", "2015-12-31": 3.6509, "2015-09-30": 2.2704, "2015-06-30": 0.9138, "2015-03-31": "0.43220", "2014-12-31": 2.1479, "2014-09-30": 4.3544, "2014-06-30": 1.5738, "2014-03-31": "1.79910", "2013-12-31": 3.4395, "2013-09-30": 3.0631, "2013-06-30": -0.2295, "2013-03-31": "-0.49250", "2012-12-31": -3.0421, "2012-09-30": 2.3352, "2012-06-30": -0.5745, "2012-03-31": "0.20840", "2011-12-31": 0.4025, "2011-09-30": 3.832, "2011-06-30": -0.8452, "2011-03-31": "-0.90770", "2010-12-31": 1.0073, "2010-09-30": 6.505, "2010-06-30": 1.6943, "2010-03-31": "1.18560", "2009-12-31": 1.5453, "2009-09-30": 3.1455, "2009-06-30": 0.8348, "2009-03-31": "-0.40960", "2008-12-31": -0.7922, "2008-09-30": 4.9297, "2008-06-30": 0.6218, "2008-03-31": "0.09300", "2007-12-31": 1.7368, "2007-09-30": 1.4816, "2007-06-30": -0.9604, "2007-03-31": "0.92540", "2006-12-31": 3.7594, "2006-09-30": 2.2768, "2006-06-30": 0.8975, "2006-03-31": "1.23070", "2005-12-31": -1.0294, "2005-09-30": 0.3418, "2005-06-30": -1.0517, "2005-03-31": "1.02880"}}, "revenue": {"Entergy Annual Revenue (Millions of US $)": {"2019": "$10,879", "2018": "$11,009", "2017": "$11,074", "2016": "$10,846", "2015": "$11,513", "2014": "$12,495", "2013": "$11,391", "2012": "$10,302", "2011": "$11,229", "2010": "$11,488", "2009": "$10,746", "2008": "$13,094", "2007": "$11,484", "2006": "$10,932", "2005": "$10,106"}, "Entergy Quarterly Revenue (Millions of US $)": {"2020-09-30": "$2,904", "2020-06-30": "$2,413", "2020-03-31": "$2,427", "2019-12-31": "$2,462", "2019-09-30": "$3,141", "2019-06-30": "$2,666", "2019-03-31": "$2,610", "2018-12-31": "$2,512", "2018-09-30": "$3,104", "2018-06-30": "$2,669", "2018-03-31": "$2,724", "2017-12-31": "$2,624", "2017-09-30": "$3,244", "2017-06-30": "$2,619", "2017-03-31": "$2,588", "2016-12-31": "$2,649", "2016-09-30": "$3,125", "2016-06-30": "$2,463", "2016-03-31": "$2,610", "2015-12-31": "$2,509", "2015-09-30": "$3,371", "2015-06-30": "$2,713", "2015-03-31": "$2,920", "2014-12-31": "$2,831", "2014-09-30": "$3,458", "2014-06-30": "$2,997", "2014-03-31": "$3,209", "2013-12-31": "$2,692", "2013-09-30": "$3,352", "2013-06-30": "$2,738", "2013-03-31": "$2,609", "2012-12-31": "$2,436", "2012-09-30": "$2,964", "2012-06-30": "$2,519", "2012-03-31": "$2,384", "2011-12-31": "$2,489", "2011-09-30": "$3,396", "2011-06-30": "$2,803", "2011-03-31": "$2,541", "2010-12-31": "$2,533", "2010-09-30": "$3,332", "2010-06-30": "$2,863", "2010-03-31": "$2,759", "2009-12-31": "$2,499", "2009-09-30": "$2,937", "2009-06-30": "$2,521", "2009-03-31": "$2,789", "2008-12-31": "$3,001", "2008-09-30": "$3,964", "2008-06-30": "$3,264", "2008-03-31": "$2,865", "2007-12-31": "$2,732", "2007-09-30": "$3,289", "2007-06-30": "$2,769", "2007-03-31": "$2,694", "2006-12-31": "$2,481", "2006-09-30": "$3,255", "2006-06-30": "$2,629", "2006-03-31": "$2,568", "2005-12-31": "$2,652", "2005-09-30": "$2,898", "2005-06-30": "$2,445", "2005-03-31": "$2,110"}}, "gross-profit": {"Entergy Annual Gross Profit (Millions of US $)": {"2019": "$7,656", "2018": "$7,203", "2017": "$7,655", "2016": "$7,816", "2015": "$7,670", "2014": "$7,947", "2013": "$7,391", "2012": "$7,009", "2011": "$7,171", "2010": "$7,310", "2009": "$7,041", "2008": "$7,025", "2007": "$6,563", "2006": "$5,650", "2005": "$5,409"}, "Entergy Quarterly Gross Profit (Millions of US $)": {"2020-09-30": "$2,217", "2020-06-30": "$1,860", "2020-03-31": "$1,813", "2019-12-31": "$1,784", "2019-09-30": "$2,227", "2019-06-30": "$1,853", "2019-03-31": "$1,792", "2018-12-31": "$1,597", "2018-09-30": "$1,936", "2018-06-30": "$1,786", "2018-03-31": "$1,885", "2017-12-31": "$1,813", "2017-09-30": "$2,223", "2017-06-30": "$1,806", "2017-03-31": "$1,813", "2016-12-31": "$1,846", "2016-09-30": "$2,289", "2016-06-30": "$1,838", "2016-03-31": "$1,843", "2015-12-31": "$1,700", "2015-09-30": "$2,182", "2015-06-30": "$1,841", "2015-03-31": "$1,948", "2014-12-31": "$1,848", "2014-09-30": "$2,134", "2014-06-30": "$1,875", "2014-03-31": "$2,090", "2013-12-31": "$1,761", "2013-09-30": "$2,141", "2013-06-30": "$1,763", "2013-03-31": "$1,725", "2012-12-31": "$1,683", "2012-09-30": "$2,031", "2012-06-30": "$1,736", "2012-03-31": "$1,560", "2011-12-31": "$1,642", "2011-09-30": "$2,070", "2011-06-30": "$1,789", "2011-03-31": "$1,671", "2010-12-31": "$1,670", "2010-09-30": "$2,099", "2010-06-30": "$1,815", "2010-03-31": "$1,726", "2009-12-31": "$1,755", "2009-09-30": "$1,990", "2009-06-30": "$1,677", "2009-03-31": "$1,620", "2008-12-31": "$1,602", "2008-09-30": "$1,930", "2008-06-30": "$1,789", "2008-03-31": "$1,704", "2007-12-31": "$1,568", "2007-09-30": "$1,959", "2007-06-30": "$1,573", "2007-03-31": "$1,462", "2006-12-31": "$1,335", "2006-09-30": "$1,659", "2006-06-30": "$1,389", "2006-03-31": "$1,266", "2005-12-31": "$1,270", "2005-09-30": "$1,542", "2005-06-30": "$1,417", "2005-03-31": "$1,180"}}, "operating-income": {"Entergy Annual Operating Income (Millions of US $)": {"2019": "$1,390", "2018": "$469", "2017": "$1,360", "2016": "$-815", "2015": "$-299", "2014": "$2,007", "2013": "$1,355", "2012": "$1,301", "2011": "$2,013", "2010": "$2,267", "2009": "$2,285", "2008": "$2,283", "2007": "$2,056", "2006": "$1,805", "2005": "$1,792"}, "Entergy Quarterly Operating Income (Millions of US $)": {"2020-09-30": "$778", "2020-06-30": "$439", "2020-03-31": "$400", "2019-12-31": "$249", "2019-09-30": "$520", "2019-06-30": "$339", "2019-03-31": "$283", "2018-12-31": "$-229", "2018-09-30": "$271", "2018-06-30": "$92", "2018-03-31": "$336", "2017-12-31": "$237", "2017-09-30": "$759", "2017-06-30": "$169", "2017-03-31": "$195", "2016-12-31": "$-2,528", "2016-09-30": "$772", "2016-06-30": "$442", "2016-03-31": "$498", "2015-12-31": "$-254", "2015-09-30": "$-965", "2015-06-30": "$377", "2015-03-31": "$543", "2014-12-31": "$320", "2014-09-30": "$493", "2014-06-30": "$454", "2014-03-31": "$740", "2013-12-31": "$226", "2013-09-30": "$389", "2013-06-30": "$347", "2013-03-31": "$394", "2012-12-31": "$324", "2012-09-30": "$691", "2012-06-30": "$343", "2012-03-31": "$-57", "2011-12-31": "$343", "2011-09-30": "$601", "2011-06-30": "$559", "2011-03-31": "$511", "2010-12-31": "$394", "2010-09-30": "$771", "2010-06-30": "$626", "2010-03-31": "$477", "2009-12-31": "$503", "2009-09-30": "$800", "2009-06-30": "$474", "2009-03-31": "$507", "2008-12-31": "$357", "2008-09-30": "$752", "2008-06-30": "$568", "2008-03-31": "$606", "2007-12-31": "$329", "2007-09-30": "$810", "2007-06-30": "$478", "2007-03-31": "$439", "2006-12-31": "$279", "2006-09-30": "$644", "2006-06-30": "$487", "2006-03-31": "$395", "2005-12-31": "$311", "2005-09-30": "$654", "2005-06-30": "$516", "2005-03-31": "$311"}}, "ebitda": {"Entergy Annual EBITDA (Millions of US $)": {"2019": "$3,573", "2018": "$2,510", "2017": "$3,439", "2016": "$1,308", "2015": "$1,818", "2014": "$4,135", "2013": "$3,367", "2012": "$3,073", "2011": "$3,759", "2010": "$3,973", "2009": "$3,743", "2008": "$3,675", "2007": "$3,188", "2006": "$2,841", "2005": "$2,794"}, "Entergy Quarterly EBITDA (Millions of US $)": {"2020-09-30": "$1,342", "2020-06-30": "$1,002", "2020-03-31": "$968", "2019-12-31": "$796", "2019-09-30": "$1,086", "2019-06-30": "$877", "2019-03-31": "$813", "2018-12-31": "$294", "2018-09-30": "$761", "2018-06-30": "$594", "2018-03-31": "$861", "2017-12-31": "$754", "2017-09-30": "$1,278", "2017-06-30": "$680", "2017-03-31": "$727", "2016-12-31": "$-1,953", "2016-09-30": "$1,308", "2016-06-30": "$955", "2016-03-31": "$998", "2015-12-31": "$250", "2015-09-30": "$-422", "2015-06-30": "$921", "2015-03-31": "$1,069", "2014-12-31": "$862", "2014-09-30": "$1,036", "2014-06-30": "$980", "2014-03-31": "$1,256", "2013-12-31": "$765", "2013-09-30": "$913", "2013-06-30": "$823", "2013-03-31": "$867", "2012-12-31": "$802", "2012-09-30": "$1,152", "2012-06-30": "$726", "2012-03-31": "$393", "2011-12-31": "$772", "2011-09-30": "$1,065", "2011-06-30": "$988", "2011-03-31": "$933", "2010-12-31": "$840", "2010-09-30": "$1,198", "2010-06-30": "$1,035", "2010-03-31": "$900", "2009-12-31": "$886", "2009-09-30": "$1,179", "2009-06-30": "$823", "2009-03-31": "$855", "2008-12-31": "$851", "2008-09-30": "$1,063", "2008-06-30": "$863", "2008-03-31": "$897", "2007-12-31": "$627", "2007-09-30": "$1,093", "2007-06-30": "$759", "2007-03-31": "$709", "2006-12-31": "$548", "2006-09-30": "$913", "2006-06-30": "$742", "2006-03-31": "$637", "2005-12-31": "$566", "2005-09-30": "$907", "2005-06-30": "$757", "2005-03-31": "$564"}}, "net-income": {"Entergy Annual Net Income (Millions of US $)": {"2019": "$1,241", "2018": "$849", "2017": "$412", "2016": "$-584", "2015": "$-177", "2014": "$941", "2013": "$712", "2012": "$847", "2011": "$1,346", "2010": "$1,250", "2009": "$1,231", "2008": "$1,221", "2007": "$1,135", "2006": "$1,133", "2005": "$898"}, "Entergy Quarterly Net Income (Millions of US $)": {"2020-09-30": "$521", "2020-06-30": "$361", "2020-03-31": "$119", "2019-12-31": "$385", "2019-09-30": "$365", "2019-06-30": "$236", "2019-03-31": "$255", "2018-12-31": "$-66", "2018-09-30": "$536", "2018-06-30": "$245", "2018-03-31": "$133", "2017-12-31": "$-479", "2017-09-30": "$398", "2017-06-30": "$410", "2017-03-31": "$83", "2016-12-31": "$-1,769", "2016-09-30": "$388", "2016-06-30": "$567", "2016-03-31": "$230", "2015-12-31": "$100", "2015-09-30": "$-723", "2015-06-30": "$149", "2015-03-31": "$298", "2014-12-31": "$120", "2014-09-30": "$230", "2014-06-30": "$189", "2014-03-31": "$401", "2013-12-31": "$147", "2013-09-30": "$240", "2013-06-30": "$164", "2013-03-31": "$161", "2012-12-31": "$296", "2012-09-30": "$337", "2012-06-30": "$365", "2012-03-31": "$-152", "2011-12-31": "$154", "2011-09-30": "$628", "2011-06-30": "$316", "2011-03-31": "$249", "2010-12-31": "$228", "2010-09-30": "$493", "2010-06-30": "$315", "2010-03-31": "$214", "2009-12-31": "$314", "2009-09-30": "$455", "2009-06-30": "$227", "2009-03-31": "$235", "2008-12-31": "$171", "2008-09-30": "$470", "2008-06-30": "$271", "2008-03-31": "$309", "2007-12-31": "$194", "2007-09-30": "$461", "2007-06-30": "$268", "2007-03-31": "$212", "2006-12-31": "$268", "2006-09-30": "$389", "2006-06-30": "$282", "2006-03-31": "$194", "2005-12-31": "$90", "2005-09-30": "$350", "2005-06-30": "$286", "2005-03-31": "$172"}}, "eps-earnings-per-share-diluted": {"Entergy Annual EPS": {"2019": "$6.30", "2018": "$4.63", "2017": "$2.28", "2016": "$-3.26", "2015": "$-0.99", "2014": "$5.22", "2013": "$3.99", "2012": "$4.76", "2011": "$7.55", "2010": "$6.66", "2009": "$6.30", "2008": "$6.20", "2007": "$5.60", "2006": "$5.36", "2005": "$4.19"}, "Entergy Quarterly EPS": {"2020-09-30": "$2.59", "2020-06-30": "$1.79", "2020-03-31": "$0.59", "2019-12-31": "$1.94", "2019-09-30": "$1.82", "2019-06-30": "$1.22", "2019-03-31": "$1.32", "2018-12-31": "$-0.36", "2018-09-30": "$2.92", "2018-06-30": "$1.34", "2018-03-31": "$0.73", "2017-12-31": "$-2.66", "2017-09-30": "$2.21", "2017-06-30": "$2.27", "2017-03-31": "$0.46", "2016-12-31": "$-9.86", "2016-09-30": "$2.16", "2016-06-30": "$3.16", "2016-03-31": "$1.28", "2015-12-31": "$0.57", "2015-09-30": "$-4.04", "2015-06-30": "$0.83", "2015-03-31": "$1.65", "2014-12-31": "$0.66", "2014-09-30": "$1.27", "2014-06-30": "$1.05", "2014-03-31": "$2.24", "2013-12-31": "$0.83", "2013-09-30": "$1.34", "2013-06-30": "$0.92", "2013-03-31": "$0.90", "2012-12-31": "$1.67", "2012-09-30": "$1.89", "2012-06-30": "$2.06", "2012-03-31": "$-0.86", "2011-12-31": "$0.88", "2011-09-30": "$3.53", "2011-06-30": "$1.76", "2011-03-31": "$1.38", "2010-12-31": "$1.27", "2010-09-30": "$2.62", "2010-06-30": "$1.65", "2010-03-31": "$1.12", "2009-12-31": "$1.64", "2009-09-30": "$2.32", "2009-06-30": "$1.14", "2009-03-31": "$1.20", "2008-12-31": "$0.86", "2008-09-30": "$2.41", "2008-06-30": "$1.37", "2008-03-31": "$1.56", "2007-12-31": "$0.95", "2007-09-30": "$2.30", "2007-06-30": "$1.32", "2007-03-31": "$1.03", "2006-12-31": "$1.28", "2006-09-30": "$1.83", "2006-06-30": "$1.33", "2006-03-31": "$0.92", "2005-12-31": "$0.42", "2005-09-30": "$1.65", "2005-06-30": "$1.33", "2005-03-31": "$0.79"}}, "shares-outstanding": {"Entergy Annual Shares Outstanding (Millions of Shares)": {"2019": "197", "2018": "183", "2017": "181", "2016": "179", "2015": "179", "2014": "180", "2013": "179", "2012": "178", "2011": "178", "2010": "188", "2009": "196", "2008": "201", "2007": "203", "2006": "211", "2005": "214"}, "Entergy Quarterly Shares Outstanding (Millions of Shares)": {"2020-09-30": "201", "2020-06-30": "201", "2020-03-31": "201", "2019-12-31": "197", "2019-09-30": "200", "2019-06-30": "194", "2019-03-31": "192", "2018-12-31": "183", "2018-09-30": "184", "2018-06-30": "183", "2018-03-31": "181", "2017-12-31": "181", "2017-09-30": "180", "2017-06-30": "180", "2017-03-31": "180", "2016-12-31": "179", "2016-09-30": "180", "2016-06-30": "180", "2016-03-31": "179", "2015-12-31": "179", "2015-09-30": "179", "2015-06-30": "180", "2015-03-31": "180", "2014-12-31": "180", "2014-09-30": "181", "2014-06-30": "180", "2014-03-31": "179", "2013-12-31": "179", "2013-09-30": "179", "2013-06-30": "179", "2013-03-31": "178", "2012-12-31": "178", "2012-09-30": "178", "2012-06-30": "178", "2012-03-31": "177", "2011-12-31": "178", "2011-09-30": "178", "2011-06-30": "179", "2011-03-31": "180", "2010-12-31": "188", "2010-09-30": "188", "2010-06-30": "191", "2010-03-31": "191", "2009-12-31": "196", "2009-09-30": "196", "2009-06-30": "198", "2009-03-31": "198", "2008-12-31": "201", "2008-09-30": "195", "2008-06-30": "198", "2008-03-31": "198", "2007-12-31": "203", "2007-09-30": "201", "2007-06-30": "203", "2007-03-31": "206", "2006-12-31": "211", "2006-09-30": "212", "2006-06-30": "212", "2006-03-31": "211", "2005-12-31": "214", "2005-09-30": "212", "2005-06-30": "216", "2005-03-31": "219"}}, "total-assets": {"Entergy Annual Total Assets (Millions of US $)": {"2019": "$51,724", "2018": "$48,275", "2017": "$46,707", "2016": "$45,904", "2015": "$44,648", "2014": "$46,414", "2013": "$43,406", "2012": "$43,203", "2011": "$40,702", "2010": "$38,685", "2009": "$37,562", "2008": "$36,617", "2007": "$33,643", "2006": "$31,083", "2005": "$30,858"}, "Entergy Quarterly Total Assets (Millions of US $)": {"2020-09-30": "$56,070", "2020-06-30": "$53,365", "2020-03-31": "$52,555", "2019-12-31": "$51,724", "2019-09-30": "$50,506", "2019-06-30": "$50,566", "2019-03-31": "$49,605", "2018-12-31": "$48,275", "2018-09-30": "$48,471", "2018-06-30": "$47,623", "2018-03-31": "$47,282", "2017-12-31": "$46,707", "2017-09-30": "$46,398", "2017-06-30": "$46,007", "2017-03-31": "$45,318", "2016-12-31": "$45,904", "2016-09-30": "$47,738", "2016-06-30": "$45,877", "2016-03-31": "$45,934", "2015-12-31": "$44,648", "2015-09-30": "$45,042", "2015-06-30": "$46,266", "2015-03-31": "$46,378", "2014-12-31": "$46,414", "2014-09-30": "$44,542", "2014-06-30": "$44,151", "2014-03-31": "$43,877", "2013-12-31": "$43,406", "2013-09-30": "$43,324", "2013-06-30": "$43,262", "2013-03-31": "$42,793", "2012-12-31": "$43,203", "2012-09-30": "$42,024", "2012-06-30": "$40,918", "2012-03-31": "$40,930", "2011-12-31": "$40,702", "2011-09-30": "$39,162", "2011-06-30": "$39,130", "2011-03-31": "$38,599", "2010-12-31": "$38,685", "2010-09-30": "$38,668", "2010-06-30": "$37,752", "2010-03-31": "$38,109", "2009-12-31": "$37,562", "2009-09-30": "$36,170", "2009-06-30": "$36,485", "2009-03-31": "$36,613", "2008-12-31": "$36,617", "2008-09-30": "$36,458", "2008-06-30": "$34,693", "2008-03-31": "$33,765", "2007-12-31": "$33,643", "2007-09-30": "$33,759", "2007-06-30": "$33,415", "2007-03-31": "$31,147", "2006-12-31": "$31,083", "2006-09-30": "$30,558", "2006-06-30": "$30,564", "2006-03-31": "$30,516", "2005-12-31": "$30,858", "2005-09-30": "$29,967", "2005-06-30": "$28,581", "2005-03-31": "$28,427"}}, "cash-on-hand": {"Entergy Annual Cash on Hand (Millions of US $)": {"2019": "$426", "2018": "$481", "2017": "$781", "2016": "$1,188", "2015": "$1,351", "2014": "$1,422", "2013": "$739", "2012": "$579", "2011": "$745", "2010": "$1,338", "2009": "$1,723", "2008": "$1,933", "2007": "$1,273", "2006": "$1,016", "2005": "$583"}, "Entergy Quarterly Cash on Hand (Millions of US $)": {"2020-09-30": "$1,240", "2020-06-30": "$935", "2020-03-31": "$1,464", "2019-12-31": "$426", "2019-09-30": "$956", "2019-06-30": "$636", "2019-03-31": "$983", "2018-12-31": "$481", "2018-09-30": "$988", "2018-06-30": "$813", "2018-03-31": "$1,206", "2017-12-31": "$781", "2017-09-30": "$546", "2017-06-30": "$934", "2017-03-31": "$1,083", "2016-12-31": "$1,188", "2016-09-30": "$1,307", "2016-06-30": "$996", "2016-03-31": "$1,092", "2015-12-31": "$1,351", "2015-09-30": "$1,041", "2015-06-30": "$910", "2015-03-31": "$1,181", "2014-12-31": "$1,422", "2014-09-30": "$1,069", "2014-06-30": "$650", "2014-03-31": "$908", "2013-12-31": "$739", "2013-09-30": "$415", "2013-06-30": "$348", "2013-03-31": "$307", "2012-12-31": "$579", "2012-09-30": "$802", "2012-06-30": "$321", "2012-03-31": "$734", "2011-12-31": "$745", "2011-09-30": "$1,031", "2011-06-30": "$564", "2011-03-31": "$763", "2010-12-31": "$1,338", "2010-09-30": "$1,967", "2010-06-30": "$1,371", "2010-03-31": "$1,692", "2009-12-31": "$1,723", "2009-09-30": "$1,151", "2009-06-30": "$1,290", "2009-03-31": "$1,823", "2008-12-31": "$1,933", "2008-09-30": "$2,577", "2008-06-30": "$1,097", "2008-03-31": "$943", "2007-12-31": "$1,273", "2007-09-30": "$1,467", "2007-06-30": "$1,320", "2007-03-31": "$1,080", "2006-12-31": "$1,016", "2006-09-30": "$745", "2006-06-30": "$729", "2006-03-31": "$752", "2005-12-31": "$583", "2005-09-30": "$598", "2005-06-30": "$615", "2005-03-31": "$956"}}, "long-term-debt": {"Entergy Annual Long Term Debt (Millions of US $)": {"2019": "$17,079", "2018": "$15,518", "2017": "$14,337", "2016": "$14,492", "2015": "$13,139", "2014": "$12,416", "2013": "$12,171", "2012": "$11,955", "2011": "$10,082", "2010": "$11,359", "2009": "$11,060", "2008": "$11,517", "2007": "$9,949", "2006": "$8,986", "2005": "$8,999"}, "Entergy Quarterly Long Term Debt (Millions of US $)": {"2020-09-30": "$19,613", "2020-06-30": "$18,278", "2020-03-31": "$18,229", "2019-12-31": "$17,079", "2019-09-30": "$16,938", "2019-06-30": "$17,204", "2019-03-31": "$17,168", "2018-12-31": "$15,518", "2018-09-30": "$15,802", "2018-06-30": "$14,879", "2018-03-31": "$15,613", "2017-12-31": "$14,337", "2017-09-30": "$14,000", "2017-06-30": "$14,331", "2017-03-31": "$13,951", "2016-12-31": "$14,492", "2016-09-30": "$13,887", "2016-06-30": "$13,138", "2016-03-31": "$13,526", "2015-12-31": "$13,139", "2015-09-30": "$13,080", "2015-06-30": "$12,120", "2015-03-31": "$12,337", "2014-12-31": "$12,416", "2014-09-30": "$11,665", "2014-06-30": "$11,967", "2014-03-31": "$12,230", "2013-12-31": "$12,171", "2013-09-30": "$12,308", "2013-06-30": "$12,128", "2013-03-31": "$11,763", "2012-12-31": "$11,955", "2012-09-30": "$11,784", "2012-06-30": "$12,005", "2012-03-31": "$12,159", "2011-12-31": "$10,082", "2011-09-30": "$10,281", "2011-06-30": "$12,098", "2011-03-31": "$11,623", "2010-12-31": "$11,359", "2010-09-30": "$11,487", "2010-06-30": "$11,056", "2010-03-31": "$11,173", "2009-12-31": "$11,060", "2009-09-30": "$10,346", "2009-06-30": "$10,485", "2009-03-31": "$11,216", "2008-12-31": "$11,517", "2008-09-30": "$12,261", "2008-06-30": "$11,043", "2008-03-31": "$10,203", "2007-12-31": "$9,949", "2007-09-30": "$10,324", "2007-06-30": "$10,478", "2007-03-31": "$9,415", "2006-12-31": "$8,986", "2006-09-30": "$8,798", "2006-06-30": "$9,145", "2006-03-31": "$9,075", "2005-12-31": "$8,999", "2005-09-30": "$8,576", "2005-06-30": "$8,014", "2005-03-31": "$7,620"}}, "total-liabilities": {"Entergy Annual Total Liabilities (Millions of US $)": {"2019": "$41,246", "2018": "$39,211", "2017": "$38,517", "2016": "$37,619", "2015": "$35,073", "2014": "$36,313", "2013": "$33,680", "2012": "$33,911", "2011": "$31,646", "2010": "$30,095", "2009": "$28,855", "2008": "$28,556", "2007": "$25,780", "2006": "$22,885", "2005": "$23,109"}, "Entergy Quarterly Total Liabilities (Millions of US $)": {"2020-09-30": "$45,044", "2020-06-30": "$42,904", "2020-03-31": "$42,077", "2019-12-31": "$41,246", "2019-09-30": "$40,217", "2019-06-30": "$40,549", "2019-03-31": "$40,416", "2018-12-31": "$39,211", "2018-09-30": "$39,861", "2018-06-30": "$39,402", "2018-03-31": "$39,109", "2017-12-31": "$38,517", "2017-09-30": "$37,708", "2017-06-30": "$37,433", "2017-03-31": "$37,058", "2016-12-31": "$37,619", "2016-09-30": "$37,436", "2016-06-30": "$35,801", "2016-03-31": "$36,255", "2015-12-31": "$35,073", "2015-09-30": "$35,884", "2015-06-30": "$36,013", "2015-03-31": "$36,150", "2014-12-31": "$36,313", "2014-09-30": "$34,299", "2014-06-30": "$33,994", "2014-03-31": "$33,834", "2013-12-31": "$33,680", "2013-09-30": "$33,822", "2013-06-30": "$33,894", "2013-03-31": "$33,486", "2012-12-31": "$33,911", "2012-09-30": "$32,739", "2012-06-30": "$31,794", "2012-03-31": "$31,922", "2011-12-31": "$31,646", "2011-09-30": "$30,102", "2011-06-30": "$30,438", "2011-03-31": "$29,969", "2010-12-31": "$30,095", "2010-09-30": "$29,842", "2010-06-30": "$28,887", "2010-03-31": "$29,155", "2009-12-31": "$28,855", "2009-09-30": "$27,593", "2009-06-30": "$27,625", "2009-03-31": "$27,888", "2008-12-31": "$28,556", "2008-09-30": "$28,481", "2008-06-30": "$27,371", "2008-03-31": "$26,092", "2007-12-31": "$25,780", "2007-09-30": "$25,789", "2007-06-30": "$25,627", "2007-03-31": "$23,308", "2006-12-31": "$22,885", "2006-09-30": "$21,999", "2006-06-30": "$22,355", "2006-03-31": "$22,478", "2005-12-31": "$23,109", "2005-09-30": "$22,108", "2005-06-30": "$20,631", "2005-03-31": "$20,412"}}, "total-share-holder-equity": {"Entergy Annual Share Holder Equity (Millions of US $)": {"2019": "$10,478", "2018": "$9,064", "2017": "$8,190", "2016": "$8,285", "2015": "$9,575", "2014": "$10,102", "2013": "$9,726", "2012": "$9,291", "2011": "$9,055", "2010": "$8,590", "2009": "$8,707", "2008": "$8,061", "2007": "$7,863", "2006": "$8,198", "2005": "$7,748"}, "Entergy Quarterly Share Holder Equity (Millions of US $)": {"2020-09-30": "$11,026", "2020-06-30": "$10,461", "2020-03-31": "$10,478", "2019-12-31": "$10,478", "2019-09-30": "$10,289", "2019-06-30": "$10,017", "2019-03-31": "$9,190", "2018-12-31": "$9,064", "2018-09-30": "$8,610", "2018-06-30": "$8,220", "2018-03-31": "$8,173", "2017-12-31": "$8,190", "2017-09-30": "$8,690", "2017-06-30": "$8,574", "2017-03-31": "$8,260", "2016-12-31": "$8,285", "2016-09-30": "$10,302", "2016-06-30": "$10,076", "2016-03-31": "$9,679", "2015-12-31": "$9,575", "2015-09-30": "$9,157", "2015-06-30": "$10,252", "2015-03-31": "$10,228", "2014-12-31": "$10,102", "2014-09-30": "$10,243", "2014-06-30": "$10,156", "2014-03-31": "$10,042", "2013-12-31": "$9,726", "2013-09-30": "$9,502", "2013-06-30": "$9,369", "2013-03-31": "$9,307", "2012-12-31": "$9,291", "2012-09-30": "$9,285", "2012-06-30": "$9,124", "2012-03-31": "$9,008", "2011-12-31": "$9,055", "2011-09-30": "$9,059", "2011-06-30": "$8,692", "2011-03-31": "$8,629", "2010-12-31": "$8,590", "2010-09-30": "$8,826", "2010-06-30": "$8,865", "2010-03-31": "$8,954", "2009-12-31": "$8,707", "2009-09-30": "$8,577", "2009-06-30": "$8,860", "2009-03-31": "$8,724", "2008-12-31": "$8,061", "2008-09-30": "$7,977", "2008-06-30": "$7,323", "2008-03-31": "$7,673", "2007-12-31": "$7,863", "2007-09-30": "$7,970", "2007-06-30": "$7,788", "2007-03-31": "$7,839", "2006-12-31": "$8,198", "2006-09-30": "$8,558", "2006-06-30": "$8,209", "2006-03-31": "$8,038", "2005-12-31": "$7,748", "2005-09-30": "$7,859", "2005-06-30": "$7,950", "2005-03-31": "$8,015"}}, "profit-margins": {"current": "13.75%"}, "gross margin": {"2020-09-30": "75.19%", "2020-06-30": "73.58%", "2020-03-31": "71.77%", "2019-12-31": "70.37%", "2019-09-30": "68.34%", "2019-06-30": "65.90%", "2019-03-31": "65.27%", "2018-12-31": "65.44%", "2018-09-30": "66.72%", "2018-06-30": "68.44%", "2018-03-31": "68.92%", "2017-12-31": "69.12%", "2017-09-30": "69.26%", "2017-06-30": "70.61%", "2017-03-31": "71.93%", "2016-12-31": "72.06%", "2016-09-30": "71.64%", "2016-06-30": "69.05%", "2016-03-31": "67.54%", "2015-12-31": "66.63%", "2015-09-30": "66.07%", "2015-06-30": "65.18%", "2015-03-31": "63.94%", "2014-12-31": "63.60%", "2014-09-30": "63.61%", "2014-06-30": "64.22%", "2014-03-31": "64.67%", "2013-12-31": "64.88%", "2013-09-30": "65.67%", "2013-06-30": "67.01%", "2013-03-31": "68.15%", "2012-12-31": "68.04%", "2012-09-30": "67.29%", "2012-06-30": "64.96%", "2012-03-31": "63.77%", "2011-12-31": "63.87%", "2011-09-30": "63.87%", "2011-06-30": "64.49%", "2011-03-31": "64.38%", "2010-12-31": "63.64%", "2010-09-30": "64.57%", "2010-06-30": "65.89%", "2010-03-31": "66.70%", "2009-12-31": "65.53%", "2009-09-30": "61.25%", "2009-06-30": "55.63%", "2009-03-31": "53.32%", "2008-12-31": "53.65%", "2008-09-30": "54.51%", "2008-06-30": "57.78%", "2008-03-31": "58.38%", "2007-12-31": "57.14%", "2007-09-30": "56.34%", "2007-06-30": "53.84%", "2007-03-31": "52.85%", "2006-12-31": "51.67%", "2006-09-30": "50.29%", "2006-06-30": "50.87%", "2006-03-31": "52.02%", "2005-12-31": "53.53%"}, "operating margin": {"2020-09-30": "18.28%", "2020-06-30": "15.40%", "2020-03-31": "14.10%", "2019-12-31": "12.79%", "2019-09-30": "8.35%", "2019-06-30": "6.10%", "2019-03-31": "3.83%", "2018-12-31": "4.27%", "2018-09-30": "8.42%", "2018-06-30": "12.65%", "2018-03-31": "13.39%", "2017-12-31": "12.28%", "2017-09-30": "-12.66%", "2017-06-30": "-12.68%", "2017-03-31": "-10.34%", "2016-12-31": "-7.52%", "2016-09-30": "13.62%", "2016-06-30": "-2.55%", "2016-03-31": "-3.07%", "2015-12-31": "-2.60%", "2015-09-30": "2.32%", "2015-06-30": "14.54%", "2015-03-31": "14.83%", "2014-12-31": "16.06%", "2014-09-30": "15.48%", "2014-06-30": "14.77%", "2014-03-31": "14.19%", "2013-12-31": "11.90%", "2013-09-30": "13.06%", "2013-06-30": "16.34%", "2013-03-31": "16.64%", "2012-12-31": "12.63%", "2012-09-30": "12.75%", "2012-06-30": "11.40%", "2012-03-31": "13.06%", "2011-12-31": "17.94%", "2011-09-30": "18.32%", "2011-06-30": "19.94%", "2011-03-31": "20.43%", "2010-12-31": "19.74%", "2010-09-30": "20.75%", "2010-06-30": "21.76%", "2010-03-31": "21.03%", "2009-12-31": "21.25%", "2009-09-30": "19.01%", "2009-06-30": "17.03%", "2009-03-31": "16.78%", "2008-12-31": "17.44%", "2008-09-30": "17.58%", "2008-06-30": "19.04%", "2008-03-31": "19.07%", "2007-12-31": "17.90%", "2007-09-30": "17.86%", "2007-06-30": "16.43%", "2007-03-31": "16.72%", "2006-12-31": "16.51%", "2006-09-30": "16.54%", "2006-06-30": "17.19%", "2006-03-31": "17.76%", "2005-12-31": "17.73%"}, "ebitda margin": {"2020-09-30": "40.25%", "2020-06-30": "36.89%", "2020-03-31": "34.84%", "2019-12-31": "32.83%", "2019-09-30": "28.09%", "2019-06-30": "25.20%", "2019-03-31": "22.60%", "2018-12-31": "22.80%", "2018-09-30": "26.71%", "2018-06-30": "30.97%", "2018-03-31": "31.87%", "2017-12-31": "31.05%", "2017-09-30": "6.59%", "2017-06-30": "6.94%", "2017-03-31": "9.58%", "2016-12-31": "12.06%", "2016-09-30": "32.79%", "2016-06-30": "16.26%", "2016-03-31": "15.59%", "2015-12-31": "15.79%", "2015-09-30": "20.53%", "2015-06-30": "32.61%", "2015-03-31": "32.34%", "2014-12-31": "33.09%", "2014-09-30": "32.67%", "2014-06-30": "31.95%", "2014-03-31": "31.33%", "2013-12-31": "29.57%", "2013-09-30": "30.58%", "2013-06-30": "33.91%", "2013-03-31": "33.69%", "2012-12-31": "29.83%", "2012-09-30": "29.38%", "2012-06-30": "27.40%", "2012-03-31": "29.06%", "2011-12-31": "33.47%", "2011-09-30": "33.94%", "2011-06-30": "35.32%", "2011-03-31": "35.55%", "2010-12-31": "34.59%", "2010-09-30": "35.09%", "2010-06-30": "36.17%", "2010-03-31": "35.35%", "2009-12-31": "34.83%", "2009-09-30": "32.97%", "2009-06-30": "29.26%", "2009-03-31": "27.90%", "2008-12-31": "28.06%", "2008-09-30": "26.90%", "2008-06-30": "28.64%", "2008-03-31": "28.97%", "2007-12-31": "27.76%", "2007-09-30": "27.68%", "2007-06-30": "26.15%", "2007-03-31": "26.33%", "2006-12-31": "25.98%", "2006-09-30": "25.74%", "2006-06-30": "26.54%", "2006-03-31": "27.14%", "2005-12-31": "27.65%"}, "pre tax profit margin": {"2020-09-30": "13.00%", "2020-06-30": "10.06%", "2020-03-31": "7.84%", "2019-12-31": "10.00%", "2019-09-30": "3.32%", "2019-06-30": "2.03%", "2019-03-31": "-0.49%", "2018-12-31": "-1.58%", "2018-09-30": "5.03%", "2018-06-30": "8.39%", "2018-03-31": "9.39%", "2017-12-31": "8.73%", "2017-09-30": "-17.29%", "2017-06-30": "-17.40%", "2017-03-31": "-15.36%", "2016-12-31": "-12.74%", "2016-09-30": "8.68%", "2016-06-30": "-7.38%", "2016-03-31": "-7.84%", "2015-12-31": "-6.95%", "2015-09-30": "-1.45%", "2015-06-30": "11.00%", "2015-03-31": "11.31%", "2014-12-31": "12.40%", "2014-09-30": "12.19%", "2014-06-30": "11.25%", "2014-03-31": "10.81%", "2013-12-31": "8.40%", "2013-09-30": "9.13%", "2013-06-30": "12.31%", "2013-03-31": "12.63%", "2012-12-31": "8.73%", "2012-09-30": "8.94%", "2012-06-30": "8.02%", "2012-03-31": "9.84%", "2011-12-31": "14.73%", "2011-09-30": "15.24%", "2011-06-30": "16.83%", "2011-03-31": "17.21%", "2010-12-31": "16.43%", "2010-09-30": "17.38%", "2010-06-30": "18.52%", "2010-03-31": "17.23%", "2009-12-31": "17.52%", "2009-09-30": "15.11%", "2009-06-30": "13.06%", "2009-03-31": "13.37%", "2008-12-31": "14.08%", "2008-09-30": "14.50%", "2008-06-30": "15.70%", "2008-03-31": "15.64%", "2007-12-31": "14.58%", "2007-09-30": "15.14%", "2007-06-30": "14.30%", "2007-03-31": "14.64%", "2006-12-31": "14.42%", "2006-09-30": "13.48%", "2006-06-30": "13.87%", "2006-03-31": "14.64%", "2005-12-31": "14.87%"}, "net profit margin": {"2020-09-30": "13.58%", "2020-06-30": "11.78%", "2020-03-31": "10.33%", "2019-12-31": "11.41%", "2019-09-30": "7.23%", "2019-06-30": "8.82%", "2019-03-31": "8.90%", "2018-12-31": "7.70%", "2018-09-30": "3.91%", "2018-06-30": "2.64%", "2018-03-31": "4.12%", "2017-12-31": "3.72%", "2017-09-30": "-7.91%", "2017-06-30": "-8.09%", "2017-03-31": "-6.75%", "2016-12-31": "-5.38%", "2016-09-30": "12.00%", "2016-06-30": "1.59%", "2016-03-31": "-2.18%", "2015-12-31": "-1.53%", "2015-09-30": "-1.32%", "2015-06-30": "6.69%", "2015-03-31": "6.86%", "2014-12-31": "7.52%", "2014-09-30": "7.83%", "2014-06-30": "7.98%", "2014-03-31": "7.94%", "2013-12-31": "6.25%", "2013-09-30": "7.73%", "2013-06-30": "8.91%", "2013-03-31": "11.01%", "2012-12-31": "8.21%", "2012-09-30": "6.80%", "2012-06-30": "9.22%", "2012-03-31": "8.54%", "2011-12-31": "12.00%", "2011-09-30": "12.61%", "2011-06-30": "11.47%", "2011-03-31": "11.40%", "2010-12-31": "10.88%", "2010-09-30": "11.67%", "2010-06-30": "11.74%", "2010-03-31": "11.29%", "2009-12-31": "11.46%", "2009-09-30": "9.67%", "2009-06-30": "8.99%", "2009-03-31": "8.81%", "2008-12-31": "9.32%", "2008-09-30": "9.70%", "2008-06-30": "10.16%", "2008-03-31": "10.57%", "2007-12-31": "9.88%", "2007-09-30": "10.76%", "2007-06-30": "10.15%", "2007-03-31": "10.41%", "2006-12-31": "10.36%", "2006-09-30": "8.60%", "2006-06-30": "8.52%", "2006-03-31": "8.71%", "2005-12-31": "8.89%"}, "pe ratio": {"current": "17.16", "2021-02-05": "14.02", "2020-09-30": "14.18", "2020-06-30": "15.06", "2020-03-31": "16.47", "2019-12-31": "18.42", "2019-09-30": "28.11", "2019-06-30": "19.17", "2019-03-31": "17.40", "2018-12-31": "17.48", "2018-09-30": "32.40", "2018-06-30": "45.91", "2018-03-31": "28.12", "2017-12-31": "32.10", "2017-09-30": "0.00", "2017-06-30": "0.00", "2017-03-31": "0.00", "2016-12-31": "0.00", "2016-09-30": "9.10", "2016-06-30": "71.19", "2016-03-31": "0.00", "2015-12-31": "0.00", "2015-09-30": "0.00", "2015-06-30": "12.80", "2015-03-31": "13.25", "2014-12-31": "13.14", "2014-09-30": "11.16", "2014-06-30": "11.56", "2014-03-31": "9.53", "2013-12-31": "11.90", "2013-09-30": "9.69", "2013-06-30": "9.47", "2013-03-31": "7.01", "2012-12-31": "9.56", "2012-09-30": "12.31", "2012-06-30": "8.43", "2012-03-31": "8.70", "2011-12-31": "6.57", "2011-09-30": "5.60", "2011-06-30": "6.43", "2011-03-31": "6.35", "2010-12-31": "6.88", "2010-09-30": "6.95", "2010-06-30": "6.73", "2010-03-31": "8.18", "2009-12-31": "8.05", "2009-09-30": "8.83", "2009-06-30": "8.35", "2009-03-31": "6.98", "2008-12-31": "7.94", "2008-09-30": "8.33", "2008-06-30": "11.40", "2008-03-31": "10.33", "2007-12-31": "12.30", "2007-09-30": "10.50", "2007-06-30": "11.22", "2007-03-31": "10.90", "2006-12-31": "9.73"}, "price sales": {"2021-02-05": "1.89", "2020-09-30": "1.91", "2020-06-30": "1.76", "2020-03-31": "1.69", "2019-12-31": "2.09", "2019-09-30": "1.98", "2019-06-30": "1.69", "2019-03-31": "1.55", "2018-12-31": "1.34", "2018-09-30": "1.24", "2018-06-30": "1.20", "2018-03-31": "1.16", "2017-12-31": "1.19", "2017-09-30": "1.10", "2017-06-30": "1.11", "2017-03-31": "1.10", "2016-12-31": "1.04", "2016-09-30": "1.09", "2016-06-30": "1.12", "2016-03-31": "1.05", "2015-12-31": "0.88", "2015-09-30": "0.80", "2015-06-30": "0.85", "2015-03-31": "0.91", "2014-12-31": "0.99", "2014-09-30": "0.87", "2014-06-30": "0.92", "2014-03-31": "0.76", "2013-12-31": "0.74", "2013-09-30": "0.75", "2013-06-30": "0.84", "2013-03-31": "0.77", "2012-12-31": "0.78", "2012-09-30": "0.84", "2012-06-30": "0.78", "2012-03-31": "0.74", "2011-12-31": "0.79", "2011-09-30": "0.71", "2011-06-30": "0.74", "2011-03-31": "0.73", "2010-12-31": "0.75", "2010-09-30": "0.82", "2010-06-30": "0.79", "2010-03-31": "0.93", "2009-12-31": "0.93", "2009-09-30": "0.86", "2009-06-30": "0.76", "2009-03-31": "0.62", "2008-12-31": "0.75", "2008-09-30": "0.81", "2008-06-30": "1.16", "2008-03-31": "1.10", "2007-12-31": "1.22", "2007-09-30": "1.13", "2007-06-30": "1.14", "2007-03-31": "1.13", "2006-12-31": "1.01"}, "price book": {"current": "1.80", "2021-02-05": "1.75", "2020-09-30": "1.77", "2020-06-30": "1.76", "2020-03-31": "1.75", "2019-12-31": "2.20", "2019-09-30": "2.18", "2019-06-30": "1.94", "2019-03-31": "1.88", "2018-12-31": "1.69", "2018-09-30": "1.59", "2018-06-30": "1.64", "2018-03-31": "1.59", "2017-12-31": "1.61", "2017-09-30": "1.40", "2017-06-30": "1.41", "2017-03-31": "1.44", "2016-12-31": "1.37", "2016-09-30": "1.13", "2016-06-30": "1.21", "2016-03-31": "1.22", "2015-12-31": "1.05", "2015-09-30": "1.03", "2015-06-30": "0.99", "2015-03-31": "1.08", "2014-12-31": "1.22", "2014-09-30": "1.05", "2014-06-30": "1.11", "2014-03-31": "0.90", "2013-12-31": "0.87", "2013-09-30": "0.88", "2013-06-30": "0.97", "2013-03-31": "0.87", "2012-12-31": "0.87", "2012-09-30": "0.93", "2012-06-30": "0.92", "2012-03-31": "0.91", "2011-12-31": "0.96", "2011-09-30": "0.86", "2011-06-30": "0.92", "2011-03-31": "0.91", "2010-12-31": "0.95", "2010-09-30": "1.01", "2010-06-30": "0.96", "2010-03-31": "1.08", "2009-12-31": "1.10", "2009-09-30": "1.08", "2009-06-30": "1.04", "2009-03-31": "0.92", "2008-12-31": "1.16", "2008-09-30": "1.25", "2008-06-30": "1.84", "2008-03-31": "1.59", "2007-12-31": "1.70", "2007-09-30": "1.51", "2007-06-30": "1.54", "2007-03-31": "1.50", "2006-12-31": "1.29", "2006-09-30": "1.07", "2006-06-30": "1.00", "2006-03-31": "0.98"}, "price fcf": {"2021-02-05": "", "2020-09-30": "$-7.84", "2020-06-30": "$-6.98", "2020-03-31": "$-8.11", "2019-12-31": "$-8.41", "2019-09-30": "$-7.75", "2019-06-30": "$-9.43", "2019-03-31": "$-8.78", "2018-12-31": "$-8.50", "2018-09-30": "$-6.10", "2018-06-30": "$-4.99", "2018-03-31": "$-6.25", "2017-12-31": "$-4.99", "2017-09-30": "$-4.42", "2017-06-30": "$-2.75", "2017-03-31": "$1.10", "2016-12-31": "$-3.97", "2016-09-30": "$-0.24", "2016-06-30": "$0.40", "2016-03-31": "$0.96", "2015-12-31": "$7.27", "2015-09-30": "$5.76", "2015-06-30": "$7.85", "2015-03-31": "$8.51", "2014-12-31": "$9.88", "2014-09-30": "$11.17", "2014-06-30": "$9.88", "2014-03-31": "$8.07", "2013-12-31": "$5.78", "2013-09-30": "$-0.70", "2013-06-30": "$-1.43", "2013-03-31": "$-1.77", "2012-12-31": "$-1.07", "2012-09-30": "$2.37", "2012-06-30": "$3.87", "2012-03-31": "$3.60", "2011-12-31": "$2.48", "2011-09-30": "$3.09", "2011-06-30": "$5.76", "2011-03-31": "$8.30", "2010-12-31": "$10.39", "2010-09-30": "$10.93", "2010-06-30": "$7.57", "2010-03-31": "$6.71", "2009-12-31": "$5.12", "2009-09-30": "$2.78", "2009-06-30": "$4.56", "2009-03-31": "$4.35", "2008-12-31": "$4.85", "2008-09-30": "$7.38", "2008-06-30": "$3.93", "2008-03-31": "$2.35", "2007-12-31": "$3.18", "2007-09-30": "$5.21", "2007-06-30": "$6.00", "2007-03-31": "$7.86", "2006-12-31": "$8.16"}, "net worth": {"value": "$19.35B"}, "current ratio": {"current": "0.59", "2020-09-30": "0.59", "2020-06-30": "0.58", "2020-03-31": "0.66", "2019-12-31": "0.54", "2019-09-30": "0.72", "2019-06-30": "0.73", "2019-03-31": "0.70", "2018-12-31": "0.54", "2018-09-30": "0.64", "2018-06-30": "0.57", "2018-03-31": "0.70", "2017-12-31": "0.65", "2017-09-30": "0.78", "2017-06-30": "0.85", "2017-03-31": "0.88", "2016-12-31": "1.15", "2016-09-30": "1.26", "2016-06-30": "0.96", "2016-03-31": "1.04", "2015-12-31": "1.32", "2015-09-30": "1.19", "2015-06-30": "1.02", "2015-03-31": "1.10", "2014-12-31": "1.14", "2014-09-30": "0.96", "2014-06-30": "1.03", "2014-03-31": "1.07", "2013-12-31": "0.97", "2013-09-30": "1.02", "2013-06-30": "0.90", "2013-03-31": "0.85", "2012-12-31": "0.90", "2012-09-30": "0.97", "2012-06-30": "1.05", "2012-03-31": "1.19", "2011-12-31": "0.73", "2011-09-30": "1.00", "2011-06-30": "1.72", "2011-03-31": "1.64", "2010-12-31": "1.56", "2010-09-30": "1.73", "2010-06-30": "1.55", "2010-03-31": "1.55", "2009-12-31": "1.42", "2009-09-30": "1.18", "2009-06-30": "1.27", "2009-03-31": "1.50", "2008-12-31": "1.37", "2008-09-30": "1.77", "2008-06-30": "1.37", "2008-03-31": "1.23", "2007-12-31": "1.22", "2007-09-30": "1.56", "2007-06-30": "1.62", "2007-03-31": "1.58", "2006-12-31": "1.35", "2006-09-30": "1.49", "2006-06-30": "1.48", "2006-03-31": "1.45", "2005-12-31": "1.31", "2005-09-30": "1.27", "2005-06-30": "1.42", "2005-03-31": "1.39"}, "quick ratio": {"2020-09-30": "0.44", "2020-06-30": "0.41", "2020-03-31": "0.49", "2019-12-31": "0.37", "2019-09-30": "0.53", "2019-06-30": "0.52", "2019-03-31": "0.52", "2018-12-31": "0.38", "2018-09-30": "0.49", "2018-06-30": "0.42", "2018-03-31": "0.52", "2017-12-31": "0.47", "2017-09-30": "0.58", "2017-06-30": "0.64", "2017-03-31": "0.66", "2016-12-31": "0.88", "2016-09-30": "0.94", "2016-06-30": "0.68", "2016-03-31": "0.76", "2015-12-31": "0.96", "2015-09-30": "0.88", "2015-06-30": "0.73", "2015-03-31": "0.79", "2014-12-31": "0.85", "2014-09-30": "0.71", "2014-06-30": "0.76", "2014-03-31": "0.79", "2013-12-31": "0.69", "2013-09-30": "0.69", "2013-06-30": "0.62", "2013-03-31": "0.56", "2012-12-31": "0.62", "2012-09-30": "0.68", "2012-06-30": "0.68", "2012-03-31": "1.12", "2011-12-31": "0.51", "2011-09-30": "0.74", "2011-06-30": "1.24", "2011-03-31": "1.17", "2010-12-31": "1.18", "2010-09-30": "1.37", "2010-06-30": "1.19", "2010-03-31": "1.21", "2009-12-31": "1.10", "2009-09-30": "0.87", "2009-06-30": "0.97", "2009-03-31": "1.18", "2008-12-31": "1.11", "2008-09-30": "1.48", "2008-06-30": "1.10", "2008-03-31": "0.94", "2007-12-31": "0.94", "2007-09-30": "1.23", "2007-06-30": "1.27", "2007-03-31": "1.19", "2006-12-31": "1.03", "2006-09-30": "1.12", "2006-06-30": "1.12", "2006-03-31": "1.10", "2005-12-31": "1.04", "2005-09-30": "1.04", "2005-06-30": "1.11", "2005-03-31": "1.08"}, "debt equity ratio": {"current": "1.82", "2020-09-30": "4.09", "2020-06-30": "4.10", "2020-03-31": "4.02", "2019-12-31": "3.94", "2019-09-30": "3.91", "2019-06-30": "4.05", "2019-03-31": "4.40", "2018-12-31": "4.33", "2018-09-30": "4.63", "2018-06-30": "4.79", "2018-03-31": "4.79", "2017-12-31": "4.70", "2017-09-30": "4.34", "2017-06-30": "4.37", "2017-03-31": "4.49", "2016-12-31": "4.54", "2016-09-30": "3.63", "2016-06-30": "3.55", "2016-03-31": "3.75", "2015-12-31": "3.66", "2015-09-30": "3.92", "2015-06-30": "3.51", "2015-03-31": "3.53", "2014-12-31": "3.60", "2014-09-30": "3.35", "2014-06-30": "3.35", "2014-03-31": "3.37", "2013-12-31": "3.46", "2013-09-30": "3.56", "2013-06-30": "3.62", "2013-03-31": "3.60", "2012-12-31": "3.65", "2012-09-30": "3.53", "2012-06-30": "3.49", "2012-03-31": "3.54", "2011-12-31": "3.50", "2011-09-30": "3.32", "2011-06-30": "3.50", "2011-03-31": "3.47", "2010-12-31": "3.50", "2010-09-30": "3.38", "2010-06-30": "3.26", "2010-03-31": "3.26", "2009-12-31": "3.31", "2009-09-30": "3.22", "2009-06-30": "3.12", "2009-03-31": "3.20", "2008-12-31": "3.54", "2008-09-30": "3.57", "2008-06-30": "3.74", "2008-03-31": "3.40", "2007-12-31": "3.28", "2007-09-30": "3.24", "2007-06-30": "3.29", "2007-03-31": "2.97", "2006-12-31": "2.79", "2006-09-30": "2.57", "2006-06-30": "2.72", "2006-03-31": "2.80", "2005-12-31": "2.98", "2005-09-30": "2.81", "2005-06-30": "2.60", "2005-03-31": "2.55"}, "return on equity": {"2020-09-30": "13.06%", "2020-06-30": "11.80%", "2020-03-31": "10.71%", "2019-12-31": "12.42%", "2019-09-30": "8.20%", "2019-06-30": "10.42%", "2019-03-31": "11.06%", "2018-12-31": "9.96%", "2018-09-30": "5.24%", "2018-06-30": "3.57%", "2018-03-31": "5.50%", "2017-12-31": "4.89%", "2017-09-30": "-10.39%", "2017-06-30": "-10.03%", "2017-03-31": "-7.92%", "2016-12-31": "-6.09%", "2016-09-30": "12.97%", "2016-06-30": "1.81%", "2016-03-31": "-2.52%", "2015-12-31": "-1.80%", "2015-09-30": "-1.57%", "2015-06-30": "7.81%", "2015-03-31": "8.22%", "2014-12-31": "9.27%", "2014-09-30": "9.63%", "2014-06-30": "9.91%", "2014-03-31": "9.86%", "2013-12-31": "7.51%", "2013-09-30": "9.19%", "2013-06-30": "10.29%", "2013-03-31": "12.53%", "2012-12-31": "9.22%", "2012-09-30": "7.72%", "2012-06-30": "10.98%", "2012-03-31": "10.57%", "2011-12-31": "15.21%", "2011-09-30": "16.25%", "2011-06-30": "14.81%", "2011-03-31": "14.72%", "2010-12-31": "14.19%", "2010-09-30": "15.12%", "2010-06-30": "14.79%", "2010-03-31": "13.79%", "2009-12-31": "14.12%", "2009-09-30": "12.72%", "2009-06-30": "13.12%", "2009-03-31": "14.30%", "2008-12-31": "15.74%", "2008-09-30": "16.14%", "2008-06-30": "16.02%", "2008-03-31": "15.75%", "2007-12-31": "14.43%", "2007-09-30": "15.21%", "2007-06-30": "14.04%", "2007-03-31": "14.03%", "2006-12-31": "13.73%", "2006-09-30": "11.73%", "2006-06-30": "11.50%", "2006-03-31": "11.65%", "2005-12-31": "11.38%"}, "return on assets": {"2020-09-30": "2.59%", "2020-06-30": "2.36%", "2020-03-31": "2.15%", "2019-12-31": "2.45%", "2019-09-30": "1.59%", "2019-06-30": "1.95%", "2019-03-31": "2.00%", "2018-12-31": "1.77%", "2018-09-30": "0.92%", "2018-06-30": "0.63%", "2018-03-31": "0.99%", "2017-12-31": "0.89%", "2017-09-30": "-1.91%", "2017-06-30": "-1.92%", "2017-03-31": "-1.58%", "2016-12-31": "-1.26%", "2016-09-30": "2.79%", "2016-06-30": "0.38%", "2016-03-31": "-0.54%", "2015-12-31": "-0.39%", "2015-09-30": "-0.34%", "2015-06-30": "1.74%", "2015-03-31": "1.84%", "2014-12-31": "2.10%", "2014-09-30": "2.20%", "2014-06-30": "2.24%", "2014-03-31": "2.19%", "2013-12-31": "1.65%", "2013-09-30": "2.00%", "2013-06-30": "2.24%", "2013-03-31": "2.74%", "2012-12-31": "2.03%", "2012-09-30": "1.71%", "2012-06-30": "2.46%", "2012-03-31": "2.37%", "2011-12-31": "3.42%", "2011-09-30": "3.65%", "2011-06-30": "3.32%", "2011-03-31": "3.34%", "2010-12-31": "3.26%", "2010-09-30": "3.51%", "2010-06-30": "3.47%", "2010-03-31": "3.26%", "2009-12-31": "3.35%", "2009-09-30": "2.98%", "2009-06-30": "3.02%", "2009-03-31": "3.18%", "2008-12-31": "3.45%", "2008-09-30": "3.59%", "2008-06-30": "3.64%", "2008-03-31": "3.66%", "2007-12-31": "3.44%", "2007-09-30": "3.74%", "2007-06-30": "3.60%", "2007-03-31": "3.73%", "2006-12-31": "3.69%", "2006-09-30": "3.12%", "2006-06-30": "3.01%", "2006-03-31": "3.07%", "2005-12-31": "3.05%"}, "return on investments": {"2020-09-30": "6.45%", "2020-06-30": "5.73%", "2020-03-31": "5.45%", "2019-12-31": "5.13%", "2019-09-30": "3.47%", "2019-06-30": "2.59%", "2019-03-31": "1.69%", "2018-12-31": "1.96%", "2018-09-30": "3.99%", "2018-06-30": "6.18%", "2018-03-31": "6.53%", "2017-12-31": "6.02%", "2017-09-30": "-6.20%", "2017-06-30": "-6.05%", "2017-03-31": "-4.84%", "2016-12-31": "-3.50%", "2016-09-30": "6.25%", "2016-06-30": "-1.22%", "2016-03-31": "-1.52%", "2015-12-31": "-1.33%", "2015-09-30": "1.23%", "2015-06-30": "7.76%", "2015-03-31": "8.12%", "2014-12-31": "9.04%", "2014-09-30": "8.68%", "2014-06-30": "8.21%", "2014-03-31": "7.78%", "2013-12-31": "6.29%", "2013-09-30": "6.79%", "2013-06-30": "8.28%", "2013-03-31": "8.29%", "2012-12-31": "6.15%", "2012-09-30": "6.40%", "2012-06-30": "6.09%", "2012-03-31": "7.19%", "2011-12-31": "10.13%", "2011-09-30": "10.28%", "2011-06-30": "11.00%", "2011-03-31": "11.45%", "2010-12-31": "11.30%", "2010-09-30": "11.87%", "2010-06-30": "12.22%", "2010-03-31": "11.53%", "2009-12-31": "11.72%", "2009-09-30": "10.99%", "2009-06-30": "10.57%", "2009-03-31": "11.18%", "2008-12-31": "12.01%", "2008-09-30": "12.14%", "2008-06-30": "12.79%", "2008-03-31": "12.31%", "2007-12-31": "11.48%", "2007-09-30": "11.30%", "2007-06-30": "10.51%", "2007-03-31": "10.70%", "2006-12-31": "10.46%", "2006-09-30": "10.72%", "2006-06-30": "10.92%", "2006-03-31": "11.33%", "2005-12-31": "11.06%"}, "return on tangible equity": {"2020-09-30": "13.54%", "2020-06-30": "12.24%", "2020-03-31": "11.12%", "2019-12-31": "12.90%", "2019-09-30": "8.53%", "2019-06-30": "10.87%", "2019-03-31": "11.56%", "2018-12-31": "10.42%", "2018-09-30": "5.49%", "2018-06-30": "3.74%", "2018-03-31": "5.75%", "2017-12-31": "5.12%", "2017-09-30": "-10.87%", "2017-06-30": "-10.47%", "2017-03-31": "-8.26%", "2016-12-31": "-6.34%", "2016-09-30": "13.48%", "2016-06-30": "1.88%", "2016-03-31": "-2.63%", "2015-12-31": "-1.87%", "2015-09-30": "-1.63%", "2015-06-30": "8.11%", "2015-03-31": "8.54%", "2014-12-31": "9.63%", "2014-09-30": "10.01%", "2014-06-30": "10.31%", "2014-03-31": "10.26%", "2013-12-31": "7.83%", "2013-09-30": "9.58%", "2013-06-30": "10.72%", "2013-03-31": "13.06%", "2012-12-31": "9.61%", "2012-09-30": "8.05%", "2012-06-30": "11.46%", "2012-03-31": "11.03%", "2011-12-31": "15.88%", "2011-09-30": "16.99%", "2011-06-30": "15.48%", "2011-03-31": "15.39%", "2010-12-31": "14.82%", "2010-09-30": "15.79%", "2010-06-30": "15.45%", "2010-03-31": "14.41%", "2009-12-31": "14.76%", "2009-09-30": "13.30%", "2009-06-30": "13.74%", "2009-03-31": "15.01%", "2008-12-31": "16.54%", "2008-09-30": "16.97%", "2008-06-30": "16.85%", "2008-03-31": "16.55%", "2007-12-31": "15.16%", "2007-09-30": "15.97%", "2007-06-30": "14.73%", "2007-03-31": "14.71%", "2006-12-31": "14.39%", "2006-09-30": "12.30%", "2006-06-30": "12.07%", "2006-03-31": "12.23%", "2005-12-31": "11.95%"}, "dividend yield history": {"last payout": "$3.80", "last yield": "3.93%"}}