{"ticker": "EOG", "price": {"title": "EOG Resources Historical Annual Stock Price Data", "value": 56.61, "historical": {"2021": {"Average Stock Price": "56.3242", "Year Open": "49.8600", "Year High": "62.4400", "Year Low": "49.8600", "Year Close": "56.6100", "Annual % Change": "13.52%"}, "2020": {"Average Stock Price": "50.3300", "Year Open": "84.1400", "Year High": "89.2900", "Year Low": "29.7600", "Year Close": "49.8700", "Annual % Change": "-40.46%"}, "2019": {"Average Stock Price": "85.5017", "Year Open": "90.6100", "Year High": "107.0700", "Year Low": "64.4400", "Year Close": "83.7600", "Annual % Change": "-3.96%"}, "2018": {"Average Stock Price": "113.2244", "Year Open": "109.3000", "Year High": "132.3500", "Year Low": "82.8600", "Year Close": "87.2100", "Annual % Change": "-19.18%"}, "2017": {"Average Stock Price": "95.6962", "Year Open": "103.5400", "Year High": "109.4100", "Year Low": "83.1500", "Year Close": "107.9100", "Annual % Change": "6.74%"}, "2016": {"Average Stock Price": "83.7096", "Year Open": "69.6800", "Year High": "108.0100", "Year Low": "60.2400", "Year Close": "101.1000", "Annual % Change": "42.82%"}, "2015": {"Average Stock Price": "85.3183", "Year Open": "92.2400", "Year High": "99.7400", "Year Low": "68.3600", "Year Close": "70.7900", "Annual % Change": "-23.11%"}, "2014": {"Average Stock Price": "99.0769", "Year Open": "82.5100", "Year High": "117.9800", "Year Low": "80.8700", "Year Close": "92.0700", "Annual % Change": "9.71%"}, "2013": {"Average Stock Price": "72.8756", "Year Open": "61.8400", "Year High": "92.5750", "Year Low": "56.7200", "Year Close": "83.9200", "Annual % Change": "38.95%"}, "2012": {"Average Stock Price": "53.9557", "Year Open": "50.7250", "Year High": "62.1850", "Year Low": "41.9800", "Year Close": "60.3950", "Annual % Change": "22.62%"}, "2011": {"Average Stock Price": "49.9794", "Year Open": "46.1750", "Year High": "59.8350", "Year Low": "34.2050", "Year Close": "49.2550", "Annual % Change": "7.77%"}, "2010": {"Average Stock Price": "48.7976", "Year Open": "50.1900", "Year High": "56.8600", "Year Low": "43.3100", "Year Close": "45.7050", "Annual % Change": "-6.05%"}, "2009": {"Average Stock Price": "36.6678", "Year Open": "35.1950", "Year High": "50.2900", "Year Low": "22.7950", "Year Close": "48.6500", "Annual % Change": "46.14%"}, "2008": {"Average Stock Price": "50.9154", "Year Open": "45.6450", "Year High": "71.7050", "Year Low": "29.7950", "Year Close": "33.2900", "Annual % Change": "-25.40%"}, "2007": {"Average Stock Price": "37.3402", "Year Open": "30.3300", "Year High": "45.5100", "Year Low": "29.9500", "Year Close": "44.6250", "Annual % Change": "42.91%"}, "2006": {"Average Stock Price": "34.4419", "Year Open": "39.4850", "Year High": "42.4050", "Year Low": "28.6800", "Year Close": "31.2250", "Annual % Change": "-14.88%"}, "2005": {"Average Stock Price": "28.3973", "Year Open": "16.6375", "Year High": "40.4200", "Year Low": "16.2375", "Year Close": "36.6850", "Annual % Change": "105.63%"}, "2004": {"Average Stock Price": "14.2884", "Year Open": "11.4550", "Year High": "18.9575", "Year Low": "10.7250", "Year Close": "17.8400", "Annual % Change": "54.56%"}, "2003": {"Average Stock Price": "10.2346", "Year Open": "10.2900", "Year High": "11.8025", "Year Low": "8.9550", "Year Close": "11.5425", "Annual % Change": "15.66%"}, "2002": {"Average Stock Price": "9.3539", "Year Open": "9.5225", "Year High": "10.9425", "Year Low": "7.7325", "Year Close": "9.9800", "Annual % Change": "2.07%"}, "2001": {"Average Stock Price": "9.8098", "Year Open": "13.3900", "Year High": "13.3900", "Year Low": "6.6600", "Year Close": "9.7775", "Annual % Change": "-28.41%"}, "2000": {"Average Stock Price": "7.7652", "Year Open": "3.8750", "Year High": "14.1100", "Year Low": "3.4700", "Year Close": "13.6575", "Annual % Change": "211.10%"}, "1999": {"Average Stock Price": "4.8432", "Year Open": "4.3750", "Year High": "6.3125", "Year Low": "3.7825", "Year Close": "4.3900", "Annual % Change": "1.80%"}, "1998": {"Average Stock Price": "4.6729", "Year Open": "5.1575", "Year High": "5.9700", "Year Low": "3.2200", "Year Close": "4.3125", "Annual % Change": "-18.59%"}, "1997": {"Average Stock Price": "5.2564", "Year Open": "6.1575", "Year High": "6.6575", "Year Low": "4.3750", "Year Close": "5.2975", "Annual % Change": "-16.08%"}, "1996": {"Average Stock Price": "6.4125", "Year Open": "6.0950", "Year High": "7.5625", "Year Low": "5.7500", "Year Close": "6.3125", "Annual % Change": "5.21%"}, "1995": {"Average Stock Price": "5.4026", "Year Open": "4.6575", "Year High": "6.2200", "Year Low": "4.3125", "Year Close": "6.0000", "Annual % Change": "25.46%"}, "1994": {"Average Stock Price": "5.3165", "Year Open": "4.8750", "Year High": "6.1400", "Year Low": "4.4075", "Year Close": "4.7825", "Annual % Change": "-1.90%"}, "1993": {"Average Stock Price": "5.1250", "Year Open": "3.6100", "Year High": "6.7188", "Year Low": "3.3438", "Year Close": "4.8750", "Annual % Change": "32.74%"}, "1992": {"Average Stock Price": "3.2117", "Year Open": "2.3900", "Year High": "4.4688", "Year Low": "2.0938", "Year Close": "3.6725", "Annual % Change": "50.67%"}, "1991": {"Average Stock Price": "2.5884", "Year Open": "2.5938", "Year High": "3.1250", "Year Low": "2.1250", "Year Close": "2.4375", "Annual % Change": "-8.24%"}, "1990": {"Average Stock Price": "2.9533", "Year Open": "3.0475", "Year High": "3.6725", "Year Low": "2.5000", "Year Close": "2.6563", "Annual % Change": "-15.84%"}}}, "market cap": {"value": "$33.03B"}, "income statement": {"Revenue": {"2019-12-31": "17379.97000", "2018-12-31": "17275.40000", "2017-12-31": "11208.32000", "2016-12-31": "7650.63200", "2015-12-31": "8757.42800", "2014-12-31": "18035.34000", "2013-12-31": "14487.12000", "2012-12-31": "11682.64000", "2011-12-31": "10126.12000", "2010-12-31": "6099.89600", "2009-12-31": "4786.95900", "2008-12-31": "7127.14300", "2007-12-31": "4239.30300", "2006-12-31": "3928.64100", "2005-12-31": "3633.02900"}, "Cost Of Goods Sold": {"2019-12-31": "", "2018-12-31": "", "2017-12-31": "", "2016-12-31": "", "2015-12-31": "", "2014-12-31": "", "2013-12-31": "", "2012-12-31": "", "2011-12-31": "", "2010-12-31": "", "2009-12-31": "", "2008-12-31": "", "2007-12-31": "", "2006-12-31": "", "2005-12-31": ""}, "Gross Profit": {"2019-12-31": "17379.97000", "2018-12-31": "17275.40000", "2017-12-31": "11208.32000", "2016-12-31": "7650.63200", "2015-12-31": "8757.42800", "2014-12-31": "18035.34000", "2013-12-31": "14487.12000", "2012-12-31": "11682.64000", "2011-12-31": "10126.12000", "2010-12-31": "6099.89600", "2009-12-31": "4786.95900", "2008-12-31": "7127.14300", "2007-12-31": "4239.30300", "2006-12-31": "3928.64100", "2005-12-31": "3633.02900"}, "Research And Development Expenses": {"2019-12-31": "167.88200", "2018-12-31": "154.40400", "2017-12-31": "149.95100", "2016-12-31": "135.61000", "2015-12-31": "164.24000", "2014-12-31": "232.87800", "2013-12-31": "236.00100", "2012-12-31": "200.53900", "2011-12-31": "224.88800", "2010-12-31": "259.86700", "2009-12-31": "220.83500", "2008-12-31": "249.05300", "2007-12-31": "265.82700", "2006-12-31": "234.57500", "2005-12-31": "197.92800"}, "SG&A Expenses": {"2019-12-31": "9245.48000", "2018-12-31": "8869.22000", "2017-12-31": "6243.34000", "2016-12-31": "4566.61900", "2015-12-31": "5352.07700", "2014-12-31": "7820.02300", "2013-12-31": "6687.98900", "2012-12-31": "5561.86200", "2011-12-31": "4240.50000", "2010-12-31": "2632.13700", "2009-12-31": "1740.26300", "2008-12-31": "1591.17100", "2007-12-31": "1112.01800", "2006-12-31": "865.16600", "2005-12-31": "698.28000"}, "Other Operating Income Or Expenses": {"2019-12-31": "-517.89600", "2018-12-31": "-347.02100", "2017-12-31": "-479.24000", "2016-12-31": "-620.26700", "2015-12-31": "-6613.54600", "2014-12-31": "-743.57500", "2013-12-31": "-286.94100", "2012-12-31": "-1270.73500", "2011-12-31": "-1031.03700", "2010-12-31": "-742.64700", "2009-12-31": "-305.83200", "2008-12-31": "-192.85900", "2007-12-31": "-147.51700", "2006-12-31": "-108.25800", "2005-12-31": "-77.93200"}, "Operating Expenses": {"2019-12-31": "13680.96000", "2018-12-31": "12806.05000", "2017-12-31": "10281.92000", "2016-12-31": "8875.91300", "2015-12-31": "15443.51000", "2014-12-31": "12793.52000", "2013-12-31": "10811.91000", "2012-12-31": "10202.84000", "2011-12-31": "8012.80600", "2010-12-31": "5576.57800", "2009-12-31": "3816.11800", "2008-12-31": "3359.95800", "2007-12-31": "2590.90700", "2006-12-31": "2025.08800", "2005-12-31": "1628.39800"}, "Operating Income": {"2019-12-31": "3699.01200", "2018-12-31": "4469.34600", "2017-12-31": "926.40140", "2016-12-31": "-1225.28100", "2015-12-31": "-6686.07900", "2014-12-31": "5241.82200", "2013-12-31": "3675.21000", "2012-12-31": "1479.79700", "2011-12-31": "2113.30900", "2010-12-31": "523.31840", "2009-12-31": "970.84110", "2008-12-31": "3767.18500", "2007-12-31": "1648.39600", "2006-12-31": "1903.55300", "2005-12-31": "2004.63100"}, "Total Non-Operating Income/Expense": {"2019-12-31": "-153.74400", "2018-12-31": "-228.34800", "2017-12-31": "-265.22000", "2016-12-31": "-332.22400", "2015-12-31": "-235.47700", "2014-12-31": "-246.50800", "2013-12-31": "-238.32500", "2012-12-31": "-199.05700", "2011-12-31": "-203.51000", "2010-12-31": "-115.34300", "2009-12-31": "-98.83000", "2008-12-31": "-20.64600", "2007-12-31": "-17.52800", "2006-12-31": "9.08800", "2005-12-31": "-39.49400"}, "Pre-Tax Income": {"2019-12-31": "3545.26700", "2018-12-31": "4240.99800", "2017-12-31": "661.18200", "2016-12-31": "-1557.50500", "2015-12-31": "-6921.55600", "2014-12-31": "4995.31500", "2013-12-31": "3436.88600", "2012-12-31": "1280.74000", "2011-12-31": "1909.79900", "2010-12-31": "407.97600", "2009-12-31": "872.01100", "2008-12-31": "3746.53900", "2007-12-31": "1630.86800", "2006-12-31": "1912.64100", "2005-12-31": "1965.13700"}, "Income Taxes": {"2019-12-31": "810.35700", "2018-12-31": "821.95800", "2017-12-31": "-1921.39700", "2016-12-31": "-460.81900", "2015-12-31": "-2397.04100", "2014-12-31": "2079.82800", "2013-12-31": "1239.77700", "2012-12-31": "710.46100", "2011-12-31": "818.67600", "2010-12-31": "247.32200", "2009-12-31": "325.38400", "2008-12-31": "1309.62000", "2007-12-31": "540.95000", "2006-12-31": "612.75600", "2005-12-31": "705.56100"}, "Income After Taxes": {"2019-12-31": "2734.91000", "2018-12-31": "3419.04000", "2017-12-31": "2582.57900", "2016-12-31": "-1096.68600", "2015-12-31": "-4524.51500", "2014-12-31": "2915.48700", "2013-12-31": "2197.10900", "2012-12-31": "570.27900", "2011-12-31": "1091.12300", "2010-12-31": "160.65400", "2009-12-31": "546.62700", "2008-12-31": "2436.91900", "2007-12-31": "1089.91800", "2006-12-31": "1299.88500", "2005-12-31": "1259.57600"}, "Other Income": {"2019-12-31": "", "2018-12-31": "", "2017-12-31": "", "2016-12-31": "", "2015-12-31": "", "2014-12-31": "", "2013-12-31": "", "2012-12-31": "", "2011-12-31": "", "2010-12-31": "", "2009-12-31": "", "2008-12-31": "", "2007-12-31": "", "2006-12-31": "", "2005-12-31": ""}, "Income From Continuous Operations": {"2019-12-31": "2734.91000", "2018-12-31": "3419.04000", "2017-12-31": "2582.57900", "2016-12-31": "-1096.68600", "2015-12-31": "-4524.51500", "2014-12-31": "2915.48700", "2013-12-31": "2197.10900", "2012-12-31": "570.27900", "2011-12-31": "1091.12300", "2010-12-31": "160.65400", "2009-12-31": "546.62700", "2008-12-31": "2436.91900", "2007-12-31": "1089.91800", "2006-12-31": "1299.88500", "2005-12-31": "1259.57600"}, "Income From Discontinued Operations": {"2019-12-31": "", "2018-12-31": "", "2017-12-31": "", "2016-12-31": "", "2015-12-31": "", "2014-12-31": "", "2013-12-31": "", "2012-12-31": "", "2011-12-31": "", "2010-12-31": "", "2009-12-31": "", "2008-12-31": "", "2007-12-31": "", "2006-12-31": "", "2005-12-31": ""}, "Net Income": {"2019-12-31": "2734.91000", "2018-12-31": "3419.04000", "2017-12-31": "2582.57900", "2016-12-31": "-1096.68600", "2015-12-31": "-4524.51500", "2014-12-31": "2915.48700", "2013-12-31": "2197.10900", "2012-12-31": "570.27900", "2011-12-31": "1091.12300", "2010-12-31": "160.65400", "2009-12-31": "546.62700", "2008-12-31": "2436.47600", "2007-12-31": "1083.25500", "2006-12-31": "1288.89000", "2005-12-31": "1252.14400"}, "EBITDA": {"2019-12-31": "7448.71600", "2018-12-31": "7904.75400", "2017-12-31": "4335.78800", "2016-12-31": "2328.13600", "2015-12-31": "-3372.43500", "2014-12-31": "9238.86300", "2013-12-31": "7276.18600", "2012-12-31": "4649.50000", "2011-12-31": "4629.69000", "2010-12-31": "2465.24400", "2009-12-31": "2520.02900", "2008-12-31": "5094.06100", "2007-12-31": "2713.94100", "2006-12-31": "2720.64200", "2005-12-31": "2658.88900"}, "EBIT": {"2019-12-31": "3699.01200", "2018-12-31": "4469.34600", "2017-12-31": "926.40140", "2016-12-31": "-1225.28100", "2015-12-31": "-6686.07900", "2014-12-31": "5241.82200", "2013-12-31": "3675.21000", "2012-12-31": "1479.79700", "2011-12-31": "2113.30900", "2010-12-31": "523.31840", "2009-12-31": "970.84110", "2008-12-31": "3767.18500", "2007-12-31": "1648.39600", "2006-12-31": "1903.55300", "2005-12-31": "2004.63100"}, "Basic Shares Outstanding": {"2019-12-31": "577.67000", "2018-12-31": "576.57800", "2017-12-31": "574.62000", "2016-12-31": "553.38400", "2015-12-31": "545.69700", "2014-12-31": "543.44300", "2013-12-31": "540.34100", "2012-12-31": "535.15500", "2011-12-31": "525.47000", "2010-12-31": "501.75200", "2009-12-31": "497.99200", "2008-12-31": "493.32400", "2007-12-31": "486.93800", "2006-12-31": "483.56400", "2005-12-31": "477.59400"}, "Shares Outstanding": {"2019-12-31": "580.77700", "2018-12-31": "580.44100", "2017-12-31": "578.69300", "2016-12-31": "553.38400", "2015-12-31": "545.69700", "2014-12-31": "548.53900", "2013-12-31": "546.22700", "2012-12-31": "541.52400", "2011-12-31": "532.53600", "2010-12-31": "509.00000", "2009-12-31": "503.76800", "2008-12-31": "501.08400", "2007-12-31": "495.27400", "2006-12-31": "492.20000", "2005-12-31": "487.95000"}, "Basic EPS": {"2019-12-31": "4.73000", "2018-12-31": "5.93000", "2017-12-31": "4.49000", "2016-12-31": "-1.98000", "2015-12-31": "-8.29000", "2014-12-31": "5.36000", "2013-12-31": "4.07000", "2012-12-31": "1.07000", "2011-12-31": "2.07500", "2010-12-31": "0.32000", "2009-12-31": "1.10000", "2008-12-31": "4.94000", "2007-12-31": "2.22500", "2006-12-31": "2.66500", "2005-12-31": "2.62000"}, "EPS - Earnings Per Share": {"2019-12-31": "4.71000", "2018-12-31": "5.89000", "2017-12-31": "4.46000", "2016-12-31": "-1.98000", "2015-12-31": "-8.29000", "2014-12-31": "5.32000", "2013-12-31": "4.02000", "2012-12-31": "1.05000", "2011-12-31": "2.05000", "2010-12-31": "0.31500", "2009-12-31": "1.08500", "2008-12-31": "4.86000", "2007-12-31": "2.18500", "2006-12-31": "2.62000", "2005-12-31": "2.56500"}}, "income statement, quarterly": {"Revenue": {"2020-09-30": "2245.48400", "2020-06-30": "1103.37400", "2020-03-31": "4717.69200", "2019-12-31": "4320.24600", "2019-09-30": "4303.45500", "2019-06-30": "4697.63000", "2019-03-31": "4058.64200", "2018-12-31": "4574.53500", "2018-09-30": "4781.62400", "2018-06-30": "4238.07700", "2018-03-31": "3681.16200", "2017-12-31": "3340.44000", "2017-09-30": "2644.84400", "2017-06-30": "2612.47200", "2017-03-31": "2610.56500", "2016-12-31": "2402.03900", "2016-09-30": "2118.50400", "2016-06-30": "1775.74000", "2016-03-31": "1354.34900", "2015-12-31": "1796.76100", "2015-09-30": "2172.42800", "2015-06-30": "2469.70100", "2015-03-31": "2318.53800", "2014-12-31": "4645.49700", "2014-09-30": "5118.61600", "2014-06-30": "4187.55600", "2014-03-31": "4083.67100", "2013-12-31": "3749.02400", "2013-09-30": "3541.39600", "2013-06-30": "3840.18500", "2013-03-31": "3356.51400", "2012-12-31": "3011.81100", "2012-09-30": "2954.85500", "2012-06-30": "2909.31900", "2012-03-31": "2806.65100", "2011-12-31": "2773.01500", "2011-09-30": "2885.74400", "2011-06-30": "2570.25000", "2011-03-31": "1897.10600", "2010-12-31": "1789.16000", "2010-09-30": "1582.07500", "2010-06-30": "1357.96800", "2010-03-31": "1370.69300", "2009-12-31": "1760.86200", "2009-09-30": "1006.84900", "2009-06-30": "861.03900", "2009-03-31": "1158.20900", "2008-12-31": "1633.72700", "2008-09-30": "3263.88600", "2008-06-30": "1095.51200", "2008-03-31": "1134.01800", "2007-12-31": "1313.41600", "2007-09-30": "986.16300", "2007-06-30": "1068.48700", "2007-03-31": "871.23700", "2006-12-31": "956.29100", "2006-09-30": "968.72600", "2006-06-30": "919.08800", "2006-03-31": "1084.53600", "2005-12-31": "1226.50400", "2005-09-30": "934.44500", "2005-06-30": "783.92400", "2005-03-31": "688.15600"}, "Cost Of Goods Sold": {"2020-09-30": "", "2020-06-30": "", "2020-03-31": "", "2019-12-31": "", "2019-09-30": "", "2019-06-30": "", "2019-03-31": "", "2018-12-31": "", "2018-09-30": "", "2018-06-30": "", "2018-03-31": "", "2017-12-31": "", "2017-09-30": "", "2017-06-30": "", "2017-03-31": "", "2016-12-31": "", "2016-09-30": "", "2016-06-30": "", "2016-03-31": "", "2015-12-31": "", "2015-09-30": "", "2015-06-30": "", "2015-03-31": "", "2014-12-31": "", "2014-09-30": "", "2014-06-30": "", "2014-03-31": "", "2013-12-31": "", "2013-09-30": "", "2013-06-30": "", "2013-03-31": "", "2012-12-31": "", "2012-09-30": "", "2012-06-30": "", "2012-03-31": "", "2011-12-31": "", "2011-09-30": "", "2011-06-30": "", "2011-03-31": "", "2010-12-31": "", "2010-09-30": "", "2010-06-30": "", "2010-03-31": "", "2009-12-31": "", "2009-09-30": "", "2009-06-30": "", "2009-03-31": "", "2008-12-31": "", "2008-09-30": "", "2008-06-30": "", "2008-03-31": "", "2007-12-31": "", "2007-09-30": "", "2007-06-30": "", "2007-03-31": "", "2006-12-31": "", "2006-09-30": "", "2006-06-30": "", "2006-03-31": "", "2005-12-31": "", "2005-09-30": "", "2005-06-30": "", "2005-03-31": ""}, "Gross Profit": {"2020-09-30": "2245.48400", "2020-06-30": "1103.37400", "2020-03-31": "4717.69200", "2019-12-31": "4320.24600", "2019-09-30": "4303.45500", "2019-06-30": "4697.63000", "2019-03-31": "4058.64200", "2018-12-31": "4574.53500", "2018-09-30": "4781.62400", "2018-06-30": "4238.07700", "2018-03-31": "3681.16200", "2017-12-31": "3340.44000", "2017-09-30": "2644.84400", "2017-06-30": "2612.47200", "2017-03-31": "2610.56500", "2016-12-31": "2402.03900", "2016-09-30": "2118.50400", "2016-06-30": "1775.74000", "2016-03-31": "1354.34900", "2015-12-31": "1796.76100", "2015-09-30": "2172.42800", "2015-06-30": "2469.70100", "2015-03-31": "2318.53800", "2014-12-31": "4645.49700", "2014-09-30": "5118.61600", "2014-06-30": "4187.55600", "2014-03-31": "4083.67100", "2013-12-31": "3749.02400", "2013-09-30": "3541.39600", "2013-06-30": "3840.18500", "2013-03-31": "3356.51400", "2012-12-31": "3011.81100", "2012-09-30": "2954.85500", "2012-06-30": "2909.31900", "2012-03-31": "2806.65100", "2011-12-31": "2773.01500", "2011-09-30": "2885.74400", "2011-06-30": "2570.25000", "2011-03-31": "1897.10600", "2010-12-31": "1789.16000", "2010-09-30": "1582.07500", "2010-06-30": "1357.96800", "2010-03-31": "1370.69300", "2009-12-31": "1760.86200", "2009-09-30": "1006.84900", "2009-06-30": "861.03900", "2009-03-31": "1158.20900", "2008-12-31": "1633.72700", "2008-09-30": "3263.88600", "2008-06-30": "1095.51200", "2008-03-31": "1134.01800", "2007-12-31": "1313.41600", "2007-09-30": "986.16300", "2007-06-30": "1068.48700", "2007-03-31": "871.23700", "2006-12-31": "956.29100", "2006-09-30": "968.72600", "2006-06-30": "919.08800", "2006-03-31": "1084.53600", "2005-12-31": "1226.50400", "2005-09-30": "934.44500", "2005-06-30": "783.92400", "2005-03-31": "688.15600"}, "Research And Development Expenses": {"2020-09-30": "51.01700", "2020-06-30": "27.37000", "2020-03-31": "40.04900", "2019-12-31": "36.49500", "2019-09-30": "58.67800", "2019-06-30": "36.29100", "2019-03-31": "36.41800", "2018-12-31": "34.00700", "2018-09-30": "33.18100", "2018-06-30": "52.38000", "2018-03-31": "34.83600", "2017-12-31": "27.47300", "2017-09-30": "30.84600", "2017-06-30": "34.73800", "2017-03-31": "56.89400", "2016-12-31": "39.30300", "2016-09-30": "35.84500", "2016-06-30": "30.38700", "2016-03-31": "30.07500", "2015-12-31": "35.37500", "2015-09-30": "31.54200", "2015-06-30": "43.20400", "2015-03-31": "54.11900", "2014-12-31": "63.39200", "2014-09-30": "65.31400", "2014-06-30": "47.76600", "2014-03-31": "56.40600", "2013-12-31": "45.77300", "2013-09-30": "58.97700", "2013-06-30": "83.07300", "2013-03-31": "48.17800", "2012-12-31": "50.62500", "2012-09-30": "47.87700", "2012-06-30": "59.23000", "2012-03-31": "42.80700", "2011-12-31": "37.04100", "2011-09-30": "71.07300", "2011-06-30": "42.91400", "2011-03-31": "73.86000", "2010-12-31": "66.13700", "2010-09-30": "50.00700", "2010-06-30": "69.44900", "2010-03-31": "74.27400", "2009-12-31": "52.34200", "2009-09-30": "47.92600", "2009-06-30": "67.95000", "2009-03-31": "52.61700", "2008-12-31": "75.59400", "2008-09-30": "50.79200", "2008-06-30": "66.29600", "2008-03-31": "56.37100", "2007-12-31": "84.71500", "2007-09-30": "84.88600", "2007-06-30": "53.03200", "2007-03-31": "43.19400", "2006-12-31": "82.94600", "2006-09-30": "51.53000", "2006-06-30": "49.98100", "2006-03-31": "50.11800", "2005-12-31": "46.84600", "2005-09-30": "51.15300", "2005-06-30": "50.53100", "2005-03-31": "49.39800"}, "SG&A Expenses": {"2020-09-30": "1295.14100", "2020-06-30": "1150.45900", "2020-03-31": "2047.06300", "2019-12-31": "2232.65700", "2019-09-30": "2357.94600", "2019-06-30": "2461.13400", "2019-03-31": "2193.74300", "2018-12-31": "2311.33900", "2018-09-30": "2278.95900", "2018-06-30": "2320.38400", "2018-03-31": "1958.53800", "2017-12-31": "1801.86700", "2017-09-30": "1499.26300", "2017-06-30": "1505.50800", "2017-03-31": "1436.70200", "2016-12-31": "1307.75300", "2016-09-30": "1198.63800", "2016-06-30": "1098.32100", "2016-03-31": "961.90700", "2015-12-31": "1153.51100", "2015-09-30": "1334.25100", "2015-06-30": "1409.12500", "2015-03-31": "1455.19000", "2014-12-31": "1805.88600", "2014-09-30": "2171.58000", "2014-06-30": "1959.42300", "2014-03-31": "1883.13400", "2013-12-31": "1698.16000", "2013-09-30": "1697.93300", "2013-06-30": "1716.57000", "2013-03-31": "1575.32600", "2012-12-31": "1532.40700", "2012-09-30": "1412.50500", "2012-06-30": "1294.76800", "2012-03-31": "1322.18200", "2011-12-31": "1240.24800", "2011-09-30": "1129.52600", "2011-06-30": "977.48500", "2011-03-31": "893.24100", "2010-12-31": "764.84110", "2010-09-30": "689.96700", "2010-06-30": "602.31300", "2010-03-31": "575.01600", "2009-12-31": "531.56400", "2009-09-30": "468.88600", "2009-06-30": "370.43300", "2009-03-31": "369.38000", "2008-12-31": "359.55090", "2008-09-30": "442.52200", "2008-06-30": "421.94400", "2008-03-31": "367.15400", "2007-12-31": "365.99410", "2007-09-30": "255.21600", "2007-06-30": "269.38900", "2007-03-31": "221.41900", "2006-12-31": "244.18300", "2006-09-30": "216.75300", "2006-06-30": "198.66500", "2006-03-31": "205.56500", "2005-12-31": "211.75600", "2005-09-30": "178.47200", "2005-06-30": "154.57700", "2005-03-31": "153.47500"}, "Other Operating Income Or Expenses": {"2020-09-30": "-78.99000", "2020-06-30": "-305.41500", "2020-03-31": "-1572.93500", "2019-12-31": "-228.13500", "2019-09-30": "-105.27500", "2019-06-30": "-112.13000", "2019-03-31": "-72.35600", "2018-12-31": "-186.08700", "2018-09-30": "-44.61700", "2018-06-30": "-51.70800", "2018-03-31": "-64.60900", "2017-12-31": "-153.44200", "2017-09-30": "-53.67700", "2017-06-30": "-78.93400", "2017-03-31": "-193.18700", "2016-12-31": "-297.94600", "2016-09-30": "-177.99000", "2016-06-30": "-72.71400", "2016-03-31": "-71.61700", "2015-12-31": "-168.17100", "2015-09-30": "-6307.42000", "2015-06-30": "-68.51900", "2015-03-31": "-69.43600", "2014-12-31": "-535.63700", "2014-09-30": "-55.54200", "2014-06-30": "-39.03500", "2014-03-31": "-113.36100", "2013-12-31": "-109.50900", "2013-09-30": "-85.91700", "2013-06-30": "-37.96700", "2013-03-31": "-53.54800", "2012-12-31": "-1020.49600", "2012-09-30": "-62.87500", "2012-06-30": "-54.21700", "2012-03-31": "-133.14700", "2011-12-31": "-499.62400", "2011-09-30": "-83.43100", "2011-06-30": "-358.65400", "2011-03-31": "-89.32800", "2010-12-31": "-239.78200", "2010-09-30": "-352.90800", "2010-06-30": "-80.36200", "2010-03-31": "-69.59500", "2009-12-31": "-123.91100", "2009-09-30": "-69.40400", "2009-06-30": "-47.04600", "2009-03-31": "-65.47100", "2008-12-31": "-79.26800", "2008-09-30": "-32.14200", "2008-06-30": "-48.87500", "2008-03-31": "-32.57400", "2007-12-31": "-60.65700", "2007-09-30": "-42.01400", "2007-06-30": "-20.80400", "2007-03-31": "-24.04200", "2006-12-31": "-40.69900", "2006-09-30": "-22.10600", "2006-06-30": "-22.68000", "2006-03-31": "-22.77300", "2005-12-31": "-23.23700", "2005-09-30": "-18.29200", "2005-06-30": "-24.23100", "2005-03-31": "-12.17200"}, "Operating Expenses": {"2020-09-30": "2248.19800", "2020-06-30": "2189.92300", "2020-03-31": "4660.10700", "2019-12-31": "3456.49400", "2019-09-30": "3475.49600", "2019-06-30": "3566.85900", "2019-03-31": "3182.11200", "2018-12-31": "3451.39600", "2018-09-30": "3274.93700", "2018-06-30": "3273.14600", "2018-03-31": "2806.57400", "2017-12-31": "2864.52800", "2017-09-30": "2430.00800", "2017-06-30": "2484.56400", "2017-03-31": "2502.81900", "2016-12-31": "2507.52600", "2016-09-30": "2311.98400", "2016-06-30": "2063.91300", "2016-03-31": "1992.49000", "2015-12-31": "2126.51400", "2015-09-30": "8395.38500", "2015-06-30": "2430.07500", "2015-03-31": "2491.53300", "2014-12-31": "3418.84500", "2014-09-30": "3332.45400", "2014-06-30": "3042.82600", "2014-03-31": "2999.39200", "2013-12-31": "2768.70000", "2013-09-30": "2771.62700", "2013-06-30": "2748.14100", "2013-03-31": "2523.44000", "2012-12-31": "3389.87200", "2012-09-30": "2349.10800", "2012-06-30": "2216.98000", "2012-03-31": "2246.87900", "2011-12-31": "2470.44000", "2011-09-30": "1935.71400", "2011-06-30": "1981.99700", "2011-03-31": "1624.65500", "2010-12-31": "1614.55000", "2010-09-30": "1593.77000", "2010-06-30": "1217.46700", "2010-03-31": "1150.79100", "2009-12-31": "1106.75400", "2009-09-30": "971.54600", "2009-06-30": "861.02110", "2009-03-31": "876.79710", "2008-12-31": "882.54790", "2008-09-30": "871.70300", "2008-06-30": "852.40910", "2008-03-31": "753.29800", "2007-12-31": "793.60030", "2007-09-30": "661.30500", "2007-06-30": "603.00500", "2007-03-31": "532.99700", "2006-12-31": "598.26620", "2006-09-30": "506.46000", "2006-06-30": "464.25400", "2006-03-31": "456.10800", "2005-12-31": "458.81290", "2005-09-30": "412.28900", "2005-06-30": "389.23500", "2005-03-31": "368.06100"}, "Operating Income": {"2020-09-30": "-2.71410", "2020-06-30": "-1086.54900", "2020-03-31": "57.58450", "2019-12-31": "863.75150", "2019-09-30": "827.95920", "2019-06-30": "1130.77100", "2019-03-31": "876.53030", "2018-12-31": "1123.13900", "2018-09-30": "1506.68700", "2018-06-30": "964.93120", "2018-03-31": "874.58840", "2017-12-31": "475.91240", "2017-09-30": "214.83590", "2017-06-30": "127.90770", "2017-03-31": "107.74580", "2016-12-31": "-105.48730", "2016-09-30": "-193.48000", "2016-06-30": "-288.17310", "2016-03-31": "-638.14090", "2015-12-31": "-329.75340", "2015-09-30": "-6222.95700", "2015-06-30": "39.62600", "2015-03-31": "-172.99460", "2014-12-31": "1226.65200", "2014-09-30": "1786.16200", "2014-06-30": "1144.73000", "2014-03-31": "1084.27900", "2013-12-31": "980.32350", "2013-09-30": "769.76900", "2013-06-30": "1092.04400", "2013-03-31": "833.07400", "2012-12-31": "-378.06100", "2012-09-30": "605.74710", "2012-06-30": "692.33910", "2012-03-31": "559.77200", "2011-12-31": "302.57520", "2011-09-30": "950.02980", "2011-06-30": "588.25320", "2011-03-31": "272.45090", "2010-12-31": "174.61070", "2010-09-30": "-11.69500", "2010-06-30": "140.50100", "2010-03-31": "219.90200", "2009-12-31": "654.10820", "2009-09-30": "35.30300", "2009-06-30": "0.01790", "2009-03-31": "281.41190", "2008-12-31": "751.17930", "2008-09-30": "2392.18300", "2008-06-30": "243.10290", "2008-03-31": "380.72000", "2007-12-31": "519.81570", "2007-09-30": "324.85800", "2007-06-30": "465.48210", "2007-03-31": "338.24000", "2006-12-31": "358.02480", "2006-09-30": "462.26600", "2006-06-30": "454.83400", "2006-03-31": "628.42800", "2005-12-31": "767.69100", "2005-09-30": "522.15600", "2005-06-30": "394.68900", "2005-03-31": "320.09500"}, "Total Non-Operating Income/Expense": {"2020-09-30": "-49.84100", "2020-06-30": "-58.71300", "2020-03-31": "-26.58200", "2019-12-31": "-32.54300", "2019-09-30": "-30.50200", "2019-06-30": "-41.40500", "2019-03-31": "-49.29400", "2018-12-31": "-34.80000", "2018-09-30": "-60.32400", "2018-06-30": "-71.99500", "2018-03-31": "-61.22900", "2017-12-31": "-62.55900", "2017-09-30": "-68.85600", "2017-06-30": "-65.44100", "2017-03-31": "-68.36400", "2016-12-31": "-88.52300", "2016-09-30": "-78.77000", "2016-06-30": "-92.10400", "2016-03-31": "-72.82700", "2015-12-31": "-69.07300", "2015-09-30": "-51.96400", "2015-06-30": "-51.10400", "2015-03-31": "-63.33600", "2014-12-31": "-78.05900", "2014-09-30": "-71.04200", "2014-06-30": "-43.91700", "2014-03-31": "-53.49000", "2013-12-31": "-61.24200", "2013-09-30": "-48.21400", "2013-06-30": "-56.81400", "2013-03-31": "-72.05500", "2012-12-31": "-67.76100", "2012-09-30": "-45.55800", "2012-06-30": "-46.10000", "2012-03-31": "-39.63800", "2011-12-31": "-60.94300", "2011-09-30": "-50.80900", "2011-06-30": "-45.02900", "2011-03-31": "-46.72900", "2010-12-31": "-35.03800", "2010-09-30": "-27.11800", "2010-06-30": "-30.44200", "2010-03-31": "-22.74500", "2009-12-31": "-27.87300", "2009-09-30": "-30.74600", "2009-06-30": "-23.57400", "2009-03-31": "-16.63700", "2008-12-31": "-16.08700", "2008-09-30": "1.76900", "2008-06-30": "4.28000", "2008-03-31": "-10.60800", "2007-12-31": "-8.73600", "2007-09-30": "-6.26000", "2007-06-30": "0.38700", "2007-03-31": "-2.91900", "2006-12-31": "-5.50500", "2006-09-30": "3.73000", "2006-06-30": "9.46000", "2006-03-31": "1.40300", "2005-12-31": "-19.47100", "2005-09-30": "-3.71800", "2005-06-30": "-7.81300", "2005-03-31": "-8.49200"}, "Pre-Tax Income": {"2020-09-30": "-52.55500", "2020-06-30": "-1145.26200", "2020-03-31": "31.00300", "2019-12-31": "831.20810", "2019-09-30": "797.45700", "2019-06-30": "1089.36600", "2019-03-31": "827.23600", "2018-12-31": "1088.34000", "2018-09-30": "1446.36300", "2018-06-30": "892.93600", "2018-03-31": "813.35900", "2017-12-31": "413.35300", "2017-09-30": "145.98000", "2017-06-30": "62.46700", "2017-03-31": "39.38200", "2016-12-31": "-194.01000", "2016-09-30": "-272.25000", "2016-06-30": "-380.27700", "2016-03-31": "-710.96800", "2015-12-31": "-398.82620", "2015-09-30": "-6274.92100", "2015-06-30": "-11.47800", "2015-03-31": "-236.33100", "2014-12-31": "1148.59300", "2014-09-30": "1715.12000", "2014-06-30": "1100.81300", "2014-03-31": "1030.78900", "2013-12-31": "919.08210", "2013-09-30": "721.55500", "2013-06-30": "1035.23000", "2013-03-31": "761.01900", "2012-12-31": "-445.82200", "2012-09-30": "560.18900", "2012-06-30": "646.23900", "2012-03-31": "520.13400", "2011-12-31": "241.63190", "2011-09-30": "899.22100", "2011-06-30": "543.22400", "2011-03-31": "225.72200", "2010-12-31": "139.57300", "2010-09-30": "-38.81300", "2010-06-30": "110.05900", "2010-03-31": "197.15700", "2009-12-31": "626.23500", "2009-09-30": "4.55700", "2009-06-30": "-23.55600", "2009-03-31": "264.77500", "2008-12-31": "735.09210", "2008-09-30": "2393.95200", "2008-06-30": "247.38300", "2008-03-31": "370.11200", "2007-12-31": "511.08000", "2007-09-30": "318.59800", "2007-06-30": "465.86900", "2007-03-31": "335.32100", "2006-12-31": "352.52000", "2006-09-30": "465.99600", "2006-06-30": "464.29400", "2006-03-31": "629.83100", "2005-12-31": "748.22000", "2005-09-30": "518.43800", "2005-06-30": "386.87600", "2005-03-31": "311.60300"}, "Income Taxes": {"2020-09-30": "-10.08800", "2020-06-30": "-235.87800", "2020-03-31": "21.19000", "2019-12-31": "194.68700", "2019-09-30": "182.33500", "2019-06-30": "241.52500", "2019-03-31": "191.81000", "2018-12-31": "195.57200", "2018-09-30": "255.41100", "2018-06-30": "196.20500", "2018-03-31": "174.77000", "2017-12-31": "-2017.11500", "2017-09-30": "45.43900", "2017-06-30": "39.41400", "2017-03-31": "10.86500", "2016-12-31": "-51.65800", "2016-09-30": "-82.25000", "2016-06-30": "-87.71900", "2016-03-31": "-239.19200", "2015-12-31": "-114.53010", "2015-09-30": "-2199.18200", "2015-06-30": "-16.74600", "2015-03-31": "-66.58300", "2014-12-31": "704.00500", "2014-09-30": "611.50200", "2014-06-30": "394.46000", "2014-03-31": "369.86100", "2013-12-31": "338.88800", "2013-09-30": "259.05700", "2013-06-30": "375.53800", "2013-03-31": "266.29400", "2012-12-31": "59.17700", "2012-09-30": "204.69800", "2012-06-30": "250.46100", "2012-03-31": "196.12500", "2011-12-31": "120.93400", "2011-09-30": "358.34300", "2011-06-30": "247.65000", "2011-03-31": "91.74900", "2010-12-31": "85.90000", "2010-09-30": "32.09300", "2010-06-30": "50.18700", "2010-03-31": "79.14200", "2009-12-31": "225.80800", "2009-09-30": "0.36100", "2009-06-30": "-6.85000", "2009-03-31": "106.06500", "2008-12-31": "273.62000", "2008-09-30": "837.66700", "2008-06-30": "69.17700", "2008-03-31": "129.15600", "2007-12-31": "149.88500", "2007-09-30": "114.59500", "2007-06-30": "158.81600", "2007-03-31": "117.65400", "2006-12-31": "109.89500", "2006-09-30": "166.86000", "2006-06-30": "132.87700", "2006-03-31": "203.12400", "2005-12-31": "284.56400", "2005-09-30": "174.67700", "2005-06-30": "137.42000", "2005-03-31": "108.90000"}, "Income After Taxes": {"2020-09-30": "-42.46700", "2020-06-30": "-909.38400", "2020-03-31": "9.81300", "2019-12-31": "636.52110", "2019-09-30": "615.12190", "2019-06-30": "847.84090", "2019-03-31": "635.42600", "2018-12-31": "892.76790", "2018-09-30": "1190.95200", "2018-06-30": "696.73100", "2018-03-31": "638.58900", "2017-12-31": "2430.46800", "2017-09-30": "100.54100", "2017-06-30": "23.05300", "2017-03-31": "28.51700", "2016-12-31": "-142.35210", "2016-09-30": "-190.00000", "2016-06-30": "-292.55800", "2016-03-31": "-471.77600", "2015-12-31": "-284.29610", "2015-09-30": "-4075.73900", "2015-06-30": "5.26800", "2015-03-31": "-169.74800", "2014-12-31": "444.58810", "2014-09-30": "1103.61800", "2014-06-30": "706.35300", "2014-03-31": "660.92800", "2013-12-31": "580.19380", "2013-09-30": "462.49800", "2013-06-30": "659.69200", "2013-03-31": "494.72500", "2012-12-31": "-504.99900", "2012-09-30": "355.49100", "2012-06-30": "395.77800", "2012-03-31": "324.00900", "2011-12-31": "120.69790", "2011-09-30": "540.87810", "2011-06-30": "295.57400", "2011-03-31": "133.97300", "2010-12-31": "53.67300", "2010-09-30": "-70.90600", "2010-06-30": "59.87200", "2010-03-31": "118.01500", "2009-12-31": "400.42700", "2009-09-30": "4.19600", "2009-06-30": "-16.70600", "2009-03-31": "158.71000", "2008-12-31": "461.47200", "2008-09-30": "1556.28500", "2008-06-30": "178.20600", "2008-03-31": "240.95600", "2007-12-31": "361.19500", "2007-09-30": "204.00300", "2007-06-30": "307.05300", "2007-03-31": "217.66700", "2006-12-31": "242.62500", "2006-09-30": "299.13600", "2006-06-30": "331.41700", "2006-03-31": "426.70700", "2005-12-31": "463.65590", "2005-09-30": "343.76100", "2005-06-30": "249.45600", "2005-03-31": "202.70300"}, "Other Income": {"2020-09-30": "", "2020-06-30": "", "2020-03-31": "", "2019-12-31": "", "2019-09-30": "", "2019-06-30": "", "2019-03-31": "", "2018-12-31": "", "2018-09-30": "", "2018-06-30": "", "2018-03-31": "", "2017-12-31": "", "2017-09-30": "", "2017-06-30": "", "2017-03-31": "", "2016-12-31": "", "2016-09-30": "", "2016-06-30": "", "2016-03-31": "", "2015-12-31": "", "2015-09-30": "", "2015-06-30": "", "2015-03-31": "", "2014-12-31": "", "2014-09-30": "", "2014-06-30": "", "2014-03-31": "", "2013-12-31": "", "2013-09-30": "", "2013-06-30": "", "2013-03-31": "", "2012-12-31": "", "2012-09-30": "", "2012-06-30": "", "2012-03-31": "", "2011-12-31": "", "2011-09-30": "", "2011-06-30": "", "2011-03-31": "", "2010-12-31": "", "2010-09-30": "", "2010-06-30": "", "2010-03-31": "", "2009-12-31": "", "2009-09-30": "", "2009-06-30": "", "2009-03-31": "", "2008-12-31": "", "2008-09-30": "", "2008-06-30": "", "2008-03-31": "", "2007-12-31": "", "2007-09-30": "", "2007-06-30": "", "2007-03-31": "", "2006-12-31": "", "2006-09-30": "", "2006-06-30": "", "2006-03-31": "", "2005-12-31": "", "2005-09-30": "", "2005-06-30": "", "2005-03-31": ""}, "Income From Continuous Operations": {"2020-09-30": "-42.46700", "2020-06-30": "-909.38400", "2020-03-31": "9.81300", "2019-12-31": "636.52110", "2019-09-30": "615.12190", "2019-06-30": "847.84090", "2019-03-31": "635.42600", "2018-12-31": "892.76790", "2018-09-30": "1190.95200", "2018-06-30": "696.73100", "2018-03-31": "638.58900", "2017-12-31": "2430.46800", "2017-09-30": "100.54100", "2017-06-30": "23.05300", "2017-03-31": "28.51700", "2016-12-31": "-142.35210", "2016-09-30": "-190.00000", "2016-06-30": "-292.55800", "2016-03-31": "-471.77600", "2015-12-31": "-284.29610", "2015-09-30": "-4075.73900", "2015-06-30": "5.26800", "2015-03-31": "-169.74800", "2014-12-31": "444.58810", "2014-09-30": "1103.61800", "2014-06-30": "706.35300", "2014-03-31": "660.92800", "2013-12-31": "580.19380", "2013-09-30": "462.49800", "2013-06-30": "659.69200", "2013-03-31": "494.72500", "2012-12-31": "-504.99900", "2012-09-30": "355.49100", "2012-06-30": "395.77800", "2012-03-31": "324.00900", "2011-12-31": "120.69790", "2011-09-30": "540.87810", "2011-06-30": "295.57400", "2011-03-31": "133.97300", "2010-12-31": "53.67300", "2010-09-30": "-70.90600", "2010-06-30": "59.87200", "2010-03-31": "118.01500", "2009-12-31": "400.42700", "2009-09-30": "4.19600", "2009-06-30": "-16.70600", "2009-03-31": "158.71000", "2008-12-31": "461.47200", "2008-09-30": "1556.28500", "2008-06-30": "178.20600", "2008-03-31": "240.95600", "2007-12-31": "361.19500", "2007-09-30": "204.00300", "2007-06-30": "307.05300", "2007-03-31": "217.66700", "2006-12-31": "242.62500", "2006-09-30": "299.13600", "2006-06-30": "331.41700", "2006-03-31": "426.70700", "2005-12-31": "463.65590", "2005-09-30": "343.76100", "2005-06-30": "249.45600", "2005-03-31": "202.70300"}, "Income From Discontinued Operations": {"2020-09-30": "", "2020-06-30": "", "2020-03-31": "", "2019-12-31": "", "2019-09-30": "", "2019-06-30": "", "2019-03-31": "", "2018-12-31": "", "2018-09-30": "", "2018-06-30": "", "2018-03-31": "", "2017-12-31": "", "2017-09-30": "", "2017-06-30": "", "2017-03-31": "", "2016-12-31": "", "2016-09-30": "", "2016-06-30": "", "2016-03-31": "", "2015-12-31": "", "2015-09-30": "", "2015-06-30": "", "2015-03-31": "", "2014-12-31": "", "2014-09-30": "", "2014-06-30": "", "2014-03-31": "", "2013-12-31": "", "2013-09-30": "", "2013-06-30": "", "2013-03-31": "", "2012-12-31": "", "2012-09-30": "", "2012-06-30": "", "2012-03-31": "", "2011-12-31": "", "2011-09-30": "", "2011-06-30": "", "2011-03-31": "", "2010-12-31": "", "2010-09-30": "", "2010-06-30": "", "2010-03-31": "", "2009-12-31": "", "2009-09-30": "", "2009-06-30": "", "2009-03-31": "", "2008-12-31": "", "2008-09-30": "", "2008-06-30": "", "2008-03-31": "", "2007-12-31": "", "2007-09-30": "", "2007-06-30": "", "2007-03-31": "", "2006-12-31": "", "2006-09-30": "", "2006-06-30": "", "2006-03-31": "", "2005-12-31": "", "2005-09-30": "", "2005-06-30": "", "2005-03-31": ""}, "Net Income": {"2020-09-30": "-42.46700", "2020-06-30": "-909.38400", "2020-03-31": "9.81300", "2019-12-31": "636.52080", "2019-09-30": "615.12200", "2019-06-30": "847.84100", "2019-03-31": "635.42600", "2018-12-31": "892.76790", "2018-09-30": "1190.95200", "2018-06-30": "696.73100", "2018-03-31": "638.58900", "2017-12-31": "2430.46800", "2017-09-30": "100.54100", "2017-06-30": "23.05300", "2017-03-31": "28.51700", "2016-12-31": "-142.35210", "2016-09-30": "-190.00000", "2016-06-30": "-292.55800", "2016-03-31": "-471.77600", "2015-12-31": "-284.29610", "2015-09-30": "-4075.73900", "2015-06-30": "5.26800", "2015-03-31": "-169.74800", "2014-12-31": "444.58800", "2014-09-30": "1103.61800", "2014-06-30": "706.35300", "2014-03-31": "660.92800", "2013-12-31": "580.19380", "2013-09-30": "462.49800", "2013-06-30": "659.69200", "2013-03-31": "494.72500", "2012-12-31": "-504.99900", "2012-09-30": "355.49100", "2012-06-30": "395.77800", "2012-03-31": "324.00900", "2011-12-31": "120.69800", "2011-09-30": "540.87800", "2011-06-30": "295.57400", "2011-03-31": "133.97300", "2010-12-31": "53.67300", "2010-09-30": "-70.90600", "2010-06-30": "59.87200", "2010-03-31": "118.01500", "2009-12-31": "400.42700", "2009-09-30": "4.19600", "2009-06-30": "-16.70600", "2009-03-31": "158.71000", "2008-12-31": "461.47200", "2008-09-30": "1556.28500", "2008-06-30": "178.20600", "2008-03-31": "240.51300", "2007-12-31": "358.03410", "2007-09-30": "202.36600", "2007-06-30": "306.06300", "2007-03-31": "216.79200", "2006-12-31": "237.20400", "2006-09-30": "297.27800", "2006-06-30": "329.55900", "2006-03-31": "424.84900", "2005-12-31": "461.79700", "2005-09-30": "341.90400", "2005-06-30": "247.59800", "2005-03-31": "200.84500"}, "EBITDA": {"2020-09-30": "820.33590", "2020-06-30": "-379.87010", "2020-03-31": "1057.64500", "2019-12-31": "1822.95900", "2019-09-30": "1781.55600", "2019-06-30": "2088.07500", "2019-03-31": "1756.12500", "2018-12-31": "2043.10200", "2018-09-30": "2424.86700", "2018-06-30": "1813.60500", "2018-03-31": "1623.17900", "2017-12-31": "1357.65700", "2017-09-30": "1061.05800", "2017-06-30": "993.29170", "2017-03-31": "923.78190", "2016-12-31": "757.03660", "2016-09-30": "706.03110", "2016-06-30": "574.31790", "2016-03-31": "290.75010", "2015-12-31": "439.70360", "2015-09-30": "-5500.78500", "2015-06-30": "948.85300", "2015-03-31": "739.79340", "2014-12-31": "2240.58200", "2014-09-30": "2826.18000", "2014-06-30": "2141.33200", "2014-03-31": "2030.77000", "2013-12-31": "1895.58100", "2013-09-30": "1698.56900", "2013-06-30": "2002.57500", "2013-03-31": "1679.46200", "2012-12-31": "408.28300", "2012-09-30": "1431.59800", "2012-06-30": "1501.10400", "2012-03-31": "1308.51500", "2011-12-31": "996.10230", "2011-09-30": "1601.71400", "2011-06-30": "1191.19700", "2011-03-31": "840.67690", "2010-12-31": "718.39980", "2010-09-30": "489.19300", "2010-06-30": "605.84400", "2010-03-31": "651.80800", "2009-12-31": "1053.04500", "2009-09-30": "420.63290", "2009-06-30": "375.61000", "2009-03-31": "670.74100", "2008-12-31": "1119.31400", "2008-09-30": "2738.43000", "2008-06-30": "558.39690", "2008-03-31": "677.91890", "2007-12-31": "802.04980", "2007-09-30": "604.04700", "2007-06-30": "725.26210", "2007-03-31": "582.58200", "2006-12-31": "588.46280", "2006-09-30": "678.33700", "2006-06-30": "647.76200", "2006-03-31": "806.08000", "2005-12-31": "944.66500", "2005-09-30": "686.52800", "2005-06-30": "554.58500", "2005-03-31": "473.11100"}, "EBIT": {"2020-09-30": "-2.71410", "2020-06-30": "-1086.54900", "2020-03-31": "57.58450", "2019-12-31": "863.75120", "2019-09-30": "827.95920", "2019-06-30": "1130.77100", "2019-03-31": "876.53030", "2018-12-31": "1123.13900", "2018-09-30": "1506.68700", "2018-06-30": "964.93120", "2018-03-31": "874.58840", "2017-12-31": "475.91190", "2017-09-30": "214.83590", "2017-06-30": "127.90770", "2017-03-31": "107.74580", "2016-12-31": "-105.48730", "2016-09-30": "-193.48000", "2016-06-30": "-288.17310", "2016-03-31": "-638.14090", "2015-12-31": "-329.75340", "2015-09-30": "-6222.95700", "2015-06-30": "39.62600", "2015-03-31": "-172.99460", "2014-12-31": "1226.65100", "2014-09-30": "1786.16200", "2014-06-30": "1144.73000", "2014-03-31": "1084.27900", "2013-12-31": "980.32300", "2013-09-30": "769.76900", "2013-06-30": "1092.04400", "2013-03-31": "833.07400", "2012-12-31": "-378.06130", "2012-09-30": "605.74710", "2012-06-30": "692.33910", "2012-03-31": "559.77200", "2011-12-31": "302.57520", "2011-09-30": "950.02980", "2011-06-30": "588.25320", "2011-03-31": "272.45090", "2010-12-31": "174.61040", "2010-09-30": "-11.69500", "2010-06-30": "140.50100", "2010-03-31": "219.90200", "2009-12-31": "654.10820", "2009-09-30": "35.30300", "2009-06-30": "0.01790", "2009-03-31": "281.41190", "2008-12-31": "751.17930", "2008-09-30": "2392.18300", "2008-06-30": "243.10290", "2008-03-31": "380.72000", "2007-12-31": "519.81590", "2007-09-30": "324.85800", "2007-06-30": "465.48210", "2007-03-31": "338.24000", "2006-12-31": "358.02500", "2006-09-30": "462.26600", "2006-06-30": "454.83400", "2006-03-31": "628.42800", "2005-12-31": "767.69120", "2005-09-30": "522.15600", "2005-06-30": "394.68900", "2005-03-31": "320.09500"}, "Basic Shares Outstanding": {"2020-09-30": "579.05500", "2020-06-30": "578.71900", "2020-03-31": "578.46200", "2019-12-31": "577.67000", "2019-09-30": "577.83900", "2019-06-30": "577.46000", "2019-03-31": "577.20700", "2018-12-31": "576.57800", "2018-09-30": "577.25400", "2018-06-30": "576.13500", "2018-03-31": "575.77500", "2017-12-31": "574.62000", "2017-09-30": "574.78300", "2017-06-30": "574.43900", "2017-03-31": "573.93500", "2016-12-31": "553.38400", "2016-09-30": "547.83800", "2016-06-30": "547.33500", "2016-03-31": "546.71500", "2015-12-31": "545.69700", "2015-09-30": "545.92000", "2015-06-30": "545.50400", "2015-03-31": "544.99800", "2014-12-31": "543.44300", "2014-09-30": "543.98400", "2014-06-30": "543.09900", "2014-03-31": "542.27800", "2013-12-31": "540.34100", "2013-09-30": "540.94100", "2013-06-30": "540.03300", "2013-03-31": "538.71700", "2012-12-31": "535.15500", "2012-09-30": "535.88200", "2012-06-30": "533.74800", "2012-03-31": "533.34800", "2011-12-31": "525.47000", "2011-09-30": "532.10600", "2011-06-30": "531.66000", "2011-03-31": "510.40000", "2010-12-31": "501.75200", "2010-09-30": "502.03000", "2010-06-30": "501.65000", "2010-03-31": "500.74000", "2009-12-31": "497.99200", "2009-09-30": "499.07000", "2009-06-30": "496.41400", "2009-03-31": "495.98200", "2008-12-31": "493.32400", "2008-09-30": "494.31000", "2008-06-30": "493.07200", "2008-03-31": "490.86000", "2007-12-31": "486.93800", "2007-09-30": "486.97200", "2007-06-30": "486.45400", "2007-03-31": "485.52600", "2006-12-31": "483.56400", "2006-09-30": "483.82200", "2006-06-30": "483.22600", "2006-03-31": "482.23600", "2005-12-31": "477.59400", "2005-09-30": "478.68800", "2005-06-30": "476.50400", "2005-03-31": "474.58600"}, "Shares Outstanding": {"2020-09-30": "579.05500", "2020-06-30": "578.71900", "2020-03-31": "580.28300", "2019-12-31": "580.77700", "2019-09-30": "581.27100", "2019-06-30": "580.24700", "2019-03-31": "580.22200", "2018-12-31": "580.44100", "2018-09-30": "581.55900", "2018-06-30": "580.37500", "2018-03-31": "579.72600", "2017-12-31": "578.69300", "2017-09-30": "578.73600", "2017-06-30": "578.48300", "2017-03-31": "578.59300", "2016-12-31": "553.38400", "2016-09-30": "547.83800", "2016-06-30": "547.33500", "2016-03-31": "546.71500", "2015-12-31": "545.69700", "2015-09-30": "545.92000", "2015-06-30": "549.68300", "2015-03-31": "544.99800", "2014-12-31": "548.53900", "2014-09-30": "549.51800", "2014-06-30": "548.67600", "2014-03-31": "548.07100", "2013-12-31": "546.22700", "2013-09-30": "547.15200", "2013-06-30": "545.47700", "2013-03-31": "544.52600", "2012-12-31": "541.52400", "2012-09-30": "541.96400", "2012-06-30": "539.97000", "2012-03-31": "540.48400", "2011-12-31": "532.53600", "2011-09-30": "538.58400", "2011-06-30": "538.66400", "2011-03-31": "517.63800", "2010-12-31": "509.00000", "2010-09-30": "502.03000", "2010-06-30": "509.00600", "2010-03-31": "507.73800", "2009-12-31": "503.76800", "2009-09-30": "504.84400", "2009-06-30": "496.41400", "2009-03-31": "500.40800", "2008-12-31": "501.08400", "2008-09-30": "501.86000", "2008-06-30": "502.27000", "2008-03-31": "499.52600", "2007-12-31": "495.27400", "2007-09-30": "494.85000", "2007-06-30": "494.52200", "2007-03-31": "493.35400", "2006-12-31": "492.20000", "2006-09-30": "492.27200", "2006-06-30": "491.77400", "2006-03-31": "491.84600", "2005-12-31": "487.95000", "2005-09-30": "489.80000", "2005-06-30": "486.82800", "2005-03-31": "484.22800"}, "Basic EPS": {"2020-09-30": "-0.07000", "2020-06-30": "-1.57000", "2020-03-31": "0.02000", "2019-12-31": "1.10000", "2019-09-30": "1.06000", "2019-06-30": "1.47000", "2019-03-31": "1.10000", "2018-12-31": "1.55000", "2018-09-30": "2.06000", "2018-06-30": "1.21000", "2018-03-31": "1.11000", "2017-12-31": "4.23000", "2017-09-30": "0.17000", "2017-06-30": "0.04000", "2017-03-31": "0.05000", "2016-12-31": "-0.24000", "2016-09-30": "-0.35000", "2016-06-30": "-0.53000", "2016-03-31": "-0.86000", "2015-12-31": "-0.52000", "2015-09-30": "-7.47000", "2015-06-30": "0.01000", "2015-03-31": "-0.31000", "2014-12-31": "0.81000", "2014-09-30": "2.03000", "2014-06-30": "1.30000", "2014-03-31": "1.22000", "2013-12-31": "1.08000", "2013-09-30": "0.85000", "2013-06-30": "1.22000", "2013-03-31": "0.92000", "2012-12-31": "-0.94500", "2012-09-30": "0.66500", "2012-06-30": "0.74000", "2012-03-31": "0.61000", "2011-12-31": "0.24500", "2011-09-30": "1.01500", "2011-06-30": "0.55500", "2011-03-31": "0.26000", "2010-12-31": "0.10500", "2010-09-30": "-0.14000", "2010-06-30": "0.12000", "2010-03-31": "0.23500", "2009-12-31": "0.80500", "2009-09-30": "0.01000", "2009-06-30": "-0.03500", "2009-03-31": "0.32000", "2008-12-31": "0.94000", "2008-09-30": "3.15000", "2008-06-30": "0.36000", "2008-03-31": "0.49000", "2007-12-31": "0.73500", "2007-09-30": "0.41500", "2007-06-30": "0.63000", "2007-03-31": "0.44500", "2006-12-31": "0.49000", "2006-09-30": "0.61500", "2006-06-30": "0.68000", "2006-03-31": "0.88000", "2005-12-31": "0.96000", "2005-09-30": "0.71500", "2005-06-30": "0.52000", "2005-03-31": "0.42500"}, "EPS - Earnings Per Share": {"2020-09-30": "-0.07000", "2020-06-30": "-1.57000", "2020-03-31": "0.02000", "2019-12-31": "1.09000", "2019-09-30": "1.06000", "2019-06-30": "1.46000", "2019-03-31": "1.10000", "2018-12-31": "1.54000", "2018-09-30": "2.05000", "2018-06-30": "1.20000", "2018-03-31": "1.10000", "2017-12-31": "4.20000", "2017-09-30": "0.17000", "2017-06-30": "0.04000", "2017-03-31": "0.05000", "2016-12-31": "-0.24000", "2016-09-30": "-0.35000", "2016-06-30": "-0.53000", "2016-03-31": "-0.86000", "2015-12-31": "-0.52000", "2015-09-30": "-7.47000", "2015-06-30": "0.01000", "2015-03-31": "-0.31000", "2014-12-31": "0.81000", "2014-09-30": "2.01000", "2014-06-30": "1.29000", "2014-03-31": "1.21000", "2013-12-31": "1.05000", "2013-09-30": "0.85000", "2013-06-30": "1.21000", "2013-03-31": "0.91000", "2012-12-31": "-0.94000", "2012-09-30": "0.65500", "2012-06-30": "0.73500", "2012-03-31": "0.60000", "2011-12-31": "0.23500", "2011-09-30": "1.00500", "2011-06-30": "0.55000", "2011-03-31": "0.26000", "2010-12-31": "0.10500", "2010-09-30": "-0.14000", "2010-06-30": "0.12000", "2010-03-31": "0.23000", "2009-12-31": "0.79500", "2009-09-30": "0.01000", "2009-06-30": "-0.03500", "2009-03-31": "0.31500", "2008-12-31": "0.92500", "2008-09-30": "3.10000", "2008-06-30": "0.35500", "2008-03-31": "0.48000", "2007-12-31": "0.71500", "2007-09-30": "0.41000", "2007-06-30": "0.62000", "2007-03-31": "0.44000", "2006-12-31": "0.48000", "2006-09-30": "0.60500", "2006-06-30": "0.67000", "2006-03-31": "0.86500", "2005-12-31": "0.94000", "2005-09-30": "0.70000", "2005-06-30": "0.51000", "2005-03-31": "0.41500"}}, "balance sheet": {"Cash On Hand": {"2019-12-31": "2027.97200", "2018-12-31": "1555.63400", "2017-12-31": "834.22800", "2016-12-31": "1599.89500", "2015-12-31": "718.50600", "2014-12-31": "2087.21300", "2013-12-31": "1318.20900", "2012-12-31": "876.43500", "2011-12-31": "615.72600", "2010-12-31": "788.85300", "2009-12-31": "685.75100", "2008-12-31": "331.31100", "2007-12-31": "54.23100", "2006-12-31": "218.25500", "2005-12-31": "643.81100"}, "Receivables": {"2019-12-31": "2153.32300", "2018-12-31": "2343.12400", "2017-12-31": "1710.85100", "2016-12-31": "1228.62500", "2015-12-31": "971.31400", "2014-12-31": "1850.93200", "2013-12-31": "1663.65000", "2012-12-31": "1685.78100", "2011-12-31": "1477.83600", "2010-12-31": "1168.19500", "2009-12-31": "808.42600", "2008-12-31": "749.74800", "2007-12-31": "946.04000", "2006-12-31": "848.44490", "2005-12-31": "762.46200"}, "Inventory": {"2019-12-31": "767.29700", "2018-12-31": "859.35900", "2017-12-31": "483.86500", "2016-12-31": "350.01700", "2015-12-31": "598.93500", "2014-12-31": "706.59700", "2013-12-31": "563.26800", "2012-12-31": "683.18700", "2011-12-31": "590.59400", "2010-12-31": "415.79200", "2009-12-31": "261.72300", "2008-12-31": "187.97000", "2007-12-31": "102.32200", "2006-12-31": "113.59100", "2005-12-31": "63.21500"}, "Pre-Paid Expenses": {"2019-12-31": "", "2018-12-31": "", "2017-12-31": "", "2016-12-31": "", "2015-12-31": "", "2014-12-31": "", "2013-12-31": "", "2012-12-31": "", "2011-12-31": "", "2010-12-31": "", "2009-12-31": "", "2008-12-31": "", "2007-12-31": "", "2006-12-31": "", "2005-12-31": ""}, "Other Current Assets": {"2019-12-31": "324.74700", "2018-12-31": "299.27300", "2017-12-31": "250.16400", "2016-12-31": "206.67900", "2015-12-31": "155.67700", "2014-12-31": "751.66100", "2013-12-31": "282.28200", "2012-12-31": "344.48100", "2011-12-31": "569.78200", "2010-12-31": "145.34600", "2009-12-31": "83.64100", "2008-12-31": "839.42200", "2007-12-31": "155.91300", "2006-12-31": "169.78900", "2005-12-31": "69.37400"}, "Total Current Assets": {"2019-12-31": "5273.33900", "2018-12-31": "5057.39000", "2017-12-31": "3279.10800", "2016-12-31": "3385.21600", "2015-12-31": "2592.24400", "2014-12-31": "5416.02100", "2013-12-31": "4072.01500", "2012-12-31": "3589.88400", "2011-12-31": "3253.93800", "2010-12-31": "2527.44600", "2009-12-31": "1839.54100", "2008-12-31": "2108.45100", "2007-12-31": "1292.03900", "2006-12-31": "1350.08000", "2005-12-31": "1563.23800"}, "Property, Plant, And Equipment": {"2019-12-31": "30364.60000", "2018-12-31": "28075.52000", "2017-12-31": "25665.04000", "2016-12-31": "25707.08000", "2015-12-31": "24210.72000", "2014-12-31": "29172.64000", "2013-12-31": "26148.84000", "2012-12-31": "23337.68000", "2011-12-31": "21288.82000", "2010-12-31": "18680.90000", "2009-12-31": "16139.22000", "2008-12-31": "13657.30000", "2007-12-31": "10429.25000", "2006-12-31": "7944.04700", "2005-12-31": "6087.17900"}, "Long-Term Investments": {"2019-12-31": "", "2018-12-31": "", "2017-12-31": "", "2016-12-31": "", "2015-12-31": "", "2014-12-31": "", "2013-12-31": "", "2012-12-31": "", "2011-12-31": "", "2010-12-31": "", "2009-12-31": "", "2008-12-31": "", "2007-12-31": "", "2006-12-31": "", "2005-12-31": ""}, "Goodwill And Intangible Assets": {"2019-12-31": "", "2018-12-31": "", "2017-12-31": "", "2016-12-31": "", "2015-12-31": "", "2014-12-31": "", "2013-12-31": "", "2012-12-31": "", "2011-12-31": "", "2010-12-31": "", "2009-12-31": "", "2008-12-31": "", "2007-12-31": "", "2006-12-31": "", "2005-12-31": ""}, "Other Long-Term Assets": {"2019-12-31": "1484.31100", "2018-12-31": "800.78800", "2017-12-31": "871.42700", "2016-12-31": "190.76700", "2015-12-31": "167.50500", "2014-12-31": "174.02200", "2013-12-31": "353.38700", "2012-12-31": "409.01300", "2011-12-31": "296.03500", "2010-12-31": "415.88700", "2009-12-31": "139.90100", "2008-12-31": "185.47300", "2007-12-31": "367.61400", "2006-12-31": "108.03300", "2005-12-31": "102.90300"}, "Total Long-Term Assets": {"2019-12-31": "31851.27000", "2018-12-31": "28877.08000", "2017-12-31": "26553.97000", "2016-12-31": "25913.99000", "2015-12-31": "24378.23000", "2014-12-31": "29346.67000", "2013-12-31": "26502.22000", "2012-12-31": "23746.70000", "2011-12-31": "21584.86000", "2010-12-31": "19096.79000", "2009-12-31": "16279.13000", "2008-12-31": "13842.77000", "2007-12-31": "10796.87000", "2006-12-31": "8052.08000", "2005-12-31": "6190.08200"}, "Total Assets": {"2019-12-31": "37124.61000", "2018-12-31": "33934.47000", "2017-12-31": "29833.08000", "2016-12-31": "29299.20000", "2015-12-31": "26970.47000", "2014-12-31": "34762.69000", "2013-12-31": "30574.24000", "2012-12-31": "27336.58000", "2011-12-31": "24838.80000", "2010-12-31": "21624.23000", "2009-12-31": "18118.67000", "2008-12-31": "15951.23000", "2007-12-31": "12088.91000", "2006-12-31": "9402.16000", "2005-12-31": "7753.32000"}, "Total Current Liabilities": {"2019-12-31": "4486.98800", "2018-12-31": "3728.36400", "2017-12-31": "2725.54200", "2016-12-31": "2027.29100", "2015-12-31": "1819.28700", "2014-12-31": "3384.30800", "2013-12-31": "2861.71600", "2012-12-31": "2924.05800", "2011-12-31": "2522.31900", "2010-12-31": "2220.09900", "2009-12-31": "1345.56000", "2008-12-31": "1764.91600", "2007-12-31": "1474.17000", "2006-12-31": "1255.01200", "2005-12-31": "1172.04100"}, "Long Term Debt": {"2019-12-31": "4160.91900", "2018-12-31": "5170.16900", "2017-12-31": "6030.83600", "2016-12-31": "6979.77900", "2015-12-31": "6648.91100", "2014-12-31": "5903.35400", "2013-12-31": "5906.64200", "2012-12-31": "5905.60200", "2011-12-31": "5009.16600", "2010-12-31": "5003.34100", "2009-12-31": "2760.00000", "2008-12-31": "1860.00000", "2007-12-31": "1185.00000", "2006-12-31": "733.44200", "2005-12-31": "858.99200"}, "Other Non-Current Liabilities": {"2019-12-31": "1789.88400", "2018-12-31": "1258.35500", "2017-12-31": "1275.21300", "2016-12-31": "1282.14200", "2015-12-31": "971.33500", "2014-12-31": "939.49700", "2013-12-31": "865.06700", "2012-12-31": "894.75800", "2011-12-31": "799.18900", "2010-12-31": "667.45500", "2009-12-31": "632.65200", "2008-12-31": "498.29100", "2007-12-31": "368.33600", "2006-12-31": "300.90700", "2005-12-31": "283.40700"}, "Total Long Term Liabilities": {"2019-12-31": "10996.90000", "2018-12-31": "10841.92000", "2017-12-31": "10824.26000", "2016-12-31": "13290.33000", "2015-12-31": "12208.15000", "2014-12-31": "13665.80000", "2013-12-31": "12294.06000", "2012-12-31": "11127.76000", "2011-12-31": "9675.57400", "2010-12-31": "9172.50200", "2009-12-31": "6775.06500", "2008-12-31": "5171.81300", "2007-12-31": "3624.64300", "2006-12-31": "2547.47700", "2005-12-31": "2264.98700"}, "Total Liabilities": {"2019-12-31": "15483.89000", "2018-12-31": "14570.29000", "2017-12-31": "13549.80000", "2016-12-31": "15317.62000", "2015-12-31": "14027.43000", "2014-12-31": "17050.11000", "2013-12-31": "15155.78000", "2012-12-31": "14051.81000", "2011-12-31": "12197.89000", "2010-12-31": "11392.60000", "2009-12-31": "8120.62500", "2008-12-31": "6936.72900", "2007-12-31": "5098.81300", "2006-12-31": "3802.48900", "2005-12-31": "3437.02800"}, "Common Stock Net": {"2019-12-31": "205.82200", "2018-12-31": "205.80400", "2017-12-31": "205.78800", "2016-12-31": "205.77000", "2015-12-31": "205.50200", "2014-12-31": "205.49200", "2013-12-31": "202.73200", "2012-12-31": "202.72000", "2011-12-31": "202.69300", "2010-12-31": "202.54200", "2009-12-31": "202.52600", "2008-12-31": "202.49800", "2007-12-31": "202.49500", "2006-12-31": "202.49500", "2005-12-31": "202.49500"}, "Retained Earnings (Accumulated Deficit)": {"2019-12-31": "15648.60000", "2018-12-31": "13543.13000", "2017-12-31": "10593.53000", "2016-12-31": "8398.11800", "2015-12-31": "9870.81600", "2014-12-31": "14763.10000", "2013-12-31": "12168.28000", "2012-12-31": "10175.63000", "2011-12-31": "9789.34500", "2010-12-31": "8870.17900", "2009-12-31": "8866.74700", "2008-12-31": "8466.14300", "2007-12-31": "6156.72100", "2006-12-31": "5151.03400", "2005-12-31": "3920.48300"}, "Comprehensive Income": {"2019-12-31": "-4.65200", "2018-12-31": "-1.35800", "2017-12-31": "-19.29700", "2016-12-31": "-19.01000", "2015-12-31": "-33.33800", "2014-12-31": "-23.05600", "2013-12-31": "415.83400", "2012-12-31": "439.89500", "2011-12-31": "401.74600", "2010-12-31": "440.07100", "2009-12-31": "339.72000", "2008-12-31": "27.78700", "2007-12-31": "466.70200", "2006-12-31": "176.70400", "2005-12-31": "177.13700"}, "Other Share Holders Equity": {"2019-12-31": "", "2018-12-31": "", "2017-12-31": "", "2016-12-31": "", "2015-12-31": "", "2014-12-31": "", "2013-12-31": "", "2012-12-31": "", "2011-12-31": "", "2010-12-31": "", "2009-12-31": "", "2008-12-31": "", "2007-12-31": "", "2006-12-31": "", "2005-12-31": ""}, "Share Holder Equity": {"2019-12-31": "21640.72000", "2018-12-31": "19364.19000", "2017-12-31": "16283.27000", "2016-12-31": "13981.58000", "2015-12-31": "12943.04000", "2014-12-31": "17712.58000", "2013-12-31": "15418.46000", "2012-12-31": "13284.76000", "2011-12-31": "12640.90000", "2010-12-31": "10231.63000", "2009-12-31": "9998.04200", "2008-12-31": "9014.49700", "2007-12-31": "6990.09400", "2006-12-31": "5599.67100", "2005-12-31": "4316.29200"}, "Total Liabilities And Share Holders Equity": {"2019-12-31": "37124.61000", "2018-12-31": "33934.47000", "2017-12-31": "29833.08000", "2016-12-31": "29299.20000", "2015-12-31": "26970.47000", "2014-12-31": "34762.69000", "2013-12-31": "30574.24000", "2012-12-31": "27336.58000", "2011-12-31": "24838.80000", "2010-12-31": "21624.23000", "2009-12-31": "18118.67000", "2008-12-31": "15951.23000", "2007-12-31": "12088.91000", "2006-12-31": "9402.16000", "2005-12-31": "7753.32000"}}, "balance sheet, quarterly": {"Cash On Hand": {"2020-09-30": "3065.55600", "2020-06-30": "2416.50100", "2020-03-31": "2906.85200", "2019-12-31": "2027.97200", "2019-09-30": "1583.10500", "2019-06-30": "1160.48500", "2019-03-31": "1135.81000", "2018-12-31": "1555.63400", "2018-09-30": "1274.13200", "2018-06-30": "1008.21500", "2018-03-31": "816.09400", "2017-12-31": "834.22800", "2017-09-30": "846.13800", "2017-06-30": "1649.44300", "2017-03-31": "1546.56600", "2016-12-31": "1599.89500", "2016-09-30": "1048.72700", "2016-06-30": "779.72200", "2016-03-31": "668.48100", "2015-12-31": "718.50600", "2015-09-30": "742.68900", "2015-06-30": "1367.39500", "2015-03-31": "2127.41900", "2014-12-31": "2087.21300", "2014-09-30": "1481.14500", "2014-06-30": "1230.14000", "2014-03-31": "1667.21200", "2013-12-31": "1318.20900", "2013-09-30": "1318.81700", "2013-06-30": "1228.01600", "2013-03-31": "1108.03400", "2012-12-31": "876.43500", "2012-09-30": "1112.62300", "2012-06-30": "280.37400", "2012-03-31": "294.06400", "2011-12-31": "615.72600", "2011-09-30": "1386.72800", "2011-06-30": "1577.43800", "2011-03-31": "1668.28500", "2010-12-31": "788.85300", "2010-09-30": "27.83200", "2010-06-30": "650.11400", "2010-03-31": "230.08400", "2009-12-31": "685.75100", "2009-09-30": "608.51100", "2009-06-30": "706.96400", "2009-03-31": "85.21400", "2008-12-31": "331.31100", "2008-09-30": "885.97700", "2008-06-30": "108.10100", "2008-03-31": "204.93800", "2007-12-31": "54.23100", "2007-09-30": "301.94400", "2007-06-30": "58.53400", "2007-03-31": "141.70000", "2006-12-31": "218.25500", "2006-09-30": "595.93100", "2006-06-30": "759.10800", "2006-03-31": "821.32700", "2005-12-31": "643.81100", "2005-09-30": "341.06100", "2005-06-30": "282.70100", "2005-03-31": "173.38500"}, "Receivables": {"2020-09-30": "1137.52800", "2020-06-30": "1140.31200", "2020-03-31": "1758.96500", "2019-12-31": "2153.32300", "2019-09-30": "2063.67600", "2019-06-30": "2123.31700", "2019-03-31": "2643.65500", "2018-12-31": "2343.12400", "2018-09-30": "2472.18500", "2018-06-30": "2272.10900", "2018-03-31": "1964.88900", "2017-12-31": "1710.85100", "2017-09-30": "1370.41600", "2017-06-30": "1205.71000", "2017-03-31": "1267.61500", "2016-12-31": "1228.62500", "2016-09-30": "920.36700", "2016-06-30": "940.47200", "2016-03-31": "819.67000", "2015-12-31": "971.31400", "2015-09-30": "1176.77800", "2015-06-30": "1353.29600", "2015-03-31": "1327.70200", "2014-12-31": "1850.93200", "2014-09-30": "2027.06900", "2014-06-30": "1926.77500", "2014-03-31": "1801.85600", "2013-12-31": "1663.65000", "2013-09-30": "1891.81300", "2013-06-30": "1832.40400", "2013-03-31": "1915.63700", "2012-12-31": "1685.78100", "2012-09-30": "1633.89000", "2012-06-30": "1403.54000", "2012-03-31": "1568.08400", "2011-12-31": "1477.83600", "2011-09-30": "1277.66200", "2011-06-30": "1307.43400", "2011-03-31": "1259.09500", "2010-12-31": "1168.19500", "2010-09-30": "987.08900", "2010-06-30": "840.82900", "2010-03-31": "911.27200", "2009-12-31": "808.42600", "2009-09-30": "631.39400", "2009-06-30": "589.34000", "2009-03-31": "563.31800", "2008-12-31": "749.74800", "2008-09-30": "1057.17400", "2008-06-30": "1468.00200", "2008-03-31": "1143.01700", "2007-12-31": "946.04000", "2007-09-30": "771.33110", "2007-06-30": "781.57800", "2007-03-31": "776.43300", "2006-12-31": "848.44490", "2006-09-30": "656.52300", "2006-06-30": "597.56400", "2006-03-31": "627.66700", "2005-12-31": "762.46200", "2005-09-30": "631.32000", "2005-06-30": "450.60600", "2005-03-31": "441.15700"}, "Inventory": {"2020-09-30": "668.54100", "2020-06-30": "676.58000", "2020-03-31": "662.39800", "2019-12-31": "767.29700", "2019-09-30": "778.12000", "2019-06-30": "853.12800", "2019-03-31": "860.76400", "2018-12-31": "859.35900", "2018-09-30": "766.96400", "2018-06-30": "670.99400", "2018-03-31": "584.72900", "2017-12-31": "483.86500", "2017-09-30": "344.01600", "2017-06-30": "336.19800", "2017-03-31": "314.19400", "2016-12-31": "350.01700", "2016-09-30": "429.66700", "2016-06-30": "495.82600", "2016-03-31": "538.92600", "2015-12-31": "598.93500", "2015-09-30": "660.25200", "2015-06-30": "661.16200", "2015-03-31": "764.20600", "2014-12-31": "706.59700", "2014-09-30": "672.89900", "2014-06-30": "667.10800", "2014-03-31": "635.41900", "2013-12-31": "563.26800", "2013-09-30": "566.00400", "2013-06-30": "657.40000", "2013-03-31": "697.47800", "2012-12-31": "683.18700", "2012-09-30": "657.88000", "2012-06-30": "620.26000", "2012-03-31": "561.51200", "2011-12-31": "590.59400", "2011-09-30": "580.35500", "2011-06-30": "540.09400", "2011-03-31": "481.82600", "2010-12-31": "415.79200", "2010-09-30": "381.26300", "2010-06-30": "306.56300", "2010-03-31": "313.06700", "2009-12-31": "261.72300", "2009-09-30": "240.23000", "2009-06-30": "243.61400", "2009-03-31": "242.62700", "2008-12-31": "187.97000", "2008-09-30": "146.57100", "2008-06-30": "109.97100", "2008-03-31": "98.56500", "2007-12-31": "102.32200", "2007-09-30": "109.83800", "2007-06-30": "116.30000", "2007-03-31": "122.46100", "2006-12-31": "113.59100", "2006-09-30": "117.38500", "2006-06-30": "98.43000", "2006-03-31": "76.63800", "2005-12-31": "63.21500", "2005-09-30": "54.88700", "2005-06-30": "52.18800", "2005-03-31": "48.74100"}, "Pre-Paid Expenses": {"2020-09-30": "", "2020-06-30": "", "2020-03-31": "", "2019-12-31": "", "2019-09-30": "", "2019-06-30": "", "2019-03-31": "", "2018-12-31": "", "2018-09-30": "", "2018-06-30": "", "2018-03-31": "", "2017-12-31": "", "2017-09-30": "", "2017-06-30": "", "2017-03-31": "", "2016-12-31": "", "2016-09-30": "", "2016-06-30": "", "2016-03-31": "", "2015-12-31": "", "2015-09-30": "", "2015-06-30": "", "2015-03-31": "", "2014-12-31": "", "2014-09-30": "", "2014-06-30": "", "2014-03-31": "", "2013-12-31": "", "2013-09-30": "", "2013-06-30": "", "2013-03-31": "", "2012-12-31": "", "2012-09-30": "", "2012-06-30": "", "2012-03-31": "", "2011-12-31": "", "2011-09-30": "", "2011-06-30": "", "2011-03-31": "", "2010-12-31": "", "2010-09-30": "", "2010-06-30": "", "2010-03-31": "", "2009-12-31": "", "2009-09-30": "", "2009-06-30": "", "2009-03-31": "", "2008-12-31": "", "2008-09-30": "", "2008-06-30": "", "2008-03-31": "", "2007-12-31": "", "2007-09-30": "", "2007-06-30": "", "2007-03-31": "", "2006-12-31": "", "2006-09-30": "", "2006-06-30": "", "2006-03-31": "", "2005-12-31": "", "2005-09-30": "", "2005-06-30": "", "2005-03-31": ""}, "Other Current Assets": {"2020-09-30": "223.43200", "2020-06-30": "363.99800", "2020-03-31": "1162.83400", "2019-12-31": "324.74700", "2019-09-30": "394.83000", "2019-06-30": "358.59100", "2019-03-31": "267.65600", "2018-12-31": "299.27300", "2018-09-30": "303.81100", "2018-06-30": "280.53400", "2018-03-31": "219.38500", "2017-12-31": "250.16400", "2017-09-30": "203.39300", "2017-06-30": "192.02200", "2017-03-31": "265.70100", "2016-12-31": "206.67900", "2016-09-30": "201.90500", "2016-06-30": "187.38900", "2016-03-31": "161.67800", "2015-12-31": "155.67700", "2015-09-30": "204.62000", "2015-06-30": "316.25200", "2015-03-31": "555.33800", "2014-12-31": "751.66100", "2014-09-30": "465.34500", "2014-06-30": "415.21500", "2014-03-31": "288.29400", "2013-12-31": "282.28200", "2013-09-30": "287.67500", "2013-06-30": "366.00800", "2013-03-31": "257.83400", "2012-12-31": "344.48100", "2012-09-30": "474.80200", "2012-06-30": "643.88400", "2012-03-31": "618.37300", "2011-12-31": "569.78200", "2011-09-30": "490.61700", "2011-06-30": "212.98400", "2011-03-31": "160.32500", "2010-12-31": "145.34600", "2010-09-30": "138.26100", "2010-06-30": "117.46800", "2010-03-31": "86.30100", "2009-12-31": "83.64100", "2009-09-30": "351.55400", "2009-06-30": "670.35800", "2009-03-31": "911.75800", "2008-12-31": "839.42200", "2008-09-30": "386.79500", "2008-06-30": "54.09500", "2008-03-31": "52.65400", "2007-12-31": "155.91300", "2007-09-30": "127.11200", "2007-06-30": "107.35600", "2007-03-31": "77.74500", "2006-12-31": "169.78900", "2006-09-30": "213.16200", "2006-06-30": "143.60800", "2006-03-31": "139.12600", "2005-12-31": "69.37400", "2005-09-30": "88.61000", "2005-06-30": "54.36600", "2005-03-31": "42.99500"}, "Total Current Assets": {"2020-09-30": "5095.05700", "2020-06-30": "4597.39100", "2020-03-31": "6491.04900", "2019-12-31": "5273.33900", "2019-09-30": "4819.73100", "2019-06-30": "4495.52100", "2019-03-31": "4907.88500", "2018-12-31": "5057.39000", "2018-09-30": "4817.09200", "2018-06-30": "4231.85200", "2018-03-31": "3585.09700", "2017-12-31": "3279.10800", "2017-09-30": "2763.96300", "2017-06-30": "3383.37300", "2017-03-31": "3394.07600", "2016-12-31": "3385.21600", "2016-09-30": "2737.76400", "2016-06-30": "2450.12100", "2016-03-31": "2365.81200", "2015-12-31": "2592.24400", "2015-09-30": "2824.95800", "2015-06-30": "3737.71800", "2015-03-31": "4793.36800", "2014-12-31": "5416.02100", "2014-09-30": "4884.71600", "2014-06-30": "4724.74500", "2014-03-31": "4822.47600", "2013-12-31": "4072.01500", "2013-09-30": "4191.96700", "2013-06-30": "4240.84000", "2013-03-31": "4081.01800", "2012-12-31": "3589.88400", "2012-09-30": "4000.16200", "2012-06-30": "2948.05800", "2012-03-31": "3042.03300", "2011-12-31": "3253.93800", "2011-09-30": "3735.36200", "2011-06-30": "3637.95000", "2011-03-31": "3597.60300", "2010-12-31": "2527.44600", "2010-09-30": "1534.44500", "2010-06-30": "1916.14300", "2010-03-31": "1545.85700", "2009-12-31": "1839.54100", "2009-09-30": "1831.68900", "2009-06-30": "2210.27600", "2009-03-31": "1809.73900", "2008-12-31": "2108.45100", "2008-09-30": "2476.51700", "2008-06-30": "2088.09700", "2008-03-31": "1690.24600", "2007-12-31": "1292.03900", "2007-09-30": "1310.22500", "2007-06-30": "1063.76800", "2007-03-31": "1128.10600", "2006-12-31": "1350.08000", "2006-09-30": "1583.00100", "2006-06-30": "1598.71000", "2006-03-31": "1664.75800", "2005-12-31": "1563.23800", "2005-09-30": "1144.01200", "2005-06-30": "866.50500", "2005-03-31": "732.06600"}, "Property, Plant, And Equipment": {"2020-09-30": "28633.01000", "2020-06-30": "29233.46000", "2020-03-31": "29694.05000", "2019-12-31": "30364.60000", "2019-09-30": "30204.32000", "2019-06-30": "29724.43000", "2019-03-31": "29129.00000", "2018-12-31": "28075.52000", "2018-09-30": "27947.74000", "2018-06-30": "27153.79000", "2018-03-31": "26375.65000", "2017-12-31": "25665.04000", "2017-09-30": "25724.59000", "2017-06-30": "25580.16000", "2017-03-31": "25606.46000", "2016-12-31": "25707.08000", "2016-09-30": "22644.38000", "2016-06-30": "23212.88000", "2016-03-31": "23801.43000", "2015-12-31": "24210.72000", "2015-09-30": "24275.33000", "2015-06-30": "29975.18000", "2015-03-31": "29721.72000", "2014-12-31": "29172.64000", "2014-09-30": "29216.83000", "2014-06-30": "28195.43000", "2014-03-31": "26998.44000", "2013-12-31": "26148.84000", "2013-09-30": "25599.19000", "2013-06-30": "24580.39000", "2013-03-31": "23937.97000", "2012-12-31": "23337.68000", "2012-09-30": "23686.45000", "2012-06-30": "22689.71000", "2012-03-31": "22133.84000", "2011-12-31": "21288.82000", "2011-09-30": "20736.20000", "2011-06-30": "19996.82000", "2011-03-31": "19641.45000", "2010-12-31": "18680.90000", "2010-09-30": "18249.81000", "2010-06-30": "17424.32000", "2010-03-31": "16816.94000", "2009-12-31": "16139.22000", "2009-09-30": "15252.55000", "2009-06-30": "14445.68000", "2009-03-31": "14006.53000", "2008-12-31": "13657.30000", "2008-09-30": "13132.37000", "2008-06-30": "11988.72000", "2008-03-31": "11144.55000", "2007-12-31": "10429.25000", "2007-09-30": "10034.21000", "2007-06-30": "9339.85600", "2007-03-31": "8580.83800", "2006-12-31": "7944.04700", "2006-09-30": "7454.17600", "2006-06-30": "6934.01700", "2006-03-31": "6472.82100", "2005-12-31": "6087.17900", "2005-09-30": "5780.41300", "2005-06-30": "5455.03700", "2005-03-31": "5287.20800"}, "Long-Term Investments": {"2020-09-30": "", "2020-06-30": "", "2020-03-31": "", "2019-12-31": "", "2019-09-30": "", "2019-06-30": "", "2019-03-31": "", "2018-12-31": "", "2018-09-30": "", "2018-06-30": "", "2018-03-31": "", "2017-12-31": "", "2017-09-30": "", "2017-06-30": "", "2017-03-31": "", "2016-12-31": "", "2016-09-30": "", "2016-06-30": "", "2016-03-31": "", "2015-12-31": "", "2015-09-30": "", "2015-06-30": "", "2015-03-31": "", "2014-12-31": "", "2014-09-30": "", "2014-06-30": "", "2014-03-31": "", "2013-12-31": "", "2013-09-30": "", "2013-06-30": "", "2013-03-31": "", "2012-12-31": "", "2012-09-30": "", "2012-06-30": "", "2012-03-31": "", "2011-12-31": "", "2011-09-30": "", "2011-06-30": "", "2011-03-31": "", "2010-12-31": "", "2010-09-30": "", "2010-06-30": "", "2010-03-31": "", "2009-12-31": "", "2009-09-30": "", "2009-06-30": "", "2009-03-31": "", "2008-12-31": "", "2008-09-30": "", "2008-06-30": "", "2008-03-31": "", "2007-12-31": "", "2007-09-30": "", "2007-06-30": "", "2007-03-31": "", "2006-12-31": "", "2006-09-30": "", "2006-06-30": "", "2006-03-31": "", "2005-12-31": "", "2005-09-30": "", "2005-06-30": "", "2005-03-31": ""}, "Goodwill And Intangible Assets": {"2020-09-30": "", "2020-06-30": "", "2020-03-31": "", "2019-12-31": "", "2019-09-30": "", "2019-06-30": "", "2019-03-31": "", "2018-12-31": "", "2018-09-30": "", "2018-06-30": "", "2018-03-31": "", "2017-12-31": "", "2017-09-30": "", "2017-06-30": "", "2017-03-31": "", "2016-12-31": "", "2016-09-30": "", "2016-06-30": "", "2016-03-31": "", "2015-12-31": "", "2015-09-30": "", "2015-06-30": "", "2015-03-31": "", "2014-12-31": "", "2014-09-30": "", "2014-06-30": "", "2014-03-31": "", "2013-12-31": "", "2013-09-30": "", "2013-06-30": "", "2013-03-31": "", "2012-12-31": "", "2012-09-30": "", "2012-06-30": "", "2012-03-31": "", "2011-12-31": "", "2011-09-30": "", "2011-06-30": "", "2011-03-31": "", "2010-12-31": "", "2010-09-30": "", "2010-06-30": "", "2010-03-31": "", "2009-12-31": "", "2009-09-30": "", "2009-06-30": "", "2009-03-31": "", "2008-12-31": "", "2008-09-30": "", "2008-06-30": "", "2008-03-31": "", "2007-12-31": "", "2007-09-30": "", "2007-06-30": "", "2007-03-31": "", "2006-12-31": "", "2006-09-30": "", "2006-06-30": "", "2006-03-31": "", "2005-12-31": "", "2005-09-30": "", "2005-06-30": "", "2005-03-31": ""}, "Other Long-Term Assets": {"2020-09-30": "1344.03900", "2020-06-30": "1388.96900", "2020-03-31": "1446.42300", "2019-12-31": "1484.31100", "2019-09-30": "1516.21800", "2019-06-30": "1530.06000", "2019-03-31": "1625.42300", "2018-12-31": "800.78800", "2018-09-30": "856.02300", "2018-06-30": "689.66600", "2018-03-31": "761.59000", "2017-12-31": "871.42700", "2017-09-30": "299.34700", "2017-06-30": "283.19600", "2017-03-31": "195.20600", "2016-12-31": "190.76700", "2016-09-30": "172.77200", "2016-06-30": "167.53800", "2016-03-31": "171.17800", "2015-12-31": "167.50500", "2015-09-30": "176.95700", "2015-06-30": "171.20000", "2015-03-31": "177.36500", "2014-12-31": "174.02200", "2014-09-30": "399.33400", "2014-06-30": "382.25800", "2014-03-31": "320.37500", "2013-12-31": "353.38700", "2013-09-30": "356.11200", "2013-06-30": "255.92400", "2013-03-31": "213.62500", "2012-12-31": "409.01300", "2012-09-30": "345.87900", "2012-06-30": "360.80500", "2012-03-31": "379.66200", "2011-12-31": "296.03500", "2011-09-30": "323.11800", "2011-06-30": "324.60600", "2011-03-31": "306.46700", "2010-12-31": "415.88700", "2010-09-30": "160.60400", "2010-06-30": "125.22200", "2010-03-31": "146.27600", "2009-12-31": "139.90100", "2009-09-30": "137.04900", "2009-06-30": "136.79700", "2009-03-31": "167.44000", "2008-12-31": "185.47300", "2008-09-30": "223.84300", "2008-06-30": "147.95000", "2008-03-31": "115.76200", "2007-12-31": "367.61400", "2007-09-30": "123.27600", "2007-06-30": "120.64000", "2007-03-31": "117.91000", "2006-12-31": "108.03300", "2006-09-30": "127.83900", "2006-06-30": "109.43000", "2006-03-31": "105.81100", "2005-12-31": "102.90300", "2005-09-30": "102.12800", "2005-06-30": "106.11500", "2005-03-31": "97.75400"}, "Total Long-Term Assets": {"2020-09-30": "29978.96000", "2020-06-30": "30624.28000", "2020-03-31": "31143.04000", "2019-12-31": "31851.27000", "2019-09-30": "31722.54000", "2019-06-30": "31255.98000", "2019-03-31": "30755.65000", "2018-12-31": "28877.08000", "2018-09-30": "28820.64000", "2018-06-30": "27860.53000", "2018-03-31": "27155.42000", "2017-12-31": "26553.97000", "2017-09-30": "26041.34000", "2017-06-30": "25880.24000", "2017-03-31": "25817.90000", "2016-12-31": "25913.99000", "2016-09-30": "22817.16000", "2016-06-30": "23380.42000", "2016-03-31": "23972.61000", "2015-12-31": "24378.23000", "2015-09-30": "24452.29000", "2015-06-30": "30146.38000", "2015-03-31": "29899.09000", "2014-12-31": "29346.67000", "2014-09-30": "29616.17000", "2014-06-30": "28577.69000", "2014-03-31": "27318.81000", "2013-12-31": "26502.22000", "2013-09-30": "25955.30000", "2013-06-30": "24836.31000", "2013-03-31": "24151.60000", "2012-12-31": "23746.70000", "2012-09-30": "24032.33000", "2012-06-30": "23050.52000", "2012-03-31": "22513.50000", "2011-12-31": "21584.86000", "2011-09-30": "21059.31000", "2011-06-30": "20321.43000", "2011-03-31": "19947.92000", "2010-12-31": "19096.79000", "2010-09-30": "18410.41000", "2010-06-30": "17549.54000", "2010-03-31": "16963.21000", "2009-12-31": "16279.13000", "2009-09-30": "15389.60000", "2009-06-30": "14582.48000", "2009-03-31": "14173.97000", "2008-12-31": "13842.77000", "2008-09-30": "13356.21000", "2008-06-30": "12136.67000", "2008-03-31": "11260.31000", "2007-12-31": "10796.87000", "2007-09-30": "10157.48000", "2007-06-30": "9460.49600", "2007-03-31": "8698.74800", "2006-12-31": "8052.08000", "2006-09-30": "7582.01500", "2006-06-30": "7043.44700", "2006-03-31": "6578.63200", "2005-12-31": "6190.08200", "2005-09-30": "5882.54100", "2005-06-30": "5561.15200", "2005-03-31": "5384.96200"}, "Total Assets": {"2020-09-30": "35074.02000", "2020-06-30": "35221.67000", "2020-03-31": "37634.09000", "2019-12-31": "37124.61000", "2019-09-30": "36542.27000", "2019-06-30": "35751.50000", "2019-03-31": "35663.54000", "2018-12-31": "33934.47000", "2018-09-30": "33637.73000", "2018-06-30": "32092.38000", "2018-03-31": "30740.52000", "2017-12-31": "29833.08000", "2017-09-30": "28805.30000", "2017-06-30": "29263.62000", "2017-03-31": "29211.97000", "2016-12-31": "29299.20000", "2016-09-30": "25554.92000", "2016-06-30": "25830.54000", "2016-03-31": "26338.42000", "2015-12-31": "26970.47000", "2015-09-30": "27277.25000", "2015-06-30": "33884.10000", "2015-03-31": "34692.45000", "2014-12-31": "34762.69000", "2014-09-30": "34500.88000", "2014-06-30": "33302.43000", "2014-03-31": "32141.29000", "2013-12-31": "30574.24000", "2013-09-30": "30147.27000", "2013-06-30": "29077.15000", "2013-03-31": "28232.61000", "2012-12-31": "27336.58000", "2012-09-30": "28032.49000", "2012-06-30": "25998.58000", "2012-03-31": "25555.54000", "2011-12-31": "24838.80000", "2011-09-30": "24794.68000", "2011-06-30": "23959.38000", "2011-03-31": "23545.52000", "2010-12-31": "21624.23000", "2010-09-30": "19944.86000", "2010-06-30": "19465.68000", "2010-03-31": "18509.07000", "2009-12-31": "18118.67000", "2009-09-30": "17221.29000", "2009-06-30": "16792.75000", "2009-03-31": "15983.71000", "2008-12-31": "15951.23000", "2008-09-30": "15832.73000", "2008-06-30": "14224.77000", "2008-03-31": "12950.56000", "2007-12-31": "12088.91000", "2007-09-30": "11467.71000", "2007-06-30": "10524.26000", "2007-03-31": "9826.85400", "2006-12-31": "9402.16000", "2006-09-30": "9165.01600", "2006-06-30": "8642.15700", "2006-03-31": "8243.39000", "2005-12-31": "7753.32000", "2005-09-30": "7026.55300", "2005-06-30": "6427.65700", "2005-03-31": "6117.02800"}, "Total Current Liabilities": {"2020-09-30": "3020.04200", "2020-06-30": "2154.38100", "2020-03-31": "4305.01100", "2019-12-31": "4486.98800", "2019-09-30": "4473.71300", "2019-06-30": "4414.05700", "2019-03-31": "4301.26800", "2018-12-31": "3728.36400", "2018-09-30": "4425.14700", "2018-06-30": "4297.30100", "2018-03-31": "2836.75800", "2017-12-31": "2725.54200", "2017-09-30": "2180.02400", "2017-06-30": "2722.25400", "2017-03-31": "2032.00700", "2016-12-31": "2027.29100", "2016-09-30": "1732.96300", "2016-06-30": "1712.26100", "2016-03-31": "1547.97200", "2015-12-31": "1819.28700", "2015-09-30": "2046.96100", "2015-06-30": "2277.58100", "2015-03-31": "3094.75200", "2014-12-31": "3384.30800", "2014-09-30": "3378.74600", "2014-06-30": "3537.48700", "2014-03-31": "3395.64200", "2013-12-31": "2861.71600", "2013-09-30": "3347.33300", "2013-06-30": "3020.30300", "2013-03-31": "3074.69100", "2012-12-31": "2924.05800", "2012-09-30": "2578.38300", "2012-06-30": "2679.94000", "2012-03-31": "2772.34700", "2011-12-31": "2522.31900", "2011-09-30": "2666.32300", "2011-06-30": "2476.23800", "2011-03-31": "2500.19100", "2010-12-31": "2220.09900", "2010-09-30": "1938.30000", "2010-06-30": "1558.13700", "2010-03-31": "1493.00900", "2009-12-31": "1345.56000", "2009-09-30": "1201.15100", "2009-06-30": "1189.62000", "2009-03-31": "1283.29700", "2008-12-31": "1764.91600", "2008-09-30": "1833.08000", "2008-06-30": "2445.04000", "2008-03-31": "1724.91800", "2007-12-31": "1474.17000", "2007-09-30": "1341.55300", "2007-06-30": "1158.53200", "2007-03-31": "1098.54600", "2006-12-31": "1255.01200", "2006-09-30": "1258.96800", "2006-06-30": "1082.51700", "2006-03-31": "1067.52500", "2005-12-31": "1172.04100", "2005-09-30": "773.25800", "2005-06-30": "604.77200", "2005-03-31": "562.78700"}, "Long Term Debt": {"2020-09-30": "4949.90200", "2020-06-30": "5703.14100", "2020-03-31": "4703.15200", "2019-12-31": "4160.91900", "2019-09-30": "4163.11500", "2019-06-30": "4165.28400", "2019-03-31": "5166.05000", "2018-12-31": "5170.16900", "2018-09-30": "5171.94900", "2018-06-30": "5172.25700", "2018-03-31": "6071.60400", "2017-12-31": "6030.83600", "2017-09-30": "6380.42700", "2017-06-30": "6380.35000", "2017-03-31": "6980.00800", "2016-12-31": "6979.77900", "2016-09-30": "6979.53800", "2016-06-30": "6979.28600", "2016-03-31": "6979.02900", "2015-12-31": "6648.91100", "2015-09-30": "6393.93100", "2015-06-30": "6393.88500", "2015-03-31": "6393.69000", "2014-12-31": "5903.35400", "2014-09-30": "5903.23200", "2014-06-30": "5903.09900", "2014-03-31": "5902.95200", "2013-12-31": "5906.64200", "2013-09-30": "5906.49400", "2013-06-30": "5906.21000", "2013-03-31": "5905.91700", "2012-12-31": "5905.60200", "2012-09-30": "6305.27700", "2012-06-30": "5011.89300", "2012-03-31": "5010.52300", "2011-12-31": "5009.16600", "2011-09-30": "5007.74600", "2011-06-30": "5006.25100", "2011-03-31": "5004.72500", "2010-12-31": "5003.34100", "2010-09-30": "3768.63800", "2010-06-30": "3734.06700", "2010-03-31": "2760.00000", "2009-12-31": "2760.00000", "2009-09-30": "2760.00000", "2009-06-30": "2760.00000", "2009-03-31": "2105.10000", "2008-12-31": "1860.00000", "2008-09-30": "1860.00000", "2008-06-30": "1147.00000", "2008-03-31": "1185.00000", "2007-12-31": "1185.00000", "2007-09-30": "1185.00000", "2007-06-30": "883.84200", "2007-03-31": "820.04200", "2006-12-31": "733.44200", "2006-09-30": "705.44200", "2006-06-30": "768.44200", "2006-03-31": "808.66700", "2005-12-31": "858.99200", "2005-09-30": "1042.77200", "2005-06-30": "1117.09700", "2005-03-31": "1119.79700"}, "Other Non-Current Liabilities": {"2020-09-30": "2151.09200", "2020-06-30": "2138.69600", "2020-03-31": "2064.17500", "2019-12-31": "1789.88400", "2019-09-30": "1858.35700", "2019-06-30": "1803.47500", "2019-03-31": "1772.24800", "2018-12-31": "1258.35500", "2018-09-30": "1302.24900", "2018-06-30": "1304.62400", "2018-03-31": "1301.93800", "2017-12-31": "1275.21300", "2017-09-30": "1215.11300", "2017-06-30": "1199.77800", "2017-03-31": "1248.10200", "2016-12-31": "1282.14200", "2016-09-30": "975.76300", "2016-06-30": "978.51300", "2016-03-31": "985.71300", "2015-12-31": "971.33500", "2015-09-30": "970.28800", "2015-06-30": "986.75800", "2015-03-31": "959.06800", "2014-12-31": "939.49700", "2014-09-30": "1084.46100", "2014-06-30": "991.45000", "2014-03-31": "922.58600", "2013-12-31": "865.06700", "2013-09-30": "846.78000", "2013-06-30": "795.30800", "2013-03-31": "864.01100", "2012-12-31": "894.75800", "2012-09-30": "842.17300", "2012-06-30": "791.29700", "2012-03-31": "790.41600", "2011-12-31": "799.18900", "2011-09-30": "768.51800", "2011-06-30": "718.69600", "2011-03-31": "680.75400", "2010-12-31": "667.45500", "2010-09-30": "695.85500", "2010-06-30": "618.74300", "2010-03-31": "635.23900", "2009-12-31": "632.65200", "2009-09-30": "609.15000", "2009-06-30": "550.33900", "2009-03-31": "514.14300", "2008-12-31": "498.29100", "2008-09-30": "512.00600", "2008-06-30": "661.41700", "2008-03-31": "462.87300", "2007-12-31": "368.33600", "2007-09-30": "353.33100", "2007-06-30": "328.12100", "2007-03-31": "315.10200", "2006-12-31": "300.90700", "2006-09-30": "310.06300", "2006-06-30": "296.40700", "2006-03-31": "289.85000", "2005-12-31": "283.40700", "2005-09-30": "271.36500", "2005-06-30": "248.13700", "2005-03-31": "251.99700"}, "Total Long Term Liabilities": {"2020-09-30": "11905.65000", "2020-06-30": "12679.73000", "2020-03-31": "11858.40000", "2019-12-31": "10996.90000", "2019-09-30": "10944.28000", "2019-06-30": "10707.17000", "2019-03-31": "11458.47000", "2018-12-31": "10841.92000", "2018-09-30": "10674.12000", "2018-06-30": "10342.68000", "2018-03-31": "11063.12000", "2017-12-31": "10824.26000", "2017-09-30": "12703.02000", "2017-06-30": "12639.65000", "2017-03-31": "13251.74000", "2016-12-31": "13290.33000", "2016-09-30": "12023.65000", "2016-06-30": "12061.58000", "2016-03-31": "12384.96000", "2015-12-31": "12208.15000", "2015-09-30": "11946.06000", "2015-06-30": "14179.27000", "2015-03-31": "14127.20000", "2014-12-31": "13665.80000", "2014-09-30": "13402.24000", "2014-06-30": "13056.56000", "2014-03-31": "12712.33000", "2013-12-31": "12294.06000", "2013-09-30": "11938.36000", "2013-06-30": "11672.22000", "2013-03-31": "11401.61000", "2012-12-31": "11127.76000", "2012-09-30": "11660.64000", "2012-06-30": "9963.49600", "2012-03-31": "9791.34600", "2011-12-31": "9675.57400", "2011-09-30": "9634.50700", "2011-06-30": "9405.95600", "2011-03-31": "9256.95200", "2010-12-31": "9172.50200", "2010-09-30": "7888.43500", "2010-06-30": "7776.52700", "2010-03-31": "6851.14300", "2009-12-31": "6775.06500", "2009-09-30": "6502.40200", "2009-06-30": "6343.61000", "2009-03-31": "5584.87500", "2008-12-31": "5171.81300", "2008-09-30": "5079.69000", "2008-06-30": "4353.55600", "2008-03-31": "4035.12000", "2007-12-31": "3624.64300", "2007-09-30": "3499.00600", "2007-06-30": "3073.14300", "2007-03-31": "2882.64400", "2006-12-31": "2547.47700", "2006-09-30": "2431.81500", "2006-06-30": "2411.24400", "2006-03-31": "2432.50500", "2005-12-31": "2264.98700", "2005-09-30": "2401.84000", "2005-06-30": "2423.46300", "2005-03-31": "2400.59900"}, "Total Liabilities": {"2020-09-30": "14925.69000", "2020-06-30": "14834.11000", "2020-03-31": "16163.41000", "2019-12-31": "15483.89000", "2019-09-30": "15417.99000", "2019-06-30": "15121.22000", "2019-03-31": "15759.74000", "2018-12-31": "14570.29000", "2018-09-30": "15099.27000", "2018-06-30": "14639.99000", "2018-03-31": "13899.88000", "2017-12-31": "13549.80000", "2017-09-30": "14883.04000", "2017-06-30": "15361.90000", "2017-03-31": "15283.74000", "2016-12-31": "15317.62000", "2016-09-30": "13756.61000", "2016-06-30": "13773.84000", "2016-03-31": "13932.93000", "2015-12-31": "14027.43000", "2015-09-30": "13993.02000", "2015-06-30": "16456.85000", "2015-03-31": "17221.96000", "2014-12-31": "17050.11000", "2014-09-30": "16780.98000", "2014-06-30": "16594.05000", "2014-03-31": "16107.97000", "2013-12-31": "15155.78000", "2013-09-30": "15285.69000", "2013-06-30": "14692.53000", "2013-03-31": "14476.30000", "2012-12-31": "14051.81000", "2012-09-30": "14239.02000", "2012-06-30": "12643.44000", "2012-03-31": "12563.69000", "2011-12-31": "12197.89000", "2011-09-30": "12300.83000", "2011-06-30": "11882.19000", "2011-03-31": "11757.14000", "2010-12-31": "11392.60000", "2010-09-30": "9826.73500", "2010-06-30": "9334.66400", "2010-03-31": "8344.15100", "2009-12-31": "8120.62500", "2009-09-30": "7703.55300", "2009-06-30": "7533.23000", "2009-03-31": "6868.17200", "2008-12-31": "6936.72900", "2008-09-30": "6912.77000", "2008-06-30": "6798.59600", "2008-03-31": "5760.03800", "2007-12-31": "5098.81300", "2007-09-30": "4840.55900", "2007-06-30": "4231.67500", "2007-03-31": "3981.19000", "2006-12-31": "3802.48900", "2006-09-30": "3690.78300", "2006-06-30": "3493.76100", "2006-03-31": "3500.03000", "2005-12-31": "3437.02800", "2005-09-30": "3175.09800", "2005-06-30": "3028.23500", "2005-03-31": "2963.38600"}, "Common Stock Net": {"2020-09-30": "205.83700", "2020-06-30": "205.82400", "2020-03-31": "205.82400", "2019-12-31": "205.82200", "2019-09-30": "205.82100", "2019-06-30": "205.80900", "2019-03-31": "205.80700", "2018-12-31": "205.80400", "2018-09-30": "205.80300", "2018-06-30": "205.79600", "2018-03-31": "205.79300", "2017-12-31": "205.78800", "2017-09-30": "205.78600", "2017-06-30": "205.77700", "2017-03-31": "205.77600", "2016-12-31": "205.77000", "2016-09-30": "205.51400", "2016-06-30": "205.51000", "2016-03-31": "205.50600", "2015-12-31": "205.50200", "2015-09-30": "205.50300", "2015-06-30": "205.49600", "2015-03-31": "205.49200", "2014-12-31": "205.49200", "2014-09-30": "205.48800", "2014-06-30": "205.48200", "2014-03-31": "205.47100", "2013-12-31": "202.73200", "2013-09-30": "202.73100", "2013-06-30": "202.72600", "2013-03-31": "202.72400", "2012-12-31": "202.72000", "2012-09-30": "202.71300", "2012-06-30": "202.70200", "2012-03-31": "202.70000", "2011-12-31": "202.69300", "2011-09-30": "202.69100", "2011-06-30": "202.68700", "2011-03-31": "202.68500", "2010-12-31": "202.54200", "2010-09-30": "202.54000", "2010-06-30": "202.53500", "2010-03-31": "202.53100", "2009-12-31": "202.52600", "2009-09-30": "202.52400", "2009-06-30": "202.50500", "2009-03-31": "202.50300", "2008-12-31": "202.49800", "2008-09-30": "202.49800", "2008-06-30": "202.49500", "2008-03-31": "202.49500", "2007-12-31": "202.49500", "2007-09-30": "202.49500", "2007-06-30": "202.49500", "2007-03-31": "202.49500", "2006-12-31": "202.49500", "2006-09-30": "202.49500", "2006-06-30": "202.49500", "2006-03-31": "202.49500", "2005-12-31": "202.49500", "2005-09-30": "202.49500", "2005-06-30": "202.49500", "2005-03-31": "202.49500"}, "Retained Earnings (Accumulated Deficit)": {"2020-09-30": "14051.20000", "2020-06-30": "14312.49000", "2020-03-31": "15440.14000", "2019-12-31": "15648.60000", "2019-09-30": "15179.38000", "2019-06-30": "14731.61000", "2019-03-31": "14050.68000", "2018-12-31": "13543.13000", "2018-09-30": "12778.10000", "2018-06-30": "11714.66000", "2018-03-31": "11125.05000", "2017-12-31": "10593.53000", "2017-09-30": "8259.97100", "2017-06-30": "8256.35900", "2017-03-31": "8329.95100", "2016-12-31": "8398.11800", "2016-09-30": "8641.70400", "2016-06-30": "8923.66600", "2016-03-31": "9308.46300", "2015-12-31": "9870.81600", "2015-09-30": "10247.35000", "2015-06-30": "14414.93000", "2015-03-31": "14501.82000", "2014-12-31": "14763.10000", "2014-09-30": "14410.71000", "2014-06-30": "13398.90000", "2014-03-31": "12760.89000", "2013-12-31": "12168.28000", "2013-09-30": "11639.30000", "2013-06-30": "11228.01000", "2013-03-31": "10619.43000", "2012-12-31": "10175.63000", "2012-09-30": "10726.81000", "2012-06-30": "10417.41000", "2012-03-31": "10067.54000", "2011-12-31": "9789.34500", "2011-09-30": "9711.20700", "2011-06-30": "9213.35600", "2011-03-31": "8963.47500", "2010-12-31": "8870.17900", "2010-09-30": "8855.86900", "2010-06-30": "8966.18100", "2010-03-31": "8945.64800", "2009-12-31": "8866.74700", "2009-09-30": "8502.94000", "2009-06-30": "8535.55900", "2009-03-31": "8588.65000", "2008-12-31": "8466.14300", "2008-09-30": "8038.47700", "2008-06-30": "6515.79500", "2008-03-31": "6367.52400", "2007-12-31": "6156.72100", "2007-09-30": "5820.88400", "2007-06-30": "5640.66000", "2007-03-31": "5356.64700", "2006-12-31": "5151.03400", "2006-09-30": "4928.45300", "2006-06-30": "4645.76300", "2006-03-31": "4330.77200", "2005-12-31": "3920.48300", "2005-09-30": "3468.40600", "2005-06-30": "3136.13500", "2005-03-31": "2898.12600"}, "Comprehensive Income": {"2020-09-30": "-7.93000", "2020-06-30": "-6.13000", "2020-03-31": "-3.30500", "2019-12-31": "-4.65200", "2019-09-30": "-3.68900", "2019-06-30": "-4.52800", "2019-03-31": "-2.86900", "2018-12-31": "-1.35800", "2018-09-30": "-19.45800", "2018-06-30": "-17.51200", "2018-03-31": "-14.28900", "2017-12-31": "-19.29700", "2017-09-30": "-17.16000", "2017-06-30": "-17.49000", "2017-03-31": "-18.66400", "2016-12-31": "-19.01000", "2016-09-30": "-25.10000", "2016-06-30": "-25.26400", "2016-03-31": "-31.13100", "2015-12-31": "-33.33800", "2015-09-30": "-34.97900", "2015-06-30": "-28.00300", "2015-03-31": "-36.43400", "2014-12-31": "-23.05600", "2014-09-30": "387.72500", "2014-06-30": "426.58800", "2014-03-31": "402.80300", "2013-12-31": "415.83400", "2013-09-30": "425.28300", "2013-06-30": "408.25700", "2013-03-31": "427.83200", "2012-12-31": "439.89500", "2012-09-30": "451.39900", "2012-06-30": "400.08600", "2012-03-31": "429.45100", "2011-12-31": "401.74600", "2011-09-30": "372.44800", "2011-06-30": "492.88000", "2011-03-31": "485.46400", "2010-12-31": "440.07100", "2010-09-30": "375.84700", "2010-06-30": "314.63100", "2010-03-31": "405.23400", "2009-12-31": "339.72000", "2009-09-30": "291.62700", "2009-06-30": "130.50300", "2009-03-31": "-21.69400", "2008-12-31": "27.78700", "2008-09-30": "314.98200", "2008-06-30": "403.19500", "2008-03-31": "388.84800", "2007-12-31": "466.70200", "2007-09-30": "450.50000", "2007-06-30": "328.91800", "2007-03-31": "194.62800", "2006-12-31": "176.70400", "2006-09-30": "241.64000", "2006-06-30": "242.82700", "2006-03-31": "175.74300", "2005-12-31": "177.13700", "2005-09-30": "188.86400", "2005-06-30": "124.68500", "2005-03-31": "140.74100"}, "Other Share Holders Equity": {"2020-09-30": "", "2020-06-30": "", "2020-03-31": "", "2019-12-31": "", "2019-09-30": "", "2019-06-30": "", "2019-03-31": "", "2018-12-31": "", "2018-09-30": "", "2018-06-30": "", "2018-03-31": "", "2017-12-31": "", "2017-09-30": "", "2017-06-30": "", "2017-03-31": "", "2016-12-31": "", "2016-09-30": "", "2016-06-30": "", "2016-03-31": "", "2015-12-31": "", "2015-09-30": "", "2015-06-30": "", "2015-03-31": "", "2014-12-31": "", "2014-09-30": "", "2014-06-30": "", "2014-03-31": "", "2013-12-31": "", "2013-09-30": "", "2013-06-30": "", "2013-03-31": "", "2012-12-31": "", "2012-09-30": "", "2012-06-30": "", "2012-03-31": "", "2011-12-31": "", "2011-09-30": "", "2011-06-30": "", "2011-03-31": "", "2010-12-31": "", "2010-09-30": "", "2010-06-30": "", "2010-03-31": "", "2009-12-31": "", "2009-09-30": "", "2009-06-30": "", "2009-03-31": "", "2008-12-31": "", "2008-09-30": "", "2008-06-30": "", "2008-03-31": "", "2007-12-31": "", "2007-09-30": "", "2007-06-30": "", "2007-03-31": "", "2006-12-31": "", "2006-09-30": "", "2006-06-30": "", "2006-03-31": "", "2005-12-31": "", "2005-09-30": "", "2005-06-30": "", "2005-03-31": ""}, "Share Holder Equity": {"2020-09-30": "20148.33000", "2020-06-30": "20387.56000", "2020-03-31": "21470.68000", "2019-12-31": "21640.72000", "2019-09-30": "21124.28000", "2019-06-30": "20630.28000", "2019-03-31": "19903.80000", "2018-12-31": "19364.19000", "2018-09-30": "18538.47000", "2018-06-30": "17452.39000", "2018-03-31": "16840.64000", "2017-12-31": "16283.27000", "2017-09-30": "13922.26000", "2017-06-30": "13901.71000", "2017-03-31": "13928.23000", "2016-12-31": "13981.58000", "2016-09-30": "11798.31000", "2016-06-30": "12056.70000", "2016-03-31": "12405.49000", "2015-12-31": "12943.04000", "2015-09-30": "13284.22000", "2015-06-30": "17427.24000", "2015-03-31": "17470.50000", "2014-12-31": "17712.58000", "2014-09-30": "17719.90000", "2014-06-30": "16708.39000", "2014-03-31": "16033.31000", "2013-12-31": "15418.46000", "2013-09-30": "14861.58000", "2013-06-30": "14384.63000", "2013-03-31": "13756.31000", "2012-12-31": "13284.76000", "2012-09-30": "13793.47000", "2012-06-30": "13355.14000", "2012-03-31": "12991.84000", "2011-12-31": "12640.90000", "2011-09-30": "12493.85000", "2011-06-30": "12077.18000", "2011-03-31": "11788.38000", "2010-12-31": "10231.63000", "2010-09-30": "10118.12000", "2010-06-30": "10131.02000", "2010-03-31": "10164.92000", "2009-12-31": "9998.04200", "2009-09-30": "9517.74000", "2009-06-30": "9259.52200", "2009-03-31": "9115.53700", "2008-12-31": "9014.49700", "2008-09-30": "8919.96000", "2008-06-30": "7426.17100", "2008-03-31": "7190.52100", "2007-12-31": "6990.09400", "2007-09-30": "6627.14800", "2007-06-30": "6292.58900", "2007-03-31": "5845.66400", "2006-12-31": "5599.67100", "2006-09-30": "5474.23300", "2006-06-30": "5148.39600", "2006-03-31": "4743.36000", "2005-12-31": "4316.29200", "2005-09-30": "3851.45500", "2005-06-30": "3399.42200", "2005-03-31": "3153.64200"}, "Total Liabilities And Share Holders Equity": {"2020-09-30": "35074.02000", "2020-06-30": "35221.67000", "2020-03-31": "37634.09000", "2019-12-31": "37124.61000", "2019-09-30": "36542.27000", "2019-06-30": "35751.50000", "2019-03-31": "35663.54000", "2018-12-31": "33934.47000", "2018-09-30": "33637.73000", "2018-06-30": "32092.38000", "2018-03-31": "30740.52000", "2017-12-31": "29833.08000", "2017-09-30": "28805.30000", "2017-06-30": "29263.62000", "2017-03-31": "29211.97000", "2016-12-31": "29299.20000", "2016-09-30": "25554.92000", "2016-06-30": "25830.54000", "2016-03-31": "26338.42000", "2015-12-31": "26970.47000", "2015-09-30": "27277.25000", "2015-06-30": "33884.10000", "2015-03-31": "34692.45000", "2014-12-31": "34762.69000", "2014-09-30": "34500.88000", "2014-06-30": "33302.43000", "2014-03-31": "32141.29000", "2013-12-31": "30574.24000", "2013-09-30": "30147.27000", "2013-06-30": "29077.15000", "2013-03-31": "28232.61000", "2012-12-31": "27336.58000", "2012-09-30": "28032.49000", "2012-06-30": "25998.58000", "2012-03-31": "25555.54000", "2011-12-31": "24838.80000", "2011-09-30": "24794.68000", "2011-06-30": "23959.38000", "2011-03-31": "23545.52000", "2010-12-31": "21624.23000", "2010-09-30": "19944.86000", "2010-06-30": "19465.68000", "2010-03-31": "18509.07000", "2009-12-31": "18118.67000", "2009-09-30": "17221.29000", "2009-06-30": "16792.75000", "2009-03-31": "15983.71000", "2008-12-31": "15951.23000", "2008-09-30": "15832.73000", "2008-06-30": "14224.77000", "2008-03-31": "12950.56000", "2007-12-31": "12088.91000", "2007-09-30": "11467.71000", "2007-06-30": "10524.26000", "2007-03-31": "9826.85400", "2006-12-31": "9402.16000", "2006-09-30": "9165.01600", "2006-06-30": "8642.15700", "2006-03-31": "8243.39000", "2005-12-31": "7753.32000", "2005-09-30": "7026.55300", "2005-06-30": "6427.65700", "2005-03-31": "6117.02800"}}, "cash flow statement": {"Net Income/Loss": {"2019-12-31": "2734.91000", "2018-12-31": "3419.04000", "2017-12-31": "2582.57900", "2016-12-31": "-1096.68600", "2015-12-31": "-4524.51500", "2014-12-31": "2915.48700", "2013-12-31": "2197.10900", "2012-12-31": "570.27900", "2011-12-31": "1091.12300", "2010-12-31": "160.65400", "2009-12-31": "546.62700", "2008-12-31": "2436.91900", "2007-12-31": "1089.91800", "2006-12-31": "1299.88500", "2005-12-31": "1259.57600"}, "Total Depreciation And Amortization - Cash Flow": {"2019-12-31": "3749.70400", "2018-12-31": "3435.40800", "2017-12-31": "3409.38700", "2016-12-31": "3553.41700", "2015-12-31": "3313.64400", "2014-12-31": "3997.04100", "2013-12-31": "3600.97600", "2012-12-31": "3169.70300", "2011-12-31": "2516.38100", "2010-12-31": "1941.92600", "2009-12-31": "1549.18800", "2008-12-31": "1326.87500", "2007-12-31": "1065.54500", "2006-12-31": "817.08900", "2005-12-31": "654.25800"}, "Other Non-Cash Items": {"2019-12-31": "1284.13000", "2018-12-31": "1141.15700", "2017-12-31": "-762.92200", "2016-12-31": "96.97600", "2015-12-31": "4939.38800", "2014-12-31": "1282.92000", "2013-12-31": "1410.80200", "2012-12-31": "1765.13300", "2011-12-31": "773.65100", "2010-12-31": "737.61190", "2009-12-31": "867.66500", "2008-12-31": "599.77500", "2007-12-31": "576.76900", "2006-12-31": "485.94100", "2005-12-31": "475.43400"}, "Total Non-Cash Items": {"2019-12-31": "5033.83400", "2018-12-31": "4576.56500", "2017-12-31": "2646.46500", "2016-12-31": "3650.39300", "2015-12-31": "8253.03200", "2014-12-31": "5279.96100", "2013-12-31": "5011.77800", "2012-12-31": "4934.83600", "2011-12-31": "3290.03200", "2010-12-31": "2679.53800", "2009-12-31": "2416.85300", "2008-12-31": "1926.65000", "2007-12-31": "1642.31400", "2006-12-31": "1303.03000", "2005-12-31": "1129.69200"}, "Change In Accounts Receivable": {"2019-12-31": "-91.79200", "2018-12-31": "-368.18000", "2017-12-31": "-392.13100", "2016-12-31": "-232.79900", "2015-12-31": "641.41200", "2014-12-31": "84.98200", "2013-12-31": "-23.61300", "2012-12-31": "-178.68300", "2011-12-31": "-339.78000", "2010-12-31": "-339.12600", "2009-12-31": "-47.81800", "2008-12-31": "95.16500", "2007-12-31": "-85.02400", "2006-12-31": "9.90500", "2005-12-31": "-315.55700"}, "Change In Inventories": {"2019-12-31": "90.28400", "2018-12-31": "-395.40800", "2017-12-31": "-174.54800", "2016-12-31": "170.69400", "2015-12-31": "58.45000", "2014-12-31": "-161.95800", "2013-12-31": "53.40200", "2012-12-31": "-156.76200", "2011-12-31": "-176.62300", "2010-12-31": "-171.79100", "2009-12-31": "-50.14600", "2008-12-31": "-92.04900", "2007-12-31": "9.63800", "2006-12-31": "-50.37000", "2005-12-31": "-23.08500"}, "Change In Accounts Payable": {"2019-12-31": "168.53900", "2018-12-31": "439.34700", "2017-12-31": "324.19200", "2016-12-31": "-74.04800", "2015-12-31": "-1409.19700", "2014-12-31": "543.63000", "2013-12-31": "178.70100", "2012-12-31": "-17.15000", "2011-12-31": "351.08700", "2010-12-31": "654.68800", "2009-12-31": "-153.56500", "2008-12-31": "30.25300", "2007-12-31": "228.35400", "2006-12-31": "222.01200", "2005-12-31": "248.41100"}, "Change In Assets/Liabilities": {"2019-12-31": "186.32100", "2018-12-31": "186.59700", "2017-12-31": "-658.48800", "2016-12-31": "-151.27300", "2015-12-31": "551.65300", "2014-12-31": "-42.44200", "2013-12-31": "-163.10500", "2012-12-31": "-8.24800", "2011-12-31": "243.52800", "2010-12-31": "-221.79500", "2009-12-31": "100.69700", "2008-12-31": "150.61500", "2007-12-31": "4.19800", "2006-12-31": "-102.78900", "2005-12-31": "0.09700"}, "Total Change In Assets/Liabilities": {"2019-12-31": "393.47400", "2018-12-31": "-230.10500", "2017-12-31": "-964.91200", "2016-12-31": "-194.64400", "2015-12-31": "-145.88400", "2014-12-31": "440.69800", "2013-12-31": "120.52700", "2012-12-31": "-282.74900", "2011-12-31": "170.80100", "2010-12-31": "-131.12200", "2009-12-31": "-59.90300", "2008-12-31": "256.45100", "2007-12-31": "144.50300", "2006-12-31": "-27.56600", "2005-12-31": "-1.98300"}, "Cash Flow From Operating Activities": {"2019-12-31": "8163.18000", "2018-12-31": "7768.60800", "2017-12-31": "4265.33600", "2016-12-31": "2359.06300", "2015-12-31": "3595.16500", "2014-12-31": "8649.15500", "2013-12-31": "7329.41400", "2012-12-31": "5236.77700", "2011-12-31": "4578.41000", "2010-12-31": "2708.60200", "2009-12-31": "2922.43900", "2008-12-31": "4633.24900", "2007-12-31": "2901.00300", "2006-12-31": "2596.01900", "2005-12-31": "2369.42600"}, "Net Change In Property, Plant, And Equipment": {"2019-12-31": "-6282.23400", "2018-12-31": "-5849.02900", "2017-12-31": "-3897.47400", "2016-12-31": "-1463.58000", "2015-12-31": "-4820.35600", "2014-12-31": "-7677.47300", "2013-12-31": "-6300.07000", "2012-12-31": "-6045.34000", "2011-12-31": "-5517.67500", "2010-12-31": "-4908.78900", "2009-12-31": "-3291.00900", "2008-12-31": "-4811.91200", "2007-12-31": "-3595.76700", "2006-12-31": "-2830.08200", "2005-12-31": "-1677.03400"}, "Net Change In Intangible Assets": {"2019-12-31": "", "2018-12-31": "", "2017-12-31": "", "2016-12-31": "", "2015-12-31": "", "2014-12-31": "", "2013-12-31": "", "2012-12-31": "", "2011-12-31": "", "2010-12-31": "", "2009-12-31": "", "2008-12-31": "", "2007-12-31": "", "2006-12-31": "", "2005-12-31": ""}, "Net Acquisitions/Divestitures": {"2019-12-31": "", "2018-12-31": "", "2017-12-31": "", "2016-12-31": "54.53400", "2015-12-31": "", "2014-12-31": "", "2013-12-31": "", "2012-12-31": "", "2011-12-31": "", "2010-12-31": "-210.00000", "2009-12-31": "", "2008-12-31": "", "2007-12-31": "", "2006-12-31": "", "2005-12-31": ""}, "Net Change In Short-term Investments": {"2019-12-31": "115.06100", "2018-12-31": "-301.14000", "2017-12-31": "-89.93500", "2016-12-31": "156.10200", "2015-12-31": "-499.90000", "2014-12-31": "103.52300", "2013-12-31": "51.10600", "2012-12-31": "-73.92300", "2011-12-31": "-237.26700", "2010-12-31": "208.93300", "2009-12-31": "-118.22100", "2008-12-31": "-152.37400", "2007-12-31": "143.66800", "2006-12-31": "123.89000", "2005-12-31": "-1.53800"}, "Net Change In Long-Term Investments": {"2019-12-31": "", "2018-12-31": "", "2017-12-31": "", "2016-12-31": "", "2015-12-31": "", "2014-12-31": "", "2013-12-31": "", "2012-12-31": "", "2011-12-31": "", "2010-12-31": "", "2009-12-31": "", "2008-12-31": "", "2007-12-31": "", "2006-12-31": "", "2005-12-31": ""}, "Net Change In Investments - Total": {"2019-12-31": "115.06100", "2018-12-31": "-301.14000", "2017-12-31": "-89.93500", "2016-12-31": "156.10200", "2015-12-31": "-499.90000", "2014-12-31": "103.52300", "2013-12-31": "51.10600", "2012-12-31": "-73.92300", "2011-12-31": "-237.26700", "2010-12-31": "208.93300", "2009-12-31": "-118.22100", "2008-12-31": "-152.37400", "2007-12-31": "143.66800", "2006-12-31": "123.89000", "2005-12-31": "-1.53800"}, "Investing Activities - Other": {"2019-12-31": "-10.00000", "2018-12-31": "-19.99300", "2017-12-31": "", "2016-12-31": "", "2015-12-31": "", "2014-12-31": "60.38500", "2013-12-31": "-65.81400", "2012-12-31": "", "2011-12-31": "", "2010-12-31": "7.08200", "2009-12-31": "-5.32100", "2008-12-31": "-2.23200", "2007-12-31": "-3.67500", "2006-12-31": "-4.18100", "2005-12-31": "0.46400"}, "Cash Flow From Investing Activities": {"2019-12-31": "-6177.17300", "2018-12-31": "-6170.16200", "2017-12-31": "-3987.40900", "2016-12-31": "-1252.94400", "2015-12-31": "-5320.25600", "2014-12-31": "-7513.56500", "2013-12-31": "-6314.77800", "2012-12-31": "-6119.26300", "2011-12-31": "-5754.94200", "2010-12-31": "-4902.77400", "2009-12-31": "-3414.55100", "2008-12-31": "-4966.51800", "2007-12-31": "-3455.77400", "2006-12-31": "-2710.37300", "2005-12-31": "-1678.10800"}, "Net Long-Term Debt": {"2019-12-31": "-912.89900", "2018-12-31": "-358.21900", "2017-12-31": "-606.55500", "2016-12-31": "420.91500", "2015-12-31": "484.06900", "2014-12-31": "-9.74600", "2013-12-31": "-405.78000", "2012-12-31": "1231.31400", "2011-12-31": "-220.00000", "2010-12-31": "2441.65900", "2009-12-31": "900.00000", "2008-12-31": "712.00000", "2007-12-31": "451.55800", "2006-12-31": "-251.62500", "2005-12-31": "-0.75500"}, "Net Current Debt": {"2019-12-31": "", "2018-12-31": "", "2017-12-31": "", "2016-12-31": "-259.71800", "2015-12-31": "259.71800", "2014-12-31": "", "2013-12-31": "", "2012-12-31": "", "2011-12-31": "", "2010-12-31": "", "2009-12-31": "", "2008-12-31": "", "2007-12-31": "", "2006-12-31": "", "2005-12-31": "-91.80000"}, "Debt Issuance/Retirement Net - Total": {"2019-12-31": "-912.89900", "2018-12-31": "-358.21900", "2017-12-31": "-606.55500", "2016-12-31": "161.19700", "2015-12-31": "743.78700", "2014-12-31": "-9.74600", "2013-12-31": "-405.78000", "2012-12-31": "1231.31400", "2011-12-31": "-220.00000", "2010-12-31": "2441.65900", "2009-12-31": "900.00000", "2008-12-31": "712.00000", "2007-12-31": "451.55800", "2006-12-31": "-251.62500", "2005-12-31": "-92.55500"}, "Net Common Equity Issued/Repurchased": {"2019-12-31": "-7.20600", "2018-12-31": "-42.89600", "2017-12-31": "-42.56800", "2016-12-31": "-58.82900", "2015-12-31": "-26.10100", "2014-12-31": "-105.17500", "2013-12-31": "-25.05400", "2012-12-31": "24.29500", "2011-12-31": "1400.25600", "2010-12-31": "23.26500", "2009-12-31": "9.47900", "2008-12-31": "54.73800", "2007-12-31": "47.68200", "2006-12-31": "18.56700", "2005-12-31": "64.66800"}, "Net Total Equity Issued/Repurchased": {"2019-12-31": "-7.20600", "2018-12-31": "-42.89600", "2017-12-31": "-42.56800", "2016-12-31": "-58.82900", "2015-12-31": "-26.10100", "2014-12-31": "-105.17500", "2013-12-31": "-25.05400", "2012-12-31": "24.29500", "2011-12-31": "1400.25600", "2010-12-31": "23.26500", "2009-12-31": "9.47900", "2008-12-31": "49.34300", "2007-12-31": "-3.51500", "2006-12-31": "-31.63200", "2005-12-31": "64.66800"}, "Total Common And Preferred Stock Dividends Paid": {"2019-12-31": "-588.20000", "2018-12-31": "-438.04500", "2017-12-31": "-386.53100", "2016-12-31": "-372.84500", "2015-12-31": "-367.00500", "2014-12-31": "-279.69500", "2013-12-31": "-199.17800", "2012-12-31": "-181.08000", "2011-12-31": "-167.16900", "2010-12-31": "-153.24000", "2009-12-31": "-142.26000", "2008-12-31": "-115.20400", "2007-12-31": "-84.02000", "2006-12-31": "-60.44300", "2005-12-31": "-42.98600"}, "Financial Activities - Other": {"2019-12-31": "-5.01600", "2018-12-31": "0.05700", "2017-12-31": "-0.05700", "2016-12-31": "27.75500", "2015-12-31": "20.24000", "2014-12-31": "66.88200", "2013-12-31": "56.08600", "2012-12-31": "65.22200", "2011-12-31": "-4.54800", "2010-12-31": "-8.26500", "2009-12-31": "66.94300", "2008-12-31": "-1.03400", "2007-12-31": "22.06200", "2006-12-31": "27.35200", "2005-12-31": "-1.43700"}, "Cash Flow From Financial Activities": {"2019-12-31": "-1513.32100", "2018-12-31": "-839.10300", "2017-12-31": "-1035.71100", "2016-12-31": "-242.72200", "2015-12-31": "370.92100", "2014-12-31": "-327.73400", "2013-12-31": "-573.92600", "2012-12-31": "1139.75100", "2011-12-31": "1008.53900", "2010-12-31": "2303.41900", "2009-12-31": "834.16200", "2008-12-31": "645.10500", "2007-12-31": "386.08500", "2006-12-31": "-316.34800", "2005-12-31": "-72.31000"}, "Net Cash Flow": {"2019-12-31": "472.33800", "2018-12-31": "721.40600", "2017-12-31": "-765.66700", "2016-12-31": "881.38900", "2015-12-31": "-1368.70700", "2014-12-31": "769.00400", "2013-12-31": "441.77400", "2012-12-31": "260.70900", "2011-12-31": "-173.12700", "2010-12-31": "103.10200", "2009-12-31": "354.44000", "2008-12-31": "277.08000", "2007-12-31": "-164.02400", "2006-12-31": "-425.55600", "2005-12-31": "622.83100"}, "Stock-Based Compensation": {"2019-12-31": "174.73800", "2018-12-31": "155.33700", "2017-12-31": "133.84900", "2016-12-31": "128.09000", "2015-12-31": "130.57700", "2014-12-31": "145.08600", "2013-12-31": "134.05500", "2012-12-31": "127.77800", "2011-12-31": "128.34500", "2010-12-31": "107.37800", "2009-12-31": "95.18000", "2008-12-31": "97.49300", "2007-12-31": "67.25300", "2006-12-31": "49.87500", "2005-12-31": "12.18700"}, "Common Stock Dividends Paid": {"2019-12-31": "-588.20000", "2018-12-31": "-438.04500", "2017-12-31": "-386.53100", "2016-12-31": "-372.84500", "2015-12-31": "-367.00500", "2014-12-31": "-279.69500", "2013-12-31": "-199.17800", "2012-12-31": "-181.08000", "2011-12-31": "-167.16900", "2010-12-31": "-153.24000", "2009-12-31": "-142.26000", "2008-12-31": "-115.20400", "2007-12-31": "-84.02000", "2006-12-31": "-60.44300", "2005-12-31": "-42.98600"}}, "cash flow statement, quarterly": {"Net Income/Loss": {"2020-09-30": -42.467, "2020-06-30": -909.384, "2020-03-31": "9.81300", "2019-12-31": 636.521, "2019-09-30": 615.122, "2019-06-30": 847.841, "2019-03-31": "635.42600", "2018-12-31": 892.768, "2018-09-30": 1190.952, "2018-06-30": 696.731, "2018-03-31": "638.58900", "2017-12-31": 2430.468, "2017-09-30": 100.541, "2017-06-30": 23.053, "2017-03-31": "28.51700", "2016-12-31": -142.352, "2016-09-30": -190, "2016-06-30": -292.558, "2016-03-31": "-471.77600", "2015-12-31": -284.296, "2015-09-30": -4075.739, "2015-06-30": 5.268, "2015-03-31": "-169.74800", "2014-12-31": 444.588, "2014-09-30": 1103.618, "2014-06-30": 706.353, "2014-03-31": "660.92800", "2013-12-31": 580.194, "2013-09-30": 462.498, "2013-06-30": 659.692, "2013-03-31": "494.72500", "2012-12-31": -504.999, "2012-09-30": 355.491, "2012-06-30": 395.778, "2012-03-31": "324.00900", "2011-12-31": 120.698, "2011-09-30": 540.878, "2011-06-30": 295.574, "2011-03-31": "133.97300", "2010-12-31": 53.673, "2010-09-30": -70.906, "2010-06-30": 59.872, "2010-03-31": "118.01500", "2009-12-31": 400.427, "2009-09-30": 4.196, "2009-06-30": -16.706, "2009-03-31": "158.71000", "2008-12-31": 461.472, "2008-09-30": 1556.285, "2008-06-30": 178.206, "2008-03-31": "240.95600", "2007-12-31": 361.195, "2007-09-30": 204.003, "2007-06-30": 307.053, "2007-03-31": "217.66700", "2006-12-31": 242.625, "2006-09-30": 299.136, "2006-06-30": 331.417, "2006-03-31": "426.70700", "2005-12-31": 463.656, "2005-09-30": 343.761, "2005-06-30": 249.456, "2005-03-31": "202.70300"}, "Total Depreciation And Amortization - Cash Flow": {"2020-09-30": 823.05, "2020-06-30": 706.679, "2020-03-31": "1000.06000", "2019-12-31": 959.208, "2019-09-30": 953.597, "2019-06-30": 957.304, "2019-03-31": "879.59500", "2018-12-31": 919.963, "2018-09-30": 918.18, "2018-06-30": 848.674, "2018-03-31": "748.59100", "2017-12-31": 881.745, "2017-09-30": 846.222, "2017-06-30": 865.384, "2017-03-31": "816.03600", "2016-12-31": 862.524, "2016-09-30": 899.511, "2016-06-30": 862.491, "2016-03-31": "928.89100", "2015-12-31": 769.457, "2015-09-30": 722.172, "2015-06-30": 909.227, "2015-03-31": "912.78800", "2014-12-31": 1013.93, "2014-09-30": 1040.018, "2014-06-30": 996.602, "2014-03-31": "946.49100", "2013-12-31": 915.257, "2013-09-30": 928.8, "2013-06-30": 910.531, "2013-03-31": "846.38800", "2012-12-31": 786.344, "2012-09-30": 825.851, "2012-06-30": 808.765, "2012-03-31": "748.74300", "2011-12-31": 693.527, "2011-09-30": 651.684, "2011-06-30": 602.944, "2011-03-31": "568.22600", "2010-12-31": 543.789, "2010-09-30": 500.888, "2010-06-30": 465.343, "2010-03-31": "431.90600", "2009-12-31": 398.937, "2009-09-30": 385.33, "2009-06-30": 375.592, "2009-03-31": "389.32900", "2008-12-31": 368.135, "2008-09-30": 346.247, "2008-06-30": 315.294, "2008-03-31": "297.19900", "2007-12-31": 282.234, "2007-09-30": 279.189, "2007-06-30": 259.78, "2007-03-31": "244.34200", "2006-12-31": 230.438, "2006-09-30": 216.071, "2006-06-30": 192.928, "2006-03-31": "177.65200", "2005-12-31": 176.974, "2005-09-30": 164.372, "2005-06-30": 159.896, "2005-03-31": "153.01600"}, "Other Non-Cash Items": {"2020-09-30": 442.181, "2020-06-30": 853.9389, "2020-03-31": "511.47810", "2019-12-31": 432.0331, "2019-09-30": 391.4039, "2019-06-30": 194.618, "2019-03-31": "266.07500", "2018-12-31": 154.122, "2018-09-30": 272.596, "2018-06-30": 388.194, "2018-03-31": "326.24500", "2017-12-31": -1279.2, "2017-09-30": 200.799, "2017-06-30": 134.916, "2017-03-31": "180.56300", "2016-12-31": 229.729, "2016-09-30": -18.708, "2016-06-30": -30.139, "2016-03-31": "-83.90600", "2015-12-31": 166.075, "2015-09-30": 4186.614, "2015-06-30": 285.748, "2015-03-31": "300.95100", "2014-12-31": 385.9541, "2014-09-30": -5.8051, "2014-06-30": 424.464, "2014-03-31": "478.30700", "2013-12-31": 326.876, "2013-09-30": 547.426, "2013-06-30": 243.407, "2013-03-31": "293.09300", "2012-12-31": 1093.882, "2012-09-30": 360.668, "2012-06-30": 120.324, "2012-03-31": "190.25900", "2011-12-31": 438.1559, "2011-09-30": -82.8359, "2011-06-30": 224.868, "2011-03-31": "193.46300", "2010-12-31": 210.2789, "2010-09-30": 280.41, "2010-06-30": 80.182, "2010-03-31": "166.74100", "2009-12-31": -24.2071, "2009-09-30": 376.3001, "2009-06-30": 383.244, "2009-03-31": "132.32800", "2008-12-31": 32.797, "2008-09-30": -767.694, "2008-06-30": 825.411, "2008-03-31": "509.26100", "2007-12-31": 10.2851, "2007-09-30": 202.3919, "2007-06-30": 113.479, "2007-03-31": "250.61300", "2006-12-31": 215.61, "2006-09-30": 130.447, "2006-06-30": 72.47, "2006-03-31": "67.41400", "2005-12-31": 143.114, "2005-09-30": 115.131, "2005-06-30": 124.155, "2005-03-31": "93.03400"}, "Total Non-Cash Items": {"2020-09-30": 1265.231, "2020-06-30": 1560.618, "2020-03-31": "1511.53800", "2019-12-31": 1391.241, "2019-09-30": 1345.001, "2019-06-30": 1151.922, "2019-03-31": "1145.67000", "2018-12-31": 1074.085, "2018-09-30": 1190.776, "2018-06-30": 1236.868, "2018-03-31": "1074.83600", "2017-12-31": -397.455, "2017-09-30": 1047.021, "2017-06-30": 1000.3, "2017-03-31": "996.59900", "2016-12-31": 1092.253, "2016-09-30": 880.803, "2016-06-30": 832.352, "2016-03-31": "844.98500", "2015-12-31": 935.532, "2015-09-30": 4908.786, "2015-06-30": 1194.975, "2015-03-31": "1213.73900", "2014-12-31": 1399.884, "2014-09-30": 1034.213, "2014-06-30": 1421.066, "2014-03-31": "1424.79800", "2013-12-31": 1242.133, "2013-09-30": 1476.226, "2013-06-30": 1153.938, "2013-03-31": "1139.48100", "2012-12-31": 1880.226, "2012-09-30": 1186.519, "2012-06-30": 929.089, "2012-03-31": "939.00200", "2011-12-31": 1131.683, "2011-09-30": 568.848, "2011-06-30": 827.812, "2011-03-31": "761.68900", "2010-12-31": 754.068, "2010-09-30": 781.298, "2010-06-30": 545.525, "2010-03-31": "598.64700", "2009-12-31": 374.73, "2009-09-30": 761.63, "2009-06-30": 758.836, "2009-03-31": "521.65700", "2008-12-31": 400.932, "2008-09-30": -421.447, "2008-06-30": 1140.705, "2008-03-31": "806.46000", "2007-12-31": 292.519, "2007-09-30": 481.581, "2007-06-30": 373.259, "2007-03-31": "494.95500", "2006-12-31": 446.048, "2006-09-30": 346.518, "2006-06-30": 265.398, "2006-03-31": "245.06600", "2005-12-31": 320.0879, "2005-09-30": 279.5031, "2005-06-30": 284.051, "2005-03-31": "246.05000"}, "Change In Accounts Receivable": {"2020-09-30": -260.829, "2020-06-30": 469.294, "2020-03-31": "722.16300", "2019-12-31": -85.937, "2019-09-30": 63.891, "2019-06-30": 239.25, "2019-03-31": "-308.99600", "2018-12-31": 185.349, "2018-09-30": -243.778, "2018-06-30": -200.097, "2018-03-31": "-109.65400", "2017-12-31": -366.686, "2017-09-30": -129.231, "2017-06-30": 75.098, "2017-03-31": "28.68800", "2016-12-31": -220.939, "2016-09-30": 10.712, "2016-06-30": -154.97, "2016-03-31": "132.39800", "2015-12-31": 193.101, "2015-09-30": 150.128, "2015-06-30": -54.917, "2015-03-31": "353.10000", "2014-12-31": 426.025, "2014-09-30": -91.707, "2014-06-30": -105.019, "2014-03-31": "-144.31700", "2013-12-31": 190.133, "2013-09-30": -48.937, "2013-06-30": 71.948, "2013-03-31": "-236.75700", "2012-12-31": -66.509, "2012-09-30": -227.593, "2012-06-30": 205.367, "2012-03-31": "-89.94800", "2011-12-31": -210.815, "2011-09-30": 36.335, "2011-06-30": -51.445, "2011-03-31": "-113.85500", "2010-12-31": -214.313, "2010-09-30": -85.538, "2010-06-30": 56.495, "2010-03-31": "-95.77000", "2009-12-31": -166.917, "2009-09-30": -29.922, "2009-06-30": -7.905, "2009-03-31": "156.92600", "2008-12-31": 315.112, "2008-09-30": 175.579, "2008-06-30": -217.842, "2008-03-31": "-177.68400", "2007-12-31": -163.307, "2007-09-30": 57.549, "2007-06-30": -2.201, "2007-03-31": "22.93500", "2006-12-31": -100.612, "2006-09-30": -58.833, "2006-06-30": 34.2, "2006-03-31": "135.15000", "2005-12-31": -144.129, "2005-09-30": -166.347, "2005-06-30": -10.599, "2005-03-31": "5.51800"}, "Change In Inventories": {"2020-09-30": 7.439, "2020-06-30": -18.095, "2020-03-31": "102.67000", "2019-12-31": 34.686, "2019-09-30": 66.857, "2019-06-30": 7.72, "2019-03-31": "-18.97900", "2018-12-31": -108.591, "2018-09-30": -94.598, "2018-06-30": -85.42, "2018-03-31": "-106.79900", "2017-12-31": -156.874, "2017-09-30": -11.545, "2017-06-30": -30.865, "2017-03-31": "24.73600", "2016-12-31": 33.131, "2016-09-30": 41.75, "2016-06-30": 38.235, "2016-03-31": "57.57800", "2015-12-31": 31.443, "2015-09-30": -10.602, "2015-06-30": 99.781, "2015-03-31": "-62.17200", "2014-12-31": -42.792, "2014-09-30": -9.41, "2014-06-30": -40.808, "2014-03-31": "-68.94800", "2013-12-31": -7.745, "2013-09-30": 39.062, "2013-06-30": 37.143, "2013-03-31": "-15.05800", "2012-12-31": -1.996, "2012-09-30": -51.19, "2012-06-30": -113.784, "2012-03-31": "10.20800", "2011-12-31": -9.012, "2011-09-30": -40.549, "2011-06-30": -59.329, "2011-03-31": "-67.73300", "2010-12-31": -37.61, "2010-09-30": -66.818, "2010-06-30": -14.051, "2010-03-31": "-53.31200", "2009-12-31": -26.554, "2009-09-30": -1.441, "2009-06-30": 0.745, "2009-03-31": "-22.89600", "2008-12-31": -46.695, "2008-09-30": -36.178, "2008-06-30": -12.461, "2008-03-31": "3.28500", "2007-12-31": 5.406, "2007-09-30": 6.708, "2007-06-30": 6.368, "2007-03-31": "-8.84400", "2006-12-31": 3.651, "2006-09-30": -18.955, "2006-06-30": -21.696, "2006-03-31": "-13.37000", "2005-12-31": -8.349, "2005-09-30": -2.551, "2005-06-30": -3.484, "2005-03-31": "-8.70100"}, "Change In Accounts Payable": {"2020-09-30": -37.755, "2020-06-30": -1618.276, "2020-03-31": "433.55800", "2019-12-31": 34.286, "2019-09-30": 7.4, "2019-06-30": -67.229, "2019-03-31": "194.08200", "2018-12-31": -98.178, "2018-09-30": 81.548, "2018-06-30": 402.325, "2018-03-31": "53.65200", "2017-12-31": 211.298, "2017-09-30": 36.19, "2017-06-30": 56.278, "2017-03-31": "20.42600", "2016-12-31": 127.165, "2016-09-30": 2.145, "2016-06-30": 86.269, "2016-03-31": "-289.62700", "2015-12-31": -98.986, "2015-09-30": -310.567, "2015-06-30": -321.769, "2015-03-31": "-677.87500", "2014-12-31": -23.123, "2014-09-30": 219.214, "2014-06-30": -14.271, "2014-03-31": "361.81000", "2013-12-31": 33.502, "2013-09-30": 3.83, "2013-06-30": -44.696, "2013-03-31": "186.06500", "2012-12-31": -100.832, "2012-09-30": -92.673, "2012-06-30": -60.27, "2012-03-31": "236.62500", "2011-12-31": 105.702, "2011-09-30": 56.135, "2011-06-30": 23.753, "2011-03-31": "165.49700", "2010-12-31": 127.27, "2010-09-30": 272.54, "2010-06-30": 107.246, "2010-03-31": "147.63200", "2009-12-31": 208.133, "2009-09-30": 53.125, "2009-06-30": -62.201, "2009-03-31": "-352.62200", "2008-12-31": -191.196, "2008-09-30": -34.046, "2008-06-30": 162.043, "2008-03-31": "93.45200", "2007-12-31": 185.524, "2007-09-30": 28.179, "2007-06-30": -8.78, "2007-03-31": "23.43100", "2006-12-31": 117.42, "2006-09-30": 109.817, "2006-06-30": 4.31, "2006-03-31": "-9.53500", "2005-12-31": 169.172, "2005-09-30": 62.305, "2005-06-30": 43.286, "2005-03-31": "-26.35200"}, "Change In Assets/Liabilities": {"2020-09-30": 206.096, "2020-06-30": 610.764, "2020-03-31": "-139.86400", "2019-12-31": -152.475, "2019-09-30": -73.89, "2019-06-30": 568.094, "2019-03-31": "-155.40800", "2018-12-31": 207.571, "2018-09-30": 122.316, "2018-06-30": -123.36, "2018-03-31": "-19.93000", "2017-12-31": -384.951, "2017-09-30": -66.441, "2017-06-30": -47.844, "2017-03-31": "-159.25200", "2016-12-31": -55.786, "2016-09-30": -9.01, "2016-06-30": -100.643, "2016-03-31": "14.16600", "2015-12-31": -98.832, "2015-09-30": 453.417, "2015-06-30": -102.714, "2015-03-31": "299.78200", "2014-12-31": 61.474, "2014-09-30": 12.08, "2014-06-30": -9.597, "2014-03-31": "-106.39900", "2013-12-31": -22.71, "2013-09-30": 22.949, "2013-06-30": -10.819, "2013-03-31": "-152.52500", "2012-12-31": -15.742, "2012-09-30": 234.605, "2012-06-30": 110.463, "2012-03-31": "-337.57400", "2011-12-31": 101.879, "2011-09-30": 81.822, "2011-06-30": 67.877, "2011-03-31": "-8.05000", "2010-12-31": -33.397, "2010-09-30": -16.996, "2010-06-30": -80.267, "2010-03-31": "-91.13500", "2009-12-31": -54.75, "2009-09-30": 18.593, "2009-06-30": 14.896, "2009-03-31": "121.95800", "2008-12-31": 158.379, "2008-09-30": 63.074, "2008-06-30": -52.12, "2008-03-31": "-18.71800", "2007-12-31": 53.56, "2007-09-30": -8.716, "2007-06-30": 12.985, "2007-03-31": "-53.63100", "2006-12-31": -75.361, "2006-09-30": -25.168, "2006-06-30": 28.588, "2006-03-31": "-30.84800", "2005-12-31": 2.399, "2005-09-30": -5.902, "2005-06-30": -19.327, "2005-03-31": "22.92700"}, "Total Change In Assets/Liabilities": {"2020-09-30": -11.5671, "2020-06-30": -562.795, "2020-03-31": "1063.92200", "2019-12-31": -217.365, "2019-09-30": 99.025, "2019-06-30": 686.117, "2019-03-31": "-174.30300", "2018-12-31": 130.5809, "2018-09-30": -193.9379, "2018-06-30": -5.967, "2018-03-31": "-160.78100", "2017-12-31": -711.183, "2017-09-30": -181.87, "2017-06-30": 52.156, "2017-03-31": "-124.01500", "2016-12-31": -137.643, "2016-09-30": 66.273, "2016-06-30": -40.249, "2016-03-31": "-83.02500", "2015-12-31": -39.0509, "2015-09-30": 295.8268, "2015-06-30": -317.5999, "2015-03-31": "-85.06000", "2014-12-31": 261.658, "2014-09-30": 190.921, "2014-06-30": -193.828, "2014-03-31": "181.94700", "2013-12-31": 195.125, "2013-09-30": 65.285, "2013-06-30": 69.388, "2013-03-31": "-209.27100", "2012-12-31": -149.776, "2012-09-30": -108.423, "2012-06-30": 161.302, "2012-03-31": "-185.85200", "2011-12-31": -20.896, "2011-09-30": 140.671, "2011-06-30": -4.581, "2011-03-31": "55.60700", "2010-12-31": -171.044, "2010-09-30": 69.095, "2010-06-30": 67.202, "2010-03-31": "-96.37500", "2009-12-31": 34.744, "2009-09-30": 52.321, "2009-06-30": -69.5, "2009-03-31": "-77.46800", "2008-12-31": 172.32, "2008-09-30": 396.914, "2008-06-30": -183.853, "2008-03-31": "-128.93000", "2007-12-31": 91.354, "2007-09-30": 34.695, "2007-06-30": 32.596, "2007-03-31": "-14.14200", "2006-12-31": -112.143, "2006-09-30": -30.752, "2006-06-30": 4.634, "2006-03-31": "110.69500", "2005-12-31": 99.226, "2005-09-30": -109.677, "2005-06-30": -26.731, "2005-03-31": "35.19900"}, "Cash Flow From Operating Activities": {"2020-09-30": 1213.553, "2020-06-30": 88.074, "2020-03-31": "2584.91800", "2019-12-31": 1807.204, "2019-09-30": 2061.664, "2019-06-30": 2686.543, "2019-03-31": "1607.76900", "2018-12-31": 2085.228, "2018-09-30": 2189.597, "2018-06-30": 1941.617, "2018-03-31": "1552.16600", "2017-12-31": 1327.548, "2017-09-30": 961.363, "2017-06-30": 1078.376, "2017-03-31": "898.04900", "2016-12-31": 804.745, "2016-09-30": 759.581, "2016-06-30": 503.146, "2016-03-31": "291.59100", "2015-12-31": 615.813, "2015-09-30": 1131.432, "2015-06-30": 887.373, "2015-03-31": "960.54700", "2014-12-31": 2110.438, "2014-09-30": 2336.469, "2014-06-30": 1934.575, "2014-03-31": "2267.67300", "2013-12-31": 2001.23, "2013-09-30": 2012.472, "2013-06-30": 1890.777, "2013-03-31": "1424.93500", "2012-12-31": 1227.187, "2012-09-30": 1436.372, "2012-06-30": 1495.613, "2012-03-31": "1077.60500", "2011-12-31": 1236.887, "2011-09-30": 1272.283, "2011-06-30": 1111.752, "2011-03-31": "957.48800", "2010-12-31": 622.875, "2010-09-30": 784.387, "2010-06-30": 681.053, "2010-03-31": "620.28700", "2009-12-31": 828.763, "2009-09-30": 816.458, "2009-06-30": 671.379, "2009-03-31": "605.83900", "2008-12-31": 1033.563, "2008-09-30": 1537.065, "2008-06-30": 1135.536, "2008-03-31": "927.08500", "2007-12-31": 748.558, "2007-09-30": 725.829, "2007-06-30": 728.136, "2007-03-31": "698.48000", "2006-12-31": 616.471, "2006-09-30": 603.116, "2006-06-30": 589.665, "2006-03-31": "786.76700", "2005-12-31": 865.214, "2005-09-30": 518.807, "2005-06-30": 503.566, "2005-03-31": "481.83900"}, "Net Change In Property, Plant, And Equipment": {"2020-09-30": -340.564, "2020-06-30": -431.006, "2020-03-31": "-1663.02500", "2019-12-31": -1263.411, "2019-09-30": -1473.087, "2019-06-30": -1560.349, "2019-03-31": "-1985.38700", "2018-12-31": -1086.295, "2018-09-30": -1645.866, "2018-06-30": -1678.486, "2018-03-31": "-1438.38200", "2017-12-31": -1021.521, "2017-09-30": -1077.72, "2017-06-30": -898.482, "2017-03-31": "-899.75100", "2016-12-31": -79.355, "2016-09-30": -448.6211, "2016-06-30": -369.0799, "2016-03-31": "-566.52400", "2015-12-31": -794.281, "2015-09-30": -1328.796, "2015-06-30": -1152.798, "2015-03-31": "-1544.48100", "2014-12-31": -1528.595, "2014-09-30": -2095.932, "2014-06-30": -2170.175, "2014-03-31": "-1882.77100", "2013-12-31": -1531.872, "2013-09-30": -1914.532, "2013-06-30": -1636.778, "2013-03-31": "-1216.88800", "2012-12-31": -1454.655, "2012-09-30": -1638.382, "2012-06-30": -1352.896, "2012-03-31": "-1599.40700", "2011-12-31": -1644.655, "2011-09-30": -1354.794, "2011-06-30": -1090.685, "2011-03-31": "-1427.54100", "2010-12-31": -1071.205, "2010-09-30": -1475.592, "2010-06-30": -1240.885, "2010-03-31": "-1121.10700", "2009-12-31": -785.026, "2009-09-30": -921.375, "2009-06-30": -697.459, "2009-03-31": "-887.14900", "2008-12-31": -1328.539, "2008-09-30": -1496.664, "2008-06-30": -1185.976, "2008-03-31": "-800.73300", "2007-12-31": -962.837, "2007-09-30": -891.861, "2007-06-30": -851.478, "2007-03-31": "-889.59100", "2006-12-31": -892.528, "2006-09-30": -762.18, "2006-06-30": -589.0671, "2006-03-31": "-586.30690", "2005-12-31": -510.309, "2005-09-30": -435.956, "2005-06-30": -386.761, "2005-03-31": "-344.00800"}, "Net Change In Intangible Assets": {"2020-09-30": 0, "2020-06-30": 0, "2020-03-31": "", "2019-12-31": 0, "2019-09-30": 0, "2019-06-30": 0, "2019-03-31": "", "2018-12-31": 0, "2018-09-30": 0, "2018-06-30": 0, "2018-03-31": "", "2017-12-31": 0, "2017-09-30": 0, "2017-06-30": 0, "2017-03-31": "", "2016-12-31": 0, "2016-09-30": 0, "2016-06-30": 0, "2016-03-31": "", "2015-12-31": 0, "2015-09-30": 0, "2015-06-30": 0, "2015-03-31": "", "2014-12-31": 0, "2014-09-30": 0, "2014-06-30": 0, "2014-03-31": "", "2013-12-31": 0, "2013-09-30": 0, "2013-06-30": 0, "2013-03-31": "", "2012-12-31": 0, "2012-09-30": 0, "2012-06-30": 0, "2012-03-31": "", "2011-12-31": 0, "2011-09-30": 0, "2011-06-30": 0, "2011-03-31": "", "2010-12-31": 0, "2010-09-30": 0, "2010-06-30": 0, "2010-03-31": "", "2009-12-31": 0, "2009-09-30": 0, "2009-06-30": 0, "2009-03-31": "", "2008-12-31": 0, "2008-09-30": 0, "2008-06-30": 0, "2008-03-31": "", "2007-12-31": 0, "2007-09-30": 0, "2007-06-30": 0, "2007-03-31": "", "2006-12-31": 0, "2006-09-30": 0, "2006-06-30": 0, "2006-03-31": "", "2005-12-31": 0, "2005-09-30": 0, "2005-06-30": 0, "2005-03-31": ""}, "Net Acquisitions/Divestitures": {"2020-09-30": 0, "2020-06-30": 0, "2020-03-31": "", "2019-12-31": 0, "2019-09-30": 0, "2019-06-30": 0, "2019-03-31": "", "2018-12-31": 0, "2018-09-30": 0, "2018-06-30": 0, "2018-03-31": "", "2017-12-31": 0, "2017-09-30": 0, "2017-06-30": 0, "2017-03-31": "", "2016-12-31": 54.534, "2016-09-30": 0, "2016-06-30": 0, "2016-03-31": "", "2015-12-31": 0, "2015-09-30": 0, "2015-06-30": 0, "2015-03-31": "", "2014-12-31": 0, "2014-09-30": 0, "2014-06-30": 0, "2014-03-31": "", "2013-12-31": 0, "2013-09-30": 0, "2013-06-30": 0, "2013-03-31": "", "2012-12-31": 0, "2012-09-30": 0, "2012-06-30": 0, "2012-03-31": "", "2011-12-31": 0, "2011-09-30": 0, "2011-06-30": 0, "2011-03-31": "", "2010-12-31": -210, "2010-09-30": 0, "2010-06-30": 0, "2010-03-31": "", "2009-12-31": 0, "2009-09-30": 0, "2009-06-30": 0, "2009-03-31": "", "2008-12-31": 0, "2008-09-30": 0, "2008-06-30": 0, "2008-03-31": "", "2007-12-31": 0, "2007-09-30": 0, "2007-06-30": 0, "2007-03-31": "", "2006-12-31": 0, "2006-09-30": 0, "2006-06-30": 0, "2006-03-31": "", "2005-12-31": 0, "2005-09-30": 0, "2005-06-30": 0, "2005-03-31": ""}, "Net Change In Short-term Investments": {"2020-09-30": 6.091, "2020-06-30": -414.236, "2020-03-31": "132.08200", "2019-12-31": 76.384, "2019-09-30": 16.621, "2019-06-30": -72.325, "2019-03-31": "94.38100", "2018-12-31": -205.599, "2018-09-30": -122.791, "2018-06-30": 45.295, "2018-03-31": "-18.04500", "2017-12-31": -210.404, "2017-09-30": 41.331, "2017-06-30": 15.814, "2017-03-31": "63.32400", "2016-12-31": 35.488, "2016-09-30": 66.137, "2016-06-30": 56.705, "2016-03-31": "-2.22800", "2015-12-31": 19.423, "2015-09-30": -349.42, "2015-06-30": 89.838, "2015-03-31": "-259.74100", "2014-12-31": -5.476, "2014-09-30": 77.379, "2014-06-30": -36.638, "2014-03-31": "68.25800", "2013-12-31": -21.81, "2013-09-30": 53.558, "2013-06-30": -37.791, "2013-03-31": "57.14900", "2012-12-31": 13.731, "2012-09-30": -185.4, "2012-06-30": -126.341, "2012-03-31": "224.08700", "2011-12-31": -103.755, "2011-09-30": -56.66, "2011-06-30": -76.646, "2011-03-31": "-0.20600", "2010-12-31": -7.613, "2010-09-30": 80.853, "2010-06-30": 61.371, "2010-03-31": "74.32200", "2009-12-31": 28.562, "2009-09-30": 22.318, "2009-06-30": -30.569, "2009-03-31": "-138.53200", "2008-12-31": -137.873, "2008-09-30": -15.149, "2008-06-30": 5.398, "2008-03-31": "-4.75000", "2007-12-31": 99.343, "2007-09-30": 23.913, "2007-06-30": -12.547, "2007-03-31": "32.95900", "2006-12-31": 57.836, "2006-09-30": 56.312, "2006-06-30": -23.546, "2006-03-31": "33.28800", "2005-12-31": -4.11, "2005-09-30": 22.522, "2005-06-30": 5.721, "2005-03-31": "-25.67100"}, "Net Change In Long-Term Investments": {"2020-09-30": 0, "2020-06-30": 0, "2020-03-31": "", "2019-12-31": 0, "2019-09-30": 0, "2019-06-30": 0, "2019-03-31": "", "2018-12-31": 0, "2018-09-30": 0, "2018-06-30": 0, "2018-03-31": "", "2017-12-31": 0, "2017-09-30": 0, "2017-06-30": 0, "2017-03-31": "", "2016-12-31": 0, "2016-09-30": 0, "2016-06-30": 0, "2016-03-31": "", "2015-12-31": 0, "2015-09-30": 0, "2015-06-30": 0, "2015-03-31": "", "2014-12-31": 0, "2014-09-30": 0, "2014-06-30": 0, "2014-03-31": "", "2013-12-31": 0, "2013-09-30": 0, "2013-06-30": 0, "2013-03-31": "", "2012-12-31": 0, "2012-09-30": 0, "2012-06-30": 0, "2012-03-31": "", "2011-12-31": 0, "2011-09-30": 0, "2011-06-30": 0, "2011-03-31": "", "2010-12-31": 0, "2010-09-30": 0, "2010-06-30": 0, "2010-03-31": "", "2009-12-31": 0, "2009-09-30": 0, "2009-06-30": 0, "2009-03-31": "", "2008-12-31": 0, "2008-09-30": 0, "2008-06-30": 0, "2008-03-31": "", "2007-12-31": 0, "2007-09-30": 0, "2007-06-30": 0, "2007-03-31": "", "2006-12-31": 0, "2006-09-30": 0, "2006-06-30": 0, "2006-03-31": "", "2005-12-31": 0, "2005-09-30": 0, "2005-06-30": 0, "2005-03-31": ""}, "Net Change In Investments - Total": {"2020-09-30": 6.091, "2020-06-30": -414.236, "2020-03-31": "132.08200", "2019-12-31": 76.384, "2019-09-30": 16.621, "2019-06-30": -72.325, "2019-03-31": "94.38100", "2018-12-31": -205.599, "2018-09-30": -122.791, "2018-06-30": 45.295, "2018-03-31": "-18.04500", "2017-12-31": -210.404, "2017-09-30": 41.331, "2017-06-30": 15.814, "2017-03-31": "63.32400", "2016-12-31": 35.488, "2016-09-30": 66.137, "2016-06-30": 56.705, "2016-03-31": "-2.22800", "2015-12-31": 19.423, "2015-09-30": -349.42, "2015-06-30": 89.838, "2015-03-31": "-259.74100", "2014-12-31": -5.476, "2014-09-30": 77.379, "2014-06-30": -36.638, "2014-03-31": "68.25800", "2013-12-31": -21.81, "2013-09-30": 53.558, "2013-06-30": -37.791, "2013-03-31": "57.14900", "2012-12-31": 13.731, "2012-09-30": -185.4, "2012-06-30": -126.341, "2012-03-31": "224.08700", "2011-12-31": -103.755, "2011-09-30": -56.66, "2011-06-30": -76.646, "2011-03-31": "-0.20600", "2010-12-31": -7.613, "2010-09-30": 80.853, "2010-06-30": 61.371, "2010-03-31": "74.32200", "2009-12-31": 28.562, "2009-09-30": 22.318, "2009-06-30": -30.569, "2009-03-31": "-138.53200", "2008-12-31": -137.873, "2008-09-30": -15.149, "2008-06-30": 5.398, "2008-03-31": "-4.75000", "2007-12-31": 99.343, "2007-09-30": 23.913, "2007-06-30": -12.547, "2007-03-31": "32.95900", "2006-12-31": 57.836, "2006-09-30": 56.312, "2006-06-30": -23.546, "2006-03-31": "33.28800", "2005-12-31": -4.11, "2005-09-30": 22.522, "2005-06-30": 5.721, "2005-03-31": "-25.67100"}, "Investing Activities - Other": {"2020-09-30": 0, "2020-06-30": 0, "2020-03-31": "", "2019-12-31": -10, "2019-09-30": 0, "2019-06-30": 0, "2019-03-31": "", "2018-12-31": 0, "2018-09-30": -19.993, "2018-06-30": 0, "2018-03-31": "", "2017-12-31": 0, "2017-09-30": 0, "2017-06-30": 0, "2017-03-31": "", "2016-12-31": 0, "2016-09-30": 0, "2016-06-30": 0, "2016-03-31": "", "2015-12-31": 0, "2015-09-30": 0, "2015-06-30": 0, "2015-03-31": "", "2014-12-31": 151.623, "2014-09-30": 0, "2014-06-30": -82.191, "2014-03-31": "-9.04700", "2013-12-31": 2.247, "2013-09-30": -15.739, "2013-06-30": -52.322, "2013-03-31": "", "2012-12-31": 0, "2012-09-30": 0, "2012-06-30": 0, "2012-03-31": "", "2011-12-31": 0, "2011-09-30": 0, "2011-06-30": 0, "2011-03-31": "", "2010-12-31": 11.288, "2010-09-30": -0.049, "2010-06-30": -11.264, "2010-03-31": "7.10700", "2009-12-31": -6.726, "2009-09-30": 0.021, "2009-06-30": 0.83, "2009-03-31": "0.55400", "2008-12-31": -0.916, "2008-09-30": 19.113, "2008-06-30": -19.194, "2008-03-31": "-1.23500", "2007-12-31": 0.291, "2007-09-30": -2.426, "2007-06-30": 0.039, "2007-03-31": "-1.57900", "2006-12-31": 16.293, "2006-09-30": -6.218, "2006-06-30": -9.003, "2006-03-31": "-5.25300", "2005-12-31": 14.45, "2005-09-30": 2.125, "2005-06-30": -8.717, "2005-03-31": "-7.39400"}, "Cash Flow From Investing Activities": {"2020-09-30": -334.473, "2020-06-30": -845.242, "2020-03-31": "-1530.94300", "2019-12-31": -1197.027, "2019-09-30": -1456.466, "2019-06-30": -1632.674, "2019-03-31": "-1891.00600", "2018-12-31": -1291.894, "2018-09-30": -1788.65, "2018-06-30": -1633.191, "2018-03-31": "-1456.42700", "2017-12-31": -1231.925, "2017-09-30": -1036.389, "2017-06-30": -882.668, "2017-03-31": "-836.42700", "2016-12-31": 10.667, "2016-09-30": -382.484, "2016-06-30": -312.375, "2016-03-31": "-568.75200", "2015-12-31": -774.858, "2015-09-30": -1678.216, "2015-06-30": -1062.96, "2015-03-31": "-1804.22200", "2014-12-31": -1382.448, "2014-09-30": -2018.553, "2014-06-30": -2289.004, "2014-03-31": "-1823.56000", "2013-12-31": -1551.435, "2013-09-30": -1876.713, "2013-06-30": -1726.891, "2013-03-31": "-1159.73900", "2012-12-31": -1440.924, "2012-09-30": -1823.782, "2012-06-30": -1479.237, "2012-03-31": "-1375.32000", "2011-12-31": -1748.41, "2011-09-30": -1411.454, "2011-06-30": -1167.331, "2011-03-31": "-1427.74700", "2010-12-31": -1277.53, "2010-09-30": -1394.788, "2010-06-30": -1190.778, "2010-03-31": "-1039.67800", "2009-12-31": -763.19, "2009-09-30": -899.036, "2009-06-30": -727.198, "2009-03-31": "-1025.12700", "2008-12-31": -1467.328, "2008-09-30": -1492.7, "2008-06-30": -1199.772, "2008-03-31": "-806.71800", "2007-12-31": -863.203, "2007-09-30": -870.374, "2007-06-30": -863.986, "2007-03-31": "-858.21100", "2006-12-31": -818.399, "2006-09-30": -712.086, "2006-06-30": -621.616, "2006-03-31": "-558.27200", "2005-12-31": -499.969, "2005-09-30": -411.309, "2005-06-30": -389.757, "2005-03-31": "-377.07300"}, "Net Long-Term Debt": {"2020-09-30": -4.864, "2020-06-30": 479.028, "2020-03-31": "-3.62100", "2019-12-31": -3.261, "2019-09-30": -3.235, "2019-06-30": -903.213, "2019-03-31": "-3.19000", "2018-12-31": -353.167, "2018-09-30": -1.698, "2018-06-30": -1.683, "2018-03-31": "-1.67100", "2017-12-31": -1.658, "2017-09-30": -601.646, "2017-06-30": -1.632, "2017-03-31": "-1.61900", "2016-12-31": -165.436, "2016-09-30": -1.596, "2016-06-30": -1.581, "2016-03-31": "589.52800", "2015-12-31": -1.557, "2015-09-30": -1.546, "2015-06-30": -501.532, "2015-03-31": "988.70400", "2014-12-31": -1.509, "2014-09-30": -1.499, "2014-06-30": -1.484, "2014-03-31": "-5.25400", "2013-12-31": -401.462, "2013-09-30": -1.452, "2013-06-30": -1.439, "2013-03-31": "-1.42700", "2012-12-31": -1.417, "2012-09-30": 1232.731, "2012-06-30": 0, "2012-03-31": "", "2011-12-31": -220, "2011-09-30": 0, "2011-06-30": 0, "2011-03-31": "", "2010-12-31": 1487.264, "2010-09-30": 0, "2010-06-30": 954.395, "2010-03-31": "", "2009-12-31": 0, "2009-09-30": 0, "2009-06-30": 900, "2009-03-31": "", "2008-12-31": 0, "2008-09-30": 750, "2008-06-30": -38, "2008-03-31": "", "2007-12-31": -98.442, "2007-09-30": 570, "2007-06-30": 10, "2007-03-31": "-30.00000", "2006-12-31": -96.075, "2006-09-30": -53, "2006-06-30": -50.225, "2006-03-31": "-52.32500", "2005-12-31": 74.245, "2005-09-30": -75, "2005-06-30": 0, "2005-03-31": ""}, "Net Current Debt": {"2020-09-30": 0, "2020-06-30": 0, "2020-03-31": "", "2019-12-31": 0, "2019-09-30": 0, "2019-06-30": 0, "2019-03-31": "", "2018-12-31": 0, "2018-09-30": 0, "2018-06-30": 0, "2018-03-31": "", "2017-12-31": 0, "2017-09-30": 0, "2017-06-30": 0, "2017-03-31": "", "2016-12-31": 0, "2016-09-30": 0, "2016-06-30": 0, "2016-03-31": "-259.71800", "2015-12-31": 230.018, "2015-09-30": 29.7, "2015-06-30": 0, "2015-03-31": "", "2014-12-31": 0, "2014-09-30": 0, "2014-06-30": 0, "2014-03-31": "", "2013-12-31": 0, "2013-09-30": 0, "2013-06-30": 0, "2013-03-31": "", "2012-12-31": 0, "2012-09-30": 0, "2012-06-30": 0, "2012-03-31": "", "2011-12-31": 0, "2011-09-30": 0, "2011-06-30": 0, "2011-03-31": "", "2010-12-31": -33.7, "2010-09-30": 33.7, "2010-06-30": 0, "2010-03-31": "", "2009-12-31": 0, "2009-09-30": 0, "2009-06-30": -208.1, "2009-03-31": "208.10000", "2008-12-31": 0, "2008-09-30": 0, "2008-06-30": 0, "2008-03-31": "", "2007-12-31": 0, "2007-09-30": -170.4, "2007-06-30": 53.8, "2007-03-31": "116.60000", "2006-12-31": 0, "2006-09-30": -10, "2006-06-30": 10, "2006-03-31": "", "2005-12-31": -131.95, "2005-09-30": 0.675, "2005-06-30": -2.7, "2005-03-31": "42.17500"}, "Debt Issuance/Retirement Net - Total": {"2020-09-30": -4.864, "2020-06-30": 479.028, "2020-03-31": "-3.62100", "2019-12-31": -3.261, "2019-09-30": -3.235, "2019-06-30": -903.213, "2019-03-31": "-3.19000", "2018-12-31": -353.167, "2018-09-30": -1.698, "2018-06-30": -1.683, "2018-03-31": "-1.67100", "2017-12-31": -1.658, "2017-09-30": -601.646, "2017-06-30": -1.632, "2017-03-31": "-1.61900", "2016-12-31": -165.436, "2016-09-30": -1.596, "2016-06-30": -1.581, "2016-03-31": "329.81000", "2015-12-31": 228.461, "2015-09-30": 28.154, "2015-06-30": -501.532, "2015-03-31": "988.70400", "2014-12-31": -1.509, "2014-09-30": -1.499, "2014-06-30": -1.484, "2014-03-31": "-5.25400", "2013-12-31": -401.462, "2013-09-30": -1.452, "2013-06-30": -1.439, "2013-03-31": "-1.42700", "2012-12-31": -1.417, "2012-09-30": 1232.731, "2012-06-30": 0, "2012-03-31": "", "2011-12-31": -220, "2011-09-30": 0, "2011-06-30": 0, "2011-03-31": "", "2010-12-31": 1453.564, "2010-09-30": 33.7, "2010-06-30": 954.395, "2010-03-31": "", "2009-12-31": 0, "2009-09-30": 0, "2009-06-30": 691.9, "2009-03-31": "208.10000", "2008-12-31": 0, "2008-09-30": 750, "2008-06-30": -38, "2008-03-31": "", "2007-12-31": -98.442, "2007-09-30": 399.6, "2007-06-30": 63.8, "2007-03-31": "86.60000", "2006-12-31": -96.075, "2006-09-30": -63, "2006-06-30": -40.225, "2006-03-31": "-52.32500", "2005-12-31": -57.705, "2005-09-30": -74.325, "2005-06-30": -2.7, "2005-03-31": "42.17500"}, "Net Common Equity Issued/Repurchased": {"2020-09-30": -9.764, "2020-06-30": 8.146, "2020-03-31": "-4.58900", "2019-12-31": 5.474, "2019-09-30": -12.972, "2019-06-30": 6.137, "2019-03-31": "-5.84500", "2018-12-31": 3.564, "2018-09-30": -25.582, "2018-06-30": -5.555, "2018-03-31": "-15.32300", "2017-12-31": -3.368, "2017-09-30": -27.13, "2017-06-30": 4.202, "2017-03-31": "-16.27200", "2016-12-31": -17.471, "2016-09-30": -23.227, "2016-06-30": -8.147, "2016-03-31": "-9.98400", "2015-12-31": 2.351, "2015-09-30": -16.574, "2015-06-30": -0.403, "2015-03-31": "-11.47500", "2014-12-31": -2.091, "2014-09-30": -23.993, "2014-06-30": -51.179, "2014-03-31": "-27.91200", "2013-12-31": 0.428, "2013-09-30": -25.161, "2013-06-30": 2.699, "2013-03-31": "-3.02000", "2012-12-31": 9.38, "2012-09-30": 4.592, "2012-06-30": 10.197, "2012-03-31": "0.12600", "2011-12-31": 6.456, "2011-09-30": -2.353, "2011-06-30": 5.56, "2011-03-31": "1390.59300", "2010-12-31": 9.036, "2010-09-30": 0.513, "2010-06-30": 13.786, "2010-03-31": "-0.07000", "2009-12-31": 5.676, "2009-09-30": 1.902, "2009-06-30": 5.653, "2009-03-31": "-3.75200", "2008-12-31": -1.41, "2008-09-30": 14.504, "2008-06-30": 17.615, "2008-03-31": "24.02900", "2007-12-31": 21.432, "2007-09-30": 17.089, "2007-06-30": 3.885, "2007-03-31": "5.27600", "2006-12-31": -10.717, "2006-09-30": 18.141, "2006-06-30": 5.014, "2006-03-31": "6.12900", "2005-12-31": 8.231, "2005-09-30": 32.065, "2005-06-30": 10.108, "2005-03-31": "14.26400"}, "Net Total Equity Issued/Repurchased": {"2020-09-30": -9.764, "2020-06-30": 8.146, "2020-03-31": "-4.58900", "2019-12-31": 5.474, "2019-09-30": -12.972, "2019-06-30": 6.137, "2019-03-31": "-5.84500", "2018-12-31": 3.564, "2018-09-30": -25.582, "2018-06-30": -5.555, "2018-03-31": "-15.32300", "2017-12-31": -3.368, "2017-09-30": -27.13, "2017-06-30": 4.202, "2017-03-31": "-16.27200", "2016-12-31": -17.471, "2016-09-30": -23.227, "2016-06-30": -8.147, "2016-03-31": "-9.98400", "2015-12-31": 2.351, "2015-09-30": -16.574, "2015-06-30": -0.403, "2015-03-31": "-11.47500", "2014-12-31": -2.091, "2014-09-30": -23.993, "2014-06-30": -51.179, "2014-03-31": "-27.91200", "2013-12-31": 0.428, "2013-09-30": -25.161, "2013-06-30": 2.699, "2013-03-31": "-3.02000", "2012-12-31": 9.38, "2012-09-30": 4.592, "2012-06-30": 10.197, "2012-03-31": "0.12600", "2011-12-31": 6.456, "2011-09-30": -2.353, "2011-06-30": 5.56, "2011-03-31": "1390.59300", "2010-12-31": 9.036, "2010-09-30": 0.513, "2010-06-30": 13.786, "2010-03-31": "-0.07000", "2009-12-31": 5.676, "2009-09-30": 1.902, "2009-06-30": 5.653, "2009-03-31": "-3.75200", "2008-12-31": -1.41, "2008-09-30": 14.504, "2008-06-30": 17.615, "2008-03-31": "18.63400", "2007-12-31": -19.124, "2007-09-30": 6.448, "2007-06-30": 3.885, "2007-03-31": "5.27600", "2006-12-31": -60.916, "2006-09-30": 18.141, "2006-06-30": 5.014, "2006-03-31": "6.12900", "2005-12-31": 8.231, "2005-09-30": 32.065, "2005-06-30": 10.108, "2005-03-31": "14.26400"}, "Total Common And Preferred Stock Dividends Paid": {"2020-09-30": -217.142, "2020-06-30": -217.042, "2020-03-31": "-167.05800", "2019-12-31": -167.349, "2019-09-30": -166.17, "2019-06-30": -127.135, "2019-03-31": "-127.54600", "2018-12-31": -126.97, "2018-09-30": -107.465, "2018-06-30": -106.584, "2018-03-31": "-97.02600", "2017-12-31": -97.27, "2017-09-30": -96.277, "2017-06-30": -96.277, "2017-03-31": "-96.70700", "2016-12-31": -96.119, "2016-09-30": -92.69, "2016-06-30": -91.866, "2016-03-31": "-92.17000", "2015-12-31": -92.428, "2015-09-30": -91.447, "2015-06-30": -91.469, "2015-03-31": "-91.66100", "2014-12-31": -92.025, "2014-09-30": -67.986, "2014-06-30": -67.904, "2014-03-31": "-51.78000", "2013-12-31": -51.447, "2013-09-30": -50.725, "2013-06-30": -50.786, "2013-03-31": "-46.22000", "2012-12-31": -46.668, "2012-09-30": -45.52, "2012-06-30": -45.642, "2012-03-31": "-43.25000", "2011-12-31": -43.036, "2011-09-30": -42.571, "2011-06-30": -42.559, "2011-03-31": "-39.00300", "2010-12-31": -38.963, "2010-09-30": -39.098, "2010-06-30": -38.89, "2010-03-31": "-36.28900", "2009-12-31": -36.271, "2009-09-30": -36.473, "2009-06-30": -36.025, "2009-03-31": "-33.49100", "2008-12-31": -33.751, "2008-09-30": -29.806, "2008-06-30": -29.558, "2008-03-31": "-22.08900", "2007-12-31": -22.767, "2007-09-30": -22.883, "2007-06-30": -22.848, "2007-03-31": "-15.52200", "2006-12-31": -16.428, "2006-09-30": -16.303, "2006-06-30": -16.28, "2006-03-31": "-11.43200", "2005-12-31": -11.411, "2005-09-30": -11.355, "2005-06-30": -11.34, "2005-03-31": "-8.88000"}, "Financial Activities - Other": {"2020-09-30": 0, "2020-06-30": -2.635, "2020-03-31": "", "2019-12-31": 0, "2019-09-30": -0.092, "2019-06-30": -4.924, "2019-03-31": "", "2018-12-31": 0, "2018-09-30": 0.028, "2018-06-30": -0.028, "2018-03-31": "0.05700", "2017-12-31": 0.039, "2017-09-30": -0.096, "2017-06-30": 0, "2017-03-31": "", "2016-12-31": 8.14, "2016-09-30": 9.43, "2016-06-30": 11.777, "2016-03-31": "-1.59200", "2015-12-31": 1.834, "2015-09-30": 3.497, "2015-06-30": 7.905, "2015-03-31": "7.00400", "2014-12-31": 11.954, "2014-09-30": 23.613, "2014-06-30": 36.383, "2014-03-31": "-5.06800", "2013-12-31": 5.827, "2013-09-30": 28.109, "2013-06-30": 10.205, "2013-03-31": "11.94500", "2012-12-31": 17.621, "2012-09-30": 25.779, "2012-06-30": 5.583, "2012-03-31": "16.23900", "2011-12-31": -4.833, "2011-09-30": 0.073, "2011-06-30": 1.991, "2011-03-31": "-1.77900", "2010-12-31": -1.945, "2010-09-30": -5.406, "2010-06-30": -1.184, "2010-03-31": "0.27000", "2009-12-31": 42.092, "2009-09-30": 11.8, "2009-06-30": 8.429, "2009-03-31": "4.62200", "2008-12-31": -64.266, "2008-09-30": 7.553, "2008-06-30": 20.625, "2008-03-31": "35.05400", "2007-12-31": 9.403, "2007-09-30": 1.731, "2007-06-30": 3.784, "2007-03-31": "7.14400", "2006-12-31": 0.661, "2006-09-30": 6.064, "2006-06-30": 13.551, "2006-03-31": "7.07600", "2005-12-31": 0.025, "2005-09-30": -1.57, "2005-06-30": 0.157, "2005-03-31": "-0.04900"}, "Cash Flow From Financial Activities": {"2020-09-30": -231.77, "2020-06-30": 267.497, "2020-03-31": "-175.26800", "2019-12-31": -165.136, "2019-09-30": -182.469, "2019-06-30": -1029.135, "2019-03-31": "-136.58100", "2018-12-31": -476.573, "2018-09-30": -134.717, "2018-06-30": -113.85, "2018-03-31": "-113.96300", "2017-12-31": -102.257, "2017-09-30": -725.149, "2017-06-30": -93.707, "2017-03-31": "-114.59800", "2016-12-31": -270.886, "2016-09-30": -108.083, "2016-06-30": -89.817, "2016-03-31": "226.06400", "2015-12-31": 140.218, "2015-09-30": -76.37, "2015-06-30": -585.499, "2015-03-31": "892.57200", "2014-12-31": -83.671, "2014-09-30": -69.865, "2014-06-30": -84.184, "2014-03-31": "-90.01400", "2013-12-31": -446.654, "2013-09-30": -49.229, "2013-06-30": -39.321, "2013-03-31": "-38.72200", "2012-12-31": -21.084, "2012-09-30": 1217.582, "2012-06-30": -29.862, "2012-03-31": "-26.88500", "2011-12-31": -261.413, "2011-09-30": -44.851, "2011-06-30": -35.008, "2011-03-31": "1349.81100", "2010-12-31": 1421.692, "2010-09-30": -10.291, "2010-06-30": 928.107, "2010-03-31": "-36.08900", "2009-12-31": 11.497, "2009-09-30": -22.771, "2009-06-30": 669.957, "2009-03-31": "175.47900", "2008-12-31": -99.427, "2008-09-30": 742.251, "2008-06-30": -29.318, "2008-03-31": "31.59900", "2007-12-31": -130.93, "2007-09-30": 384.896, "2007-06-30": 48.621, "2007-03-31": "83.49800", "2006-12-31": -172.758, "2006-09-30": -55.098, "2006-06-30": -37.94, "2006-03-31": "-50.55200", "2005-12-31": -60.86, "2005-09-30": -55.185, "2005-06-30": -3.775, "2005-03-31": "47.51000"}, "Net Cash Flow": {"2020-09-30": 649.055, "2020-06-30": -490.351, "2020-03-31": "878.88000", "2019-12-31": 444.867, "2019-09-30": 422.62, "2019-06-30": 24.675, "2019-03-31": "-419.82400", "2018-12-31": 281.502, "2018-09-30": 265.917, "2018-06-30": 192.121, "2018-03-31": "-18.13400", "2017-12-31": -11.91, "2017-09-30": -803.305, "2017-06-30": 102.877, "2017-03-31": "-53.32900", "2016-12-31": 551.168, "2016-09-30": 269.005, "2016-06-30": 111.241, "2016-03-31": "-50.02500", "2015-12-31": -24.183, "2015-09-30": -624.706, "2015-06-30": -760.024, "2015-03-31": "40.20600", "2014-12-31": 606.068, "2014-09-30": 251.005, "2014-06-30": -437.072, "2014-03-31": "349.00300", "2013-12-31": -0.608, "2013-09-30": 90.801, "2013-06-30": 119.982, "2013-03-31": "231.59900", "2012-12-31": -236.188, "2012-09-30": 832.249, "2012-06-30": -13.69, "2012-03-31": "-321.66200", "2011-12-31": -771.002, "2011-09-30": -190.71, "2011-06-30": -90.847, "2011-03-31": "879.43200", "2010-12-31": 761.021, "2010-09-30": -622.282, "2010-06-30": 420.03, "2010-03-31": "-455.66700", "2009-12-31": 77.24, "2009-09-30": -98.453, "2009-06-30": 621.75, "2009-03-31": "-246.09700", "2008-12-31": -554.666, "2008-09-30": 777.876, "2008-06-30": -96.837, "2008-03-31": "150.70700", "2007-12-31": -247.713, "2007-09-30": 243.41, "2007-06-30": -83.166, "2007-03-31": "-76.55500", "2006-12-31": -377.676, "2006-09-30": -163.177, "2006-06-30": -62.219, "2006-03-31": "177.51600", "2005-12-31": 302.75, "2005-09-30": 58.36, "2005-06-30": 109.316, "2005-03-31": "152.40500"}, "Stock-Based Compensation": {"2020-09-30": 33.811, "2020-06-30": 39.571, "2020-03-31": "40.07200", "2019-12-31": 42.415, "2019-09-30": 54.67, "2019-06-30": 38.566, "2019-03-31": "39.08700", "2018-12-31": 39.047, "2018-09-30": 49.001, "2018-06-30": 31.803, "2018-03-31": "35.48600", "2017-12-31": 32.312, "2017-09-30": 43.476, "2017-06-30": 27.601, "2017-03-31": "30.46000", "2016-12-31": 31.018, "2016-09-30": 37.601, "2016-06-30": 27.091, "2016-03-31": "32.38000", "2015-12-31": 28.651, "2015-09-30": 40.276, "2015-06-30": 28.598, "2015-03-31": "33.05200", "2014-12-31": 41.45, "2014-09-30": 38.492, "2014-06-30": 29.579, "2014-03-31": "35.56500", "2013-12-31": 30.884, "2013-09-30": 45.447, "2013-06-30": 27.288, "2013-03-31": "30.43600", "2012-12-31": 26.441, "2012-09-30": 45.871, "2012-06-30": 27.128, "2012-03-31": "28.33800", "2011-12-31": 33.288, "2011-09-30": 41.63, "2011-06-30": 25.997, "2011-03-31": "27.43000", "2010-12-31": 25.678, "2010-09-30": 36.747, "2010-06-30": 22.459, "2010-03-31": "22.49400", "2009-12-31": 20.648, "2009-09-30": 26.053, "2009-06-30": 22.072, "2009-03-31": "26.40700", "2008-12-31": 21.149, "2008-09-30": 31.778, "2008-06-30": 24.783, "2008-03-31": "19.78300", "2007-12-31": 20.521, "2007-09-30": 17.19, "2007-06-30": 15.331, "2007-03-31": "14.21100", "2006-12-31": 11.468, "2006-09-30": 18.789, "2006-06-30": 10.615, "2006-03-31": "9.00300", "2005-12-31": 3.362, "2005-09-30": 3.126, "2005-06-30": 2.98, "2005-03-31": "2.71900"}, "Common Stock Dividends Paid": {"2020-09-30": -217.142, "2020-06-30": -217.042, "2020-03-31": "-167.05800", "2019-12-31": -167.349, "2019-09-30": -166.17, "2019-06-30": -127.135, "2019-03-31": "-127.54600", "2018-12-31": -126.97, "2018-09-30": -107.465, "2018-06-30": -106.584, "2018-03-31": "-97.02600", "2017-12-31": -97.27, "2017-09-30": -96.277, "2017-06-30": -96.277, "2017-03-31": "-96.70700", "2016-12-31": -96.119, "2016-09-30": -92.69, "2016-06-30": -91.866, "2016-03-31": "-92.17000", "2015-12-31": -92.428, "2015-09-30": -91.447, "2015-06-30": -91.469, "2015-03-31": "-91.66100", "2014-12-31": -92.025, "2014-09-30": -67.986, "2014-06-30": -67.904, "2014-03-31": "-51.78000", "2013-12-31": -51.447, "2013-09-30": -50.725, "2013-06-30": -50.786, "2013-03-31": "-46.22000", "2012-12-31": -46.668, "2012-09-30": -45.52, "2012-06-30": -45.642, "2012-03-31": "-43.25000", "2011-12-31": -43.036, "2011-09-30": -42.571, "2011-06-30": -42.559, "2011-03-31": "-39.00300", "2010-12-31": -38.963, "2010-09-30": -39.098, "2010-06-30": -38.89, "2010-03-31": "-36.28900", "2009-12-31": -36.271, "2009-09-30": -36.473, "2009-06-30": -36.025, "2009-03-31": "-33.49100", "2008-12-31": -33.751, "2008-09-30": -29.806, "2008-06-30": -29.558, "2008-03-31": "-22.08900", "2007-12-31": -22.767, "2007-09-30": -22.883, "2007-06-30": -22.848, "2007-03-31": "-15.52200", "2006-12-31": -16.428, "2006-09-30": -16.303, "2006-06-30": -16.28, "2006-03-31": "-11.43200", "2005-12-31": -11.411, "2005-09-30": -11.355, "2005-06-30": -11.34, "2005-03-31": "-8.88000"}}, "financial ratios": {"Current Ratio": {"2019-12-31": "1.17530", "2018-12-31": "1.35650", "2017-12-31": "1.20310", "2016-12-31": "1.66980", "2015-12-31": "1.42490", "2014-12-31": "1.60030", "2013-12-31": "1.42290", "2012-12-31": "1.22770", "2011-12-31": "1.29010", "2010-12-31": "1.13840", "2009-12-31": "1.36710", "2008-12-31": "1.19460", "2007-12-31": "0.87650", "2006-12-31": "1.07580", "2005-12-31": "1.33380"}, "Long-term Debt / Capital": {"2019-12-31": "0.16130", "2018-12-31": "0.21070", "2017-12-31": "0.27030", "2016-12-31": "0.33300", "2015-12-31": "0.33940", "2014-12-31": "0.25000", "2013-12-31": "0.27700", "2012-12-31": "0.30770", "2011-12-31": "0.28380", "2010-12-31": "0.32840", "2009-12-31": "0.21630", "2008-12-31": "0.17100", "2007-12-31": "0.14500", "2006-12-31": "0.11580", "2005-12-31": "0.16600"}, "Debt/Equity Ratio": {"2019-12-31": "0.23920", "2018-12-31": "0.31420", "2017-12-31": "0.39220", "2016-12-31": "0.49970", "2015-12-31": "0.51420", "2014-12-31": "0.33370", "2013-12-31": "0.38350", "2012-12-31": "0.47510", "2011-12-31": "0.39630", "2010-12-31": "0.51050", "2009-12-31": "0.27980", "2008-12-31": "0.21040", "2007-12-31": "0.16950", "2006-12-31": "0.13100", "2005-12-31": "0.22820"}, "Gross Margin": {"2019-12-31": "100.00000", "2018-12-31": "100.00000", "2017-12-31": "100.00000", "2016-12-31": "100.00000", "2015-12-31": "100.00000", "2014-12-31": "100.00000", "2013-12-31": "100.00000", "2012-12-31": "100.00000", "2011-12-31": "100.00000", "2010-12-31": "100.00000", "2009-12-31": "100.00000", "2008-12-31": "100.00000", "2007-12-31": "100.00000", "2006-12-31": "100.00000", "2005-12-31": "100.00000"}, "Operating Margin": {"2019-12-31": "21.28320", "2018-12-31": "25.87120", "2017-12-31": "8.26530", "2016-12-31": "-16.01540", "2015-12-31": "-76.34750", "2014-12-31": "29.06420", "2013-12-31": "25.36880", "2012-12-31": "12.66660", "2011-12-31": "20.86990", "2010-12-31": "8.57910", "2009-12-31": "20.28100", "2008-12-31": "52.85690", "2007-12-31": "38.88370", "2006-12-31": "48.45320", "2005-12-31": "55.17800"}, "EBIT Margin": {"2019-12-31": "21.28320", "2018-12-31": "25.87120", "2017-12-31": "8.26530", "2016-12-31": "-16.01540", "2015-12-31": "-76.34750", "2014-12-31": "29.06420", "2013-12-31": "25.36880", "2012-12-31": "12.66660", "2011-12-31": "20.86990", "2010-12-31": "8.57910", "2009-12-31": "20.28100", "2008-12-31": "52.85690", "2007-12-31": "38.88370", "2006-12-31": "48.45320", "2005-12-31": "55.17800"}, "EBITDA Margin": {"2019-12-31": "42.85800", "2018-12-31": "45.75730", "2017-12-31": "38.68370", "2016-12-31": "30.43060", "2015-12-31": "-38.50940", "2014-12-31": "51.22640", "2013-12-31": "50.22520", "2012-12-31": "39.79840", "2011-12-31": "45.72030", "2010-12-31": "40.41450", "2009-12-31": "52.64360", "2008-12-31": "71.47410", "2007-12-31": "64.01860", "2006-12-31": "69.25150", "2005-12-31": "73.18660"}, "Pre-Tax Profit Margin": {"2019-12-31": "20.39860", "2018-12-31": "24.54940", "2017-12-31": "5.89900", "2016-12-31": "-20.35790", "2015-12-31": "-79.03640", "2014-12-31": "27.69740", "2013-12-31": "23.72370", "2012-12-31": "10.96280", "2011-12-31": "18.86010", "2010-12-31": "6.68820", "2009-12-31": "18.21640", "2008-12-31": "52.56720", "2007-12-31": "38.47020", "2006-12-31": "48.68450", "2005-12-31": "54.09090"}, "Net Profit Margin": {"2019-12-31": "15.73600", "2018-12-31": "19.79140", "2017-12-31": "23.04160", "2016-12-31": "-14.33460", "2015-12-31": "-51.66490", "2014-12-31": "16.16540", "2013-12-31": "15.16600", "2012-12-31": "4.88140", "2011-12-31": "10.77530", "2010-12-31": "2.63370", "2009-12-31": "11.41910", "2008-12-31": "34.18590", "2007-12-31": "25.55270", "2006-12-31": "32.80750", "2005-12-31": "34.46560"}, "Asset Turnover": {"2019-12-31": "0.46820", "2018-12-31": "0.50910", "2017-12-31": "0.37570", "2016-12-31": "0.26110", "2015-12-31": "0.32470", "2014-12-31": "0.51880", "2013-12-31": "0.47380", "2012-12-31": "0.42740", "2011-12-31": "0.40770", "2010-12-31": "0.28210", "2009-12-31": "0.26420", "2008-12-31": "0.44680", "2007-12-31": "0.35070", "2006-12-31": "0.41780", "2005-12-31": "0.46860"}, "Inventory Turnover Ratio": {"2019-12-31": "", "2018-12-31": "", "2017-12-31": "", "2016-12-31": "", "2015-12-31": "", "2014-12-31": "", "2013-12-31": "", "2012-12-31": "", "2011-12-31": "", "2010-12-31": "", "2009-12-31": "", "2008-12-31": "", "2007-12-31": "", "2006-12-31": "", "2005-12-31": ""}, "Receiveable Turnover": {"2019-12-31": "8.07120", "2018-12-31": "7.37280", "2017-12-31": "6.55130", "2016-12-31": "6.22700", "2015-12-31": "9.01610", "2014-12-31": "9.74390", "2013-12-31": "8.70800", "2012-12-31": "6.93010", "2011-12-31": "6.85200", "2010-12-31": "5.22160", "2009-12-31": "5.92130", "2008-12-31": "9.50610", "2007-12-31": "4.48110", "2006-12-31": "4.63040", "2005-12-31": "4.76490"}, "Days Sales In Receivables": {"2019-12-31": "45.22230", "2018-12-31": "49.50630", "2017-12-31": "55.71400", "2016-12-31": "58.61580", "2015-12-31": "40.48330", "2014-12-31": "37.45920", "2013-12-31": "41.91530", "2012-12-31": "52.66880", "2011-12-31": "53.26920", "2010-12-31": "69.90140", "2009-12-31": "61.64150", "2008-12-31": "38.39660", "2007-12-31": "81.45310", "2006-12-31": "78.82690", "2005-12-31": "76.60240"}, "ROE - Return On Equity": {"2019-12-31": "12.63780", "2018-12-31": "17.65650", "2017-12-31": "15.86030", "2016-12-31": "-7.84380", "2015-12-31": "-34.95710", "2014-12-31": "16.46000", "2013-12-31": "14.24990", "2012-12-31": "4.29270", "2011-12-31": "8.63170", "2010-12-31": "1.57020", "2009-12-31": "5.46730", "2008-12-31": "27.03330", "2007-12-31": "15.60340", "2006-12-31": "23.43490", "2005-12-31": "29.86740"}, "Return On Tangible Equity": {"2019-12-31": "12.63780", "2018-12-31": "17.65650", "2017-12-31": "15.86030", "2016-12-31": "-7.84380", "2015-12-31": "-34.95710", "2014-12-31": "16.46000", "2013-12-31": "14.24990", "2012-12-31": "4.29270", "2011-12-31": "8.63170", "2010-12-31": "1.57020", "2009-12-31": "5.46730", "2008-12-31": "27.03330", "2007-12-31": "15.59230", "2006-12-31": "23.21360", "2005-12-31": "29.18190"}, "ROA - Return On Assets": {"2019-12-31": "7.36680", "2018-12-31": "10.07540", "2017-12-31": "8.65680", "2016-12-31": "-3.74310", "2015-12-31": "-16.77580", "2014-12-31": "8.38680", "2013-12-31": "7.18610", "2012-12-31": "2.08610", "2011-12-31": "4.39280", "2010-12-31": "0.74290", "2009-12-31": "3.01690", "2008-12-31": "15.27730", "2007-12-31": "9.01590", "2006-12-31": "13.82540", "2005-12-31": "16.24560"}, "ROI - Return On Investment": {"2019-12-31": "10.59980", "2018-12-31": "13.93570", "2017-12-31": "11.57380", "2016-12-31": "-5.23190", "2015-12-31": "-23.09380", "2014-12-31": "12.34540", "2013-12-31": "10.30290", "2012-12-31": "2.97170", "2011-12-31": "6.18200", "2010-12-31": "1.05450", "2009-12-31": "4.28460", "2008-12-31": "22.40950", "2007-12-31": "13.33220", "2006-12-31": "20.52520", "2005-12-31": "24.33830"}, "Book Value Per Share": {"2019-12-31": "37.18890", "2018-12-31": "33.38520", "2017-12-31": "28.14860", "2016-12-31": "24.24410", "2015-12-31": "23.53880", "2014-12-31": "32.30480", "2013-12-31": "28.23000", "2012-12-31": "24.45360", "2011-12-31": "23.49440", "2010-12-31": "20.13480", "2009-12-31": "19.79750", "2008-12-31": "18.05560", "2007-12-31": "14.17730", "2006-12-31": "11.22360", "2005-12-31": "8.91520"}, "Operating Cash Flow Per Share": {"2019-12-31": 0.6716, "2018-12-31": 6.0134, "2017-12-31": 3.1076, "2016-12-31": -2.3252, "2015-12-31": -9.1794, "2014-12-31": 2.3493, "2013-12-31": 3.7479, "2012-12-31": 1.073, "2011-12-31": 3.276, "2010-12-31": -0.4798, "2009-12-31": -3.4453, "2008-12-31": 3.3891, "2007-12-31": 0.5831, "2006-12-31": 0.4184, "2005-12-31": 4.8559}, "Free Cash Flow Per Share": {"2019-12-31": -0.0684, "2018-12-31": 2.6714, "2017-12-31": -0.9825, "2016-12-31": 3.8634, "2015-12-31": -4.0166, "2014-12-31": -0.1131, "2013-12-31": 3.3776, "2012-12-31": 0.2707, "2011-12-31": 2.5588, "2010-12-31": -3.591, "2009-12-31": -0.375, "2008-12-31": 1.0462, "2007-12-31": -0.9273, "2006-12-31": -1.8945, "2005-12-31": 1.419}}, "financial ratios, quarterly": {"Current Ratio": {"2020-09-30": "1.68710", "2020-06-30": "2.13400", "2020-03-31": "1.50780", "2019-12-31": "1.17530", "2019-09-30": "1.07730", "2019-06-30": "1.01850", "2019-03-31": "1.14100", "2018-12-31": "1.35650", "2018-09-30": "1.08860", "2018-06-30": "0.98480", "2018-03-31": "1.26380", "2017-12-31": "1.20310", "2017-09-30": "1.26790", "2017-06-30": "1.24290", "2017-03-31": "1.67030", "2016-12-31": "1.66980", "2016-09-30": "1.57980", "2016-06-30": "1.43090", "2016-03-31": "1.52830", "2015-12-31": "1.42490", "2015-09-30": "1.38010", "2015-06-30": "1.64110", "2015-03-31": "1.54890", "2014-12-31": "1.60030", "2014-09-30": "1.44570", "2014-06-30": "1.33560", "2014-03-31": "1.42020", "2013-12-31": "1.42290", "2013-09-30": "1.25230", "2013-06-30": "1.40410", "2013-03-31": "1.32730", "2012-12-31": "1.22770", "2012-09-30": "1.55140", "2012-06-30": "1.10000", "2012-03-31": "1.09730", "2011-12-31": "1.29010", "2011-09-30": "1.40090", "2011-06-30": "1.46910", "2011-03-31": "1.43890", "2010-12-31": "1.13840", "2010-09-30": "0.79160", "2010-06-30": "1.22980", "2010-03-31": "1.03540", "2009-12-31": "1.36710", "2009-09-30": "1.52490", "2009-06-30": "1.85800", "2009-03-31": "1.41020", "2008-12-31": "1.19460", "2008-09-30": "1.35100", "2008-06-30": "0.85400", "2008-03-31": "0.97990", "2007-12-31": "0.87650", "2007-09-30": "0.97660", "2007-06-30": "0.91820", "2007-03-31": "1.02690", "2006-12-31": "1.07580", "2006-09-30": "1.25740", "2006-06-30": "1.47680", "2006-03-31": "1.55950", "2005-12-31": "1.33380", "2005-09-30": "1.47950", "2005-06-30": "1.43280", "2005-03-31": "1.30080"}, "Long-term Debt / Capital": {"2020-09-30": "0.19720", "2020-06-30": "0.21860", "2020-03-31": "0.17970", "2019-12-31": "0.16130", "2019-09-30": "0.16460", "2019-06-30": "0.16800", "2019-03-31": "0.20610", "2018-12-31": "0.21070", "2018-09-30": "0.21810", "2018-06-30": "0.22860", "2018-03-31": "0.26500", "2017-12-31": "0.27030", "2017-09-30": "0.31430", "2017-06-30": "0.31460", "2017-03-31": "0.33380", "2016-12-31": "0.33300", "2016-09-30": "0.37170", "2016-06-30": "0.36660", "2016-03-31": "0.36000", "2015-12-31": "0.33940", "2015-09-30": "0.32490", "2015-06-30": "0.26840", "2015-03-31": "0.26790", "2014-12-31": "0.25000", "2014-09-30": "0.24990", "2014-06-30": "0.26110", "2014-03-31": "0.26910", "2013-12-31": "0.27700", "2013-09-30": "0.28440", "2013-06-30": "0.29110", "2013-03-31": "0.30040", "2012-12-31": "0.30770", "2012-09-30": "0.31370", "2012-06-30": "0.27290", "2012-03-31": "0.27830", "2011-12-31": "0.28380", "2011-09-30": "0.28610", "2011-06-30": "0.29300", "2011-03-31": "0.29800", "2010-12-31": "0.32840", "2010-09-30": "0.27140", "2010-06-30": "0.26930", "2010-03-31": "0.21350", "2009-12-31": "0.21630", "2009-09-30": "0.22480", "2009-06-30": "0.22960", "2009-03-31": "0.18760", "2008-12-31": "0.17100", "2008-09-30": "0.17250", "2008-06-30": "0.13380", "2008-03-31": "0.14150", "2007-12-31": "0.14500", "2007-09-30": "0.15170", "2007-06-30": "0.12320", "2007-03-31": "0.12300", "2006-12-31": "0.11580", "2006-09-30": "0.11420", "2006-06-30": "0.12990", "2006-03-31": "0.14570", "2005-12-31": "0.16600", "2005-09-30": "0.21310", "2005-06-30": "0.24730", "2005-03-31": "0.26200"}, "Debt/Equity Ratio": {"2020-09-30": "0.28390", "2020-06-30": "0.28080", "2020-03-31": "0.24320", "2019-12-31": "0.23920", "2019-09-30": "0.24510", "2019-06-30": "0.25100", "2019-03-31": "0.30550", "2018-12-31": "0.31420", "2018-09-30": "0.34710", "2018-06-30": "0.36870", "2018-03-31": "0.38210", "2017-12-31": "0.39220", "2017-09-30": "0.45880", "2017-06-30": "0.50260", "2017-03-31": "0.50160", "2016-12-31": "0.49970", "2016-09-30": "0.59210", "2016-06-30": "0.57940", "2016-03-31": "0.56310", "2015-12-31": "0.51420", "2015-09-30": "0.48400", "2015-06-30": "0.36730", "2015-03-31": "0.39500", "2014-12-31": "0.33370", "2014-09-30": "0.33350", "2014-06-30": "0.35370", "2014-03-31": "0.36860", "2013-12-31": "0.38350", "2013-09-30": "0.42480", "2013-06-30": "0.43890", "2013-03-31": "0.45890", "2012-12-31": "0.47510", "2012-09-30": "0.45710", "2012-06-30": "0.37530", "2012-03-31": "0.38570", "2011-12-31": "0.39630", "2011-09-30": "0.41840", "2011-06-30": "0.43270", "2011-03-31": "0.44320", "2010-12-31": "0.51050", "2010-09-30": "0.37250", "2010-06-30": "0.36860", "2010-03-31": "0.27520", "2009-12-31": "0.27980", "2009-09-30": "0.29390", "2009-06-30": "0.30210", "2009-03-31": "0.23090", "2008-12-31": "0.21040", "2008-09-30": "0.21270", "2008-06-30": "0.15450", "2008-03-31": "0.16480", "2007-12-31": "0.16950", "2007-09-30": "0.19370", "2007-06-30": "0.14050", "2007-03-31": "0.14030", "2006-12-31": "0.13100", "2006-09-30": "0.15150", "2006-06-30": "0.17340", "2006-03-31": "0.19660", "2005-12-31": "0.22820", "2005-09-30": "0.27070", "2005-06-30": "0.32860", "2005-03-31": "0.35510"}, "Gross Margin": {"2020-09-30": "100.00000", "2020-06-30": "100.00000", "2020-03-31": "100.00000", "2019-12-31": "100.00000", "2019-09-30": "100.00000", "2019-06-30": "100.00000", "2019-03-31": "100.00000", "2018-12-31": "100.00000", "2018-09-30": "100.00000", "2018-06-30": "100.00000", "2018-03-31": "100.00000", "2017-12-31": "100.00000", "2017-09-30": "100.00000", "2017-06-30": "100.00000", "2017-03-31": "100.00000", "2016-12-31": "100.00000", "2016-09-30": "100.00000", "2016-06-30": "100.00000", "2016-03-31": "100.00000", "2015-12-31": "100.00000", "2015-09-30": "100.00000", "2015-06-30": "100.00000", "2015-03-31": "100.00000", "2014-12-31": "100.00000", "2014-09-30": "100.00000", "2014-06-30": "100.00000", "2014-03-31": "100.00000", "2013-12-31": "100.00000", "2013-09-30": "100.00000", "2013-06-30": "100.00000", "2013-03-31": "100.00000", "2012-12-31": "100.00000", "2012-09-30": "100.00000", "2012-06-30": "100.00000", "2012-03-31": "100.00000", "2011-12-31": "100.00000", "2011-09-30": "100.00000", "2011-06-30": "100.00000", "2011-03-31": "100.00000", "2010-12-31": "100.00000", "2010-09-30": "100.00000", "2010-06-30": "100.00000", "2010-03-31": "100.00000", "2009-12-31": "100.00000", "2009-09-30": "100.00000", "2009-06-30": "100.00000", "2009-03-31": "100.00000", "2008-12-31": "100.00000", "2008-09-30": "100.00000", "2008-06-30": "100.00000", "2008-03-31": "100.00000", "2007-12-31": "100.00000", "2007-09-30": "100.00000", "2007-06-30": "100.00000", "2007-03-31": "100.00000", "2006-12-31": "100.00000", "2006-09-30": "100.00000", "2006-06-30": "100.00000", "2006-03-31": "100.00000", "2005-12-31": "100.00000", "2005-09-30": "100.00000", "2005-06-30": "100.00000", "2005-03-31": "100.00000"}, "Operating Margin": {"2020-09-30": "-0.12090", "2020-06-30": "-98.47510", "2020-03-31": "1.22060", "2019-12-31": "19.99310", "2019-09-30": "19.23940", "2019-06-30": "24.07110", "2019-03-31": "21.59660", "2018-12-31": "24.55200", "2018-09-30": "31.51000", "2018-06-30": "22.76810", "2018-03-31": "23.75850", "2017-12-31": "14.24700", "2017-09-30": "8.12280", "2017-06-30": "4.89600", "2017-03-31": "4.12730", "2016-12-31": "-4.39160", "2016-09-30": "-9.13290", "2016-06-30": "-16.22830", "2016-03-31": "-47.11790", "2015-12-31": "-18.35270", "2015-09-30": "-286.45170", "2015-06-30": "1.60450", "2015-03-31": "-7.46140", "2014-12-31": "26.40520", "2014-09-30": "34.89540", "2014-06-30": "27.33650", "2014-03-31": "26.55160", "2013-12-31": "26.14880", "2013-09-30": "21.73630", "2013-06-30": "28.43730", "2013-03-31": "24.81960", "2012-12-31": "-12.55260", "2012-09-30": "20.50010", "2012-06-30": "23.79730", "2012-03-31": "19.94450", "2011-12-31": "10.91140", "2011-09-30": "32.92150", "2011-06-30": "22.88700", "2011-03-31": "14.36140", "2010-12-31": "9.75940", "2010-09-30": "-0.73920", "2010-06-30": "10.34640", "2010-03-31": "16.04310", "2009-12-31": "37.14710", "2009-09-30": "3.50630", "2009-06-30": "0.00210", "2009-03-31": "24.29720", "2008-12-31": "45.97950", "2008-09-30": "73.29250", "2008-06-30": "22.19080", "2008-03-31": "33.57270", "2007-12-31": "39.57740", "2007-09-30": "32.94160", "2007-06-30": "43.56460", "2007-03-31": "38.82300", "2006-12-31": "37.43890", "2006-09-30": "47.71900", "2006-06-30": "49.48750", "2006-03-31": "57.94440", "2005-12-31": "62.59180", "2005-09-30": "55.87870", "2005-06-30": "50.34790", "2005-03-31": "46.51490"}, "EBIT Margin": {"2020-09-30": "-0.12090", "2020-06-30": "-98.47510", "2020-03-31": "1.22060", "2019-12-31": "19.99310", "2019-09-30": "19.23940", "2019-06-30": "24.07110", "2019-03-31": "21.59660", "2018-12-31": "24.55200", "2018-09-30": "31.51000", "2018-06-30": "22.76810", "2018-03-31": "23.75850", "2017-12-31": "14.24700", "2017-09-30": "8.12280", "2017-06-30": "4.89600", "2017-03-31": "4.12730", "2016-12-31": "-4.39160", "2016-09-30": "-9.13290", "2016-06-30": "-16.22830", "2016-03-31": "-47.11790", "2015-12-31": "-18.35270", "2015-09-30": "-286.45170", "2015-06-30": "1.60450", "2015-03-31": "-7.46140", "2014-12-31": "26.40520", "2014-09-30": "34.89540", "2014-06-30": "27.33650", "2014-03-31": "26.55160", "2013-12-31": "26.14880", "2013-09-30": "21.73630", "2013-06-30": "28.43730", "2013-03-31": "24.81960", "2012-12-31": "-12.55260", "2012-09-30": "20.50010", "2012-06-30": "23.79730", "2012-03-31": "19.94450", "2011-12-31": "10.91140", "2011-09-30": "32.92150", "2011-06-30": "22.88700", "2011-03-31": "14.36140", "2010-12-31": "9.75930", "2010-09-30": "-0.73920", "2010-06-30": "10.34640", "2010-03-31": "16.04310", "2009-12-31": "37.14710", "2009-09-30": "3.50630", "2009-06-30": "0.00210", "2009-03-31": "24.29720", "2008-12-31": "45.97950", "2008-09-30": "73.29250", "2008-06-30": "22.19080", "2008-03-31": "33.57270", "2007-12-31": "39.57740", "2007-09-30": "32.94160", "2007-06-30": "43.56460", "2007-03-31": "38.82300", "2006-12-31": "37.43890", "2006-09-30": "47.71900", "2006-06-30": "49.48750", "2006-03-31": "57.94440", "2005-12-31": "62.59180", "2005-09-30": "55.87870", "2005-06-30": "50.34790", "2005-03-31": "46.51490"}, "EBITDA Margin": {"2020-09-30": "", "2020-06-30": "", "2020-03-31": "", "2019-12-31": "", "2019-09-30": "", "2019-06-30": "", "2019-03-31": "", "2018-12-31": "", "2018-09-30": "", "2018-06-30": "", "2018-03-31": "", "2017-12-31": "", "2017-09-30": "", "2017-06-30": "", "2017-03-31": "", "2016-12-31": "", "2016-09-30": "", "2016-06-30": "", "2016-03-31": "", "2015-12-31": "", "2015-09-30": "", "2015-06-30": "", "2015-03-31": "", "2014-12-31": "", "2014-09-30": "", "2014-06-30": "", "2014-03-31": "", "2013-12-31": "", "2013-09-30": "", "2013-06-30": "", "2013-03-31": "", "2012-12-31": "", "2012-09-30": "", "2012-06-30": "", "2012-03-31": "", "2011-12-31": "", "2011-09-30": "", "2011-06-30": "", "2011-03-31": "", "2010-12-31": "", "2010-09-30": "", "2010-06-30": "", "2010-03-31": "", "2009-12-31": "", "2009-09-30": "", "2009-06-30": "", "2009-03-31": "", "2008-12-31": "", "2008-09-30": "", "2008-06-30": "", "2008-03-31": "", "2007-12-31": "", "2007-09-30": "", "2007-06-30": "", "2007-03-31": "", "2006-12-31": "", "2006-09-30": "", "2006-06-30": "", "2006-03-31": "", "2005-12-31": "", "2005-09-30": "", "2005-06-30": "", "2005-03-31": ""}, "Pre-Tax Profit Margin": {"2020-09-30": "-2.34050", "2020-06-30": "-103.79630", "2020-03-31": "0.65720", "2019-12-31": "19.23980", "2019-09-30": "18.53060", "2019-06-30": "23.18970", "2019-03-31": "20.38210", "2018-12-31": "23.79130", "2018-09-30": "30.24840", "2018-06-30": "21.06940", "2018-03-31": "22.09520", "2017-12-31": "12.37420", "2017-09-30": "5.51940", "2017-06-30": "2.39110", "2017-03-31": "1.50860", "2016-12-31": "-8.07690", "2016-09-30": "-12.85110", "2016-06-30": "-21.41510", "2016-03-31": "-52.49520", "2015-12-31": "-22.19700", "2015-09-30": "-288.84370", "2015-06-30": "-0.46480", "2015-03-31": "-10.19310", "2014-12-31": "24.72490", "2014-09-30": "33.50750", "2014-06-30": "26.28770", "2014-03-31": "25.24170", "2013-12-31": "24.51520", "2013-09-30": "20.37490", "2013-06-30": "26.95780", "2013-03-31": "22.67290", "2012-12-31": "-14.80250", "2012-09-30": "18.95830", "2012-06-30": "22.21270", "2012-03-31": "18.53220", "2011-12-31": "8.71370", "2011-09-30": "31.16080", "2011-06-30": "21.13510", "2011-03-31": "11.89820", "2010-12-31": "7.80100", "2010-09-30": "-2.45330", "2010-06-30": "8.10470", "2010-03-31": "14.38380", "2009-12-31": "35.56410", "2009-09-30": "0.45260", "2009-06-30": "-2.73580", "2009-03-31": "22.86070", "2008-12-31": "44.99480", "2008-09-30": "73.34670", "2008-06-30": "22.58150", "2008-03-31": "32.63720", "2007-12-31": "38.91230", "2007-09-30": "32.30680", "2007-06-30": "43.60080", "2007-03-31": "38.48790", "2006-12-31": "36.86330", "2006-09-30": "48.10400", "2006-06-30": "50.51680", "2006-03-31": "58.07380", "2005-12-31": "61.00430", "2005-09-30": "55.48080", "2005-06-30": "49.35120", "2005-03-31": "45.28090"}, "Net Profit Margin": {"2020-09-30": "-1.89120", "2020-06-30": "-82.41850", "2020-03-31": "0.20800", "2019-12-31": "14.73340", "2019-09-30": "14.29370", "2019-06-30": "18.04830", "2019-03-31": "15.65610", "2018-12-31": "19.51600", "2018-09-30": "24.90690", "2018-06-30": "16.43980", "2018-03-31": "17.34750", "2017-12-31": "72.75890", "2017-09-30": "3.80140", "2017-06-30": "0.88240", "2017-03-31": "1.09240", "2016-12-31": "-5.92630", "2016-09-30": "-8.96860", "2016-06-30": "-16.47530", "2016-03-31": "-34.83420", "2015-12-31": "-15.82270", "2015-09-30": "-187.61220", "2015-06-30": "0.21330", "2015-03-31": "-7.32130", "2014-12-31": "9.57030", "2014-09-30": "21.56090", "2014-06-30": "16.86790", "2014-03-31": "16.18470", "2013-12-31": "15.47590", "2013-09-30": "13.05980", "2013-06-30": "17.17870", "2013-03-31": "14.73930", "2012-12-31": "-16.76730", "2012-09-30": "12.03070", "2012-06-30": "13.60380", "2012-03-31": "11.54430", "2011-12-31": "4.35260", "2011-09-30": "18.74310", "2011-06-30": "11.49980", "2011-03-31": "7.06200", "2010-12-31": "2.99990", "2010-09-30": "-4.48180", "2010-06-30": "4.40890", "2010-03-31": "8.60990", "2009-12-31": "22.74040", "2009-09-30": "0.41670", "2009-06-30": "-1.94020", "2009-03-31": "13.70310", "2008-12-31": "28.24660", "2008-09-30": "47.68200", "2008-06-30": "16.26690", "2008-03-31": "21.20890", "2007-12-31": "27.25980", "2007-09-30": "20.52050", "2007-06-30": "28.64450", "2007-03-31": "24.88320", "2006-12-31": "24.80460", "2006-09-30": "30.68750", "2006-06-30": "35.85720", "2006-03-31": "39.17330", "2005-12-31": "37.65150", "2005-09-30": "36.58900", "2005-06-30": "31.58440", "2005-03-31": "29.18600"}, "Asset Turnover": {"2020-09-30": "0.06400", "2020-06-30": "0.03130", "2020-03-31": "0.12540", "2019-12-31": "0.11640", "2019-09-30": "0.11780", "2019-06-30": "0.13140", "2019-03-31": "0.11380", "2018-12-31": "0.13480", "2018-09-30": "0.14220", "2018-06-30": "0.13210", "2018-03-31": "0.11970", "2017-12-31": "0.11200", "2017-09-30": "0.09180", "2017-06-30": "0.08930", "2017-03-31": "0.08940", "2016-12-31": "0.08200", "2016-09-30": "0.08290", "2016-06-30": "0.06870", "2016-03-31": "0.05140", "2015-12-31": "0.06660", "2015-09-30": "0.07960", "2015-06-30": "0.07290", "2015-03-31": "0.06680", "2014-12-31": "0.13360", "2014-09-30": "0.14840", "2014-06-30": "0.12570", "2014-03-31": "0.12710", "2013-12-31": "0.12260", "2013-09-30": "0.11750", "2013-06-30": "0.13210", "2013-03-31": "0.11890", "2012-12-31": "0.11020", "2012-09-30": "0.10540", "2012-06-30": "0.11190", "2012-03-31": "0.10980", "2011-12-31": "0.11160", "2011-09-30": "0.11640", "2011-06-30": "0.10730", "2011-03-31": "0.08060", "2010-12-31": "0.08270", "2010-09-30": "0.07930", "2010-06-30": "0.06980", "2010-03-31": "0.07410", "2009-12-31": "0.09720", "2009-09-30": "0.05850", "2009-06-30": "0.05130", "2009-03-31": "0.07250", "2008-12-31": "0.10240", "2008-09-30": "0.20610", "2008-06-30": "0.07700", "2008-03-31": "0.08760", "2007-12-31": "0.10860", "2007-09-30": "0.08600", "2007-06-30": "0.10150", "2007-03-31": "0.08870", "2006-12-31": "0.10170", "2006-09-30": "0.10570", "2006-06-30": "0.10630", "2006-03-31": "0.13160", "2005-12-31": "0.15820", "2005-09-30": "0.13300", "2005-06-30": "0.12200", "2005-03-31": "0.11250"}, "Inventory Turnover Ratio": {"2020-09-30": "", "2020-06-30": "", "2020-03-31": "", "2019-12-31": "", "2019-09-30": "", "2019-06-30": "", "2019-03-31": "", "2018-12-31": "", "2018-09-30": "", "2018-06-30": "", "2018-03-31": "", "2017-12-31": "", "2017-09-30": "", "2017-06-30": "", "2017-03-31": "", "2016-12-31": "", "2016-09-30": "", "2016-06-30": "", "2016-03-31": "", "2015-12-31": "", "2015-09-30": "", "2015-06-30": "", "2015-03-31": "", "2014-12-31": "", "2014-09-30": "", "2014-06-30": "", "2014-03-31": "", "2013-12-31": "", "2013-09-30": "", "2013-06-30": "", "2013-03-31": "", "2012-12-31": "", "2012-09-30": "", "2012-06-30": "", "2012-03-31": "", "2011-12-31": "", "2011-09-30": "", "2011-06-30": "", "2011-03-31": "", "2010-12-31": "", "2010-09-30": "", "2010-06-30": "", "2010-03-31": "", "2009-12-31": "", "2009-09-30": "", "2009-06-30": "", "2009-03-31": "", "2008-12-31": "", "2008-09-30": "", "2008-06-30": "", "2008-03-31": "", "2007-12-31": "", "2007-09-30": "", "2007-06-30": "", "2007-03-31": "", "2006-12-31": "", "2006-09-30": "", "2006-06-30": "", "2006-03-31": "", "2005-12-31": "", "2005-09-30": "", "2005-06-30": "", "2005-03-31": ""}, "Receiveable Turnover": {"2020-09-30": "1.97400", "2020-06-30": "0.96760", "2020-03-31": "2.68210", "2019-12-31": "2.00630", "2019-09-30": "2.08530", "2019-06-30": "2.21240", "2019-03-31": "1.53520", "2018-12-31": "1.95230", "2018-09-30": "1.93420", "2018-06-30": "1.86530", "2018-03-31": "1.87350", "2017-12-31": "1.95250", "2017-09-30": "1.93000", "2017-06-30": "2.16680", "2017-03-31": "2.05940", "2016-12-31": "1.95510", "2016-09-30": "2.30180", "2016-06-30": "1.88810", "2016-03-31": "1.65230", "2015-12-31": "1.84980", "2015-09-30": "1.84610", "2015-06-30": "1.82500", "2015-03-31": "1.74630", "2014-12-31": "2.50980", "2014-09-30": "2.52510", "2014-06-30": "2.17340", "2014-03-31": "2.26640", "2013-12-31": "2.25350", "2013-09-30": "1.87200", "2013-06-30": "2.09570", "2013-03-31": "1.75220", "2012-12-31": "1.78660", "2012-09-30": "1.80850", "2012-06-30": "2.07280", "2012-03-31": "1.78990", "2011-12-31": "1.87640", "2011-09-30": "2.25860", "2011-06-30": "1.96590", "2011-03-31": "1.50670", "2010-12-31": "1.53160", "2010-09-30": "1.60280", "2010-06-30": "1.61500", "2010-03-31": "1.50420", "2009-12-31": "2.17810", "2009-09-30": "1.59460", "2009-06-30": "1.46100", "2009-03-31": "2.05600", "2008-12-31": "2.17900", "2008-09-30": "3.08740", "2008-06-30": "0.74630", "2008-03-31": "0.99210", "2007-12-31": "1.38830", "2007-09-30": "1.27850", "2007-06-30": "1.36710", "2007-03-31": "1.12210", "2006-12-31": "1.12710", "2006-09-30": "1.47550", "2006-06-30": "1.53810", "2006-03-31": "1.72790", "2005-12-31": "1.60860", "2005-09-30": "1.48010", "2005-06-30": "1.73970", "2005-03-31": "1.55990"}, "Days Sales In Receivables": {"2020-09-30": "45.59260", "2020-06-30": "93.01300", "2020-03-31": "33.55600", "2019-12-31": "44.85840", "2019-09-30": "43.15850", "2019-06-30": "40.67980", "2019-03-31": "58.62280", "2018-12-31": "46.09890", "2018-09-30": "46.53160", "2018-06-30": "48.25060", "2018-03-31": "48.03920", "2017-12-31": "46.09470", "2017-09-30": "46.63320", "2017-06-30": "41.53690", "2017-03-31": "43.70140", "2016-12-31": "46.03430", "2016-09-30": "39.09980", "2016-06-30": "47.66600", "2016-03-31": "54.46920", "2015-12-31": "48.65330", "2015-09-30": "48.75190", "2015-06-30": "49.31640", "2015-03-31": "51.53820", "2014-12-31": "35.85920", "2014-09-30": "35.64170", "2014-06-30": "41.41070", "2014-03-31": "39.71110", "2013-12-31": "39.93800", "2013-09-30": "48.07800", "2013-06-30": "42.94490", "2013-03-31": "51.36500", "2012-12-31": "50.37510", "2012-09-30": "49.76560", "2012-06-30": "43.41860", "2012-03-31": "50.28330", "2011-12-31": "47.96410", "2011-09-30": "39.84750", "2011-06-30": "45.78120", "2011-03-31": "59.73230", "2010-12-31": "58.76360", "2010-09-30": "56.15280", "2010-06-30": "55.72640", "2010-03-31": "59.83430", "2009-12-31": "41.31970", "2009-09-30": "56.43890", "2009-06-30": "61.60070", "2009-03-31": "43.77330", "2008-12-31": "41.30270", "2008-09-30": "29.15100", "2008-06-30": "120.60130", "2008-03-31": "90.71420", "2007-12-31": "64.82610", "2007-09-30": "70.39380", "2007-06-30": "65.83330", "2007-03-31": "80.20660", "2006-12-31": "79.85020", "2006-09-30": "60.99460", "2006-06-30": "58.51540", "2006-03-31": "52.08680", "2005-12-31": "55.94890", "2005-09-30": "60.80490", "2005-06-30": "51.73270", "2005-03-31": "57.69640"}, "ROE - Return On Equity": {"2020-09-30": "-0.21080", "2020-06-30": "-4.46050", "2020-03-31": "0.04570", "2019-12-31": "2.94130", "2019-09-30": "2.91190", "2019-06-30": "4.10970", "2019-03-31": "3.19250", "2018-12-31": "4.61040", "2018-09-30": "6.42420", "2018-06-30": "3.99220", "2018-03-31": "3.79200", "2017-12-31": "14.92620", "2017-09-30": "0.72220", "2017-06-30": "0.16580", "2017-03-31": "0.20470", "2016-12-31": "-1.01810", "2016-09-30": "-1.61040", "2016-06-30": "-2.42650", "2016-03-31": "-3.80300", "2015-12-31": "-2.19650", "2015-09-30": "-30.68110", "2015-06-30": "0.03020", "2015-03-31": "-0.97160", "2014-12-31": "2.51000", "2014-09-30": "6.22810", "2014-06-30": "4.22750", "2014-03-31": "4.12220", "2013-12-31": "3.76300", "2013-09-30": "3.11200", "2013-06-30": "4.58610", "2013-03-31": "3.59640", "2012-12-31": "-3.80130", "2012-09-30": "2.57720", "2012-06-30": "2.96350", "2012-03-31": "2.49390", "2011-12-31": "0.95480", "2011-09-30": "4.32920", "2011-06-30": "2.44740", "2011-03-31": "1.13650", "2010-12-31": "0.52460", "2010-09-30": "-0.70080", "2010-06-30": "0.59100", "2010-03-31": "1.16100", "2009-12-31": "4.00510", "2009-09-30": "0.04410", "2009-06-30": "-0.18040", "2009-03-31": "1.74110", "2008-12-31": "5.11920", "2008-09-30": "17.44720", "2008-06-30": "2.39970", "2008-03-31": "3.35100", "2007-12-31": "5.17090", "2007-09-30": "3.09840", "2007-06-30": "4.92100", "2007-03-31": "3.75760", "2006-12-31": "4.37420", "2006-09-30": "5.56530", "2006-06-30": "6.56370", "2006-03-31": "9.18790", "2005-12-31": "10.99430", "2005-09-30": "9.16100", "2005-06-30": "7.55820", "2005-03-31": "6.63570"}, "Return On Tangible Equity": {"2020-09-30": "-0.21080", "2020-06-30": "-4.46050", "2020-03-31": "0.04570", "2019-12-31": "2.94130", "2019-09-30": "2.91190", "2019-06-30": "4.10970", "2019-03-31": "3.19250", "2018-12-31": "4.61040", "2018-09-30": "6.42420", "2018-06-30": "3.99220", "2018-03-31": "3.79200", "2017-12-31": "14.92620", "2017-09-30": "0.72220", "2017-06-30": "0.16580", "2017-03-31": "0.20470", "2016-12-31": "-1.01810", "2016-09-30": "-1.61040", "2016-06-30": "-2.42650", "2016-03-31": "-3.80300", "2015-12-31": "-2.19650", "2015-09-30": "-30.68110", "2015-06-30": "0.03020", "2015-03-31": "-0.97160", "2014-12-31": "2.51000", "2014-09-30": "6.22810", "2014-06-30": "4.22750", "2014-03-31": "4.12220", "2013-12-31": "3.76300", "2013-09-30": "3.11200", "2013-06-30": "4.58610", "2013-03-31": "3.59630", "2012-12-31": "-3.80130", "2012-09-30": "2.57720", "2012-06-30": "2.96350", "2012-03-31": "2.49390", "2011-12-31": "0.95480", "2011-09-30": "4.32920", "2011-06-30": "2.44740", "2011-03-31": "1.13650", "2010-12-31": "0.52460", "2010-09-30": "-0.70080", "2010-06-30": "0.59100", "2010-03-31": "1.16100", "2009-12-31": "4.00510", "2009-09-30": "0.04410", "2009-06-30": "-0.18040", "2009-03-31": "1.74110", "2008-12-31": "5.11920", "2008-09-30": "17.44720", "2008-06-30": "2.39970", "2008-03-31": "3.35100", "2007-12-31": "5.16720", "2007-09-30": "3.07830", "2007-06-30": "4.87960", "2007-03-31": "3.72360", "2006-12-31": "4.33280", "2006-09-30": "5.46440", "2006-06-30": "6.43730", "2006-03-31": "8.99590", "2005-12-31": "10.74200", "2005-09-30": "8.92550", "2005-06-30": "7.33820", "2005-03-31": "6.42760"}, "ROA - Return On Assets": {"2020-09-30": "-0.12110", "2020-06-30": "-2.58190", "2020-03-31": "0.02610", "2019-12-31": "1.71460", "2019-09-30": "1.68330", "2019-06-30": "2.37150", "2019-03-31": "1.78170", "2018-12-31": "2.63090", "2018-09-30": "3.54050", "2018-06-30": "2.17100", "2018-03-31": "2.07740", "2017-12-31": "8.14690", "2017-09-30": "0.34900", "2017-06-30": "0.07880", "2017-03-31": "0.09760", "2016-12-31": "-0.48590", "2016-09-30": "-0.74350", "2016-06-30": "-1.13260", "2016-03-31": "-1.79120", "2015-12-31": "-1.05410", "2015-09-30": "-14.94190", "2015-06-30": "0.01550", "2015-03-31": "-0.48930", "2014-12-31": "1.27890", "2014-09-30": "3.19880", "2014-06-30": "2.12100", "2014-03-31": "2.05630", "2013-12-31": "1.89770", "2013-09-30": "1.53410", "2013-06-30": "2.26880", "2013-03-31": "1.75230", "2012-12-31": "-1.84730", "2012-09-30": "1.26810", "2012-06-30": "1.52230", "2012-03-31": "1.26790", "2011-12-31": "0.48590", "2011-09-30": "2.18140", "2011-06-30": "1.23360", "2011-03-31": "0.56900", "2010-12-31": "0.24820", "2010-09-30": "-0.35550", "2010-06-30": "0.30760", "2010-03-31": "0.63760", "2009-12-31": "2.21000", "2009-09-30": "0.02440", "2009-06-30": "-0.09950", "2009-03-31": "0.99290", "2008-12-31": "2.89300", "2008-09-30": "9.82950", "2008-06-30": "1.25280", "2008-03-31": "1.86060", "2007-12-31": "2.98780", "2007-09-30": "1.77890", "2007-06-30": "2.91760", "2007-03-31": "2.21500", "2006-12-31": "2.58050", "2006-09-30": "3.26390", "2006-06-30": "3.83490", "2006-03-31": "5.17640", "2005-12-31": "5.98010", "2005-09-30": "4.89230", "2005-06-30": "3.88100", "2005-03-31": "3.31380"}, "ROI - Return On Investment": {"2020-09-30": "-0.16920", "2020-06-30": "-3.48550", "2020-03-31": "0.03750", "2019-12-31": "2.46700", "2019-09-30": "2.43250", "2019-06-30": "3.41930", "2019-03-31": "2.53460", "2018-12-31": "3.63880", "2018-09-30": "5.02290", "2018-06-30": "3.07950", "2018-03-31": "2.78710", "2017-12-31": "10.89210", "2017-09-30": "0.49520", "2017-06-30": "0.11370", "2017-03-31": "0.13640", "2016-12-31": "-0.67910", "2016-09-30": "-1.01180", "2016-06-30": "-1.53690", "2016-03-31": "-2.43380", "2015-12-31": "-1.45110", "2015-09-30": "-20.71200", "2015-06-30": "0.02210", "2015-03-31": "-0.71130", "2014-12-31": "1.88260", "2014-09-30": "4.67180", "2014-06-30": "3.12390", "2014-03-31": "3.01290", "2013-12-31": "2.72070", "2013-09-30": "2.22700", "2013-06-30": "3.25120", "2013-03-31": "2.51610", "2012-12-31": "-2.63150", "2012-09-30": "1.76870", "2012-06-30": "2.15480", "2012-03-31": "1.79980", "2011-12-31": "0.68380", "2011-09-30": "3.09050", "2011-06-30": "1.73020", "2011-03-31": "0.79780", "2010-12-31": "0.35230", "2010-09-30": "-0.51060", "2010-06-30": "0.43180", "2010-03-31": "0.91310", "2009-12-31": "3.13860", "2009-09-30": "0.03420", "2009-06-30": "-0.13900", "2009-03-31": "1.41440", "2008-12-31": "4.24360", "2008-09-30": "14.43680", "2008-06-30": "2.07860", "2008-03-31": "2.87690", "2007-12-31": "4.41820", "2007-09-30": "2.61140", "2007-06-30": "4.27860", "2007-03-31": "3.26550", "2006-12-31": "3.83110", "2006-09-30": "4.84060", "2006-06-30": "5.60130", "2006-03-31": "7.68560", "2005-12-31": "8.95900", "2005-09-30": "7.02380", "2005-06-30": "5.52320", "2005-03-31": "4.74330"}, "Book Value Per Share": {"2020-09-30": "34.53920", "2020-06-30": "35.01540", "2020-03-31": "36.88890", "2019-12-31": "37.18890", "2019-09-30": "36.30990", "2019-06-30": "35.53110", "2019-03-31": "34.29830", "2018-12-31": "33.38520", "2018-09-30": "31.97220", "2018-06-30": "30.13260", "2018-03-31": "29.09510", "2017-12-31": "28.14860", "2017-09-30": "24.08110", "2017-06-30": "24.07660", "2017-03-31": "24.12830", "2016-12-31": "24.24410", "2016-09-30": "21.40370", "2016-06-30": "21.89620", "2016-03-31": "22.54760", "2015-12-31": "23.53880", "2015-09-30": "24.16770", "2015-06-30": "31.73520", "2015-03-31": "31.83260", "2014-12-31": "32.30480", "2014-09-30": "32.34150", "2014-06-30": "30.52110", "2014-03-31": "29.33850", "2013-12-31": "28.23000", "2013-09-30": "27.22710", "2013-06-30": "26.40980", "2013-03-31": "25.28190", "2012-12-31": "24.45360", "2012-09-30": "25.46330", "2012-06-30": "24.74940", "2012-03-31": "24.09640", "2011-12-31": "23.49440", "2011-09-30": "23.23630", "2011-06-30": "22.48540", "2011-03-31": "21.95880", "2010-12-31": "20.13480", "2010-09-30": "19.93010", "2010-06-30": "19.99060", "2010-03-31": "20.08860", "2009-12-31": "19.79750", "2009-09-30": "18.86250", "2009-06-30": "18.53830", "2009-03-31": "18.21090", "2008-12-31": "18.05560", "2008-09-30": "17.86970", "2008-06-30": "14.92450", "2008-03-31": "14.49210", "2007-12-31": "14.17730", "2007-09-30": "13.48010", "2007-06-30": "12.85230", "2007-03-31": "11.95530", "2006-12-31": "11.22360", "2006-09-30": "11.24300", "2006-06-30": "10.61100", "2006-03-31": "9.77630", "2005-12-31": "8.91520", "2005-09-30": "7.97260", "2005-06-30": "7.08480", "2005-03-31": "6.59500"}, "Operating Cash Flow Per Share": {"2020-09-30": 2.0931, "2020-06-30": 0.1642, "2020-03-31": "4.45460", "2019-12-31": 3.121, "2019-09-30": 3.5338, "2019-06-30": 4.6298, "2019-03-31": "2.77100", "2018-12-31": 3.6113, "2018-09-30": 3.7528, "2018-06-30": 3.3425, "2018-03-31": "2.67740", "2017-12-31": 2.2944, "2017-09-30": 1.6596, "2017-06-30": 1.8645, "2017-03-31": "1.55210", "2016-12-31": 1.4258, "2016-09-30": 1.3852, "2016-06-30": 0.9186, "2016-03-31": "0.53340", "2015-12-31": 1.1307, "2015-09-30": 2.0957, "2015-06-30": 1.5993, "2015-03-31": "1.76250", "2014-12-31": 3.8686, "2014-09-30": 4.2401, "2014-06-30": 3.5213, "2014-03-31": "4.13760", "2013-12-31": 3.6803, "2013-09-30": 3.6594, "2013-06-30": 3.4618, "2013-03-31": "2.61680", "2012-12-31": 2.2721, "2012-09-30": 2.6328, "2012-06-30": 2.7717, "2012-03-31": "1.99380", "2011-12-31": 2.3931, "2011-09-30": 2.3629, "2011-06-30": 1.9917, "2011-03-31": "1.84970", "2010-12-31": 1.1668, "2010-09-30": 1.598, "2010-06-30": 1.3349, "2010-03-31": "1.22170", "2009-12-31": 1.654, "2009-09-30": 1.5743, "2009-06-30": 1.3622, "2009-03-31": "1.21070", "2008-12-31": 2.0738, "2008-09-30": 3.0661, "2008-06-30": 2.2507, "2008-03-31": "1.85590", "2007-12-31": 1.5077, "2007-09-30": 1.4649, "2007-06-30": 1.469, "2007-03-31": "1.41580", "2006-12-31": 1.2531, "2006-09-30": 1.2223, "2006-06-30": 1.1993, "2006-03-31": "1.59960", "2005-12-31": 1.7848, "2005-09-30": 1.047, "2005-06-30": 1.029, "2005-03-31": "0.99510"}, "Free Cash Flow Per Share": {"2020-09-30": 1.507, "2020-06-30": -0.5883, "2020-03-31": "1.58870", "2019-12-31": 0.9383, "2019-09-30": 1.0103, "2019-06-30": 1.9409, "2019-03-31": "-0.65080", "2018-12-31": 1.724, "2018-09-30": 0.9337, "2018-06-30": 0.4531, "2018-03-31": "0.19630", "2017-12-31": 0.5289, "2017-09-30": -0.2012, "2017-06-30": 0.3109, "2017-03-31": "-0.00290", "2016-12-31": 1.3077, "2016-09-30": 0.5679, "2016-06-30": 0.2455, "2016-03-31": "-0.50290", "2015-12-31": -0.3278, "2015-09-30": -0.3722, "2015-06-30": -0.4738, "2015-03-31": "-1.07140", "2014-12-31": 1.062, "2014-09-30": 0.4373, "2014-06-30": -0.4302, "2014-03-31": "0.70230", "2013-12-31": 0.861, "2013-09-30": 0.1765, "2013-06-30": 0.4649, "2013-03-31": "0.38210", "2012-12-31": -0.4209, "2012-09-30": -0.3702, "2012-06-30": 0.2634, "2012-03-31": "-0.96540", "2011-12-31": -0.777, "2011-09-30": -0.1533, "2011-06-30": 0.0746, "2011-03-31": "-0.90810", "2010-12-31": -0.8331, "2010-09-30": -1.4057, "2010-06-30": -1.0974, "2010-03-31": "-0.98640", "2009-12-31": 0.0851, "2009-09-30": -0.1975, "2009-06-30": -0.057, "2009-03-31": "-0.56220", "2008-12-31": -0.5884, "2008-09-30": 0.0807, "2008-06-30": -0.1018, "2008-03-31": "0.25290", "2007-12-31": -0.4318, "2007-09-30": -0.3351, "2007-06-30": -0.2485, "2007-03-31": "-0.38740", "2006-12-31": -0.5608, "2006-09-30": -0.3235, "2006-06-30": 0.0012, "2006-03-31": "0.40760", "2005-12-31": 0.73, "2005-09-30": 0.1659, "2005-06-30": 0.2385, "2005-03-31": "0.28460"}}, "revenue": {"EOG Resources Annual Revenue (Millions of US $)": {"2019": "$17,380", "2018": "$17,275", "2017": "$11,208", "2016": "$7,651", "2015": "$8,757", "2014": "$18,035", "2013": "$14,487", "2012": "$11,683", "2011": "$10,126", "2010": "$6,100", "2009": "$4,787", "2008": "$7,127", "2007": "$4,239", "2006": "$3,929", "2005": "$3,633"}, "EOG Resources Quarterly Revenue (Millions of US $)": {"2020-09-30": "$2,245", "2020-06-30": "$1,103", "2020-03-31": "$4,718", "2019-12-31": "$4,320", "2019-09-30": "$4,303", "2019-06-30": "$4,698", "2019-03-31": "$4,059", "2018-12-31": "$4,575", "2018-09-30": "$4,782", "2018-06-30": "$4,238", "2018-03-31": "$3,681", "2017-12-31": "$3,340", "2017-09-30": "$2,645", "2017-06-30": "$2,612", "2017-03-31": "$2,611", "2016-12-31": "$2,402", "2016-09-30": "$2,119", "2016-06-30": "$1,776", "2016-03-31": "$1,354", "2015-12-31": "$1,797", "2015-09-30": "$2,172", "2015-06-30": "$2,470", "2015-03-31": "$2,319", "2014-12-31": "$4,645", "2014-09-30": "$5,119", "2014-06-30": "$4,188", "2014-03-31": "$4,084", "2013-12-31": "$3,749", "2013-09-30": "$3,541", "2013-06-30": "$3,840", "2013-03-31": "$3,357", "2012-12-31": "$3,012", "2012-09-30": "$2,955", "2012-06-30": "$2,909", "2012-03-31": "$2,807", "2011-12-31": "$2,773", "2011-09-30": "$2,886", "2011-06-30": "$2,570", "2011-03-31": "$1,897", "2010-12-31": "$1,789", "2010-09-30": "$1,582", "2010-06-30": "$1,358", "2010-03-31": "$1,371", "2009-12-31": "$1,761", "2009-09-30": "$1,007", "2009-06-30": "$861", "2009-03-31": "$1,158", "2008-12-31": "$1,634", "2008-09-30": "$3,264", "2008-06-30": "$1,096", "2008-03-31": "$1,134", "2007-12-31": "$1,313", "2007-09-30": "$986", "2007-06-30": "$1,068", "2007-03-31": "$871", "2006-12-31": "$956", "2006-09-30": "$969", "2006-06-30": "$919", "2006-03-31": "$1,085", "2005-12-31": "$1,227", "2005-09-30": "$934", "2005-06-30": "$784", "2005-03-31": "$688"}}, "gross-profit": {"EOG Resources Annual Gross Profit (Millions of US $)": {"2019": "$17,380", "2018": "$17,275", "2017": "$11,208", "2016": "$7,651", "2015": "$8,757", "2014": "$18,035", "2013": "$14,487", "2012": "$11,683", "2011": "$10,126", "2010": "$6,100", "2009": "$4,787", "2008": "$7,127", "2007": "$4,239", "2006": "$3,929", "2005": "$3,633"}, "EOG Resources Quarterly Gross Profit (Millions of US $)": {"2020-09-30": "$2,245", "2020-06-30": "$1,103", "2020-03-31": "$4,718", "2019-12-31": "$4,320", "2019-09-30": "$4,303", "2019-06-30": "$4,698", "2019-03-31": "$4,059", "2018-12-31": "$4,575", "2018-09-30": "$4,782", "2018-06-30": "$4,238", "2018-03-31": "$3,681", "2017-12-31": "$3,340", "2017-09-30": "$2,645", "2017-06-30": "$2,612", "2017-03-31": "$2,611", "2016-12-31": "$2,402", "2016-09-30": "$2,119", "2016-06-30": "$1,776", "2016-03-31": "$1,354", "2015-12-31": "$1,797", "2015-09-30": "$2,172", "2015-06-30": "$2,470", "2015-03-31": "$2,319", "2014-12-31": "$4,645", "2014-09-30": "$5,119", "2014-06-30": "$4,188", "2014-03-31": "$4,084", "2013-12-31": "$3,749", "2013-09-30": "$3,541", "2013-06-30": "$3,840", "2013-03-31": "$3,357", "2012-12-31": "$3,012", "2012-09-30": "$2,955", "2012-06-30": "$2,909", "2012-03-31": "$2,807", "2011-12-31": "$2,773", "2011-09-30": "$2,886", "2011-06-30": "$2,570", "2011-03-31": "$1,897", "2010-12-31": "$1,789", "2010-09-30": "$1,582", "2010-06-30": "$1,358", "2010-03-31": "$1,371", "2009-12-31": "$1,761", "2009-09-30": "$1,007", "2009-06-30": "$861", "2009-03-31": "$1,158", "2008-12-31": "$1,634", "2008-09-30": "$3,264", "2008-06-30": "$1,096", "2008-03-31": "$1,134", "2007-12-31": "$1,313", "2007-09-30": "$986", "2007-06-30": "$1,068", "2007-03-31": "$871", "2006-12-31": "$956", "2006-09-30": "$969", "2006-06-30": "$919", "2006-03-31": "$1,085", "2005-12-31": "$1,227", "2005-09-30": "$934", "2005-06-30": "$784", "2005-03-31": "$688"}}, "operating-income": {"EOG Resources Annual Operating Income (Millions of US $)": {"2019": "$3,699", "2018": "$4,469", "2017": "$926", "2016": "$-1,225", "2015": "$-6,686", "2014": "$5,242", "2013": "$3,675", "2012": "$1,480", "2011": "$2,113", "2010": "$523", "2009": "$971", "2008": "$3,767", "2007": "$1,648", "2006": "$1,904", "2005": "$2,005"}, "EOG Resources Quarterly Operating Income (Millions of US $)": {"2020-09-30": "$-3", "2020-06-30": "$-1,087", "2020-03-31": "$58", "2019-12-31": "$864", "2019-09-30": "$828", "2019-06-30": "$1,131", "2019-03-31": "$877", "2018-12-31": "$1,123", "2018-09-30": "$1,507", "2018-06-30": "$965", "2018-03-31": "$875", "2017-12-31": "$476", "2017-09-30": "$215", "2017-06-30": "$128", "2017-03-31": "$108", "2016-12-31": "$-105", "2016-09-30": "$-193", "2016-06-30": "$-288", "2016-03-31": "$-638", "2015-12-31": "$-330", "2015-09-30": "$-6,223", "2015-06-30": "$40", "2015-03-31": "$-173", "2014-12-31": "$1,227", "2014-09-30": "$1,786", "2014-06-30": "$1,145", "2014-03-31": "$1,084", "2013-12-31": "$980", "2013-09-30": "$770", "2013-06-30": "$1,092", "2013-03-31": "$833", "2012-12-31": "$-378", "2012-09-30": "$606", "2012-06-30": "$692", "2012-03-31": "$560", "2011-12-31": "$303", "2011-09-30": "$950", "2011-06-30": "$588", "2011-03-31": "$272", "2010-12-31": "$175", "2010-09-30": "$-12", "2010-06-30": "$141", "2010-03-31": "$220", "2009-12-31": "$654", "2009-09-30": "$35", "2009-06-30": "$0", "2009-03-31": "$281", "2008-12-31": "$751", "2008-09-30": "$2,392", "2008-06-30": "$243", "2008-03-31": "$381", "2007-12-31": "$520", "2007-09-30": "$325", "2007-06-30": "$465", "2007-03-31": "$338", "2006-12-31": "$358", "2006-09-30": "$462", "2006-06-30": "$455", "2006-03-31": "$628", "2005-12-31": "$768", "2005-09-30": "$522", "2005-06-30": "$395", "2005-03-31": "$320"}}, "ebitda": {"EOG Resources Annual EBITDA (Millions of US $)": {"2019": "$7,449", "2018": "$7,905", "2017": "$4,336", "2016": "$2,328", "2015": "$-3,372", "2014": "$9,239", "2013": "$7,276", "2012": "$4,650", "2011": "$4,630", "2010": "$2,465", "2009": "$2,520", "2008": "$5,094", "2007": "$2,714", "2006": "$2,721", "2005": "$2,659"}, "EOG Resources Quarterly EBITDA (Millions of US $)": {"2020-09-30": "$820", "2020-06-30": "$-380", "2020-03-31": "$1,058", "2019-12-31": "$1,823", "2019-09-30": "$1,782", "2019-06-30": "$2,088", "2019-03-31": "$1,756", "2018-12-31": "$2,043", "2018-09-30": "$2,425", "2018-06-30": "$1,814", "2018-03-31": "$1,623", "2017-12-31": "$1,358", "2017-09-30": "$1,061", "2017-06-30": "$993", "2017-03-31": "$924", "2016-12-31": "$757", "2016-09-30": "$706", "2016-06-30": "$574", "2016-03-31": "$291", "2015-12-31": "$440", "2015-09-30": "$-5,501", "2015-06-30": "$949", "2015-03-31": "$740", "2014-12-31": "$2,241", "2014-09-30": "$2,826", "2014-06-30": "$2,141", "2014-03-31": "$2,031", "2013-12-31": "$1,896", "2013-09-30": "$1,699", "2013-06-30": "$2,003", "2013-03-31": "$1,679", "2012-12-31": "$408", "2012-09-30": "$1,432", "2012-06-30": "$1,501", "2012-03-31": "$1,309", "2011-12-31": "$996", "2011-09-30": "$1,602", "2011-06-30": "$1,191", "2011-03-31": "$841", "2010-12-31": "$718", "2010-09-30": "$489", "2010-06-30": "$606", "2010-03-31": "$652", "2009-12-31": "$1,053", "2009-09-30": "$421", "2009-06-30": "$376", "2009-03-31": "$671", "2008-12-31": "$1,119", "2008-09-30": "$2,738", "2008-06-30": "$558", "2008-03-31": "$678", "2007-12-31": "$802", "2007-09-30": "$604", "2007-06-30": "$725", "2007-03-31": "$583", "2006-12-31": "$588", "2006-09-30": "$678", "2006-06-30": "$648", "2006-03-31": "$806", "2005-12-31": "$945", "2005-09-30": "$687", "2005-06-30": "$555", "2005-03-31": "$473"}}, "net-income": {"EOG Resources Annual Net Income (Millions of US $)": {"2019": "$2,735", "2018": "$3,419", "2017": "$2,583", "2016": "$-1,097", "2015": "$-4,525", "2014": "$2,915", "2013": "$2,197", "2012": "$570", "2011": "$1,091", "2010": "$161", "2009": "$547", "2008": "$2,436", "2007": "$1,083", "2006": "$1,289", "2005": "$1,252"}, "EOG Resources Quarterly Net Income (Millions of US $)": {"2020-09-30": "$-42", "2020-06-30": "$-909", "2020-03-31": "$10", "2019-12-31": "$637", "2019-09-30": "$615", "2019-06-30": "$848", "2019-03-31": "$635", "2018-12-31": "$893", "2018-09-30": "$1,191", "2018-06-30": "$697", "2018-03-31": "$639", "2017-12-31": "$2,430", "2017-09-30": "$101", "2017-06-30": "$23", "2017-03-31": "$29", "2016-12-31": "$-142", "2016-09-30": "$-190", "2016-06-30": "$-293", "2016-03-31": "$-472", "2015-12-31": "$-284", "2015-09-30": "$-4,076", "2015-06-30": "$5", "2015-03-31": "$-170", "2014-12-31": "$445", "2014-09-30": "$1,104", "2014-06-30": "$706", "2014-03-31": "$661", "2013-12-31": "$580", "2013-09-30": "$462", "2013-06-30": "$660", "2013-03-31": "$495", "2012-12-31": "$-505", "2012-09-30": "$355", "2012-06-30": "$396", "2012-03-31": "$324", "2011-12-31": "$121", "2011-09-30": "$541", "2011-06-30": "$296", "2011-03-31": "$134", "2010-12-31": "$54", "2010-09-30": "$-71", "2010-06-30": "$60", "2010-03-31": "$118", "2009-12-31": "$400", "2009-09-30": "$4", "2009-06-30": "$-17", "2009-03-31": "$159", "2008-12-31": "$461", "2008-09-30": "$1,556", "2008-06-30": "$178", "2008-03-31": "$241", "2007-12-31": "$358", "2007-09-30": "$202", "2007-06-30": "$306", "2007-03-31": "$217", "2006-12-31": "$237", "2006-09-30": "$297", "2006-06-30": "$330", "2006-03-31": "$425", "2005-12-31": "$462", "2005-09-30": "$342", "2005-06-30": "$248", "2005-03-31": "$201"}}, "eps-earnings-per-share-diluted": {"EOG Resources Annual EPS": {"2019": "$4.71", "2018": "$5.89", "2017": "$4.46", "2016": "$-1.98", "2015": "$-8.29", "2014": "$5.32", "2013": "$4.02", "2012": "$1.05", "2011": "$2.05", "2010": "$0.32", "2009": "$1.09", "2008": "$4.86", "2007": "$2.19", "2006": "$2.62", "2005": "$2.57"}, "EOG Resources Quarterly EPS": {"2020-09-30": "$-0.07", "2020-06-30": "$-1.57", "2020-03-31": "$0.02", "2019-12-31": "$1.09", "2019-09-30": "$1.06", "2019-06-30": "$1.46", "2019-03-31": "$1.10", "2018-12-31": "$1.54", "2018-09-30": "$2.05", "2018-06-30": "$1.20", "2018-03-31": "$1.10", "2017-12-31": "$4.20", "2017-09-30": "$0.17", "2017-06-30": "$0.04", "2017-03-31": "$0.05", "2016-12-31": "$-0.24", "2016-09-30": "$-0.35", "2016-06-30": "$-0.53", "2016-03-31": "$-0.86", "2015-12-31": "$-0.52", "2015-09-30": "$-7.47", "2015-06-30": "$0.01", "2015-03-31": "$-0.31", "2014-12-31": "$0.81", "2014-09-30": "$2.01", "2014-06-30": "$1.29", "2014-03-31": "$1.21", "2013-12-31": "$1.05", "2013-09-30": "$0.85", "2013-06-30": "$1.21", "2013-03-31": "$0.91", "2012-12-31": "$-0.94", "2012-09-30": "$0.66", "2012-06-30": "$0.74", "2012-03-31": "$0.60", "2011-12-31": "$0.24", "2011-09-30": "$1.01", "2011-06-30": "$0.55", "2011-03-31": "$0.26", "2010-12-31": "$0.11", "2010-09-30": "$-0.14", "2010-06-30": "$0.12", "2010-03-31": "$0.23", "2009-12-31": "$0.80", "2009-09-30": "$0.01", "2009-06-30": "$-0.04", "2009-03-31": "$0.32", "2008-12-31": "$0.93", "2008-09-30": "$3.10", "2008-06-30": "$0.36", "2008-03-31": "$0.48", "2007-12-31": "$0.72", "2007-09-30": "$0.41", "2007-06-30": "$0.62", "2007-03-31": "$0.44", "2006-12-31": "$0.48", "2006-09-30": "$0.61", "2006-06-30": "$0.67", "2006-03-31": "$0.87", "2005-12-31": "$0.94", "2005-09-30": "$0.70", "2005-06-30": "$0.51", "2005-03-31": "$0.42"}}, "shares-outstanding": {"EOG Resources Annual Shares Outstanding (Millions of Shares)": {"2019": "581", "2018": "580", "2017": "579", "2016": "553", "2015": "546", "2014": "549", "2013": "546", "2012": "542", "2011": "533", "2010": "509", "2009": "504", "2008": "501", "2007": "495", "2006": "492", "2005": "488"}, "EOG Resources Quarterly Shares Outstanding (Millions of Shares)": {"2020-09-30": "579", "2020-06-30": "579", "2020-03-31": "580", "2019-12-31": "581", "2019-09-30": "581", "2019-06-30": "580", "2019-03-31": "580", "2018-12-31": "580", "2018-09-30": "582", "2018-06-30": "580", "2018-03-31": "580", "2017-12-31": "579", "2017-09-30": "579", "2017-06-30": "578", "2017-03-31": "579", "2016-12-31": "553", "2016-09-30": "548", "2016-06-30": "547", "2016-03-31": "547", "2015-12-31": "546", "2015-09-30": "546", "2015-06-30": "550", "2015-03-31": "545", "2014-12-31": "549", "2014-09-30": "550", "2014-06-30": "549", "2014-03-31": "548", "2013-12-31": "546", "2013-09-30": "547", "2013-06-30": "545", "2013-03-31": "545", "2012-12-31": "542", "2012-09-30": "542", "2012-06-30": "540", "2012-03-31": "540", "2011-12-31": "533", "2011-09-30": "539", "2011-06-30": "539", "2011-03-31": "518", "2010-12-31": "509", "2010-09-30": "502", "2010-06-30": "509", "2010-03-31": "508", "2009-12-31": "504", "2009-09-30": "505", "2009-06-30": "496", "2009-03-31": "500", "2008-12-31": "501", "2008-09-30": "502", "2008-06-30": "502", "2008-03-31": "500", "2007-12-31": "495", "2007-09-30": "495", "2007-06-30": "495", "2007-03-31": "493", "2006-12-31": "492", "2006-09-30": "492", "2006-06-30": "492", "2006-03-31": "492", "2005-12-31": "488", "2005-09-30": "490", "2005-06-30": "487", "2005-03-31": "484"}}, "total-assets": {"EOG Resources Annual Total Assets (Millions of US $)": {"2019": "$37,125", "2018": "$33,934", "2017": "$29,833", "2016": "$29,299", "2015": "$26,970", "2014": "$34,763", "2013": "$30,574", "2012": "$27,337", "2011": "$24,839", "2010": "$21,624", "2009": "$18,119", "2008": "$15,951", "2007": "$12,089", "2006": "$9,402", "2005": "$7,753"}, "EOG Resources Quarterly Total Assets (Millions of US $)": {"2020-09-30": "$35,074", "2020-06-30": "$35,222", "2020-03-31": "$37,634", "2019-12-31": "$37,125", "2019-09-30": "$36,542", "2019-06-30": "$35,752", "2019-03-31": "$35,664", "2018-12-31": "$33,934", "2018-09-30": "$33,638", "2018-06-30": "$32,092", "2018-03-31": "$30,741", "2017-12-31": "$29,833", "2017-09-30": "$28,805", "2017-06-30": "$29,264", "2017-03-31": "$29,212", "2016-12-31": "$29,299", "2016-09-30": "$25,555", "2016-06-30": "$25,831", "2016-03-31": "$26,338", "2015-12-31": "$26,970", "2015-09-30": "$27,277", "2015-06-30": "$33,884", "2015-03-31": "$34,692", "2014-12-31": "$34,763", "2014-09-30": "$34,501", "2014-06-30": "$33,302", "2014-03-31": "$32,141", "2013-12-31": "$30,574", "2013-09-30": "$30,147", "2013-06-30": "$29,077", "2013-03-31": "$28,233", "2012-12-31": "$27,337", "2012-09-30": "$28,032", "2012-06-30": "$25,999", "2012-03-31": "$25,556", "2011-12-31": "$24,839", "2011-09-30": "$24,795", "2011-06-30": "$23,959", "2011-03-31": "$23,546", "2010-12-31": "$21,624", "2010-09-30": "$19,945", "2010-06-30": "$19,466", "2010-03-31": "$18,509", "2009-12-31": "$18,119", "2009-09-30": "$17,221", "2009-06-30": "$16,793", "2009-03-31": "$15,984", "2008-12-31": "$15,951", "2008-09-30": "$15,833", "2008-06-30": "$14,225", "2008-03-31": "$12,951", "2007-12-31": "$12,089", "2007-09-30": "$11,468", "2007-06-30": "$10,524", "2007-03-31": "$9,827", "2006-12-31": "$9,402", "2006-09-30": "$9,165", "2006-06-30": "$8,642", "2006-03-31": "$8,243", "2005-12-31": "$7,753", "2005-09-30": "$7,027", "2005-06-30": "$6,428", "2005-03-31": "$6,117"}}, "cash-on-hand": {"EOG Resources Annual Cash on Hand (Millions of US $)": {"2019": "$2,028", "2018": "$1,556", "2017": "$834", "2016": "$1,600", "2015": "$719", "2014": "$2,087", "2013": "$1,318", "2012": "$876", "2011": "$616", "2010": "$789", "2009": "$686", "2008": "$331", "2007": "$54", "2006": "$218", "2005": "$644"}, "EOG Resources Quarterly Cash on Hand (Millions of US $)": {"2020-09-30": "$3,066", "2020-06-30": "$2,417", "2020-03-31": "$2,907", "2019-12-31": "$2,028", "2019-09-30": "$1,583", "2019-06-30": "$1,160", "2019-03-31": "$1,136", "2018-12-31": "$1,556", "2018-09-30": "$1,274", "2018-06-30": "$1,008", "2018-03-31": "$816", "2017-12-31": "$834", "2017-09-30": "$846", "2017-06-30": "$1,649", "2017-03-31": "$1,547", "2016-12-31": "$1,600", "2016-09-30": "$1,049", "2016-06-30": "$780", "2016-03-31": "$668", "2015-12-31": "$719", "2015-09-30": "$743", "2015-06-30": "$1,367", "2015-03-31": "$2,127", "2014-12-31": "$2,087", "2014-09-30": "$1,481", "2014-06-30": "$1,230", "2014-03-31": "$1,667", "2013-12-31": "$1,318", "2013-09-30": "$1,319", "2013-06-30": "$1,228", "2013-03-31": "$1,108", "2012-12-31": "$876", "2012-09-30": "$1,113", "2012-06-30": "$280", "2012-03-31": "$294", "2011-12-31": "$616", "2011-09-30": "$1,387", "2011-06-30": "$1,577", "2011-03-31": "$1,668", "2010-12-31": "$789", "2010-09-30": "$28", "2010-06-30": "$650", "2010-03-31": "$230", "2009-12-31": "$686", "2009-09-30": "$609", "2009-06-30": "$707", "2009-03-31": "$85", "2008-12-31": "$331", "2008-09-30": "$886", "2008-06-30": "$108", "2008-03-31": "$205", "2007-12-31": "$54", "2007-09-30": "$302", "2007-06-30": "$59", "2007-03-31": "$142", "2006-12-31": "$218", "2006-09-30": "$596", "2006-06-30": "$759", "2006-03-31": "$821", "2005-12-31": "$644", "2005-09-30": "$341", "2005-06-30": "$283", "2005-03-31": "$173"}}, "long-term-debt": {"EOG Resources Annual Long Term Debt (Millions of US $)": {"2019": "$4,161", "2018": "$5,170", "2017": "$6,031", "2016": "$6,980", "2015": "$6,649", "2014": "$5,903", "2013": "$5,907", "2012": "$5,906", "2011": "$5,009", "2010": "$5,003", "2009": "$2,760", "2008": "$1,860", "2007": "$1,185", "2006": "$733", "2005": "$859"}, "EOG Resources Quarterly Long Term Debt (Millions of US $)": {"2020-09-30": "$4,950", "2020-06-30": "$5,703", "2020-03-31": "$4,703", "2019-12-31": "$4,161", "2019-09-30": "$4,163", "2019-06-30": "$4,165", "2019-03-31": "$5,166", "2018-12-31": "$5,170", "2018-09-30": "$5,172", "2018-06-30": "$5,172", "2018-03-31": "$6,072", "2017-12-31": "$6,031", "2017-09-30": "$6,380", "2017-06-30": "$6,380", "2017-03-31": "$6,980", "2016-12-31": "$6,980", "2016-09-30": "$6,980", "2016-06-30": "$6,979", "2016-03-31": "$6,979", "2015-12-31": "$6,649", "2015-09-30": "$6,394", "2015-06-30": "$6,394", "2015-03-31": "$6,394", "2014-12-31": "$5,903", "2014-09-30": "$5,903", "2014-06-30": "$5,903", "2014-03-31": "$5,903", "2013-12-31": "$5,907", "2013-09-30": "$5,906", "2013-06-30": "$5,906", "2013-03-31": "$5,906", "2012-12-31": "$5,906", "2012-09-30": "$6,305", "2012-06-30": "$5,012", "2012-03-31": "$5,011", "2011-12-31": "$5,009", "2011-09-30": "$5,008", "2011-06-30": "$5,006", "2011-03-31": "$5,005", "2010-12-31": "$5,003", "2010-09-30": "$3,769", "2010-06-30": "$3,734", "2010-03-31": "$2,760", "2009-12-31": "$2,760", "2009-09-30": "$2,760", "2009-06-30": "$2,760", "2009-03-31": "$2,105", "2008-12-31": "$1,860", "2008-09-30": "$1,860", "2008-06-30": "$1,147", "2008-03-31": "$1,185", "2007-12-31": "$1,185", "2007-09-30": "$1,185", "2007-06-30": "$884", "2007-03-31": "$820", "2006-12-31": "$733", "2006-09-30": "$705", "2006-06-30": "$768", "2006-03-31": "$809", "2005-12-31": "$859", "2005-09-30": "$1,043", "2005-06-30": "$1,117", "2005-03-31": "$1,120"}}, "total-liabilities": {"EOG Resources Annual Total Liabilities (Millions of US $)": {"2019": "$15,484", "2018": "$14,570", "2017": "$13,550", "2016": "$15,318", "2015": "$14,027", "2014": "$17,050", "2013": "$15,156", "2012": "$14,052", "2011": "$12,198", "2010": "$11,393", "2009": "$8,121", "2008": "$6,937", "2007": "$5,099", "2006": "$3,802", "2005": "$3,437"}, "EOG Resources Quarterly Total Liabilities (Millions of US $)": {"2020-09-30": "$14,926", "2020-06-30": "$14,834", "2020-03-31": "$16,163", "2019-12-31": "$15,484", "2019-09-30": "$15,418", "2019-06-30": "$15,121", "2019-03-31": "$15,760", "2018-12-31": "$14,570", "2018-09-30": "$15,099", "2018-06-30": "$14,640", "2018-03-31": "$13,900", "2017-12-31": "$13,550", "2017-09-30": "$14,883", "2017-06-30": "$15,362", "2017-03-31": "$15,284", "2016-12-31": "$15,318", "2016-09-30": "$13,757", "2016-06-30": "$13,774", "2016-03-31": "$13,933", "2015-12-31": "$14,027", "2015-09-30": "$13,993", "2015-06-30": "$16,457", "2015-03-31": "$17,222", "2014-12-31": "$17,050", "2014-09-30": "$16,781", "2014-06-30": "$16,594", "2014-03-31": "$16,108", "2013-12-31": "$15,156", "2013-09-30": "$15,286", "2013-06-30": "$14,693", "2013-03-31": "$14,476", "2012-12-31": "$14,052", "2012-09-30": "$14,239", "2012-06-30": "$12,643", "2012-03-31": "$12,564", "2011-12-31": "$12,198", "2011-09-30": "$12,301", "2011-06-30": "$11,882", "2011-03-31": "$11,757", "2010-12-31": "$11,393", "2010-09-30": "$9,827", "2010-06-30": "$9,335", "2010-03-31": "$8,344", "2009-12-31": "$8,121", "2009-09-30": "$7,704", "2009-06-30": "$7,533", "2009-03-31": "$6,868", "2008-12-31": "$6,937", "2008-09-30": "$6,913", "2008-06-30": "$6,799", "2008-03-31": "$5,760", "2007-12-31": "$5,099", "2007-09-30": "$4,841", "2007-06-30": "$4,232", "2007-03-31": "$3,981", "2006-12-31": "$3,802", "2006-09-30": "$3,691", "2006-06-30": "$3,494", "2006-03-31": "$3,500", "2005-12-31": "$3,437", "2005-09-30": "$3,175", "2005-06-30": "$3,028", "2005-03-31": "$2,963"}}, "total-share-holder-equity": {"EOG Resources Annual Share Holder Equity (Millions of US $)": {"2019": "$21,641", "2018": "$19,364", "2017": "$16,283", "2016": "$13,982", "2015": "$12,943", "2014": "$17,713", "2013": "$15,418", "2012": "$13,285", "2011": "$12,641", "2010": "$10,232", "2009": "$9,998", "2008": "$9,014", "2007": "$6,990", "2006": "$5,600", "2005": "$4,316"}, "EOG Resources Quarterly Share Holder Equity (Millions of US $)": {"2020-09-30": "$20,148", "2020-06-30": "$20,388", "2020-03-31": "$21,471", "2019-12-31": "$21,641", "2019-09-30": "$21,124", "2019-06-30": "$20,630", "2019-03-31": "$19,904", "2018-12-31": "$19,364", "2018-09-30": "$18,538", "2018-06-30": "$17,452", "2018-03-31": "$16,841", "2017-12-31": "$16,283", "2017-09-30": "$13,922", "2017-06-30": "$13,902", "2017-03-31": "$13,928", "2016-12-31": "$13,982", "2016-09-30": "$11,798", "2016-06-30": "$12,057", "2016-03-31": "$12,405", "2015-12-31": "$12,943", "2015-09-30": "$13,284", "2015-06-30": "$17,427", "2015-03-31": "$17,471", "2014-12-31": "$17,713", "2014-09-30": "$17,720", "2014-06-30": "$16,708", "2014-03-31": "$16,033", "2013-12-31": "$15,418", "2013-09-30": "$14,862", "2013-06-30": "$14,385", "2013-03-31": "$13,756", "2012-12-31": "$13,285", "2012-09-30": "$13,793", "2012-06-30": "$13,355", "2012-03-31": "$12,992", "2011-12-31": "$12,641", "2011-09-30": "$12,494", "2011-06-30": "$12,077", "2011-03-31": "$11,788", "2010-12-31": "$10,232", "2010-09-30": "$10,118", "2010-06-30": "$10,131", "2010-03-31": "$10,165", "2009-12-31": "$9,998", "2009-09-30": "$9,518", "2009-06-30": "$9,260", "2009-03-31": "$9,116", "2008-12-31": "$9,014", "2008-09-30": "$8,920", "2008-06-30": "$7,426", "2008-03-31": "$7,191", "2007-12-31": "$6,990", "2007-09-30": "$6,627", "2007-06-30": "$6,293", "2007-03-31": "$5,846", "2006-12-31": "$5,600", "2006-09-30": "$5,474", "2006-06-30": "$5,148", "2006-03-31": "$4,743", "2005-12-31": "$4,316", "2005-09-30": "$3,851", "2005-06-30": "$3,399", "2005-03-31": "$3,154"}}, "profit-margins": {"current": "-2.47%"}, "gross margin": {"2020-09-30": "100.00%", "2020-06-30": "100.00%", "2020-03-31": "100.00%", "2019-12-31": "100.00%", "2019-09-30": "100.00%", "2019-06-30": "100.00%", "2019-03-31": "100.00%", "2018-12-31": "100.00%", "2018-09-30": "100.00%", "2018-06-30": "100.00%", "2018-03-31": "100.00%", "2017-12-31": "100.00%", "2017-09-30": "100.00%", "2017-06-30": "100.00%", "2017-03-31": "100.00%", "2016-12-31": "100.00%", "2016-09-30": "100.00%", "2016-06-30": "100.00%", "2016-03-31": "100.00%", "2015-12-31": "100.00%", "2015-09-30": "100.00%", "2015-06-30": "100.00%", "2015-03-31": "100.00%", "2014-12-31": "100.00%", "2014-09-30": "100.00%", "2014-06-30": "100.00%", "2014-03-31": "100.00%", "2013-12-31": "100.00%", "2013-09-30": "100.00%", "2013-06-30": "100.00%", "2013-03-31": "100.00%", "2012-12-31": "100.00%", "2012-09-30": "100.00%", "2012-06-30": "100.00%", "2012-03-31": "100.00%", "2011-12-31": "100.00%", "2011-09-30": "100.00%", "2011-06-30": "100.00%", "2011-03-31": "100.00%", "2010-12-31": "100.00%", "2010-09-30": "100.00%", "2010-06-30": "100.00%", "2010-03-31": "100.00%", "2009-12-31": "100.00%", "2009-09-30": "100.00%", "2009-06-30": "100.00%", "2009-03-31": "100.00%", "2008-12-31": "100.00%", "2008-09-30": "100.00%", "2008-06-30": "100.00%", "2008-03-31": "100.00%", "2007-12-31": "100.00%", "2007-09-30": "100.00%", "2007-06-30": "100.00%", "2007-03-31": "100.00%", "2006-12-31": "100.00%", "2006-09-30": "100.00%", "2006-06-30": "100.00%", "2006-03-31": "100.00%", "2005-12-31": "100.00%"}, "operating margin": {"2020-09-30": "-1.36%", "2020-06-30": "4.59%", "2020-03-31": "15.97%", "2019-12-31": "21.29%", "2019-09-30": "22.45%", "2019-06-30": "25.60%", "2019-03-31": "25.33%", "2018-12-31": "25.87%", "2018-09-30": "23.83%", "2018-06-30": "18.20%", "2018-03-31": "13.80%", "2017-12-31": "8.27%", "2017-09-30": "3.37%", "2017-06-30": "-0.64%", "2017-03-31": "-5.37%", "2016-12-31": "-16.00%", "2016-09-30": "-20.56%", "2016-06-30": "-105.35%", "2016-03-31": "-91.76%", "2015-12-31": "-76.34%", "2015-09-30": "-44.19%", "2015-06-30": "19.79%", "2015-03-31": "24.49%", "2014-12-31": "29.06%", "2014-09-30": "29.14%", "2014-06-30": "25.57%", "2014-03-31": "25.81%", "2013-12-31": "25.37%", "2013-09-30": "16.85%", "2013-06-30": "16.36%", "2013-03-31": "14.33%", "2012-12-31": "12.67%", "2012-09-30": "18.88%", "2012-06-30": "22.02%", "2012-03-31": "21.76%", "2011-12-31": "20.87%", "2011-09-30": "21.71%", "2011-06-30": "13.05%", "2011-03-31": "8.69%", "2010-12-31": "8.59%", "2010-09-30": "16.52%", "2010-06-30": "19.10%", "2010-03-31": "18.18%", "2009-12-31": "20.26%", "2009-09-30": "22.90%", "2009-06-30": "49.50%", "2009-03-31": "51.27%", "2008-12-31": "52.85%", "2008-09-30": "51.95%", "2008-06-30": "32.44%", "2008-03-31": "37.57%", "2007-12-31": "38.89%", "2007-09-30": "38.29%", "2007-06-30": "42.00%", "2007-03-31": "43.42%", "2006-12-31": "48.43%", "2006-09-30": "55.07%", "2006-06-30": "56.97%", "2006-03-31": "57.39%", "2005-12-31": "55.19%"}, "ebitda margin": {"2020-09-30": "26.81%", "2020-06-30": "29.65%", "2020-03-31": "37.42%", "2019-12-31": "42.86%", "2019-09-30": "43.49%", "2019-06-30": "45.89%", "2019-03-31": "45.53%", "2018-12-31": "45.76%", "2018-09-30": "45.01%", "2018-06-30": "42.12%", "2018-03-31": "41.01%", "2017-12-31": "38.69%", "2017-09-30": "36.37%", "2017-06-30": "34.69%", "2017-03-31": "33.24%", "2016-12-31": "30.43%", "2016-09-30": "28.54%", "2016-06-30": "-59.11%", "2016-03-31": "-49.03%", "2015-12-31": "-38.50%", "2015-09-30": "-13.54%", "2015-06-30": "46.42%", "2015-03-31": "48.85%", "2014-12-31": "51.23%", "2014-09-30": "51.89%", "2014-06-30": "49.91%", "2014-03-31": "50.14%", "2013-12-31": "50.23%", "2013-09-30": "42.10%", "2013-06-30": "41.95%", "2013-03-31": "41.04%", "2012-12-31": "39.80%", "2012-09-30": "45.77%", "2012-06-30": "47.54%", "2012-03-31": "46.19%", "2011-12-31": "45.72%", "2011-09-30": "47.60%", "2011-06-30": "41.32%", "2011-03-31": "40.05%", "2010-12-31": "40.41%", "2010-09-30": "46.11%", "2010-06-30": "49.70%", "2010-03-31": "50.04%", "2009-12-31": "52.66%", "2009-09-30": "55.52%", "2009-06-30": "70.90%", "2009-03-31": "71.11%", "2008-12-31": "71.45%", "2008-09-30": "70.16%", "2008-06-30": "58.34%", "2008-03-31": "62.41%", "2007-12-31": "64.04%", "2007-09-30": "64.42%", "2007-06-30": "66.61%", "2007-03-31": "67.21%", "2006-12-31": "69.23%", "2006-09-30": "73.26%", "2006-06-30": "74.09%", "2006-03-31": "74.27%", "2005-12-31": "73.22%"}, "pre tax profit margin": {"2020-09-30": "-2.71%", "2020-06-30": "3.56%", "2020-03-31": "15.23%", "2019-12-31": "20.39%", "2019-09-30": "21.55%", "2019-06-30": "24.57%", "2019-03-31": "24.10%", "2018-12-31": "24.54%", "2018-09-30": "22.22%", "2018-06-30": "16.29%", "2018-03-31": "11.68%", "2017-12-31": "5.89%", "2017-09-30": "0.52%", "2017-06-30": "-3.75%", "2017-03-31": "-9.06%", "2016-12-31": "-20.35%", "2016-09-30": "-25.01%", "2016-06-30": "-109.38%", "2016-03-31": "-94.91%", "2015-12-31": "-79.02%", "2015-09-30": "-46.30%", "2015-06-30": "17.98%", "2015-03-31": "22.92%", "2014-12-31": "27.70%", "2014-09-30": "27.81%", "2014-06-30": "24.24%", "2014-03-31": "24.37%", "2013-12-31": "23.72%", "2013-09-30": "15.07%", "2013-06-30": "14.51%", "2013-03-31": "12.43%", "2012-12-31": "10.96%", "2012-09-30": "17.20%", "2012-06-30": "20.28%", "2012-03-31": "19.97%", "2011-12-31": "18.86%", "2011-09-30": "19.78%", "2011-06-30": "11.10%", "2011-03-31": "6.60%", "2010-12-31": "6.69%", "2010-09-30": "14.72%", "2010-06-30": "17.06%", "2010-03-31": "16.08%", "2009-12-31": "18.22%", "2009-09-30": "21.05%", "2009-06-30": "48.72%", "2009-03-31": "50.91%", "2008-12-31": "52.55%", "2008-09-30": "51.74%", "2008-06-30": "31.95%", "2008-03-31": "37.01%", "2007-12-31": "38.49%", "2007-09-30": "37.95%", "2007-06-30": "41.93%", "2007-03-31": "43.55%", "2006-12-31": "48.69%", "2006-09-30": "54.95%", "2006-06-30": "56.66%", "2006-03-31": "56.65%", "2005-12-31": "54.09%"}, "net profit margin": {"2020-09-30": "-2.45%", "2020-06-30": "2.44%", "2020-03-31": "11.70%", "2019-12-31": "15.74%", "2019-09-30": "16.96%", "2019-06-30": "19.69%", "2019-03-31": "19.35%", "2018-12-31": "19.80%", "2018-09-30": "30.90%", "2018-06-30": "27.81%", "2018-03-31": "26.01%", "2017-12-31": "23.05%", "2017-09-30": "0.11%", "2017-06-30": "-2.87%", "2017-03-31": "-6.69%", "2016-12-31": "-14.34%", "2016-09-30": "-17.58%", "2016-06-30": "-72.19%", "2016-03-31": "-61.94%", "2015-12-31": "-51.67%", "2015-09-30": "-32.71%", "2015-06-30": "9.51%", "2015-03-31": "12.81%", "2014-12-31": "16.17%", "2014-09-30": "17.80%", "2014-06-30": "15.48%", "2014-03-31": "15.53%", "2013-12-31": "15.17%", "2013-09-30": "8.09%", "2013-06-30": "7.63%", "2013-03-31": "6.06%", "2012-12-31": "4.88%", "2012-09-30": "10.45%", "2012-06-30": "12.15%", "2012-03-31": "11.62%", "2011-12-31": "10.78%", "2011-09-30": "11.21%", "2011-06-30": "5.27%", "2011-03-31": "2.67%", "2010-12-31": "2.64%", "2010-09-30": "8.35%", "2010-06-30": "10.59%", "2010-03-31": "10.10%", "2009-12-31": "11.41%", "2009-09-30": "13.03%", "2009-06-30": "31.21%", "2009-03-31": "32.91%", "2008-12-31": "34.18%", "2008-09-30": "34.27%", "2008-06-30": "21.62%", "2008-03-31": "24.59%", "2007-12-31": "25.55%", "2007-09-30": "24.79%", "2007-06-30": "27.36%", "2007-03-31": "29.10%", "2006-12-31": "32.81%", "2006-09-30": "36.05%", "2006-06-30": "37.43%", "2006-03-31": "36.65%", "2005-12-31": "34.49%"}, "pe ratio": {"current": "26.96", "2021-02-05": "0.00", "2020-09-30": "0.00", "2020-06-30": "81.11", "2020-03-31": "9.55", "2019-12-31": "17.11", "2019-09-30": "13.81", "2019-06-30": "14.50", "2019-03-31": "15.43", "2018-12-31": "14.11", "2018-09-30": "14.19", "2018-06-30": "17.72", "2018-03-31": "18.12", "2017-12-31": "22.91", "2017-09-30": "9144.37", "2017-06-30": "0.00", "2017-03-31": "0.00", "2016-12-31": "0.00", "2016-09-30": "0.00", "2016-06-30": "0.00", "2016-03-31": "0.00", "2015-12-31": "0.00", "2015-09-30": "0.00", "2015-06-30": "32.27", "2015-03-31": "22.37", "2014-12-31": "16.02", "2014-09-30": "16.42", "2014-06-30": "24.48", "2014-03-31": "20.90", "2013-12-31": "19.19", "2013-09-30": "38.43", "2013-06-30": "32.95", "2013-03-31": "43.17", "2012-12-31": "52.67", "2012-09-30": "23.12", "2012-06-30": "16.03", "2012-03-31": "21.27", "2011-12-31": "21.96", "2011-09-30": "16.79", "2011-06-30": "61.14", "2011-03-31": "155.46", "2010-12-31": "131.12", "2010-09-30": "41.94", "2010-06-30": "38.53", "2010-03-31": "42.02", "2009-12-31": "40.47", "2009-09-30": "30.95", "2009-06-30": "7.07", "2009-03-31": "5.21", "2008-12-31": "6.11", "2008-09-30": "8.54", "2008-06-30": "29.65", "2008-03-31": "23.87", "2007-12-31": "18.06", "2007-09-30": "16.42", "2007-06-30": "15.06", "2007-03-31": "14.35", "2006-12-31": "10.52"}, "price sales": {"2021-02-05": "2.65", "2020-09-30": "1.66", "2020-06-30": "1.99", "2020-03-31": "1.12", "2019-12-31": "2.70", "2019-09-30": "2.35", "2019-06-30": "2.86", "2019-03-31": "2.99", "2018-12-31": "2.79", "2018-09-30": "4.39", "2018-06-30": "4.93", "2018-03-31": "4.71", "2017-12-31": "5.27", "2017-09-30": "5.10", "2017-06-30": "4.96", "2017-03-31": "5.76", "2016-12-31": "6.83", "2016-09-30": "7.05", "2016-06-30": "6.02", "2016-03-31": "4.76", "2015-12-31": "4.12", "2015-09-30": "3.20", "2015-06-30": "3.06", "2015-03-31": "2.87", "2014-12-31": "2.59", "2014-09-30": "2.93", "2014-06-30": "3.79", "2014-03-31": "3.25", "2013-12-31": "2.91", "2013-09-30": "3.08", "2013-06-30": "2.50", "2013-03-31": "2.60", "2012-12-31": "2.56", "2012-09-30": "2.41", "2012-06-30": "1.94", "2012-03-31": "2.47", "2011-12-31": "2.36", "2011-09-30": "1.86", "2011-06-30": "3.14", "2011-03-31": "4.13", "2010-12-31": "3.43", "2010-09-30": "3.49", "2010-06-30": "4.08", "2010-03-31": "4.21", "2009-12-31": "4.58", "2009-09-30": "4.03", "2009-06-30": "2.20", "2009-03-31": "1.71", "2008-12-31": "2.09", "2008-09-30": "2.92", "2008-06-30": "6.40", "2008-03-31": "5.87", "2007-12-31": "4.61", "2007-09-30": "4.07", "2007-06-30": "4.12", "2007-03-31": "4.18", "2006-12-31": "3.45"}, "price book": {"current": "1.64", "2021-02-05": "1.64", "2020-09-30": "1.02", "2020-06-30": "1.41", "2020-03-31": "0.94", "2019-12-31": "2.17", "2019-09-30": "1.96", "2019-06-30": "2.51", "2019-03-31": "2.65", "2018-12-31": "2.49", "2018-09-30": "3.80", "2018-06-30": "3.92", "2018-03-31": "3.43", "2017-12-31": "3.63", "2017-09-30": "3.80", "2017-06-30": "3.55", "2017-03-31": "3.81", "2016-12-31": "3.92", "2016-09-30": "4.24", "2016-06-30": "3.57", "2016-03-31": "3.01", "2015-12-31": "2.80", "2015-09-30": "2.80", "2015-06-30": "2.56", "2015-03-31": "2.67", "2014-12-31": "2.64", "2014-09-30": "2.83", "2014-06-30": "3.53", "2014-03-31": "3.08", "2013-12-31": "2.74", "2013-09-30": "2.86", "2013-06-30": "2.29", "2013-03-31": "2.32", "2012-12-31": "2.26", "2012-09-30": "2.01", "2012-06-30": "1.66", "2012-03-31": "2.10", "2011-12-31": "1.91", "2011-09-30": "1.39", "2011-06-30": "2.11", "2011-03-31": "2.44", "2010-12-31": "2.05", "2010-09-30": "2.10", "2010-06-30": "2.22", "2010-03-31": "2.08", "2009-12-31": "2.21", "2009-09-30": "1.99", "2009-06-30": "1.64", "2009-03-31": "1.34", "2008-12-31": "1.64", "2008-09-30": "2.23", "2008-06-30": "3.90", "2008-03-31": "3.67", "2007-12-31": "2.79", "2007-09-30": "2.38", "2007-06-30": "2.51", "2007-03-31": "2.64", "2006-12-31": "2.45", "2006-09-30": "2.55", "2006-06-30": "2.88", "2006-03-31": "3.24"}, "price fcf": {"2021-02-05": "", "2020-09-30": "$3.45", "2020-06-30": "$2.95", "2020-03-31": "$5.48", "2019-12-31": "$3.24", "2019-09-30": "$4.02", "2019-06-30": "$3.95", "2019-03-31": "$2.46", "2018-12-31": "$3.31", "2018-09-30": "$2.11", "2018-06-30": "$0.98", "2018-03-31": "$0.83", "2017-12-31": "$0.64", "2017-09-30": "$1.41", "2017-06-30": "$2.18", "2017-03-31": "$2.12", "2016-12-31": "$1.62", "2016-09-30": "$-0.02", "2016-06-30": "$-0.96", "2016-03-31": "$-1.68", "2015-12-31": "$-2.25", "2015-09-30": "$-0.86", "2015-06-30": "$-0.05", "2015-03-31": "$-0.00", "2014-12-31": "$1.77", "2014-09-30": "$1.57", "2014-06-30": "$1.31", "2014-03-31": "$2.20", "2013-12-31": "$1.88", "2013-09-30": "$0.60", "2013-06-30": "$0.06", "2013-03-31": "$-0.15", "2012-12-31": "$-1.49", "2012-09-30": "$-1.85", "2012-06-30": "$-1.63", "2012-03-31": "$-1.82", "2011-12-31": "$-1.76", "2011-09-30": "$-1.82", "2011-06-30": "$-3.07", "2011-03-31": "$-4.24", "2010-12-31": "$-4.32", "2010-09-30": "$-3.40", "2010-06-30": "$-2.20", "2010-03-31": "$-1.16", "2009-12-31": "$-0.73", "2009-09-30": "$-1.41", "2009-06-30": "$-1.13", "2009-03-31": "$-1.17", "2008-12-31": "$-0.36", "2008-09-30": "$-0.20", "2008-06-30": "$-0.62", "2008-03-31": "$-0.76", "2007-12-31": "$-1.40", "2007-09-30": "$-1.53", "2007-06-30": "$-1.52", "2007-03-31": "$-1.27", "2006-12-31": "$-0.48"}, "net worth": {"value": "$33.03B"}, "current ratio": {"current": "1.69", "2020-09-30": "1.69", "2020-06-30": "2.13", "2020-03-31": "1.51", "2019-12-31": "1.18", "2019-09-30": "1.08", "2019-06-30": "1.02", "2019-03-31": "1.14", "2018-12-31": "1.36", "2018-09-30": "1.09", "2018-06-30": "0.99", "2018-03-31": "1.26", "2017-12-31": "1.20", "2017-09-30": "1.27", "2017-06-30": "1.24", "2017-03-31": "1.67", "2016-12-31": "1.67", "2016-09-30": "1.58", "2016-06-30": "1.43", "2016-03-31": "1.53", "2015-12-31": "1.43", "2015-09-30": "1.38", "2015-06-30": "1.64", "2015-03-31": "1.55", "2014-12-31": "1.60", "2014-09-30": "1.45", "2014-06-30": "1.34", "2014-03-31": "1.42", "2013-12-31": "1.42", "2013-09-30": "1.25", "2013-06-30": "1.40", "2013-03-31": "1.33", "2012-12-31": "1.23", "2012-09-30": "1.55", "2012-06-30": "1.10", "2012-03-31": "1.10", "2011-12-31": "1.29", "2011-09-30": "1.40", "2011-06-30": "1.47", "2011-03-31": "1.44", "2010-12-31": "1.14", "2010-09-30": "0.79", "2010-06-30": "1.23", "2010-03-31": "1.04", "2009-12-31": "1.37", "2009-09-30": "1.53", "2009-06-30": "1.86", "2009-03-31": "1.41", "2008-12-31": "1.20", "2008-09-30": "1.35", "2008-06-30": "0.85", "2008-03-31": "0.98", "2007-12-31": "0.88", "2007-09-30": "0.98", "2007-06-30": "0.92", "2007-03-31": "1.03", "2006-12-31": "1.08", "2006-09-30": "1.26", "2006-06-30": "1.48", "2006-03-31": "1.56", "2005-12-31": "1.33", "2005-09-30": "1.48", "2005-06-30": "1.43", "2005-03-31": "1.30"}, "quick ratio": {"2020-09-30": "1.47", "2020-06-30": "1.82", "2020-03-31": "1.35", "2019-12-31": "1.00", "2019-09-30": "0.90", "2019-06-30": "0.83", "2019-03-31": "0.94", "2018-12-31": "1.13", "2018-09-30": "0.92", "2018-06-30": "0.83", "2018-03-31": "1.06", "2017-12-31": "1.03", "2017-09-30": "1.11", "2017-06-30": "1.12", "2017-03-31": "1.52", "2016-12-31": "1.50", "2016-09-30": "1.33", "2016-06-30": "1.14", "2016-03-31": "1.18", "2015-12-31": "1.10", "2015-09-30": "1.06", "2015-06-30": "1.35", "2015-03-31": "1.30", "2014-12-31": "1.39", "2014-09-30": "1.25", "2014-06-30": "1.15", "2014-03-31": "1.23", "2013-12-31": "1.23", "2013-09-30": "1.08", "2013-06-30": "1.19", "2013-03-31": "1.10", "2012-12-31": "0.99", "2012-09-30": "1.30", "2012-06-30": "0.87", "2012-03-31": "0.90", "2011-12-31": "1.06", "2011-09-30": "1.18", "2011-06-30": "1.25", "2011-03-31": "1.25", "2010-12-31": "0.95", "2010-09-30": "0.60", "2010-06-30": "1.03", "2010-03-31": "0.83", "2009-12-31": "1.17", "2009-09-30": "1.33", "2009-06-30": "1.65", "2009-03-31": "1.22", "2008-12-31": "1.09", "2008-09-30": "1.27", "2008-06-30": "0.81", "2008-03-31": "0.92", "2007-12-31": "0.81", "2007-09-30": "0.90", "2007-06-30": "0.82", "2007-03-31": "0.92", "2006-12-31": "0.99", "2006-09-30": "1.16", "2006-06-30": "1.39", "2006-03-31": "1.49", "2005-12-31": "1.28", "2005-09-30": "1.41", "2005-06-30": "1.35", "2005-03-31": "1.21"}, "debt equity ratio": {"current": "0.25", "2020-09-30": "0.74", "2020-06-30": "0.73", "2020-03-31": "0.75", "2019-12-31": "0.72", "2019-09-30": "0.73", "2019-06-30": "0.73", "2019-03-31": "0.79", "2018-12-31": "0.75", "2018-09-30": "0.81", "2018-06-30": "0.84", "2018-03-31": "0.83", "2017-12-31": "0.83", "2017-09-30": "1.07", "2017-06-30": "1.11", "2017-03-31": "1.10", "2016-12-31": "1.10", "2016-09-30": "1.17", "2016-06-30": "1.14", "2016-03-31": "1.12", "2015-12-31": "1.08", "2015-09-30": "1.05", "2015-06-30": "0.94", "2015-03-31": "0.99", "2014-12-31": "0.96", "2014-09-30": "0.95", "2014-06-30": "0.99", "2014-03-31": "1.01", "2013-12-31": "0.98", "2013-09-30": "1.03", "2013-06-30": "1.02", "2013-03-31": "1.05", "2012-12-31": "1.06", "2012-09-30": "1.03", "2012-06-30": "0.95", "2012-03-31": "0.97", "2011-12-31": "0.97", "2011-09-30": "0.99", "2011-06-30": "0.98", "2011-03-31": "1.00", "2010-12-31": "1.11", "2010-09-30": "0.97", "2010-06-30": "0.92", "2010-03-31": "0.82", "2009-12-31": "0.81", "2009-09-30": "0.81", "2009-06-30": "0.81", "2009-03-31": "0.75", "2008-12-31": "0.77", "2008-09-30": "0.78", "2008-06-30": "0.92", "2008-03-31": "0.80", "2007-12-31": "0.73", "2007-09-30": "0.73", "2007-06-30": "0.67", "2007-03-31": "0.68", "2006-12-31": "0.68", "2006-09-30": "0.67", "2006-06-30": "0.68", "2006-03-31": "0.74", "2005-12-31": "0.80", "2005-09-30": "0.82", "2005-06-30": "0.89", "2005-03-31": "0.94"}, "return on equity": {"2020-09-30": "-1.45%", "2020-06-30": "1.67%", "2020-03-31": "9.95%", "2019-12-31": "13.13%", "2019-09-30": "14.77%", "2019-06-30": "18.19%", "2019-03-31": "18.16%", "2018-12-31": "18.95%", "2018-09-30": "28.69%", "2018-06-30": "23.98%", "2018-03-31": "20.96%", "2017-12-31": "17.80%", "2017-09-30": "0.08%", "2017-06-30": "-2.09%", "2017-03-31": "-4.61%", "2016-12-31": "-8.73%", "2016-09-30": "-10.07%", "2016-06-30": "-40.44%", "2016-03-31": "-34.44%", "2015-12-31": "-29.61%", "2015-09-30": "-23.04%", "2015-06-30": "7.87%", "2015-03-31": "11.98%", "2014-12-31": "17.11%", "2014-09-30": "18.52%", "2014-06-30": "15.29%", "2014-03-31": "15.57%", "2013-12-31": "15.04%", "2013-09-30": "7.90%", "2013-06-30": "7.28%", "2013-03-31": "5.47%", "2012-12-31": "4.27%", "2012-09-30": "9.06%", "2012-06-30": "10.74%", "2012-03-31": "10.21%", "2011-12-31": "8.91%", "2011-09-30": "8.80%", "2011-06-30": "3.74%", "2011-03-31": "1.67%", "2010-12-31": "1.58%", "2010-09-30": "5.02%", "2010-06-30": "5.85%", "2010-03-31": "5.19%", "2009-12-31": "5.76%", "2009-09-30": "6.58%", "2009-06-30": "23.78%", "2009-03-31": "27.31%", "2008-12-31": "29.93%", "2008-09-30": "30.57%", "2008-06-30": "13.87%", "2008-03-31": "16.34%", "2007-12-31": "16.82%", "2007-09-30": "15.79%", "2007-06-30": "18.21%", "2007-03-31": "19.59%", "2006-12-31": "24.59%", "2006-09-30": "30.77%", "2006-06-30": "34.53%", "2006-03-31": "36.23%", "2005-12-31": "34.05%"}, "return on assets": {"2020-09-30": "-0.84%", "2020-06-30": "0.96%", "2020-03-31": "5.74%", "2019-12-31": "7.54%", "2019-09-30": "8.43%", "2019-06-30": "10.27%", "2019-03-31": "10.10%", "2018-12-31": "10.49%", "2018-09-30": "15.70%", "2018-06-30": "12.73%", "2018-03-31": "10.77%", "2017-12-31": "8.82%", "2017-09-30": "0.04%", "2017-06-30": "-0.99%", "2017-03-31": "-2.17%", "2016-12-31": "-4.10%", "2016-09-30": "-4.73%", "2016-06-30": "-19.26%", "2016-03-31": "-16.87%", "2015-12-31": "-14.74%", "2015-09-30": "-11.62%", "2015-06-30": "4.02%", "2015-03-31": "6.08%", "2014-12-31": "8.66%", "2014-09-30": "9.35%", "2014-06-30": "7.64%", "2014-03-31": "7.75%", "2013-12-31": "7.45%", "2013-09-30": "3.87%", "2013-06-30": "3.57%", "2013-03-31": "2.70%", "2012-12-31": "2.13%", "2012-09-30": "4.58%", "2012-06-30": "5.46%", "2012-03-31": "5.17%", "2011-12-31": "4.50%", "2011-09-30": "4.37%", "2011-06-30": "1.85%", "2011-03-31": "0.84%", "2010-12-31": "0.81%", "2010-09-30": "2.67%", "2010-06-30": "3.18%", "2010-03-31": "2.86%", "2009-12-31": "3.21%", "2009-09-30": "3.68%", "2009-06-30": "13.38%", "2009-03-31": "15.19%", "2008-12-31": "16.53%", "2008-09-30": "16.94%", "2008-06-30": "7.72%", "2008-03-31": "9.41%", "2007-12-31": "9.87%", "2007-09-30": "9.34%", "2007-06-30": "10.86%", "2007-03-31": "11.68%", "2006-12-31": "14.54%", "2006-09-30": "17.92%", "2006-06-30": "19.69%", "2006-03-31": "20.06%", "2005-12-31": "18.34%"}, "return on investments": {"2020-09-30": "-0.65%", "2020-06-30": "2.57%", "2020-03-31": "11.29%", "2019-12-31": "14.66%", "2019-09-30": "15.89%", "2019-06-30": "18.91%", "2019-03-31": "18.65%", "2018-12-31": "19.07%", "2018-09-30": "16.70%", "2018-06-30": "11.48%", "2018-03-31": "7.90%", "2017-12-31": "4.42%", "2017-09-30": "1.68%", "2017-06-30": "-0.31%", "2017-03-31": "-2.40%", "2016-12-31": "-6.26%", "2016-09-30": "-7.55%", "2016-06-30": "-38.51%", "2016-03-31": "-34.68%", "2015-12-31": "-30.76%", "2015-09-30": "-22.55%", "2015-06-30": "12.14%", "2015-03-31": "17.01%", "2014-12-31": "22.84%", "2014-09-30": "22.33%", "2014-06-30": "18.37%", "2014-03-31": "18.62%", "2013-12-31": "17.92%", "2013-09-30": "11.60%", "2013-06-30": "10.87%", "2013-03-31": "9.07%", "2012-12-31": "7.82%", "2012-09-30": "11.66%", "2012-06-30": "14.01%", "2012-03-31": "13.67%", "2011-12-31": "12.24%", "2011-09-30": "11.92%", "2011-06-30": "6.50%", "2011-03-31": "3.85%", "2010-12-31": "3.75%", "2010-09-30": "7.51%", "2010-06-30": "8.10%", "2010-03-31": "7.27%", "2009-12-31": "8.04%", "2009-09-30": "9.20%", "2009-06-30": "30.51%", "2009-03-31": "35.39%", "2008-12-31": "39.03%", "2008-09-30": "39.39%", "2008-06-30": "17.84%", "2008-03-31": "21.45%", "2007-12-31": "22.10%", "2007-09-30": "21.24%", "2007-06-30": "24.63%", "2007-03-31": "25.71%", "2006-12-31": "31.74%", "2006-09-30": "40.54%", "2006-06-30": "44.07%", "2006-03-31": "45.94%", "2005-12-31": "42.53%"}, "return on tangible equity": {"2020-09-30": "-1.45%", "2020-06-30": "1.67%", "2020-03-31": "9.95%", "2019-12-31": "13.13%", "2019-09-30": "14.77%", "2019-06-30": "18.19%", "2019-03-31": "18.16%", "2018-12-31": "18.95%", "2018-09-30": "28.69%", "2018-06-30": "23.98%", "2018-03-31": "20.96%", "2017-12-31": "17.80%", "2017-09-30": "0.08%", "2017-06-30": "-2.09%", "2017-03-31": "-4.61%", "2016-12-31": "-8.73%", "2016-09-30": "-10.07%", "2016-06-30": "-40.44%", "2016-03-31": "-34.44%", "2015-12-31": "-29.61%", "2015-09-30": "-23.04%", "2015-06-30": "7.87%", "2015-03-31": "11.98%", "2014-12-31": "17.11%", "2014-09-30": "18.52%", "2014-06-30": "15.29%", "2014-03-31": "15.57%", "2013-12-31": "15.04%", "2013-09-30": "7.90%", "2013-06-30": "7.28%", "2013-03-31": "5.47%", "2012-12-31": "4.27%", "2012-09-30": "9.06%", "2012-06-30": "10.74%", "2012-03-31": "10.21%", "2011-12-31": "8.91%", "2011-09-30": "8.80%", "2011-06-30": "3.74%", "2011-03-31": "1.67%", "2010-12-31": "1.58%", "2010-09-30": "5.02%", "2010-06-30": "5.85%", "2010-03-31": "5.19%", "2009-12-31": "5.76%", "2009-09-30": "6.58%", "2009-06-30": "23.78%", "2009-03-31": "27.31%", "2008-12-31": "29.93%", "2008-09-30": "30.57%", "2008-06-30": "13.87%", "2008-03-31": "16.34%", "2007-12-31": "16.82%", "2007-09-30": "15.79%", "2007-06-30": "18.21%", "2007-03-31": "19.59%", "2006-12-31": "24.59%", "2006-09-30": "30.77%", "2006-06-30": "34.53%", "2006-03-31": "36.23%", "2005-12-31": "34.05%"}, "dividend yield history": {"last payout": "$1.50", "last yield": "2.65%"}}