{"ticker": "EPAM", "price": {"title": "EPAM Systems Historical Annual Stock Price Data", "value": 377.43, "historical": {"2020": {"Average Stock Price": "267.6715", "Year Open": "216.3100", "Year High": "358.4800", "Year Low": "160.1300", "Year Close": "358.3500", "Annual % Change": "68.91%"}, "2019": {"Average Stock Price": "177.1254", "Year Open": "114.3200", "Year High": "215.8600", "Year Low": "112.2900", "Year Close": "212.1600", "Annual % Change": "82.88%"}, "2018": {"Average Stock Price": "123.0688", "Year Open": "108.4000", "Year High": "144.0000", "Year Low": "104.8700", "Year Close": "116.0100", "Annual % Change": "7.99%"}, "2017": {"Average Stock Price": "83.1378", "Year Open": "63.6600", "Year High": "108.9300", "Year Low": "63.6600", "Year Close": "107.4300", "Annual % Change": "67.05%"}, "2016": {"Average Stock Price": "68.5609", "Year Open": "75.1300", "Year High": "78.1000", "Year Low": "57.0000", "Year Close": "64.3100", "Annual % Change": "-18.20%"}, "2015": {"Average Stock Price": "68.4217", "Year Open": "46.4700", "Year High": "82.5000", "Year Low": "45.4100", "Year Close": "78.6200", "Annual % Change": "64.65%"}, "2014": {"Average Stock Price": "40.6941", "Year Open": "34.7800", "Year High": "51.9500", "Year Low": "30.2100", "Year Close": "47.7500", "Annual % Change": "36.66%"}, "2013": {"Average Stock Price": "27.9853", "Year Open": "18.9800", "Year High": "39.0000", "Year Low": "18.9800", "Year Close": "34.9400", "Annual % Change": "93.04%"}, "2012": {"Average Stock Price": "17.8516", "Year Open": "14.0000", "Year High": "23.2500", "Year Low": "13.4000", "Year Close": "18.1000", "Annual % Change": "0.00%"}}}, "market cap": {"value": "$21.13B"}, "income statement": {"Revenue": {"2019-12-31": "2293.79800", "2018-12-31": "1842.91200", "2017-12-31": "1450.44800", "2016-12-31": "1160.13200", "2015-12-31": "914.12800", "2014-12-31": "730.02700", "2013-12-31": "555.11700", "2012-12-31": "433.79900", "2011-12-31": "334.52800", "2010-12-31": "221.82400", "2009-12-31": "149.93900", "2008-12-31": "160.63200"}, "Cost Of Goods Sold": {"2019-12-31": "1488.19800", "2018-12-31": "1186.92100", "2017-12-31": "921.35200", "2016-12-31": "737.18600", "2015-12-31": "566.91300", "2014-12-31": "456.53000", "2013-12-31": "347.65000", "2012-12-31": "270.36100", "2011-12-31": "205.33600", "2010-12-31": "132.52800", "2009-12-31": "88.02700", "2008-12-31": "91.20500"}, "Gross Profit": {"2019-12-31": "805.60010", "2018-12-31": "655.99100", "2017-12-31": "529.09600", "2016-12-31": "422.94600", "2015-12-31": "347.21500", "2014-12-31": "273.49700", "2013-12-31": "207.46700", "2012-12-31": "163.43800", "2011-12-31": "129.19200", "2010-12-31": "89.29600", "2009-12-31": "61.91200", "2008-12-31": "69.42700"}, "Research And Development Expenses": {"2019-12-31": "", "2018-12-31": "", "2017-12-31": "", "2016-12-31": "", "2015-12-31": "", "2014-12-31": "", "2013-12-31": "", "2012-12-31": "", "2011-12-31": "", "2010-12-31": "", "2009-12-31": "", "2008-12-31": ""}, "SG&A Expenses": {"2019-12-31": "457.43300", "2018-12-31": "373.58700", "2017-12-31": "327.58800", "2016-12-31": "265.86300", "2015-12-31": "222.75900", "2014-12-31": "163.66600", "2013-12-31": "116.49700", "2012-12-31": "85.86800", "2011-12-31": "64.93000", "2010-12-31": "47.63500", "2009-12-31": "39.24800", "2008-12-31": "53.91300"}, "Other Operating Income Or Expenses": {"2019-12-31": "", "2018-12-31": "", "2017-12-31": "", "2016-12-31": "", "2015-12-31": "-1.09400", "2014-12-31": "-3.92400", "2013-12-31": "0.64300", "2012-12-31": "-0.68200", "2011-12-31": "-0.01900", "2010-12-31": "-2.62900", "2009-12-31": "-1.06400", "2008-12-31": "-0.40000"}, "Operating Expenses": {"2019-12-31": "1990.94800", "2018-12-31": "1597.14800", "2017-12-31": "1277.50200", "2016-12-31": "1026.43600", "2015-12-31": "808.16100", "2014-12-31": "643.84400", "2013-12-31": "478.62400", "2012-12-31": "367.79300", "2011-12-31": "279.52000", "2010-12-31": "189.03400", "2009-12-31": "133.95700", "2008-12-31": "150.40700"}, "Operating Income": {"2019-12-31": "302.85010", "2018-12-31": "245.76390", "2017-12-31": "172.94600", "2016-12-31": "133.69590", "2015-12-31": "105.96700", "2014-12-31": "86.18300", "2013-12-31": "76.49300", "2012-12-31": "66.00600", "2011-12-31": "55.00800", "2010-12-31": "32.79000", "2009-12-31": "15.98200", "2008-12-31": "10.22500"}, "Total Non-Operating Income/Expense": {"2019-12-31": "-3.32400", "2018-12-31": "4.00900", "2017-12-31": "1.35900", "2016-12-31": "-7.23000", "2015-12-31": "0.10300", "2014-12-31": "0.77000", "2013-12-31": "0.27700", "2012-12-31": "-0.14300", "2011-12-31": "-2.21600", "2010-12-31": "-1.69500", "2009-12-31": "-1.57500", "2008-12-31": "-2.47400"}, "Pre-Tax Income": {"2019-12-31": "299.52600", "2018-12-31": "249.77300", "2017-12-31": "174.30500", "2016-12-31": "126.46600", "2015-12-31": "106.07000", "2014-12-31": "86.95300", "2013-12-31": "76.77000", "2012-12-31": "65.86300", "2011-12-31": "52.79200", "2010-12-31": "31.09500", "2009-12-31": "14.40700", "2008-12-31": "7.75100"}, "Income Taxes": {"2019-12-31": "38.46900", "2018-12-31": "9.51700", "2017-12-31": "101.54500", "2016-12-31": "27.20000", "2015-12-31": "21.61400", "2014-12-31": "17.31200", "2013-12-31": "14.77600", "2012-12-31": "11.37900", "2011-12-31": "8.43900", "2010-12-31": "2.78700", "2009-12-31": "0.87900", "2008-12-31": "3.70100"}, "Income After Taxes": {"2019-12-31": "261.05700", "2018-12-31": "240.25600", "2017-12-31": "72.76000", "2016-12-31": "99.26600", "2015-12-31": "84.45600", "2014-12-31": "69.64100", "2013-12-31": "61.99400", "2012-12-31": "54.48400", "2011-12-31": "44.35300", "2010-12-31": "28.30800", "2009-12-31": "13.52800", "2008-12-31": "4.05000"}, "Other Income": {"2019-12-31": "", "2018-12-31": "", "2017-12-31": "", "2016-12-31": "", "2015-12-31": "", "2014-12-31": "", "2013-12-31": "", "2012-12-31": "", "2011-12-31": "", "2010-12-31": "", "2009-12-31": "", "2008-12-31": ""}, "Income From Continuous Operations": {"2019-12-31": "261.05700", "2018-12-31": "240.25600", "2017-12-31": "72.76000", "2016-12-31": "99.26600", "2015-12-31": "84.45600", "2014-12-31": "69.64100", "2013-12-31": "61.99400", "2012-12-31": "54.48400", "2011-12-31": "44.35300", "2010-12-31": "28.30800", "2009-12-31": "13.52800", "2008-12-31": "4.05000"}, "Income From Discontinued Operations": {"2019-12-31": "", "2018-12-31": "", "2017-12-31": "", "2016-12-31": "", "2015-12-31": "", "2014-12-31": "", "2013-12-31": "", "2012-12-31": "", "2011-12-31": "", "2010-12-31": "", "2009-12-31": "", "2008-12-31": ""}, "Net Income": {"2019-12-31": "261.05700", "2018-12-31": "240.25600", "2017-12-31": "72.76000", "2016-12-31": "99.26600", "2015-12-31": "84.45600", "2014-12-31": "69.64100", "2013-12-31": "61.99400", "2012-12-31": "51.14300", "2011-12-31": "11.76500", "2010-12-31": "14.31000", "2009-12-31": "3.90400", "2008-12-31": "0.04600"}, "EBITDA": {"2019-12-31": "348.16710", "2018-12-31": "282.40390", "2017-12-31": "201.50800", "2016-12-31": "157.08290", "2015-12-31": "123.36200", "2014-12-31": "103.66600", "2013-12-31": "91.61300", "2012-12-31": "76.88810", "2011-12-31": "64.24300", "2010-12-31": "39.03200", "2009-12-31": "21.60000", "2008-12-31": "15.11400"}, "EBIT": {"2019-12-31": "302.85010", "2018-12-31": "245.76390", "2017-12-31": "172.94600", "2016-12-31": "133.69590", "2015-12-31": "105.96700", "2014-12-31": "86.18300", "2013-12-31": "76.49300", "2012-12-31": "66.00600", "2011-12-31": "55.00800", "2010-12-31": "32.79000", "2009-12-31": "15.98200", "2008-12-31": "10.22500"}, "Basic Shares Outstanding": {"2019-12-31": "54.71900", "2018-12-31": "53.62300", "2017-12-31": "52.07700", "2016-12-31": "50.30900", "2015-12-31": "48.72100", "2014-12-31": "47.18900", "2013-12-31": "45.75400", "2012-12-31": "40.19000", "2011-12-31": "17.09400", "2010-12-31": "17.05600", "2009-12-31": "16.71900", "2008-12-31": "16.05000"}, "Shares Outstanding": {"2019-12-31": "57.66800", "2018-12-31": "56.67300", "2017-12-31": "54.98400", "2016-12-31": "53.21500", "2015-12-31": "51.98600", "2014-12-31": "49.73400", "2013-12-31": "48.35800", "2012-12-31": "43.82100", "2011-12-31": "20.47300", "2010-12-31": "19.31400", "2009-12-31": "18.47400", "2008-12-31": "17.98000"}, "Basic EPS": {"2019-12-31": "4.77000", "2018-12-31": "4.48000", "2017-12-31": "1.40000", "2016-12-31": "1.97000", "2015-12-31": "1.73000", "2014-12-31": "1.48000", "2013-12-31": "1.35000", "2012-12-31": "1.27000", "2011-12-31": "0.69000", "2010-12-31": "0.84000", "2009-12-31": "0.23000", "2008-12-31": "0.00000"}, "EPS - Earnings Per Share": {"2019-12-31": "4.53000", "2018-12-31": "4.24000", "2017-12-31": "1.32000", "2016-12-31": "1.87000", "2015-12-31": "1.62000", "2014-12-31": "1.40000", "2013-12-31": "1.28000", "2012-12-31": "1.17000", "2011-12-31": "0.63000", "2010-12-31": "0.79000", "2009-12-31": "0.22000", "2008-12-31": "0.00000"}}, "income statement, quarterly": {"Revenue": {"2020-09-30": "652.24300", "2020-06-30": "632.38300", "2020-03-31": "651.35900", "2019-12-31": "632.77510", "2019-09-30": "588.10300", "2019-06-30": "551.58700", "2019-03-31": "521.33300", "2018-12-31": "504.93100", "2018-09-30": "468.18600", "2018-06-30": "445.64700", "2018-03-31": "424.14800", "2017-12-31": "399.29710", "2017-09-30": "377.52300", "2017-06-30": "348.97700", "2017-03-31": "324.65100", "2016-12-31": "313.52500", "2016-09-30": "298.29300", "2016-06-30": "283.83200", "2016-03-31": "264.48200", "2015-12-31": "260.25300", "2015-09-30": "236.04900", "2015-06-30": "217.78100", "2015-03-31": "200.04500", "2014-12-31": "202.18390", "2014-09-30": "192.76400", "2014-06-30": "174.69500", "2014-03-31": "160.38400", "2013-12-31": "157.58500", "2013-09-30": "140.15000", "2013-06-30": "133.18400", "2013-03-31": "124.19800", "2012-12-31": "125.53800", "2012-09-30": "110.07800", "2012-06-30": "103.80000", "2012-03-31": "94.38300", "2011-12-31": "95.12700", "2011-09-30": "86.42300", "2011-06-30": "80.17600", "2011-03-31": "72.80200", "2010-12-31": "70.77400", "2010-09-30": "", "2010-06-30": "", "2010-03-31": "42.00700", "2009-12-31": "", "2008-12-31": ""}, "Cost Of Goods Sold": {"2020-09-30": "423.38800", "2020-06-30": "419.54000", "2020-03-31": "423.80200", "2019-12-31": "410.06890", "2019-09-30": "377.52500", "2019-06-30": "355.91500", "2019-03-31": "344.68900", "2018-12-31": "319.03100", "2018-09-30": "301.08100", "2018-06-30": "289.17500", "2018-03-31": "277.63400", "2017-12-31": "254.12100", "2017-09-30": "239.36900", "2017-06-30": "220.13200", "2017-03-31": "207.73000", "2016-12-31": "198.22600", "2016-09-30": "190.79700", "2016-06-30": "180.78200", "2016-03-31": "167.38100", "2015-12-31": "158.29100", "2015-09-30": "148.47900", "2015-06-30": "134.25600", "2015-03-31": "125.88700", "2014-12-31": "121.46500", "2014-09-30": "122.50900", "2014-06-30": "110.10200", "2014-03-31": "102.45400", "2013-12-31": "97.62700", "2013-09-30": "88.53900", "2013-06-30": "83.54700", "2013-03-31": "77.93700", "2012-12-31": "77.28400", "2012-09-30": "69.09900", "2012-06-30": "63.80300", "2012-03-31": "60.17500", "2011-12-31": "59.38800", "2011-09-30": "51.62700", "2011-06-30": "48.81600", "2011-03-31": "45.50500", "2010-12-31": "106.34000", "2010-09-30": "", "2010-06-30": "", "2010-03-31": "26.18600", "2009-12-31": "", "2008-12-31": ""}, "Gross Profit": {"2020-09-30": "228.85500", "2020-06-30": "212.84300", "2020-03-31": "227.55700", "2019-12-31": "222.70620", "2019-09-30": "210.57800", "2019-06-30": "195.67200", "2019-03-31": "176.64400", "2018-12-31": "185.89990", "2018-09-30": "167.10500", "2018-06-30": "156.47200", "2018-03-31": "146.51400", "2017-12-31": "145.17610", "2017-09-30": "138.15400", "2017-06-30": "128.84500", "2017-03-31": "116.92100", "2016-12-31": "115.29900", "2016-09-30": "107.49600", "2016-06-30": "103.05000", "2016-03-31": "97.10100", "2015-12-31": "101.96190", "2015-09-30": "87.57000", "2015-06-30": "83.52500", "2015-03-31": "74.15800", "2014-12-31": "80.71890", "2014-09-30": "70.25500", "2014-06-30": "64.59300", "2014-03-31": "57.93000", "2013-12-31": "59.95800", "2013-09-30": "51.61100", "2013-06-30": "49.63700", "2013-03-31": "46.26100", "2012-12-31": "48.25400", "2012-09-30": "40.97900", "2012-06-30": "39.99700", "2012-03-31": "34.20800", "2011-12-31": "35.73900", "2011-09-30": "34.79600", "2011-06-30": "31.36000", "2011-03-31": "27.29700", "2010-12-31": "-35.56600", "2010-09-30": "", "2010-06-30": "", "2010-03-31": "15.82100", "2009-12-31": "", "2008-12-31": ""}, "Research And Development Expenses": {"2020-09-30": "", "2020-06-30": "", "2020-03-31": "", "2019-12-31": "", "2019-09-30": "", "2019-06-30": "", "2019-03-31": "", "2018-12-31": "", "2018-09-30": "", "2018-06-30": "", "2018-03-31": "", "2017-12-31": "", "2017-09-30": "", "2017-06-30": "", "2017-03-31": "", "2016-12-31": "", "2016-09-30": "", "2016-06-30": "", "2016-03-31": "", "2015-12-31": "", "2015-09-30": "", "2015-06-30": "", "2015-03-31": "", "2014-12-31": "", "2014-09-30": "", "2014-06-30": "", "2014-03-31": "", "2013-12-31": "", "2013-09-30": "", "2013-06-30": "", "2013-03-31": "", "2012-12-31": "", "2012-09-30": "", "2012-06-30": "", "2012-03-31": "", "2011-12-31": "", "2011-09-30": "", "2011-06-30": "", "2011-03-31": "", "2010-12-31": "0.00000", "2010-09-30": "0.00000", "2010-06-30": "0.00000", "2010-03-31": "", "2009-12-31": "", "2008-12-31": ""}, "SG&A Expenses": {"2020-09-30": "116.53000", "2020-06-30": "114.19100", "2020-03-31": "125.10800", "2019-12-31": "124.99900", "2019-09-30": "118.88600", "2019-06-30": "111.76200", "2019-03-31": "101.78600", "2018-12-31": "97.44700", "2018-09-30": "93.22600", "2018-06-30": "93.27300", "2018-03-31": "89.64100", "2017-12-31": "87.52600", "2017-09-30": "81.19000", "2017-06-30": "80.41900", "2017-03-31": "78.45300", "2016-12-31": "72.63700", "2016-09-30": "67.49100", "2016-06-30": "64.24100", "2016-03-31": "61.49400", "2015-12-31": "64.41400", "2015-09-30": "55.43100", "2015-06-30": "55.97600", "2015-03-31": "46.93800", "2014-12-31": "49.76100", "2014-09-30": "42.87500", "2014-06-30": "38.67100", "2014-03-31": "32.35900", "2013-12-31": "32.98000", "2013-09-30": "27.89300", "2013-06-30": "28.54100", "2013-03-31": "27.08300", "2012-12-31": "26.37700", "2012-09-30": "21.15300", "2012-06-30": "20.71100", "2012-03-31": "17.62700", "2011-12-31": "18.51000", "2011-09-30": "15.82200", "2011-06-30": "16.80500", "2011-03-31": "13.79300", "2010-12-31": "39.63000", "2010-09-30": "", "2010-06-30": "", "2010-03-31": "10.59400", "2009-12-31": "", "2008-12-31": ""}, "Other Operating Income Or Expenses": {"2020-09-30": "", "2020-06-30": "", "2020-03-31": "", "2019-12-31": "", "2019-09-30": "", "2019-06-30": "", "2019-03-31": "", "2018-12-31": "", "2018-09-30": "", "2018-06-30": "", "2018-03-31": "", "2017-12-31": "", "2017-09-30": "-0.54200", "2017-06-30": "-0.72400", "2017-03-31": "-0.83000", "2016-12-31": "", "2016-09-30": "-0.17800", "2016-06-30": "-0.60600", "2016-03-31": "-0.17400", "2015-12-31": "-0.88400", "2015-09-30": "0.03000", "2015-06-30": "-0.04000", "2015-03-31": "-0.20000", "2014-12-31": "-1.86900", "2014-09-30": "-0.03500", "2014-06-30": "-1.99500", "2014-03-31": "-0.02500", "2013-12-31": "-0.04300", "2013-09-30": "0.41800", "2013-06-30": "0.29300", "2013-03-31": "-0.02500", "2012-12-31": "-0.01300", "2012-09-30": "-0.05000", "2012-06-30": "-0.03300", "2012-03-31": "-0.58600", "2011-12-31": "0.00400", "2011-09-30": "0.00000", "2011-06-30": "-0.02100", "2011-03-31": "-0.00200", "2010-12-31": "", "2010-09-30": "", "2010-06-30": "", "2010-03-31": "-0.03900", "2009-12-31": "", "2008-12-31": ""}, "Operating Expenses": {"2020-09-30": "555.84700", "2020-06-30": "548.95700", "2020-03-31": "563.85000", "2019-12-31": "548.02990", "2019-09-30": "507.53800", "2019-06-30": "478.70500", "2019-03-31": "456.67500", "2018-12-31": "426.66110", "2018-09-30": "403.62600", "2018-06-30": "391.41000", "2018-03-31": "375.45100", "2017-12-31": "347.24690", "2017-09-30": "328.27500", "2017-06-30": "308.29500", "2017-03-31": "293.68500", "2016-12-31": "276.14200", "2016-09-30": "264.39100", "2016-06-30": "251.75200", "2016-03-31": "234.15100", "2015-12-31": "228.48800", "2015-09-30": "208.27300", "2015-06-30": "194.17500", "2015-03-31": "177.22500", "2014-12-31": "178.16900", "2014-09-30": "170.92900", "2014-06-30": "156.21900", "2014-03-31": "138.52700", "2013-12-31": "134.39300", "2013-09-30": "119.92000", "2013-06-30": "115.64900", "2013-03-31": "108.66200", "2012-12-31": "106.88200", "2012-09-30": "93.34200", "2012-06-30": "86.97000", "2012-03-31": "80.59900", "2011-12-31": "79.70000", "2011-09-30": "69.53200", "2011-06-30": "69.29800", "2011-03-31": "60.99000", "2010-12-31": "150.77000", "2010-09-30": "", "2010-06-30": "", "2010-03-31": "38.26000", "2009-12-31": "", "2008-12-31": ""}, "Operating Income": {"2020-09-30": "96.39600", "2020-06-30": "83.42600", "2020-03-31": "87.50900", "2019-12-31": "84.74520", "2019-09-30": "80.56500", "2019-06-30": "72.88200", "2019-03-31": "64.65800", "2018-12-31": "78.26990", "2018-09-30": "64.56000", "2018-06-30": "54.23700", "2018-03-31": "48.69700", "2017-12-31": "52.05010", "2017-09-30": "49.24800", "2017-06-30": "40.68200", "2017-03-31": "30.96600", "2016-12-31": "37.38290", "2016-09-30": "33.90200", "2016-06-30": "32.08000", "2016-03-31": "30.33100", "2015-12-31": "31.76500", "2015-09-30": "27.77600", "2015-06-30": "23.60600", "2015-03-31": "22.82000", "2014-12-31": "24.01500", "2014-09-30": "21.83500", "2014-06-30": "18.47600", "2014-03-31": "21.85700", "2013-12-31": "23.19210", "2013-09-30": "20.23000", "2013-06-30": "17.53500", "2013-03-31": "15.53600", "2012-12-31": "18.65600", "2012-09-30": "16.73600", "2012-06-30": "16.83000", "2012-03-31": "13.78400", "2011-12-31": "15.42700", "2011-09-30": "16.89100", "2011-06-30": "10.87800", "2011-03-31": "11.81200", "2010-12-31": "-79.99600", "2010-09-30": "", "2010-06-30": "", "2010-03-31": "3.74700", "2009-12-31": "", "2008-12-31": ""}, "Total Non-Operating Income/Expense": {"2020-09-30": "7.56800", "2020-06-30": "-7.35000", "2020-03-31": "8.91000", "2019-12-31": "0.05200", "2019-09-30": "-0.59600", "2019-06-30": "-2.37200", "2019-03-31": "-0.40800", "2018-12-31": "0.49800", "2018-09-30": "1.42700", "2018-06-30": "2.88200", "2018-03-31": "-0.79800", "2017-12-31": "0.02700", "2017-09-30": "1.33900", "2017-06-30": "2.36400", "2017-03-31": "-2.37100", "2016-12-31": "-5.33300", "2016-09-30": "-0.66100", "2016-06-30": "-1.15700", "2016-03-31": "-0.07900", "2015-12-31": "2.96800", "2015-09-30": "0.89700", "2015-06-30": "0.83400", "2015-03-31": "-4.59600", "2014-12-31": "0.56700", "2014-09-30": "0.54300", "2014-06-30": "-0.07500", "2014-03-31": "-0.26500", "2013-12-31": "0.12000", "2013-09-30": "0.12600", "2013-06-30": "-0.10000", "2013-03-31": "0.13100", "2012-12-31": "0.38400", "2012-09-30": "-0.14900", "2012-06-30": "-0.93400", "2012-03-31": "0.55600", "2011-12-31": "-0.07800", "2011-09-30": "-1.91600", "2011-06-30": "-0.27500", "2011-03-31": "0.05300", "2010-12-31": "-1.18000", "2010-09-30": "", "2010-06-30": "", "2010-03-31": "-0.52300", "2009-12-31": "", "2008-12-31": ""}, "Pre-Tax Income": {"2020-09-30": "103.96400", "2020-06-30": "76.07600", "2020-03-31": "96.41900", "2019-12-31": "84.79700", "2019-09-30": "79.96900", "2019-06-30": "70.51000", "2019-03-31": "64.25000", "2018-12-31": "78.76800", "2018-09-30": "65.98700", "2018-06-30": "57.11900", "2018-03-31": "47.89900", "2017-12-31": "52.07700", "2017-09-30": "50.58700", "2017-06-30": "43.04600", "2017-03-31": "28.59500", "2016-12-31": "32.05000", "2016-09-30": "33.24100", "2016-06-30": "30.92300", "2016-03-31": "30.25200", "2015-12-31": "34.73300", "2015-09-30": "28.67300", "2015-06-30": "24.44000", "2015-03-31": "18.22400", "2014-12-31": "24.58200", "2014-09-30": "22.37800", "2014-06-30": "18.40100", "2014-03-31": "21.59200", "2013-12-31": "23.31200", "2013-09-30": "20.35600", "2013-06-30": "17.43500", "2013-03-31": "15.66700", "2012-12-31": "19.04000", "2012-09-30": "16.58700", "2012-06-30": "15.89600", "2012-03-31": "14.34000", "2011-12-31": "15.34900", "2011-09-30": "14.97500", "2011-06-30": "10.60300", "2011-03-31": "11.86500", "2010-12-31": "27.87000", "2010-09-30": "0.00000", "2010-06-30": "0.00000", "2010-03-31": "3.22400", "2009-12-31": "", "2008-12-31": ""}, "Income Taxes": {"2020-09-30": "14.53200", "2020-06-30": "9.45200", "2020-03-31": "10.85400", "2019-12-31": "10.27300", "2019-09-30": "12.96700", "2019-06-30": "11.73300", "2019-03-31": "3.49600", "2018-12-31": "18.80300", "2018-09-30": "0.36900", "2018-06-30": "6.86400", "2018-03-31": "-16.51900", "2017-12-31": "82.95100", "2017-09-30": "7.95300", "2017-06-30": "5.68700", "2017-03-31": "4.95400", "2016-12-31": "7.28700", "2016-09-30": "7.06700", "2016-06-30": "6.49300", "2016-03-31": "6.35300", "2015-12-31": "7.09500", "2015-09-30": "5.80000", "2015-06-30": "5.20900", "2015-03-31": "3.51000", "2014-12-31": "6.15900", "2014-09-30": "3.33800", "2014-06-30": "3.58700", "2014-03-31": "4.22800", "2013-12-31": "4.55300", "2013-09-30": "3.91900", "2013-06-30": "3.31700", "2013-03-31": "2.98700", "2012-12-31": "4.04100", "2012-09-30": "2.52200", "2012-06-30": "2.57500", "2012-03-31": "2.24100", "2011-12-31": "2.96500", "2011-09-30": "1.02500", "2011-06-30": "2.32600", "2011-03-31": "2.12300", "2010-12-31": "2.75000", "2010-09-30": "0.00000", "2010-06-30": "0.00000", "2010-03-31": "0.03600", "2009-12-31": "", "2008-12-31": ""}, "Income After Taxes": {"2020-09-30": "89.43200", "2020-06-30": "66.62400", "2020-03-31": "85.56500", "2019-12-31": "74.52400", "2019-09-30": "67.00200", "2019-06-30": "58.77700", "2019-03-31": "60.75400", "2018-12-31": "59.96500", "2018-09-30": "65.61800", "2018-06-30": "50.25500", "2018-03-31": "64.41800", "2017-12-31": "-30.87400", "2017-09-30": "42.63400", "2017-06-30": "37.35900", "2017-03-31": "23.64100", "2016-12-31": "24.76300", "2016-09-30": "26.17400", "2016-06-30": "24.43000", "2016-03-31": "23.89900", "2015-12-31": "27.63800", "2015-09-30": "22.87300", "2015-06-30": "19.23100", "2015-03-31": "14.71400", "2014-12-31": "18.42300", "2014-09-30": "19.04000", "2014-06-30": "14.81400", "2014-03-31": "17.36400", "2013-12-31": "18.75900", "2013-09-30": "16.43700", "2013-06-30": "14.11800", "2013-03-31": "12.68000", "2012-12-31": "14.99900", "2012-09-30": "14.06500", "2012-06-30": "13.32100", "2012-03-31": "12.09900", "2011-12-31": "12.38400", "2011-09-30": "13.95000", "2011-06-30": "8.27700", "2011-03-31": "9.74200", "2010-12-31": "25.12000", "2010-09-30": "", "2010-06-30": "", "2010-03-31": "3.18800", "2009-12-31": "", "2008-12-31": ""}, "Other Income": {"2020-09-30": "", "2020-06-30": "", "2020-03-31": "", "2019-12-31": "", "2019-09-30": "", "2019-06-30": "", "2019-03-31": "", "2018-12-31": "", "2018-09-30": "", "2018-06-30": "", "2018-03-31": "", "2017-12-31": "", "2017-09-30": "", "2017-06-30": "", "2017-03-31": "", "2016-12-31": "", "2016-09-30": "", "2016-06-30": "", "2016-03-31": "", "2015-12-31": "", "2015-09-30": "", "2015-06-30": "", "2015-03-31": "", "2014-12-31": "", "2014-09-30": "", "2014-06-30": "", "2014-03-31": "", "2013-12-31": "", "2013-09-30": "", "2013-06-30": "", "2013-03-31": "", "2012-12-31": "", "2012-09-30": "", "2012-06-30": "", "2012-03-31": "", "2011-12-31": "", "2011-09-30": "", "2011-06-30": "", "2011-03-31": "", "2010-12-31": "0.00000", "2010-09-30": "0.00000", "2010-06-30": "0.00000", "2010-03-31": "", "2009-12-31": "", "2008-12-31": ""}, "Income From Continuous Operations": {"2020-09-30": "89.43200", "2020-06-30": "66.62400", "2020-03-31": "85.56500", "2019-12-31": "74.52400", "2019-09-30": "67.00200", "2019-06-30": "58.77700", "2019-03-31": "60.75400", "2018-12-31": "59.96500", "2018-09-30": "65.61800", "2018-06-30": "50.25500", "2018-03-31": "64.41800", "2017-12-31": "-30.87400", "2017-09-30": "42.63400", "2017-06-30": "37.35900", "2017-03-31": "23.64100", "2016-12-31": "24.76300", "2016-09-30": "26.17400", "2016-06-30": "24.43000", "2016-03-31": "23.89900", "2015-12-31": "27.63800", "2015-09-30": "22.87300", "2015-06-30": "19.23100", "2015-03-31": "14.71400", "2014-12-31": "18.42300", "2014-09-30": "19.04000", "2014-06-30": "14.81400", "2014-03-31": "17.36400", "2013-12-31": "18.75900", "2013-09-30": "16.43700", "2013-06-30": "14.11800", "2013-03-31": "12.68000", "2012-12-31": "14.99900", "2012-09-30": "14.06500", "2012-06-30": "13.32100", "2012-03-31": "12.09900", "2011-12-31": "12.38400", "2011-09-30": "13.95000", "2011-06-30": "8.27700", "2011-03-31": "9.74200", "2010-12-31": "11.63000", "2010-09-30": "0.00000", "2010-06-30": "0.00000", "2010-03-31": "3.18800", "2009-12-31": "", "2008-12-31": ""}, "Income From Discontinued Operations": {"2020-09-30": "", "2020-06-30": "", "2020-03-31": "", "2019-12-31": "", "2019-09-30": "", "2019-06-30": "", "2019-03-31": "", "2018-12-31": "", "2018-09-30": "", "2018-06-30": "", "2018-03-31": "", "2017-12-31": "", "2017-09-30": "", "2017-06-30": "", "2017-03-31": "", "2016-12-31": "", "2016-09-30": "", "2016-06-30": "", "2016-03-31": "", "2015-12-31": "", "2015-09-30": "", "2015-06-30": "", "2015-03-31": "", "2014-12-31": "", "2014-09-30": "", "2014-06-30": "", "2014-03-31": "", "2013-12-31": "", "2013-09-30": "", "2013-06-30": "", "2013-03-31": "", "2012-12-31": "", "2012-09-30": "", "2012-06-30": "", "2012-03-31": "", "2011-12-31": "", "2011-09-30": "", "2011-06-30": "", "2011-03-31": "", "2010-12-31": "0.00000", "2010-09-30": "0.00000", "2010-06-30": "0.00000", "2010-03-31": "", "2009-12-31": "", "2008-12-31": ""}, "Net Income": {"2020-09-30": "89.43200", "2020-06-30": "66.62400", "2020-03-31": "85.56500", "2019-12-31": "74.52400", "2019-09-30": "67.00200", "2019-06-30": "58.77700", "2019-03-31": "60.75400", "2018-12-31": "59.96500", "2018-09-30": "65.61800", "2018-06-30": "50.25500", "2018-03-31": "64.41800", "2017-12-31": "-30.87400", "2017-09-30": "42.63400", "2017-06-30": "37.35900", "2017-03-31": "23.64100", "2016-12-31": "24.76300", "2016-09-30": "26.17400", "2016-06-30": "24.43000", "2016-03-31": "23.89900", "2015-12-31": "27.63800", "2015-09-30": "22.87300", "2015-06-30": "19.23100", "2015-03-31": "14.71400", "2014-12-31": "18.42300", "2014-09-30": "19.04000", "2014-06-30": "14.81400", "2014-03-31": "17.36400", "2013-12-31": "18.75900", "2013-09-30": "16.43700", "2013-06-30": "14.11800", "2013-03-31": "12.68000", "2012-12-31": "14.79300", "2012-09-30": "14.06500", "2012-06-30": "13.32100", "2012-03-31": "8.96400", "2011-12-31": "9.36900", "2011-09-30": "6.12800", "2011-06-30": "-6.99400", "2011-03-31": "3.26200", "2010-12-31": "11.63000", "2010-09-30": "", "2010-06-30": "", "2010-03-31": "3.38000", "2009-12-31": "", "2008-12-31": ""}, "EBITDA": {"2020-09-30": "112.32500", "2020-06-30": "98.65200", "2020-03-31": "102.44900", "2019-12-31": "97.70720", "2019-09-30": "91.69200", "2019-06-30": "83.91000", "2019-03-31": "74.85800", "2018-12-31": "88.45290", "2018-09-30": "73.87900", "2018-06-30": "63.19900", "2018-03-31": "56.87300", "2017-12-31": "59.74610", "2017-09-30": "56.42200", "2017-06-30": "47.70200", "2017-03-31": "37.63800", "2016-12-31": "43.61990", "2016-09-30": "39.82700", "2016-06-30": "38.20300", "2016-03-31": "35.43300", "2015-12-31": "36.66400", "2015-09-30": "32.16900", "2015-06-30": "27.50900", "2015-03-31": "27.02000", "2014-12-31": "26.84800", "2014-09-30": "27.34500", "2014-06-30": "23.92700", "2014-03-31": "25.54600", "2013-12-31": "26.93510", "2013-09-30": "24.13600", "2013-06-30": "21.38900", "2013-03-31": "19.15300", "2012-12-31": "21.86400", "2012-09-30": "19.77600", "2012-06-30": "19.25300", "2012-03-31": "15.99500", "2011-12-31": "17.23300", "2011-09-30": "18.97400", "2011-06-30": "14.53400", "2011-03-31": "13.50200", "2010-12-31": "-78.27500", "2010-09-30": "1.52600", "2010-06-30": "1.55200", "2010-03-31": "5.18800", "2009-12-31": "", "2008-12-31": ""}, "EBIT": {"2020-09-30": "96.39600", "2020-06-30": "83.42600", "2020-03-31": "87.50900", "2019-12-31": "84.74510", "2019-09-30": "80.56500", "2019-06-30": "72.88200", "2019-03-31": "64.65800", "2018-12-31": "78.26990", "2018-09-30": "64.56000", "2018-06-30": "54.23700", "2018-03-31": "48.69700", "2017-12-31": "52.05000", "2017-09-30": "49.24800", "2017-06-30": "40.68200", "2017-03-31": "30.96600", "2016-12-31": "37.38300", "2016-09-30": "33.90200", "2016-06-30": "32.08000", "2016-03-31": "30.33100", "2015-12-31": "31.76500", "2015-09-30": "27.77600", "2015-06-30": "23.60600", "2015-03-31": "22.82000", "2014-12-31": "24.01500", "2014-09-30": "21.83500", "2014-06-30": "18.47600", "2014-03-31": "21.85700", "2013-12-31": "23.19200", "2013-09-30": "20.23000", "2013-06-30": "17.53500", "2013-03-31": "15.53600", "2012-12-31": "18.65600", "2012-09-30": "16.73600", "2012-06-30": "16.83000", "2012-03-31": "13.78400", "2011-12-31": "15.42700", "2011-09-30": "16.89100", "2011-06-30": "10.87800", "2011-03-31": "11.81200", "2010-12-31": "-79.99600", "2010-09-30": "", "2010-06-30": "", "2010-03-31": "3.74700", "2009-12-31": "", "2008-12-31": ""}, "Basic Shares Outstanding": {"2020-09-30": "55.88400", "2020-06-30": "55.70100", "2020-03-31": "55.28700", "2019-12-31": "54.71900", "2019-09-30": "54.87800", "2019-06-30": "54.68200", "2019-03-31": "54.24500", "2018-12-31": "53.62300", "2018-09-30": "53.85200", "2018-06-30": "53.51700", "2018-03-31": "53.07900", "2017-12-31": "52.07700", "2017-09-30": "52.54500", "2017-06-30": "51.89900", "2017-03-31": "50.95800", "2016-12-31": "50.30900", "2016-09-30": "51.13100", "2016-06-30": "50.21100", "2016-03-31": "49.71400", "2015-12-31": "48.72100", "2015-09-30": "49.04300", "2015-06-30": "48.58400", "2015-03-31": "47.88600", "2014-12-31": "47.18900", "2014-09-30": "47.31500", "2014-06-30": "47.06800", "2014-03-31": "46.79700", "2013-12-31": "45.75400", "2013-09-30": "46.16200", "2013-06-30": "45.48600", "2013-03-31": "44.81200", "2012-12-31": "40.19000", "2012-09-30": "42.95200", "2012-06-30": "42.47500", "2012-03-31": "30.19700", "2011-12-31": "17.09400", "2011-09-30": "17.12400", "2011-06-30": "17.05600", "2011-03-31": "17.05400", "2010-12-31": "38.76700", "2010-09-30": "", "2010-06-30": "", "2010-03-31": "2.13300", "2009-12-31": "", "2008-12-31": ""}, "Shares Outstanding": {"2020-09-30": "58.61600", "2020-06-30": "58.24600", "2020-03-31": "58.14300", "2019-12-31": "57.66800", "2019-09-30": "57.84400", "2019-06-30": "57.61400", "2019-03-31": "57.23600", "2018-12-31": "56.67300", "2018-09-30": "56.96300", "2018-06-30": "56.58700", "2018-03-31": "56.24100", "2017-12-31": "54.98400", "2017-09-30": "55.22900", "2017-06-30": "54.84900", "2017-03-31": "53.88900", "2016-12-31": "53.21500", "2016-09-30": "53.86400", "2016-06-30": "53.27100", "2016-03-31": "52.88300", "2015-12-31": "51.98600", "2015-09-30": "52.34400", "2015-06-30": "51.91700", "2015-03-31": "51.00000", "2014-12-31": "49.73400", "2014-09-30": "49.82900", "2014-06-30": "49.55900", "2014-03-31": "49.20700", "2013-12-31": "48.35800", "2013-09-30": "48.72000", "2013-06-30": "47.97700", "2013-03-31": "47.64600", "2012-12-31": "43.82100", "2012-09-30": "46.50100", "2012-06-30": "46.38200", "2012-03-31": "33.95700", "2011-12-31": "20.47300", "2011-09-30": "20.65600", "2011-06-30": "20.30000", "2011-03-31": "19.38100", "2010-12-31": "38.76700", "2010-09-30": "", "2010-06-30": "", "2010-03-31": "2.37100", "2009-12-31": "", "2008-12-31": ""}, "Basic EPS": {"2020-09-30": "1.60000", "2020-06-30": "1.20000", "2020-03-31": "1.55000", "2019-12-31": "1.36000", "2019-09-30": "1.22000", "2019-06-30": "1.07000", "2019-03-31": "1.12000", "2018-12-31": "1.11000", "2018-09-30": "1.22000", "2018-06-30": "0.94000", "2018-03-31": "1.21000", "2017-12-31": "-0.59000", "2017-09-30": "0.81000", "2017-06-30": "0.72000", "2017-03-31": "0.46000", "2016-12-31": "0.49000", "2016-09-30": "0.51000", "2016-06-30": "0.49000", "2016-03-31": "0.48000", "2015-12-31": "0.55000", "2015-09-30": "0.47000", "2015-06-30": "0.40000", "2015-03-31": "0.31000", "2014-12-31": "0.40000", "2014-09-30": "0.40000", "2014-06-30": "0.31000", "2014-03-31": "0.37000", "2013-12-31": "0.40000", "2013-09-30": "0.36000", "2013-06-30": "0.31000", "2013-03-31": "0.28000", "2012-12-31": "0.33000", "2012-09-30": "0.33000", "2012-06-30": "0.31000", "2012-03-31": "0.30000", "2011-12-31": "0.55000", "2011-09-30": "0.36000", "2011-06-30": "-0.41000", "2011-03-31": "0.19000", "2010-12-31": "0.30000", "2010-09-30": "", "2010-06-30": "", "2010-03-31": "1.59000", "2009-12-31": "", "2008-12-31": ""}, "EPS - Earnings Per Share": {"2020-09-30": "1.53000", "2020-06-30": "1.14000", "2020-03-31": "1.47000", "2019-12-31": "1.29000", "2019-09-30": "1.16000", "2019-06-30": "1.02000", "2019-03-31": "1.06000", "2018-12-31": "1.05000", "2018-09-30": "1.15000", "2018-06-30": "0.89000", "2018-03-31": "1.15000", "2017-12-31": "-0.57000", "2017-09-30": "0.77000", "2017-06-30": "0.68000", "2017-03-31": "0.44000", "2016-12-31": "0.47000", "2016-09-30": "0.49000", "2016-06-30": "0.46000", "2016-03-31": "0.45000", "2015-12-31": "0.52000", "2015-09-30": "0.44000", "2015-06-30": "0.37000", "2015-03-31": "0.29000", "2014-12-31": "0.37000", "2014-09-30": "0.38000", "2014-06-30": "0.30000", "2014-03-31": "0.35000", "2013-12-31": "0.38000", "2013-09-30": "0.34000", "2013-06-30": "0.29000", "2013-03-31": "0.27000", "2012-12-31": "0.31000", "2012-09-30": "0.30000", "2012-06-30": "0.29000", "2012-03-31": "0.27000", "2011-12-31": "0.53000", "2011-09-30": "0.33000", "2011-06-30": "-0.41000", "2011-03-31": "0.18000", "2010-12-31": "0.27000", "2010-09-30": "0.00000", "2010-06-30": "0.00000", "2010-03-31": "1.51000", "2009-12-31": "0.00000", "2008-12-31": "0.00000"}}, "balance sheet": {"Cash On Hand": {"2019-12-31": "936.55200", "2018-12-31": "770.56000", "2017-12-31": "582.58500", "2016-12-31": "362.02500", "2015-12-31": "229.63000", "2014-12-31": "220.53400", "2013-12-31": "170.69300", "2012-12-31": "119.77800", "2011-12-31": "88.79600", "2010-12-31": "54.00400", "2009-12-31": "52.92700", "2008-12-31": ""}, "Receivables": {"2019-12-31": "497.71600", "2018-12-31": "402.33700", "2017-12-31": "352.13900", "2016-12-31": "263.30700", "2015-12-31": "270.42500", "2014-12-31": "180.33400", "2013-12-31": "138.53900", "2012-12-31": "112.32000", "2011-12-31": "83.94700", "2010-12-31": "65.37100", "2009-12-31": "41.40200", "2008-12-31": ""}, "Inventory": {"2019-12-31": "", "2018-12-31": "", "2017-12-31": "", "2016-12-31": "", "2015-12-31": "", "2014-12-31": "", "2013-12-31": "", "2012-12-31": "", "2011-12-31": "", "2010-12-31": "", "2009-12-31": "", "2008-12-31": ""}, "Pre-Paid Expenses": {"2019-12-31": "39.94300", "2018-12-31": "26.17100", "2017-12-31": "25.30900", "2016-12-31": "18.49300", "2015-12-31": "14.34400", "2014-12-31": "9.28900", "2013-12-31": "14.35500", "2012-12-31": "11.83500", "2011-12-31": "6.43600", "2010-12-31": "5.75000", "2009-12-31": "3.02800", "2008-12-31": ""}, "Other Current Assets": {"2019-12-31": "", "2018-12-31": "", "2017-12-31": "", "2016-12-31": "", "2015-12-31": "", "2014-12-31": "", "2013-12-31": "", "2012-12-31": "", "2011-12-31": "", "2010-12-31": "", "2009-12-31": "", "2008-12-31": ""}, "Total Current Assets": {"2019-12-31": "1474.21100", "2018-12-31": "1199.06800", "2017-12-31": "960.03300", "2016-12-31": "646.55100", "2015-12-31": "528.93500", "2014-12-31": "415.08700", "2013-12-31": "330.96800", "2012-12-31": "250.95500", "2011-12-31": "183.56300", "2010-12-31": "128.24700", "2009-12-31": "98.71900", "2008-12-31": ""}, "Property, Plant, And Equipment": {"2019-12-31": "165.25900", "2018-12-31": "102.64600", "2017-12-31": "86.41900", "2016-12-31": "73.61600", "2015-12-31": "60.49900", "2014-12-31": "55.13400", "2013-12-31": "53.31500", "2012-12-31": "53.13500", "2011-12-31": "35.48200", "2010-12-31": "25.33800", "2009-12-31": "23.05300", "2008-12-31": ""}, "Long-Term Investments": {"2019-12-31": "", "2018-12-31": "", "2017-12-31": "", "2016-12-31": "", "2015-12-31": "", "2014-12-31": "", "2013-12-31": "", "2012-12-31": "", "2011-12-31": "", "2010-12-31": "", "2009-12-31": "", "2008-12-31": ""}, "Goodwill And Intangible Assets": {"2019-12-31": "251.30100", "2018-12-31": "223.89700", "2017-12-31": "164.04200", "2016-12-31": "160.54900", "2015-12-31": "162.79000", "2014-12-31": "105.10600", "2013-12-31": "36.00200", "2012-12-31": "39.53200", "2011-12-31": "9.42000", "2010-12-31": "12.05500", "2009-12-31": "11.95000", "2008-12-31": "0.00000"}, "Other Long-Term Assets": {"2019-12-31": "39.43300", "2018-12-31": "16.20800", "2017-12-31": "14.78800", "2016-12-31": "10.83800", "2015-12-31": "4.35100", "2014-12-31": "3.52400", "2013-12-31": "3.63400", "2012-12-31": "1.09900", "2011-12-31": "5.27300", "2010-12-31": "2.92400", "2009-12-31": "0.52500", "2008-12-31": ""}, "Total Long-Term Assets": {"2019-12-31": "769.99690", "2018-12-31": "412.73400", "2017-12-31": "290.22300", "2016-12-31": "279.26000", "2015-12-31": "249.60100", "2014-12-31": "178.93900", "2013-12-31": "101.90900", "2012-12-31": "99.85900", "2011-12-31": "52.05000", "2010-12-31": "42.61100", "2009-12-31": "36.68800", "2008-12-31": ""}, "Total Assets": {"2019-12-31": "2244.20800", "2018-12-31": "1611.80200", "2017-12-31": "1250.25600", "2016-12-31": "925.81100", "2015-12-31": "778.53600", "2014-12-31": "594.02600", "2013-12-31": "432.87700", "2012-12-31": "350.81400", "2011-12-31": "235.61300", "2010-12-31": "170.85800", "2009-12-31": "135.40700", "2008-12-31": "0.00000"}, "Total Current Liabilities": {"2019-12-31": "386.94800", "2018-12-31": "262.82900", "2017-12-31": "180.96700", "2016-12-31": "116.21900", "2015-12-31": "127.91100", "2014-12-31": "125.41300", "2013-12-31": "54.66400", "2012-12-31": "59.35200", "2011-12-31": "53.12700", "2010-12-31": "35.72700", "2009-12-31": "30.06200", "2008-12-31": ""}, "Long Term Debt": {"2019-12-31": "25.07400", "2018-12-31": "25.03100", "2017-12-31": "25.03300", "2016-12-31": "25.04800", "2015-12-31": "35.00000", "2014-12-31": "", "2013-12-31": "", "2012-12-31": "", "2011-12-31": "", "2010-12-31": "", "2009-12-31": "", "2008-12-31": ""}, "Other Non-Current Liabilities": {"2019-12-31": "55.19300", "2018-12-31": "61.34600", "2017-12-31": "69.30900", "2016-12-31": "3.13200", "2015-12-31": "2.40200", "2014-12-31": "", "2013-12-31": "1.22800", "2012-12-31": "1.22800", "2011-12-31": "1.20400", "2010-12-31": "", "2009-12-31": "1.26400", "2008-12-31": ""}, "Total Long Term Liabilities": {"2019-12-31": "261.11500", "2018-12-31": "86.37700", "2017-12-31": "94.34200", "2016-12-31": "28.18000", "2015-12-31": "37.40200", "2014-12-31": "4.56300", "2013-12-31": "2.11200", "2012-12-31": "5.18200", "2011-12-31": "87.42700", "2010-12-31": "68.55000", "2009-12-31": "88.81100", "2008-12-31": ""}, "Total Liabilities": {"2019-12-31": "648.06300", "2018-12-31": "349.20600", "2017-12-31": "275.30900", "2016-12-31": "144.39900", "2015-12-31": "165.31300", "2014-12-31": "129.97600", "2013-12-31": "56.77600", "2012-12-31": "64.53400", "2011-12-31": "140.55400", "2010-12-31": "104.27700", "2009-12-31": "118.87300", "2008-12-31": "0.00000"}, "Common Stock Net": {"2019-12-31": "0.05500", "2018-12-31": "0.05400", "2017-12-31": "0.05300", "2016-12-31": "0.05000", "2015-12-31": "0.04900", "2014-12-31": "0.04800", "2013-12-31": "0.04600", "2012-12-31": "0.04400", "2011-12-31": "0.01700", "2010-12-31": "0.01700", "2009-12-31": "0.01700", "2008-12-31": "0.00000"}, "Retained Earnings (Accumulated Deficit)": {"2019-12-31": "1020.59000", "2018-12-31": "759.53300", "2017-12-31": "518.82000", "2016-12-31": "444.32000", "2015-12-31": "345.05400", "2014-12-31": "260.59800", "2013-12-31": "190.98600", "2012-12-31": "128.99200", "2011-12-31": "74.50800", "2010-12-31": "47.71800", "2009-12-31": "20.84200", "2008-12-31": ""}, "Comprehensive Income": {"2019-12-31": "-31.37400", "2018-12-31": "-41.51400", "2017-12-31": "-17.62300", "2016-12-31": "-37.68800", "2015-12-31": "-35.15000", "2014-12-31": "-22.05400", "2013-12-31": "-1.83200", "2012-12-31": "-1.02100", "2011-12-31": "-3.51400", "2010-12-31": "-2.26400", "2009-12-31": "-1.86700", "2008-12-31": ""}, "Other Share Holders Equity": {"2019-12-31": "", "2018-12-31": "", "2017-12-31": "", "2016-12-31": "", "2015-12-31": "", "2014-12-31": "", "2013-12-31": "", "2012-12-31": "", "2011-12-31": "", "2010-12-31": "0.33200", "2009-12-31": "", "2008-12-31": "0.00000"}, "Share Holder Equity": {"2019-12-31": "1596.14500", "2018-12-31": "1262.59600", "2017-12-31": "974.94700", "2016-12-31": "781.41200", "2015-12-31": "613.22300", "2014-12-31": "464.05000", "2013-12-31": "376.10100", "2012-12-31": "286.28000", "2011-12-31": "95.05900", "2010-12-31": "66.58100", "2009-12-31": "16.53400", "2008-12-31": "0.00000"}, "Total Liabilities And Share Holders Equity": {"2019-12-31": "2244.20800", "2018-12-31": "1611.80200", "2017-12-31": "1250.25600", "2016-12-31": "925.81100", "2015-12-31": "778.53600", "2014-12-31": "594.02600", "2013-12-31": "432.87700", "2012-12-31": "350.81400", "2011-12-31": "235.61300", "2010-12-31": "170.85800", "2009-12-31": "135.40700", "2008-12-31": "0.00000"}}, "balance sheet, quarterly": {"Cash On Hand": {"2020-09-30": "1221.15400", "2020-06-30": "1053.74900", "2020-03-31": "916.25300", "2019-12-31": "936.56100", "2019-09-30": "853.24100", "2019-06-30": "777.36500", "2019-03-31": "762.52900", "2018-12-31": "770.56000", "2018-09-30": "685.10800", "2018-06-30": "584.08100", "2018-03-31": "535.85700", "2017-12-31": "582.58500", "2017-09-30": "513.29600", "2017-06-30": "446.54200", "2017-03-31": "399.09000", "2016-12-31": "362.02500", "2016-09-30": "330.62700", "2016-06-30": "280.72400", "2016-03-31": "244.87700", "2015-12-31": "229.63000", "2015-09-30": "244.44300", "2015-06-30": "205.71700", "2015-03-31": "222.36300", "2014-12-31": "220.53400", "2014-09-30": "192.30700", "2014-06-30": "176.21700", "2014-03-31": "180.95000", "2013-12-31": "170.69300", "2013-09-30": "123.19600", "2013-06-30": "108.51200", "2013-03-31": "104.39200", "2012-12-31": "119.77800", "2012-09-30": "108.37800", "2012-06-30": "105.44600", "2012-03-31": "112.73600", "2011-12-31": "88.79600", "2011-09-30": "67.39900", "2011-06-30": "63.33300", "2011-03-31": "48.63100", "2010-12-31": "54.00400", "2010-09-30": "", "2010-06-30": "", "2010-03-31": "", "2009-12-31": "52.92000", "2008-12-31": ""}, "Receivables": {"2020-09-30": "493.22500", "2020-06-30": "506.90800", "2020-03-31": "542.69800", "2019-12-31": "497.71600", "2019-09-30": "482.06100", "2019-06-30": "479.65000", "2019-03-31": "451.35400", "2018-12-31": "402.33700", "2018-09-30": "411.95900", "2018-06-30": "406.43500", "2018-03-31": "399.10200", "2017-12-31": "352.13900", "2017-09-30": "336.49600", "2017-06-30": "316.13100", "2017-03-31": "279.52400", "2016-12-31": "263.30700", "2016-09-30": "270.19300", "2016-06-30": "274.84100", "2016-03-31": "272.88500", "2015-12-31": "270.42500", "2015-09-30": "230.54300", "2015-06-30": "227.20700", "2015-03-31": "192.74700", "2014-12-31": "180.33400", "2014-09-30": "184.86600", "2014-06-30": "176.05900", "2014-03-31": "148.72300", "2013-12-31": "138.53900", "2013-09-30": "152.56800", "2013-06-30": "140.49700", "2013-03-31": "127.42700", "2012-12-31": "112.32000", "2012-09-30": "112.20900", "2012-06-30": "105.00300", "2012-03-31": "96.19600", "2011-12-31": "83.94700", "2011-09-30": "84.34400", "2011-06-30": "77.37600", "2011-03-31": "74.68000", "2010-12-31": "65.37100", "2010-09-30": "", "2010-06-30": "", "2010-03-31": "", "2009-12-31": "41.40000", "2008-12-31": ""}, "Inventory": {"2020-09-30": "", "2020-06-30": "", "2020-03-31": "", "2019-12-31": "", "2019-09-30": "", "2019-06-30": "", "2019-03-31": "", "2018-12-31": "", "2018-09-30": "", "2018-06-30": "", "2018-03-31": "", "2017-12-31": "", "2017-09-30": "", "2017-06-30": "", "2017-03-31": "", "2016-12-31": "", "2016-09-30": "", "2016-06-30": "", "2016-03-31": "", "2015-12-31": "", "2015-09-30": "", "2015-06-30": "", "2015-03-31": "", "2014-12-31": "", "2014-09-30": "", "2014-06-30": "", "2014-03-31": "", "2013-12-31": "", "2013-09-30": "", "2013-06-30": "", "2013-03-31": "", "2012-12-31": "", "2012-09-30": "", "2012-06-30": "", "2012-03-31": "", "2011-12-31": "", "2011-09-30": "", "2011-06-30": "", "2011-03-31": "", "2010-12-31": "", "2010-09-30": "", "2010-06-30": "", "2010-03-31": "", "2009-12-31": "", "2008-12-31": ""}, "Pre-Paid Expenses": {"2020-09-30": "37.84300", "2020-06-30": "37.67900", "2020-03-31": "48.78600", "2019-12-31": "39.93400", "2019-09-30": "29.39000", "2019-06-30": "28.80800", "2019-03-31": "30.86400", "2018-12-31": "26.17100", "2018-09-30": "29.64600", "2018-06-30": "31.91900", "2018-03-31": "33.15400", "2017-12-31": "25.30900", "2017-09-30": "31.55700", "2017-06-30": "23.27500", "2017-03-31": "26.70200", "2016-12-31": "18.49300", "2016-09-30": "32.20500", "2016-06-30": "15.27300", "2016-03-31": "19.26100", "2015-12-31": "14.34400", "2015-09-30": "20.20500", "2015-06-30": "19.63500", "2015-03-31": "14.39000", "2014-12-31": "9.28900", "2014-09-30": "18.18800", "2014-06-30": "16.20000", "2014-03-31": "15.11100", "2013-12-31": "14.35500", "2013-09-30": "22.23400", "2013-06-30": "17.16700", "2013-03-31": "15.73800", "2012-12-31": "11.83500", "2012-09-30": "13.27000", "2012-06-30": "10.32300", "2012-03-31": "10.15700", "2011-12-31": "6.43600", "2011-09-30": "4.88000", "2011-06-30": "9.12300", "2011-03-31": "8.34400", "2010-12-31": "5.75000", "2010-09-30": "", "2010-06-30": "", "2010-03-31": "", "2009-12-31": "", "2008-12-31": ""}, "Other Current Assets": {"2020-09-30": "", "2020-06-30": "", "2020-03-31": "", "2019-12-31": "", "2019-09-30": "", "2019-06-30": "", "2019-03-31": "", "2018-12-31": "", "2018-09-30": "", "2018-06-30": "", "2018-03-31": "", "2017-12-31": "", "2017-09-30": "", "2017-06-30": "", "2017-03-31": "", "2016-12-31": "", "2016-09-30": "", "2016-06-30": "", "2016-03-31": "", "2015-12-31": "", "2015-09-30": "", "2015-06-30": "", "2015-03-31": "", "2014-12-31": "", "2014-09-30": "", "2014-06-30": "", "2014-03-31": "", "2013-12-31": "", "2013-09-30": "", "2013-06-30": "", "2013-03-31": "", "2012-12-31": "", "2012-09-30": "", "2012-06-30": "", "2012-03-31": "", "2011-12-31": "", "2011-09-30": "", "2011-06-30": "", "2011-03-31": "", "2010-12-31": "", "2010-09-30": "", "2010-06-30": "", "2010-03-31": "", "2009-12-31": "5.75000", "2008-12-31": ""}, "Total Current Assets": {"2020-09-30": "1752.22200", "2020-06-30": "1598.33600", "2020-03-31": "1507.73700", "2019-12-31": "1474.21100", "2019-09-30": "1364.69200", "2019-06-30": "1285.82300", "2019-03-31": "1244.74700", "2018-12-31": "1199.06800", "2018-09-30": "1129.00200", "2018-06-30": "1024.51900", "2018-03-31": "970.18000", "2017-12-31": "960.03300", "2017-09-30": "883.74200", "2017-06-30": "788.48100", "2017-03-31": "708.01000", "2016-12-31": "646.55100", "2016-09-30": "635.72300", "2016-06-30": "573.52200", "2016-03-31": "552.23800", "2015-12-31": "528.93500", "2015-09-30": "500.06000", "2015-06-30": "456.96600", "2015-03-31": "433.81500", "2014-12-31": "415.08700", "2014-09-30": "401.94000", "2014-06-30": "374.83900", "2014-03-31": "352.26400", "2013-12-31": "330.96800", "2013-09-30": "305.19600", "2013-06-30": "273.46900", "2013-03-31": "255.39700", "2012-12-31": "250.95500", "2012-09-30": "237.67200", "2012-06-30": "224.77200", "2012-03-31": "223.10500", "2011-12-31": "183.56300", "2011-09-30": "159.42900", "2011-06-30": "152.52400", "2011-03-31": "134.59500", "2010-12-31": "128.24700", "2010-09-30": "", "2010-06-30": "", "2010-03-31": "", "2009-12-31": "98.71000", "2008-12-31": ""}, "Property, Plant, And Equipment": {"2020-09-30": "163.68900", "2020-06-30": "167.35900", "2020-03-31": "164.67100", "2019-12-31": "165.25900", "2019-09-30": "115.32100", "2019-06-30": "111.17500", "2019-03-31": "105.80500", "2018-12-31": "102.64600", "2018-09-30": "99.46500", "2018-06-30": "98.45000", "2018-03-31": "96.82500", "2017-12-31": "86.41900", "2017-09-30": "77.93500", "2017-06-30": "77.11500", "2017-03-31": "75.96200", "2016-12-31": "73.61600", "2016-09-30": "70.28400", "2016-06-30": "66.75100", "2016-03-31": "64.29400", "2015-12-31": "60.49900", "2015-09-30": "60.55200", "2015-06-30": "58.44600", "2015-03-31": "55.11500", "2014-12-31": "55.13400", "2014-09-30": "54.66500", "2014-06-30": "54.52300", "2014-03-31": "53.07200", "2013-12-31": "53.31500", "2013-09-30": "54.06200", "2013-06-30": "55.40000", "2013-03-31": "53.26500", "2012-12-31": "53.13500", "2012-09-30": "52.94800", "2012-06-30": "40.21900", "2012-03-31": "37.20000", "2011-12-31": "35.48200", "2011-09-30": "34.06300", "2011-06-30": "31.47900", "2011-03-31": "28.03000", "2010-12-31": "25.33800", "2010-09-30": "", "2010-06-30": "", "2010-03-31": "", "2009-12-31": "32.21000", "2008-12-31": ""}, "Long-Term Investments": {"2020-09-30": "", "2020-06-30": "", "2020-03-31": "", "2019-12-31": "", "2019-09-30": "", "2019-06-30": "", "2019-03-31": "", "2018-12-31": "", "2018-09-30": "", "2018-06-30": "", "2018-03-31": "", "2017-12-31": "", "2017-09-30": "", "2017-06-30": "", "2017-03-31": "", "2016-12-31": "", "2016-09-30": "", "2016-06-30": "", "2016-03-31": "", "2015-12-31": "", "2015-09-30": "", "2015-06-30": "", "2015-03-31": "", "2014-12-31": "", "2014-09-30": "", "2014-06-30": "", "2014-03-31": "", "2013-12-31": "", "2013-09-30": "", "2013-06-30": "", "2013-03-31": "", "2012-12-31": "", "2012-09-30": "", "2012-06-30": "", "2012-03-31": "", "2011-12-31": "", "2011-09-30": "", "2011-06-30": "", "2011-03-31": "", "2010-12-31": "", "2010-09-30": "", "2010-06-30": "", "2010-03-31": "", "2009-12-31": "", "2008-12-31": ""}, "Goodwill And Intangible Assets": {"2020-09-30": "262.08500", "2020-06-30": "254.92600", "2020-03-31": "257.21000", "2019-12-31": "251.30100", "2019-09-30": "242.83600", "2019-06-30": "233.03500", "2019-03-31": "217.79400", "2018-12-31": "223.89700", "2018-09-30": "197.65600", "2018-06-30": "199.86800", "2018-03-31": "209.83700", "2017-12-31": "164.04200", "2017-09-30": "165.69000", "2017-06-30": "166.23700", "2017-03-31": "159.95900", "2016-12-31": "160.54900", "2016-09-30": "165.58900", "2016-06-30": "166.63000", "2016-03-31": "164.38000", "2015-12-31": "162.79000", "2015-09-30": "121.40500", "2015-06-30": "100.02700", "2015-03-31": "101.43700", "2014-12-31": "105.10600", "2014-09-30": "85.33500", "2014-06-30": "91.92800", "2014-03-31": "39.34900", "2013-12-31": "36.00200", "2013-09-30": "36.95000", "2013-06-30": "37.41900", "2013-03-31": "38.60500", "2012-12-31": "39.53200", "2012-09-30": "17.31900", "2012-06-30": "18.66300", "2012-03-31": "9.57000", "2011-12-31": "9.42000", "2011-09-30": "9.58800", "2011-06-30": "10.18400", "2011-03-31": "12.06700", "2010-12-31": "12.05500", "2010-09-30": "0.00000", "2010-06-30": "0.00000", "2010-03-31": "0.00000", "2009-12-31": "11.95000", "2008-12-31": "0.00000"}, "Other Long-Term Assets": {"2020-09-30": "54.57800", "2020-06-30": "55.64700", "2020-03-31": "59.54800", "2019-12-31": "39.43300", "2019-09-30": "35.09800", "2019-06-30": "21.23700", "2019-03-31": "20.65300", "2018-12-31": "16.20800", "2018-09-30": "14.49800", "2018-06-30": "12.88400", "2018-03-31": "16.50700", "2017-12-31": "14.78800", "2017-09-30": "12.87700", "2017-06-30": "11.82300", "2017-03-31": "10.87000", "2016-12-31": "10.83800", "2016-09-30": "7.72200", "2016-06-30": "7.51600", "2016-03-31": "5.27300", "2015-12-31": "4.35100", "2015-09-30": "3.52800", "2015-06-30": "3.67200", "2015-03-31": "3.90800", "2014-12-31": "3.52400", "2014-09-30": "3.95500", "2014-06-30": "3.07400", "2014-03-31": "5.01300", "2013-12-31": "3.63400", "2013-09-30": "1.21500", "2013-06-30": "1.29100", "2013-03-31": "1.08700", "2012-12-31": "1.09900", "2012-09-30": "1.25200", "2012-06-30": "2.47400", "2012-03-31": "2.94400", "2011-12-31": "5.27300", "2011-09-30": "4.42100", "2011-06-30": "4.21300", "2011-03-31": "3.03000", "2010-12-31": "2.92400", "2010-09-30": "", "2010-06-30": "", "2010-03-31": "", "2009-12-31": "0.52000", "2008-12-31": ""}, "Total Long-Term Assets": {"2020-09-30": "803.20300", "2020-06-30": "790.79400", "2020-03-31": "804.14400", "2019-12-31": "769.99690", "2019-09-30": "675.47090", "2019-06-30": "645.62810", "2019-03-31": "586.68800", "2018-12-31": "412.73400", "2018-09-30": "374.98000", "2018-06-30": "367.67600", "2018-03-31": "373.22200", "2017-12-31": "290.22300", "2017-09-30": "289.26400", "2017-06-30": "290.90200", "2017-03-31": "278.97700", "2016-12-31": "279.26000", "2016-09-30": "273.47600", "2016-06-30": "270.36600", "2016-03-31": "255.62700", "2015-12-31": "249.60100", "2015-09-30": "203.66800", "2015-06-30": "179.52700", "2015-03-31": "175.71900", "2014-12-31": "178.93900", "2014-09-30": "163.09100", "2014-06-30": "163.12500", "2014-03-31": "106.37300", "2013-12-31": "101.90900", "2013-09-30": "100.26800", "2013-06-30": "101.04800", "2013-03-31": "101.34900", "2012-12-31": "99.85900", "2012-09-30": "75.04800", "2012-06-30": "63.22200", "2012-03-31": "51.50500", "2011-12-31": "52.05000", "2011-09-30": "50.32900", "2011-06-30": "48.38400", "2011-03-31": "45.67800", "2010-12-31": "42.61100", "2010-09-30": "", "2010-06-30": "", "2010-03-31": "", "2009-12-31": "45.84000", "2008-12-31": ""}, "Total Assets": {"2020-09-30": "2555.42500", "2020-06-30": "2389.13000", "2020-03-31": "2311.88100", "2019-12-31": "2244.20800", "2019-09-30": "2040.16300", "2019-06-30": "1931.45100", "2019-03-31": "1831.43500", "2018-12-31": "1611.80200", "2018-09-30": "1503.98200", "2018-06-30": "1392.19500", "2018-03-31": "1343.40200", "2017-12-31": "1250.25600", "2017-09-30": "1173.00600", "2017-06-30": "1079.38300", "2017-03-31": "986.98700", "2016-12-31": "925.81100", "2016-09-30": "909.19900", "2016-06-30": "843.88800", "2016-03-31": "807.86500", "2015-12-31": "778.53600", "2015-09-30": "703.72800", "2015-06-30": "636.49300", "2015-03-31": "609.53400", "2014-12-31": "594.02600", "2014-09-30": "565.03100", "2014-06-30": "537.96400", "2014-03-31": "458.63700", "2013-12-31": "432.87700", "2013-09-30": "405.46400", "2013-06-30": "374.51700", "2013-03-31": "356.74600", "2012-12-31": "350.81400", "2012-09-30": "312.72000", "2012-06-30": "287.99400", "2012-03-31": "274.61000", "2011-12-31": "235.61300", "2011-09-30": "209.75800", "2011-06-30": "200.90800", "2011-03-31": "180.27300", "2010-12-31": "170.85800", "2010-09-30": "0.00000", "2010-06-30": "0.00000", "2010-03-31": "0.00000", "2009-12-31": "135.40000", "2008-12-31": "0.00000"}, "Total Current Liabilities": {"2020-09-30": "414.83100", "2020-06-30": "365.58000", "2020-03-31": "389.32100", "2019-12-31": "386.94800", "2019-09-30": "311.47000", "2019-06-30": "272.61400", "2019-03-31": "282.56600", "2018-12-31": "262.82900", "2018-09-30": "220.97300", "2018-06-30": "181.41100", "2018-03-31": "179.90800", "2017-12-31": "180.96700", "2017-09-30": "158.98400", "2017-06-30": "130.22000", "2017-03-31": "122.89100", "2016-12-31": "116.21900", "2016-09-30": "122.43000", "2016-06-30": "92.01400", "2016-03-31": "107.54400", "2015-12-31": "127.91100", "2015-09-30": "112.36800", "2015-06-30": "90.00100", "2015-03-31": "117.59700", "2014-12-31": "125.41300", "2014-09-30": "84.06800", "2014-06-30": "77.64300", "2014-03-31": "60.45500", "2013-12-31": "54.66400", "2013-09-30": "52.11500", "2013-06-30": "47.34000", "2013-03-31": "48.36700", "2012-12-31": "59.35200", "2012-09-30": "46.07200", "2012-06-30": "43.90100", "2012-03-31": "47.10900", "2011-12-31": "53.12700", "2011-09-30": "39.80900", "2011-06-30": "44.88500", "2011-03-31": "33.41900", "2010-12-31": "35.72700", "2010-09-30": "", "2010-06-30": "", "2010-03-31": "", "2009-12-31": "30.06000", "2008-12-31": ""}, "Long Term Debt": {"2020-09-30": "25.03900", "2020-06-30": "25.04400", "2020-03-31": "25.04600", "2019-12-31": "25.07400", "2019-09-30": "25.00000", "2019-06-30": "25.00000", "2019-03-31": "25.00000", "2018-12-31": "25.03100", "2018-09-30": "25.02800", "2018-06-30": "25.02000", "2018-03-31": "25.02500", "2017-12-31": "25.03300", "2017-09-30": "25.04100", "2017-06-30": "25.03300", "2017-03-31": "25.04000", "2016-12-31": "25.04800", "2016-09-30": "33.06200", "2016-06-30": "40.08800", "2016-03-31": "40.11600", "2015-12-31": "35.00000", "2015-09-30": "15.00000", "2015-06-30": "", "2015-03-31": "", "2014-12-31": "", "2014-09-30": "", "2014-06-30": "", "2014-03-31": "", "2013-12-31": "", "2013-09-30": "", "2013-06-30": "", "2013-03-31": "", "2012-12-31": "", "2012-09-30": "", "2012-06-30": "", "2012-03-31": "", "2011-12-31": "", "2011-09-30": "", "2011-06-30": "", "2011-03-31": "", "2010-12-31": "", "2010-09-30": "", "2010-06-30": "", "2010-03-31": "", "2009-12-31": "", "2008-12-31": ""}, "Other Non-Current Liabilities": {"2020-09-30": "71.38600", "2020-06-30": "63.70700", "2020-03-31": "60.72000", "2019-12-31": "55.19300", "2019-09-30": "57.59600", "2019-06-30": "53.45300", "2019-03-31": "57.70900", "2018-12-31": "61.34600", "2018-09-30": "62.04600", "2018-06-30": "72.96100", "2018-03-31": "83.12100", "2017-12-31": "69.30900", "2017-09-30": "3.83600", "2017-06-30": "4.42400", "2017-03-31": "3.95400", "2016-12-31": "3.13200", "2016-09-30": "0.26800", "2016-06-30": "", "2016-03-31": "", "2015-12-31": "2.40200", "2015-09-30": "", "2015-06-30": "", "2015-03-31": "", "2014-12-31": "", "2014-09-30": "31.67200", "2014-06-30": "33.12000", "2014-03-31": "1.22800", "2013-12-31": "1.22800", "2013-09-30": "1.22800", "2013-06-30": "1.22800", "2013-03-31": "1.22800", "2012-12-31": "1.22800", "2012-09-30": "1.22800", "2012-06-30": "1.21800", "2012-03-31": "1.21100", "2011-12-31": "1.20400", "2011-09-30": "1.15900", "2011-06-30": "0.13300", "2011-03-31": "0.33200", "2010-12-31": "", "2010-09-30": "", "2010-06-30": "", "2010-03-31": "", "2009-12-31": "", "2008-12-31": ""}, "Total Long Term Liabilities": {"2020-09-30": "280.36000", "2020-06-30": "270.45600", "2020-03-31": "275.07800", "2019-12-31": "261.11500", "2019-09-30": "236.57600", "2019-06-30": "236.59000", "2019-03-31": "210.64400", "2018-12-31": "86.37700", "2018-09-30": "87.07400", "2018-06-30": "97.98100", "2018-03-31": "108.14600", "2017-12-31": "94.34200", "2017-09-30": "28.87700", "2017-06-30": "29.45700", "2017-03-31": "28.99400", "2016-12-31": "28.18000", "2016-09-30": "36.65700", "2016-06-30": "42.90700", "2016-03-31": "42.69900", "2015-12-31": "37.40200", "2015-09-30": "18.49200", "2015-06-30": "2.43200", "2015-03-31": "4.10600", "2014-12-31": "4.56300", "2014-09-30": "35.26300", "2014-06-30": "33.67400", "2014-03-31": "1.90200", "2013-12-31": "2.11200", "2013-09-30": "1.73700", "2013-06-30": "1.94400", "2013-03-31": "4.92000", "2012-12-31": "5.18200", "2012-09-30": "1.49700", "2012-06-30": "1.48700", "2012-03-31": "1.49400", "2011-12-31": "87.42700", "2011-09-30": "87.27000", "2011-06-30": "86.31900", "2011-03-31": "71.18500", "2010-12-31": "68.55000", "2010-09-30": "", "2010-06-30": "", "2010-03-31": "", "2009-12-31": "87.54000", "2008-12-31": ""}, "Total Liabilities": {"2020-09-30": "695.19100", "2020-06-30": "636.03600", "2020-03-31": "664.39900", "2019-12-31": "648.06300", "2019-09-30": "548.04600", "2019-06-30": "509.20400", "2019-03-31": "493.21000", "2018-12-31": "349.20600", "2018-09-30": "308.04700", "2018-06-30": "279.39200", "2018-03-31": "288.05400", "2017-12-31": "275.30900", "2017-09-30": "187.86100", "2017-06-30": "159.67700", "2017-03-31": "151.88500", "2016-12-31": "144.39900", "2016-09-30": "159.08700", "2016-06-30": "134.92100", "2016-03-31": "150.24300", "2015-12-31": "165.31300", "2015-09-30": "130.86000", "2015-06-30": "92.43300", "2015-03-31": "121.70300", "2014-12-31": "129.97600", "2014-09-30": "119.33100", "2014-06-30": "111.31700", "2014-03-31": "62.35700", "2013-12-31": "56.77600", "2013-09-30": "53.85200", "2013-06-30": "49.28400", "2013-03-31": "53.28700", "2012-12-31": "64.53400", "2012-09-30": "47.56900", "2012-06-30": "45.38800", "2012-03-31": "48.60300", "2011-12-31": "140.55400", "2011-09-30": "127.07900", "2011-06-30": "131.20400", "2011-03-31": "104.60400", "2010-12-31": "104.27700", "2010-09-30": "0.00000", "2010-06-30": "0.00000", "2010-03-31": "0.00000", "2009-12-31": "118.87000", "2008-12-31": "0.00000"}, "Common Stock Net": {"2020-09-30": "0.05600", "2020-06-30": "0.05600", "2020-03-31": "0.05600", "2019-12-31": "0.05500", "2019-09-30": "0.05500", "2019-06-30": "0.05500", "2019-03-31": "0.05400", "2018-12-31": "0.05400", "2018-09-30": "0.05400", "2018-06-30": "0.05400", "2018-03-31": "0.05300", "2017-12-31": "0.05300", "2017-09-30": "0.05200", "2017-06-30": "0.05100", "2017-03-31": "0.05100", "2016-12-31": "0.05000", "2016-09-30": "0.05000", "2016-06-30": "0.05000", "2016-03-31": "0.04900", "2015-12-31": "0.04900", "2015-09-30": "0.04900", "2015-06-30": "0.04900", "2015-03-31": "0.04800", "2014-12-31": "0.04800", "2014-09-30": "0.04800", "2014-06-30": "0.04800", "2014-03-31": "0.04700", "2013-12-31": "0.04600", "2013-09-30": "0.04600", "2013-06-30": "0.04600", "2013-03-31": "0.04500", "2012-12-31": "0.04400", "2012-09-30": "0.04300", "2012-06-30": "0.04300", "2012-03-31": "0.04200", "2011-12-31": "0.01700", "2011-09-30": "0.01700", "2011-06-30": "0.00200", "2011-03-31": "0.00200", "2010-12-31": "0.01700", "2010-09-30": "0.00000", "2010-06-30": "0.00000", "2010-03-31": "0.00000", "2009-12-31": "0.01000", "2008-12-31": "0.00000"}, "Retained Earnings (Accumulated Deficit)": {"2020-09-30": "1262.34100", "2020-06-30": "1172.90900", "2020-03-31": "1106.28500", "2019-12-31": "1020.59000", "2019-09-30": "946.06600", "2019-06-30": "879.06400", "2019-03-31": "820.28700", "2018-12-31": "759.53300", "2018-09-30": "699.56800", "2018-06-30": "633.95000", "2018-03-31": "583.69500", "2017-12-31": "518.82000", "2017-09-30": "549.69400", "2017-06-30": "507.06000", "2017-03-31": "469.70100", "2016-12-31": "444.32000", "2016-09-30": "419.55700", "2016-06-30": "393.38300", "2016-03-31": "368.95300", "2015-12-31": "345.05400", "2015-09-30": "317.41600", "2015-06-30": "294.54300", "2015-03-31": "275.31200", "2014-12-31": "260.59800", "2014-09-30": "242.20400", "2014-06-30": "223.16400", "2014-03-31": "208.35000", "2013-12-31": "190.98600", "2013-09-30": "172.22700", "2013-06-30": "155.79000", "2013-03-31": "141.67200", "2012-12-31": "128.99200", "2012-09-30": "113.99300", "2012-06-30": "99.92800", "2012-03-31": "86.60700", "2011-12-31": "74.50800", "2011-09-30": "79.68700", "2011-06-30": "65.73700", "2011-03-31": "57.46000", "2010-12-31": "47.71800", "2010-09-30": "", "2010-06-30": "", "2010-03-31": "", "2009-12-31": "20.84000", "2008-12-31": ""}, "Comprehensive Income": {"2020-09-30": "-50.67200", "2020-06-30": "-50.37300", "2020-03-31": "-69.26100", "2019-12-31": "-31.37400", "2019-09-30": "-43.59100", "2019-06-30": "-31.31400", "2019-03-31": "-35.47100", "2018-12-31": "-41.51400", "2018-09-30": "-34.34700", "2018-06-30": "-32.15500", "2018-03-31": "-14.24500", "2017-12-31": "-17.62300", "2017-09-30": "-21.04800", "2017-06-30": "-26.75100", "2017-03-31": "-31.30200", "2016-12-31": "-37.68800", "2016-09-30": "-32.47900", "2016-06-30": "-32.83700", "2016-03-31": "-30.45100", "2015-12-31": "-35.15000", "2015-09-30": "-29.45100", "2015-06-30": "-21.11000", "2015-03-31": "-24.78400", "2014-12-31": "-22.05400", "2014-09-30": "-10.77400", "2014-06-30": "-2.51500", "2014-03-31": "-5.40900", "2013-12-31": "-1.83200", "2013-09-30": "-1.43400", "2013-06-30": "-4.40900", "2013-03-31": "-3.36400", "2012-12-31": "-1.02100", "2012-09-30": "-1.66200", "2012-06-30": "-4.36600", "2012-03-31": "-1.90200", "2011-12-31": "-3.51400", "2011-09-30": "-2.66500", "2011-06-30": "-0.84500", "2011-03-31": "-1.01200", "2010-12-31": "-2.26400", "2010-09-30": "", "2010-06-30": "", "2010-03-31": "", "2009-12-31": "", "2008-12-31": ""}, "Other Share Holders Equity": {"2020-09-30": "", "2020-06-30": "", "2020-03-31": "", "2019-12-31": "", "2019-09-30": "", "2019-06-30": "", "2019-03-31": "", "2018-12-31": "", "2018-09-30": "", "2018-06-30": "", "2018-03-31": "", "2017-12-31": "", "2017-09-30": "", "2017-06-30": "", "2017-03-31": "", "2016-12-31": "", "2016-09-30": "", "2016-06-30": "", "2016-03-31": "", "2015-12-31": "", "2015-09-30": "", "2015-06-30": "", "2015-03-31": "", "2014-12-31": "", "2014-09-30": "", "2014-06-30": "", "2014-03-31": "", "2013-12-31": "", "2013-09-30": "", "2013-06-30": "", "2013-03-31": "", "2012-12-31": "", "2012-09-30": "", "2012-06-30": "", "2012-03-31": "", "2011-12-31": "", "2011-09-30": "", "2011-06-30": "", "2011-03-31": "", "2010-12-31": "0.33200", "2010-09-30": "0.00000", "2010-06-30": "0.00000", "2010-03-31": "0.00000", "2009-12-31": "-0.60000", "2008-12-31": "0.00000"}, "Share Holder Equity": {"2020-09-30": "1860.23400", "2020-06-30": "1753.09400", "2020-03-31": "1647.48200", "2019-12-31": "1596.14500", "2019-09-30": "1492.11700", "2019-06-30": "1422.24700", "2019-03-31": "1338.22500", "2018-12-31": "1262.59600", "2018-09-30": "1195.93500", "2018-06-30": "1112.80300", "2018-03-31": "1055.34800", "2017-12-31": "974.94700", "2017-09-30": "985.14500", "2017-06-30": "919.70600", "2017-03-31": "835.10200", "2016-12-31": "781.41200", "2016-09-30": "750.11200", "2016-06-30": "708.96700", "2016-03-31": "657.62200", "2015-12-31": "613.22300", "2015-09-30": "572.86800", "2015-06-30": "544.06000", "2015-03-31": "487.83100", "2014-12-31": "464.05000", "2014-09-30": "445.70000", "2014-06-30": "426.64700", "2014-03-31": "396.28000", "2013-12-31": "376.10100", "2013-09-30": "351.61200", "2013-06-30": "325.23300", "2013-03-31": "303.45900", "2012-12-31": "286.28000", "2012-09-30": "265.15100", "2012-06-30": "242.60600", "2012-03-31": "226.00700", "2011-12-31": "95.05900", "2011-09-30": "82.67900", "2011-06-30": "69.70400", "2011-03-31": "75.66900", "2010-12-31": "66.58100", "2010-09-30": "0.00000", "2010-06-30": "0.00000", "2010-03-31": "0.00000", "2009-12-31": "16.53000", "2008-12-31": "0.00000"}, "Total Liabilities And Share Holders Equity": {"2020-09-30": "2555.42500", "2020-06-30": "2389.13000", "2020-03-31": "2311.88100", "2019-12-31": "2244.20800", "2019-09-30": "2040.16300", "2019-06-30": "1931.45100", "2019-03-31": "1831.43500", "2018-12-31": "1611.80200", "2018-09-30": "1503.98200", "2018-06-30": "1392.19500", "2018-03-31": "1343.40200", "2017-12-31": "1250.25600", "2017-09-30": "1173.00600", "2017-06-30": "1079.38300", "2017-03-31": "986.98700", "2016-12-31": "925.81100", "2016-09-30": "909.19900", "2016-06-30": "843.88800", "2016-03-31": "807.86500", "2015-12-31": "778.53600", "2015-09-30": "703.72800", "2015-06-30": "636.49300", "2015-03-31": "609.53400", "2014-12-31": "594.02600", "2014-09-30": "565.03100", "2014-06-30": "537.96400", "2014-03-31": "458.63700", "2013-12-31": "432.87700", "2013-09-30": "405.46400", "2013-06-30": "374.51700", "2013-03-31": "356.74600", "2012-12-31": "350.81400", "2012-09-30": "312.72000", "2012-06-30": "287.99400", "2012-03-31": "274.61000", "2011-12-31": "235.61300", "2011-09-30": "209.75800", "2011-06-30": "200.90800", "2011-03-31": "180.27300", "2010-12-31": "170.85800", "2010-09-30": "0.00000", "2010-06-30": "0.00000", "2010-03-31": "0.00000", "2009-12-31": "135.40000", "2008-12-31": "0.00000"}}, "cash flow statement": {"Net Income/Loss": {"2019-12-31": "261.05700", "2018-12-31": "240.25600", "2017-12-31": "72.76000", "2016-12-31": "99.26600", "2015-12-31": "84.45600", "2014-12-31": "69.64100", "2013-12-31": "61.99400", "2012-12-31": "54.48400", "2011-12-31": "44.35300", "2010-12-31": "28.30800", "2009-12-31": "13.52800", "2008-12-31": "4.05000"}, "Total Depreciation And Amortization - Cash Flow": {"2019-12-31": "45.31700", "2018-12-31": "36.64000", "2017-12-31": "28.56200", "2016-12-31": "23.38700", "2015-12-31": "17.39500", "2014-12-31": "17.48300", "2013-12-31": "15.12000", "2012-12-31": "10.88200", "2011-12-31": "9.23500", "2010-12-31": "6.24200", "2009-12-31": "5.61800", "2008-12-31": "4.88900"}, "Other Non-Cash Items": {"2019-12-31": "126.51400", "2018-12-31": "10.32400", "2017-12-31": "61.00900", "2016-12-31": "48.44300", "2015-12-31": "26.24900", "2014-12-31": "27.03300", "2013-12-31": "8.52400", "2012-12-31": "0.83200", "2011-12-31": "4.86700", "2010-12-31": "0.77200", "2009-12-31": "3.72000", "2008-12-31": "10.73700"}, "Total Non-Cash Items": {"2019-12-31": "171.83100", "2018-12-31": "46.96400", "2017-12-31": "89.57100", "2016-12-31": "71.83000", "2015-12-31": "43.64400", "2014-12-31": "44.51600", "2013-12-31": "23.64400", "2012-12-31": "11.71400", "2011-12-31": "14.10200", "2010-12-31": "7.01400", "2009-12-31": "9.33800", "2008-12-31": "15.62600"}, "Change In Accounts Receivable": {"2019-12-31": "-87.17400", "2018-12-31": "-46.90200", "2017-12-31": "-81.48800", "2016-12-31": "4.16500", "2015-12-31": "-85.77000", "2014-12-31": "-41.54400", "2013-12-31": "-27.13500", "2012-12-31": "-19.56900", "2011-12-31": "-20.03400", "2010-12-31": "-24.44400", "2009-12-31": "-4.86100", "2008-12-31": "-11.63900"}, "Change In Inventories": {"2019-12-31": "", "2018-12-31": "", "2017-12-31": "", "2016-12-31": "", "2015-12-31": "", "2014-12-31": "", "2013-12-31": "", "2012-12-31": "", "2011-12-31": "", "2010-12-31": "", "2009-12-31": "", "2008-12-31": ""}, "Change In Accounts Payable": {"2019-12-31": "-1.68500", "2018-12-31": "-0.77200", "2017-12-31": "1.22100", "2016-12-31": "6.00200", "2015-12-31": "-0.02900", "2014-12-31": "4.85000", "2013-12-31": "-2.11500", "2012-12-31": "4.30300", "2011-12-31": "3.05000", "2010-12-31": "-0.10100", "2009-12-31": "3.15800", "2008-12-31": "-0.27800"}, "Change In Assets/Liabilities": {"2019-12-31": "-60.57400", "2018-12-31": "-8.43200", "2017-12-31": "1.06100", "2016-12-31": "-2.39100", "2015-12-31": "-0.57400", "2014-12-31": "0.56500", "2013-12-31": "-1.73800", "2012-12-31": "-2.10600", "2011-12-31": "0.14900", "2010-12-31": "-2.04400", "2009-12-31": "4.08100", "2008-12-31": "-4.06100"}, "Total Change In Assets/Liabilities": {"2019-12-31": "-145.43500", "2018-12-31": "4.99800", "2017-12-31": "30.48900", "2016-12-31": "-3.87900", "2015-12-31": "-51.70700", "2014-12-31": "-9.28300", "2013-12-31": "-27.41300", "2012-12-31": "-17.69900", "2011-12-31": "-3.93500", "2010-12-31": "-14.84900", "2009-12-31": "3.24600", "2008-12-31": "-20.80600"}, "Cash Flow From Operating Activities": {"2019-12-31": "287.45300", "2018-12-31": "292.21800", "2017-12-31": "192.82000", "2016-12-31": "167.21700", "2015-12-31": "76.39300", "2014-12-31": "104.87400", "2013-12-31": "58.22500", "2012-12-31": "48.49900", "2011-12-31": "54.52000", "2010-12-31": "20.47300", "2009-12-31": "26.11200", "2008-12-31": "-1.13000"}, "Net Change In Property, Plant, And Equipment": {"2019-12-31": "-99.30800", "2018-12-31": "-37.57400", "2017-12-31": "-29.80600", "2016-12-31": "-29.31700", "2015-12-31": "-13.27200", "2014-12-31": "-11.91600", "2013-12-31": "-13.36000", "2012-12-31": "-13.37600", "2011-12-31": "-15.54800", "2010-12-31": "-8.36500", "2009-12-31": "-1.04900", "2008-12-31": "-9.84200"}, "Net Change In Intangible Assets": {"2019-12-31": "", "2018-12-31": "", "2017-12-31": "", "2016-12-31": "", "2015-12-31": "", "2014-12-31": "", "2013-12-31": "", "2012-12-31": "", "2011-12-31": "", "2010-12-31": "", "2009-12-31": "", "2008-12-31": ""}, "Net Acquisitions/Divestitures": {"2019-12-31": "-39.32200", "2018-12-31": "-74.26800", "2017-12-31": "-6.81000", "2016-12-31": "-5.50000", "2015-12-31": "-76.90800", "2014-12-31": "-37.09300", "2013-12-31": "-0.02000", "2012-12-31": "-32.95100", "2011-12-31": "", "2010-12-31": "-0.41200", "2009-12-31": "", "2008-12-31": "-1.17000"}, "Net Change In Short-term Investments": {"2019-12-31": "", "2018-12-31": "", "2017-12-31": "", "2016-12-31": "", "2015-12-31": "", "2014-12-31": "", "2013-12-31": "", "2012-12-31": "", "2011-12-31": "", "2010-12-31": "", "2009-12-31": "", "2008-12-31": ""}, "Net Change In Long-Term Investments": {"2019-12-31": "", "2018-12-31": "0.41800", "2017-12-31": "", "2016-12-31": "29.59700", "2015-12-31": "", "2014-12-31": "", "2013-12-31": "", "2012-12-31": "", "2011-12-31": "", "2010-12-31": "", "2009-12-31": "", "2008-12-31": ""}, "Net Change In Investments - Total": {"2019-12-31": "", "2018-12-31": "0.41800", "2017-12-31": "", "2016-12-31": "29.59700", "2015-12-31": "", "2014-12-31": "", "2013-12-31": "", "2012-12-31": "", "2011-12-31": "", "2010-12-31": "", "2009-12-31": "", "2008-12-31": ""}, "Investing Activities - Other": {"2019-12-31": "-6.73900", "2018-12-31": "-0.69900", "2017-12-31": "0.46500", "2016-12-31": "-4.10000", "2015-12-31": "-35.31400", "2014-12-31": "-3.92000", "2013-12-31": "-8.44000", "2012-12-31": "-13.30000", "2011-12-31": "-1.86000", "2010-12-31": "-2.04900", "2009-12-31": "-7.98100", "2008-12-31": "-8.32000"}, "Cash Flow From Investing Activities": {"2019-12-31": "-145.36900", "2018-12-31": "-112.12300", "2017-12-31": "-36.15100", "2016-12-31": "-9.32000", "2015-12-31": "-125.49400", "2014-12-31": "-52.92900", "2013-12-31": "-21.82000", "2012-12-31": "-59.62700", "2011-12-31": "-17.40800", "2010-12-31": "-10.82600", "2009-12-31": "-9.03000", "2008-12-31": "-19.33200"}, "Net Long-Term Debt": {"2019-12-31": "-0.00900", "2018-12-31": "-3.49400", "2017-12-31": "-0.10300", "2016-12-31": "-10.12900", "2015-12-31": "35.00000", "2014-12-31": "", "2013-12-31": "", "2012-12-31": "", "2011-12-31": "", "2010-12-31": "-7.00000", "2009-12-31": "7.00000", "2008-12-31": "-6.90300"}, "Net Current Debt": {"2019-12-31": "", "2018-12-31": "", "2017-12-31": "", "2016-12-31": "", "2015-12-31": "", "2014-12-31": "", "2013-12-31": "", "2012-12-31": "", "2011-12-31": "", "2010-12-31": "", "2009-12-31": "", "2008-12-31": ""}, "Debt Issuance/Retirement Net - Total": {"2019-12-31": "-0.00900", "2018-12-31": "-3.49400", "2017-12-31": "-0.10300", "2016-12-31": "-10.12900", "2015-12-31": "35.00000", "2014-12-31": "", "2013-12-31": "", "2012-12-31": "", "2011-12-31": "", "2010-12-31": "-7.00000", "2009-12-31": "7.00000", "2008-12-31": "-6.90300"}, "Net Common Equity Issued/Repurchased": {"2019-12-31": "37.00300", "2018-12-31": "34.84500", "2017-12-31": "53.98400", "2016-12-31": "17.99600", "2015-12-31": "20.67500", "2014-12-31": "10.57100", "2013-12-31": "9.30000", "2012-12-31": "37.31500", "2011-12-31": "", "2010-12-31": "-0.99000", "2009-12-31": "-0.54000", "2008-12-31": "33.10100"}, "Net Total Equity Issued/Repurchased": {"2019-12-31": "37.00300", "2018-12-31": "34.84500", "2017-12-31": "53.98400", "2016-12-31": "17.99600", "2015-12-31": "20.67500", "2014-12-31": "10.57100", "2013-12-31": "9.30000", "2012-12-31": "37.31500", "2011-12-31": "", "2010-12-31": "-1.06900", "2009-12-31": "-0.54000", "2008-12-31": "33.11900"}, "Total Common And Preferred Stock Dividends Paid": {"2019-12-31": "", "2018-12-31": "", "2017-12-31": "", "2016-12-31": "", "2015-12-31": "", "2014-12-31": "", "2013-12-31": "", "2012-12-31": "", "2011-12-31": "", "2010-12-31": "", "2009-12-31": "", "2008-12-31": ""}, "Financial Activities - Other": {"2019-12-31": "-16.63100", "2018-12-31": "-8.35000", "2017-12-31": "-4.13500", "2016-12-31": "2.60000", "2015-12-31": "-21.91100", "2014-12-31": "-0.22400", "2013-12-31": "6.20100", "2012-12-31": "1.53200", "2011-12-31": "-1.55800", "2010-12-31": "0.02600", "2009-12-31": "", "2008-12-31": "0.10000"}, "Cash Flow From Financial Activities": {"2019-12-31": "20.36300", "2018-12-31": "23.00100", "2017-12-31": "49.74600", "2016-12-31": "10.46700", "2015-12-31": "33.76400", "2014-12-31": "10.34700", "2013-12-31": "15.50100", "2012-12-31": "38.84700", "2011-12-31": "-1.55800", "2010-12-31": "-8.04300", "2009-12-31": "6.46000", "2008-12-31": "26.31600"}, "Net Cash Flow": {"2019-12-31": "165.97700", "2018-12-31": "188.85600", "2017-12-31": "218.19100", "2016-12-31": "164.97700", "2015-12-31": "-21.08500", "2014-12-31": "51.32700", "2013-12-31": "51.09500", "2012-12-31": "29.31600", "2011-12-31": "34.79200", "2010-12-31": "1.07700", "2009-12-31": "22.26900", "2008-12-31": "4.16300"}, "Stock-Based Compensation": {"2019-12-31": "72.03600", "2018-12-31": "59.18800", "2017-12-31": "52.40700", "2016-12-31": "49.24400", "2015-12-31": "45.83300", "2014-12-31": "24.62000", "2013-12-31": "13.15000", "2012-12-31": "6.82600", "2011-12-31": "2.86600", "2010-12-31": "2.93900", "2009-12-31": "2.41100", "2008-12-31": "2.79700"}, "Common Stock Dividends Paid": {"2019-12-31": "", "2018-12-31": "", "2017-12-31": "", "2016-12-31": "", "2015-12-31": "", "2014-12-31": "", "2013-12-31": "", "2012-12-31": "", "2011-12-31": "", "2010-12-31": "", "2009-12-31": "", "2008-12-31": ""}}, "cash flow statement, quarterly": {"Net Income/Loss": {"2020-09-30": 89.432, "2020-06-30": 66.624, "2020-03-31": "85.56500", "2019-12-31": 74.524, "2019-09-30": 67.002, "2019-06-30": 58.777, "2019-03-31": "60.75400", "2018-12-31": 59.965, "2018-09-30": 65.618, "2018-06-30": 50.255, "2018-03-31": "64.41800", "2017-12-31": -30.874, "2017-09-30": 42.634, "2017-06-30": 37.359, "2017-03-31": "23.64100", "2016-12-31": 24.763, "2016-09-30": 26.174, "2016-06-30": 24.43, "2016-03-31": "23.89900", "2015-12-31": 27.638, "2015-09-30": 22.873, "2015-06-30": 19.231, "2015-03-31": "14.71400", "2014-12-31": 18.423, "2014-09-30": 19.04, "2014-06-30": 14.814, "2014-03-31": "17.36400", "2013-12-31": 18.759, "2013-09-30": 16.437, "2013-06-30": 14.118, "2013-03-31": "12.68000", "2012-12-31": 14.999, "2012-09-30": 14.065, "2012-06-30": 13.321, "2012-03-31": "12.09900", "2011-12-31": 12.384, "2011-09-30": 13.95, "2011-06-30": 8.277, "2011-03-31": "9.74200", "2010-12-31": 11.622, "2010-09-30": 6.065, "2010-06-30": 7.425, "2010-03-31": "3.18800", "2009-12-31": 9.47, "2008-12-31": 4.05}, "Total Depreciation And Amortization - Cash Flow": {"2020-09-30": 15.929, "2020-06-30": 15.226, "2020-03-31": "14.94000", "2019-12-31": 12.962, "2019-09-30": 11.127, "2019-06-30": 11.028, "2019-03-31": "10.20000", "2018-12-31": 10.183, "2018-09-30": 9.319, "2018-06-30": 8.962, "2018-03-31": "8.17600", "2017-12-31": 7.696, "2017-09-30": 7.174, "2017-06-30": 7.02, "2017-03-31": "6.67200", "2016-12-31": 6.237, "2016-09-30": 5.925, "2016-06-30": 6.123, "2016-03-31": "5.10200", "2015-12-31": 4.899, "2015-09-30": 4.393, "2015-06-30": 3.903, "2015-03-31": "4.20000", "2014-12-31": 2.833, "2014-09-30": 5.51, "2014-06-30": 5.451, "2014-03-31": "3.68900", "2013-12-31": 3.743, "2013-09-30": 3.906, "2013-06-30": 3.854, "2013-03-31": "3.61700", "2012-12-31": 3.208, "2012-09-30": 3.04, "2012-06-30": 2.423, "2012-03-31": "2.21100", "2011-12-31": 1.806, "2011-09-30": 2.083, "2011-06-30": 3.656, "2011-03-31": "1.69000", "2010-12-31": 1.721, "2010-09-30": 1.526, "2010-06-30": 1.552, "2010-03-31": "1.44100", "2009-12-31": 0.73, "2008-12-31": 4.88}, "Other Non-Cash Items": {"2020-09-30": 30.977, "2020-06-30": 30.16, "2020-03-31": "45.59700", "2019-12-31": 28.737, "2019-09-30": 31.58, "2019-06-30": 30.921, "2019-03-31": "35.27600", "2018-12-31": 1.629, "2018-09-30": 5.44, "2018-06-30": 11.732, "2018-03-31": "-8.47700", "2017-12-31": 23.12, "2017-09-30": 11.4, "2017-06-30": 7.984, "2017-03-31": "18.50500", "2016-12-31": 12.179, "2016-09-30": 14.118, "2016-06-30": 13.102, "2016-03-31": "9.04400", "2015-12-31": -7.786, "2015-09-30": 11.872, "2015-06-30": 7.892, "2015-03-31": "14.27100", "2014-12-31": 9.232, "2014-09-30": 7.563, "2014-06-30": 7.266, "2014-03-31": "2.97200", "2013-12-31": 0.794, "2013-09-30": 2.082, "2013-06-30": 3.586, "2013-03-31": "2.06200", "2012-12-31": -3.603, "2012-09-30": 0.881, "2012-06-30": 2.578, "2012-03-31": "0.97600", "2011-12-31": 1.764, "2011-09-30": 1.375, "2011-06-30": 1.731, "2011-03-31": "-0.00300", "2010-12-31": -1.054, "2010-09-30": 1.48, "2010-06-30": 0.572, "2010-03-31": "-0.22600", "2009-12-31": 0, "2008-12-31": 0}, "Total Non-Cash Items": {"2020-09-30": 46.906, "2020-06-30": 45.386, "2020-03-31": "60.53700", "2019-12-31": 41.699, "2019-09-30": 42.707, "2019-06-30": 41.949, "2019-03-31": "45.47600", "2018-12-31": 11.812, "2018-09-30": 14.759, "2018-06-30": 20.694, "2018-03-31": "-0.30100", "2017-12-31": 30.816, "2017-09-30": 18.574, "2017-06-30": 15.004, "2017-03-31": "25.17700", "2016-12-31": 18.416, "2016-09-30": 20.043, "2016-06-30": 19.225, "2016-03-31": "14.14600", "2015-12-31": -2.887, "2015-09-30": 16.265, "2015-06-30": 11.795, "2015-03-31": "18.47100", "2014-12-31": 12.065, "2014-09-30": 13.073, "2014-06-30": 12.717, "2014-03-31": "6.66100", "2013-12-31": 4.537, "2013-09-30": 5.988, "2013-06-30": 7.44, "2013-03-31": "5.67900", "2012-12-31": -0.395, "2012-09-30": 3.921, "2012-06-30": 5.001, "2012-03-31": "3.18700", "2011-12-31": 3.57, "2011-09-30": 3.458, "2011-06-30": 5.387, "2011-03-31": "1.68700", "2010-12-31": -0.105, "2010-09-30": 3.006, "2010-06-30": 2.124, "2010-03-31": "1.21500", "2009-12-31": 0.73, "2008-12-31": 4.88}, "Change In Accounts Receivable": {"2020-09-30": 15.319, "2020-06-30": 39.581, "2020-03-31": "-51.42300", "2019-12-31": -9.341, "2019-09-30": -2.501, "2019-06-30": -26.989, "2019-03-31": "-48.34300", "2018-12-31": 10.9, "2018-09-30": -7.417, "2018-06-30": -14.667, "2018-03-31": "-35.71800", "2017-12-31": -14.552, "2017-09-30": -18.173, "2017-06-30": -33.913, "2017-03-31": "-14.85000", "2016-12-31": 3.333, "2016-09-30": 4.675, "2016-06-30": -2.277, "2016-03-31": "-1.56600", "2015-12-31": -33.085, "2015-09-30": -3.541, "2015-06-30": -32.145, "2015-03-31": "-16.99900", "2014-12-31": 2.652, "2014-09-30": -12.77, "2014-06-30": -20.723, "2014-03-31": "-10.70300", "2013-12-31": 15.327, "2013-09-30": -11.204, "2013-06-30": -14.325, "2013-03-31": "-16.93300", "2012-12-31": 5.938, "2012-09-30": -6.463, "2012-06-30": -8.261, "2012-03-31": "-10.78300", "2011-12-31": -0.211, "2011-09-30": -8.559, "2011-06-30": -3.024, "2011-03-31": "-8.24000", "2010-12-31": -1.781, "2010-09-30": -9.604, "2010-06-30": -10.434, "2010-03-31": "-2.62500", "2009-12-31": 0, "2008-12-31": 0}, "Change In Inventories": {"2020-09-30": 0, "2020-06-30": 0, "2020-03-31": "", "2019-12-31": 0, "2019-09-30": 0, "2019-06-30": 0, "2019-03-31": "", "2018-12-31": 0, "2018-09-30": 0, "2018-06-30": 0, "2018-03-31": "", "2017-12-31": 0, "2017-09-30": 0, "2017-06-30": 0, "2017-03-31": "", "2016-12-31": 0, "2016-09-30": 0, "2016-06-30": 0, "2016-03-31": "", "2015-12-31": 0, "2015-09-30": 0, "2015-06-30": 0, "2015-03-31": "", "2014-12-31": 0, "2014-09-30": 0, "2014-06-30": 0, "2014-03-31": "", "2013-12-31": 0, "2013-09-30": 0, "2013-06-30": 0, "2013-03-31": "", "2012-12-31": 0, "2012-09-30": 0, "2012-06-30": 0, "2012-03-31": "", "2011-12-31": 0, "2011-09-30": 0, "2011-06-30": 0, "2011-03-31": "", "2010-12-31": 0, "2010-09-30": 0, "2010-06-30": 0, "2010-03-31": "", "2009-12-31": 0, "2008-12-31": 0}, "Change In Accounts Payable": {"2020-09-30": 1.203, "2020-06-30": 3.04, "2020-03-31": "-2.40700", "2019-12-31": 0.159, "2019-09-30": 0.225, "2019-06-30": 0.419, "2019-03-31": "-2.48800", "2018-12-31": -6.355, "2018-09-30": 3.224, "2018-06-30": -11.817, "2018-03-31": "14.17600", "2017-12-31": -6.603, "2017-09-30": 2.757, "2017-06-30": -3.621, "2017-03-31": "8.68800", "2016-12-31": -4.056, "2016-09-30": 3, "2016-06-30": -6.033, "2016-03-31": "13.09100", "2015-12-31": -12.452, "2015-09-30": 1.078, "2015-06-30": -1.548, "2015-03-31": "12.89300", "2014-12-31": -2.007, "2014-09-30": -5.669, "2014-06-30": -0.748, "2014-03-31": "13.27400", "2013-12-31": -7.171, "2013-09-30": 0.545, "2013-06-30": -1.689, "2013-03-31": "6.20000", "2012-12-31": 2.83, "2012-09-30": -3.858, "2012-06-30": -1.83, "2012-03-31": "7.16100", "2011-12-31": -0.925, "2011-09-30": -1.112, "2011-06-30": 1.976, "2011-03-31": "3.11100", "2010-12-31": 0.273, "2010-09-30": 1.192, "2010-06-30": -0.691, "2010-03-31": "-0.87500", "2009-12-31": 0, "2008-12-31": 0}, "Change In Assets/Liabilities": {"2020-09-30": -13.121, "2020-06-30": -4.249, "2020-03-31": "-25.39200", "2019-12-31": -21.581, "2019-09-30": -14.978, "2019-06-30": -11.241, "2019-03-31": "-12.77400", "2018-12-31": -6.667, "2018-09-30": 2.73, "2018-06-30": 3.128, "2018-03-31": "-7.62300", "2017-12-31": -0.975, "2017-09-30": 1.063, "2017-06-30": 3.184, "2017-03-31": "-2.21100", "2016-12-31": -1.761, "2016-09-30": -0.824, "2016-06-30": 1.577, "2016-03-31": "-1.38300", "2015-12-31": 0.004, "2015-09-30": 7.816, "2015-06-30": -8.433, "2015-03-31": "0.03900", "2014-12-31": 2.107, "2014-09-30": -2.287, "2014-06-30": -0.459, "2014-03-31": "1.20400", "2013-12-31": 0.651, "2013-09-30": -0.311, "2013-06-30": -0.052, "2013-03-31": "-2.02600", "2012-12-31": 0.038, "2012-09-30": -0.617, "2012-06-30": 0.812, "2012-03-31": "-2.33900", "2011-12-31": 1.227, "2011-09-30": 3.061, "2011-06-30": -3.596, "2011-03-31": "-0.54300", "2010-12-31": -1.568, "2010-09-30": -1.07, "2010-06-30": 2.144, "2010-03-31": "-1.55000", "2009-12-31": 0, "2008-12-31": 0}, "Total Change In Assets/Liabilities": {"2020-09-30": 39.226, "2020-06-30": 34.146, "2020-03-31": "-82.84700", "2019-12-31": 8.364, "2019-09-30": 9.33, "2019-06-30": -56.697, "2019-03-31": "-106.43200", "2018-12-31": 51.353, "2018-09-30": 21.922, "2018-06-30": -11.49, "2018-03-31": "-56.78700", "2017-12-31": 71.298, "2017-09-30": 1.039, "2017-06-30": -22.126, "2017-03-31": "-19.72200", "2016-12-31": 12.872, "2016-09-30": 15.595, "2016-06-30": -5.162, "2016-03-31": "-27.18400", "2015-12-31": -12.912, "2015-09-30": 16.382, "2015-06-30": -28.863, "2015-03-31": "-26.31400", "2014-12-31": 18.217, "2014-09-30": -8.971, "2014-06-30": -10.692, "2014-03-31": "-7.83700", "2013-12-31": 23.134, "2013-09-30": -6.85, "2013-06-30": -13.6, "2013-03-31": "-30.09700", "2012-12-31": 21.155, "2012-09-30": -6.875, "2012-06-30": -11.948, "2012-03-31": "-20.03100", "2011-12-31": 10.412, "2011-09-30": -0.032, "2011-06-30": -3.248, "2011-03-31": "-11.06700", "2010-12-31": 6.451, "2010-09-30": -4.043, "2010-06-30": -10.321, "2010-03-31": "-6.92700", "2009-12-31": 24.04, "2008-12-31": -20.8}, "Cash Flow From Operating Activities": {"2020-09-30": 175.564, "2020-06-30": 146.156, "2020-03-31": "63.25500", "2019-12-31": 124.587, "2019-09-30": 119.039, "2019-06-30": 44.029, "2019-03-31": "-0.20200", "2018-12-31": 123.13, "2018-09-30": 102.299, "2018-06-30": 59.459, "2018-03-31": "7.33000", "2017-12-31": 71.24, "2017-09-30": 62.247, "2017-06-30": 30.237, "2017-03-31": "29.09600", "2016-12-31": 56.051, "2016-09-30": 61.812, "2016-06-30": 38.493, "2016-03-31": "10.86100", "2015-12-31": 11.839, "2015-09-30": 55.52, "2015-06-30": 2.163, "2015-03-31": "6.87100", "2014-12-31": 48.705, "2014-09-30": 23.142, "2014-06-30": 16.839, "2014-03-31": "16.18800", "2013-12-31": 46.43, "2013-09-30": 15.575, "2013-06-30": 7.958, "2013-03-31": "-11.73800", "2012-12-31": 35.759, "2012-09-30": 11.111, "2012-06-30": 6.374, "2012-03-31": "-4.74500", "2011-12-31": 26.366, "2011-09-30": 17.376, "2011-06-30": 10.416, "2011-03-31": "0.36200", "2010-12-31": 18.738, "2010-09-30": 5.028, "2010-06-30": -0.772, "2010-03-31": "-2.52400", "2009-12-31": 27.24, "2008-12-31": -1.13}, "Net Change In Property, Plant, And Equipment": {"2020-09-30": -9.787, "2020-06-30": -11.449, "2020-03-31": "-29.07500", "2019-12-31": -47.013, "2019-09-30": -27.27, "2019-06-30": -11.601, "2019-03-31": "-13.42400", "2018-12-31": -10.109, "2018-09-30": -8.162, "2018-06-30": -8.592, "2018-03-31": "-10.71100", "2017-12-31": -12.925, "2017-09-30": -5.44, "2017-06-30": -5.716, "2017-03-31": "-5.72500", "2016-12-31": -9.336, "2016-09-30": -6.392, "2016-06-30": -7.404, "2016-03-31": "-6.18500", "2015-12-31": -3.739, "2015-09-30": -4.191, "2015-06-30": -3.469, "2015-03-31": "-1.87300", "2014-12-31": -3.752, "2014-09-30": -3.719, "2014-06-30": -2.288, "2014-03-31": "-2.15700", "2013-12-31": -2.432, "2013-09-30": -1.93, "2013-06-30": -6.111, "2013-03-31": "-2.88700", "2012-12-31": -3.059, "2012-09-30": -3.907, "2012-06-30": -3.086, "2012-03-31": "-3.32400", "2011-12-31": -2.696, "2011-09-30": -5.832, "2011-06-30": -0.702, "2011-03-31": "-6.31800", "2010-12-31": -2.456, "2010-09-30": -1.927, "2010-06-30": -2.126, "2010-03-31": "-1.85100", "2009-12-31": 8.8, "2008-12-31": -9.84}, "Net Change In Intangible Assets": {"2020-09-30": 0, "2020-06-30": 0, "2020-03-31": "", "2019-12-31": 0, "2019-09-30": 0, "2019-06-30": 0, "2019-03-31": "", "2018-12-31": 0, "2018-09-30": 0, "2018-06-30": 0, "2018-03-31": "", "2017-12-31": 0, "2017-09-30": 0, "2017-06-30": 0, "2017-03-31": "", "2016-12-31": 0, "2016-09-30": 0, "2016-06-30": 0, "2016-03-31": "", "2015-12-31": 0, "2015-09-30": 0, "2015-06-30": 0, "2015-03-31": "", "2014-12-31": 0, "2014-09-30": 0, "2014-06-30": 0, "2014-03-31": "", "2013-12-31": 0, "2013-09-30": 0, "2013-06-30": 0, "2013-03-31": "", "2012-12-31": 0, "2012-09-30": 0, "2012-06-30": 0, "2012-03-31": "", "2011-12-31": 0, "2011-09-30": 0, "2011-06-30": 0, "2011-03-31": "", "2010-12-31": 0, "2010-09-30": 0, "2010-06-30": 0, "2010-03-31": "", "2009-12-31": 0, "2008-12-31": 0}, "Net Acquisitions/Divestitures": {"2020-09-30": -6.315, "2020-06-30": -2.234, "2020-03-31": "-10.33900", "2019-12-31": -10.667, "2019-09-30": -12.415, "2019-06-30": -16.24, "2019-03-31": "", "2018-12-31": -24.004, "2018-09-30": 0, "2018-06-30": 0, "2018-03-31": "-50.26400", "2017-12-31": 0, "2017-09-30": 0, "2017-06-30": -6.81, "2017-03-31": "", "2016-12-31": -1.001, "2016-09-30": -1.984, "2016-06-30": -2.515, "2016-03-31": "", "2015-12-31": -49.254, "2015-09-30": -27.624, "2015-06-30": 0, "2015-03-31": "-0.03000", "2014-12-31": -10.595, "2014-09-30": 0, "2014-06-30": -24.079, "2014-03-31": "-2.41900", "2013-12-31": 0, "2013-09-30": 0, "2013-06-30": -0.02, "2013-03-31": "", "2012-12-31": -25.961, "2012-09-30": 0, "2012-06-30": -6.99, "2012-03-31": "", "2011-12-31": 0, "2011-09-30": 0, "2011-06-30": 0, "2011-03-31": "", "2010-12-31": 0.002, "2010-09-30": -0.412, "2010-06-30": 0, "2010-03-31": "", "2009-12-31": 1.17, "2008-12-31": -1.17}, "Net Change In Short-term Investments": {"2020-09-30": 0, "2020-06-30": -80.5, "2020-03-31": "", "2019-12-31": 5, "2019-09-30": 0, "2019-06-30": -5, "2019-03-31": "", "2018-12-31": 0, "2018-09-30": 0, "2018-06-30": 0, "2018-03-31": "", "2017-12-31": 0, "2017-09-30": 0, "2017-06-30": 0, "2017-03-31": "", "2016-12-31": 0, "2016-09-30": 0, "2016-06-30": 0, "2016-03-31": "", "2015-12-31": 0, "2015-09-30": 0, "2015-06-30": 0, "2015-03-31": "", "2014-12-31": 0, "2014-09-30": 0, "2014-06-30": 0, "2014-03-31": "", "2013-12-31": 0, "2013-09-30": 0, "2013-06-30": 0, "2013-03-31": "", "2012-12-31": 0, "2012-09-30": 0, "2012-06-30": 0, "2012-03-31": "", "2011-12-31": 0, "2011-09-30": 0, "2011-06-30": 0, "2011-03-31": "", "2010-12-31": 0, "2010-09-30": 0, "2010-06-30": 0, "2010-03-31": "", "2009-12-31": 0, "2008-12-31": 0}, "Net Change In Long-Term Investments": {"2020-09-30": 0, "2020-06-30": 0, "2020-03-31": "", "2019-12-31": 0, "2019-09-30": 0, "2019-06-30": 0, "2019-03-31": "", "2018-12-31": 0.418, "2018-09-30": 0, "2018-06-30": 0, "2018-03-31": "", "2017-12-31": 0.408, "2017-09-30": -0.421, "2017-06-30": -0.008, "2017-03-31": "0.02100", "2016-12-31": 29.597, "2016-09-30": 0, "2016-06-30": 0, "2016-03-31": "", "2015-12-31": 0, "2015-09-30": 0, "2015-06-30": 0, "2015-03-31": "", "2014-12-31": 0, "2014-09-30": 0, "2014-06-30": 0, "2014-03-31": "", "2013-12-31": 0, "2013-09-30": 0, "2013-06-30": 0, "2013-03-31": "", "2012-12-31": 0, "2012-09-30": 0, "2012-06-30": 0, "2012-03-31": "", "2011-12-31": 0, "2011-09-30": 0, "2011-06-30": 0, "2011-03-31": "", "2010-12-31": 0, "2010-09-30": 0, "2010-06-30": 0, "2010-03-31": "", "2009-12-31": 0, "2008-12-31": 0}, "Net Change In Investments - Total": {"2020-09-30": 0, "2020-06-30": -80.5, "2020-03-31": "", "2019-12-31": 5, "2019-09-30": 0, "2019-06-30": -5, "2019-03-31": "", "2018-12-31": 0.418, "2018-09-30": 0, "2018-06-30": 0, "2018-03-31": "", "2017-12-31": 0.408, "2017-09-30": -0.421, "2017-06-30": -0.008, "2017-03-31": "0.02100", "2016-12-31": 29.597, "2016-09-30": 0, "2016-06-30": 0, "2016-03-31": "", "2015-12-31": 0, "2015-09-30": 0, "2015-06-30": 0, "2015-03-31": "", "2014-12-31": 0, "2014-09-30": 0, "2014-06-30": 0, "2014-03-31": "", "2013-12-31": 0, "2013-09-30": 0, "2013-06-30": 0, "2013-03-31": "", "2012-12-31": 0, "2012-09-30": 0, "2012-06-30": 0, "2012-03-31": "", "2011-12-31": 0, "2011-09-30": 0, "2011-06-30": 0, "2011-03-31": "", "2010-12-31": 0, "2010-09-30": 0, "2010-06-30": 0, "2010-03-31": "", "2009-12-31": 0, "2008-12-31": 0}, "Investing Activities - Other": {"2020-09-30": 0.426, "2020-06-30": 20.097, "2020-03-31": "-20.07100", "2019-12-31": -5.107, "2019-09-30": -0.452, "2019-06-30": 3.956, "2019-03-31": "-5.13600", "2018-12-31": -0.595, "2018-09-30": -1.357, "2018-06-30": 0.442, "2018-03-31": "0.81100", "2017-12-31": 0.49, "2017-09-30": -0.638, "2017-06-30": 0.57, "2017-03-31": "0.04300", "2016-12-31": -31.69, "2016-09-30": -0.332, "2016-06-30": -1.683, "2016-03-31": "29.60500", "2015-12-31": 0.674, "2015-09-30": -1.881, "2015-06-30": -2.128, "2015-03-31": "-31.97900", "2014-12-31": -0.174, "2014-09-30": -1.478, "2014-06-30": 4.832, "2014-03-31": "-7.10000", "2013-12-31": -0.513, "2013-09-30": -2.959, "2013-06-30": -1.381, "2013-03-31": "-3.58700", "2012-12-31": 0.756, "2012-09-30": -10.918, "2012-06-30": -2.743, "2012-03-31": "-0.39500", "2011-12-31": -1.15, "2011-09-30": -0.571, "2011-06-30": -0.056, "2011-03-31": "-0.08300", "2010-12-31": 0.164, "2010-09-30": -0.178, "2010-06-30": -2.049, "2010-03-31": "0.02300", "2009-12-31": 0.34, "2008-12-31": -8.32}, "Cash Flow From Investing Activities": {"2020-09-30": -15.676, "2020-06-30": -74.086, "2020-03-31": "-59.48500", "2019-12-31": -57.787, "2019-09-30": -40.137, "2019-06-30": -28.885, "2019-03-31": "-18.56000", "2018-12-31": -34.29, "2018-09-30": -9.519, "2018-06-30": -8.15, "2018-03-31": "-60.16400", "2017-12-31": -12.027, "2017-09-30": -6.499, "2017-06-30": -11.964, "2017-03-31": "-5.66100", "2016-12-31": -12.43, "2016-09-30": -8.708, "2016-06-30": -11.602, "2016-03-31": "23.42000", "2015-12-31": -52.319, "2015-09-30": -33.696, "2015-06-30": -5.597, "2015-03-31": "-33.88200", "2014-12-31": -14.521, "2014-09-30": -5.197, "2014-06-30": -21.535, "2014-03-31": "-11.67600", "2013-12-31": -2.945, "2013-09-30": -4.889, "2013-06-30": -7.512, "2013-03-31": "-6.47400", "2012-12-31": -28.264, "2012-09-30": -14.825, "2012-06-30": -12.819, "2012-03-31": "-3.71900", "2011-12-31": -3.846, "2011-09-30": -6.403, "2011-06-30": -0.758, "2011-03-31": "-6.40100", "2010-12-31": -2.3, "2010-09-30": -2.517, "2010-06-30": -4.175, "2010-03-31": "-1.82800", "2009-12-31": 10.3, "2008-12-31": -19.33}, "Net Long-Term Debt": {"2020-09-30": 0, "2020-06-30": 0, "2020-03-31": "", "2019-12-31": -0.009, "2019-09-30": 0, "2019-06-30": 0, "2019-03-31": "", "2018-12-31": -0.009, "2018-09-30": -0.007, "2018-06-30": -0.012, "2018-03-31": "-3.46600", "2017-12-31": -0.014, "2017-09-30": -0.03, "2017-06-30": -0.029, "2017-03-31": "-0.03000", "2016-12-31": -8.033, "2016-09-30": -7.036, "2016-06-30": -0.029, "2016-03-31": "4.96900", "2015-12-31": 20, "2015-09-30": 15, "2015-06-30": 0, "2015-03-31": "", "2014-12-31": 0, "2014-09-30": 0, "2014-06-30": 0, "2014-03-31": "", "2013-12-31": 0, "2013-09-30": 0, "2013-06-30": 0, "2013-03-31": "", "2012-12-31": 0, "2012-09-30": 0, "2012-06-30": 0, "2012-03-31": "", "2011-12-31": 0, "2011-09-30": -5, "2011-06-30": 5, "2011-03-31": "", "2010-12-31": 0, "2010-09-30": -7, "2010-06-30": 0, "2010-03-31": "", "2009-12-31": 0, "2008-12-31": 0}, "Net Current Debt": {"2020-09-30": 0, "2020-06-30": 0, "2020-03-31": "", "2019-12-31": 0, "2019-09-30": 0, "2019-06-30": 0, "2019-03-31": "", "2018-12-31": 0, "2018-09-30": 0, "2018-06-30": 0, "2018-03-31": "", "2017-12-31": 0, "2017-09-30": 0, "2017-06-30": 0, "2017-03-31": "", "2016-12-31": 0, "2016-09-30": 0, "2016-06-30": 0, "2016-03-31": "", "2015-12-31": 0, "2015-09-30": 0, "2015-06-30": 0, "2015-03-31": "", "2014-12-31": 0, "2014-09-30": 0, "2014-06-30": 0, "2014-03-31": "", "2013-12-31": 0, "2013-09-30": 0, "2013-06-30": 0, "2013-03-31": "", "2012-12-31": 0, "2012-09-30": 0, "2012-06-30": 0, "2012-03-31": "", "2011-12-31": 0, "2011-09-30": 0, "2011-06-30": 0, "2011-03-31": "", "2010-12-31": 0, "2010-09-30": 0, "2010-06-30": 0, "2010-03-31": "", "2009-12-31": 0, "2008-12-31": 0}, "Debt Issuance/Retirement Net - Total": {"2020-09-30": 0, "2020-06-30": 0, "2020-03-31": "", "2019-12-31": -0.009, "2019-09-30": 0, "2019-06-30": 0, "2019-03-31": "", "2018-12-31": -0.009, "2018-09-30": -0.007, "2018-06-30": -0.012, "2018-03-31": "-3.46600", "2017-12-31": -0.014, "2017-09-30": -0.03, "2017-06-30": -0.029, "2017-03-31": "-0.03000", "2016-12-31": -8.033, "2016-09-30": -7.036, "2016-06-30": -0.029, "2016-03-31": "4.96900", "2015-12-31": 20, "2015-09-30": 15, "2015-06-30": 0, "2015-03-31": "", "2014-12-31": 0, "2014-09-30": 0, "2014-06-30": 0, "2014-03-31": "", "2013-12-31": 0, "2013-09-30": 0, "2013-06-30": 0, "2013-03-31": "", "2012-12-31": 0, "2012-09-30": 0, "2012-06-30": 0, "2012-03-31": "", "2011-12-31": 0, "2011-09-30": -5, "2011-06-30": 5, "2011-03-31": "", "2010-12-31": 0, "2010-09-30": -7, "2010-06-30": 0, "2010-03-31": "", "2009-12-31": 13.9, "2008-12-31": -6.9}, "Net Common Equity Issued/Repurchased": {"2020-09-30": 5.883, "2020-06-30": 10.294, "2020-03-31": "6.85000", "2019-12-31": 8.205, "2019-09-30": 6.383, "2019-06-30": 11.013, "2019-03-31": "11.40200", "2018-12-31": 2.838, "2018-09-30": 9.639, "2018-06-30": 14.78, "2018-03-31": "7.58800", "2017-12-31": 9.669, "2017-09-30": 6.558, "2017-06-30": 27.151, "2017-03-31": "10.60600", "2016-12-31": 2.146, "2016-09-30": 3.272, "2016-06-30": 9.47, "2016-03-31": "3.10800", "2015-12-31": 3.068, "2015-09-30": 3.652, "2015-06-30": 10.1, "2015-03-31": "3.85500", "2014-12-31": 3.763, "2014-09-30": 1.395, "2014-06-30": 3.274, "2014-03-31": "2.13900", "2013-12-31": 1.517, "2013-09-30": 7.783, "2013-06-30": -2.51, "2013-03-31": "2.51000", "2012-12-31": 2.517, "2012-09-30": 2.236, "2012-06-30": 1.413, "2012-03-31": "31.14900", "2011-12-31": 0, "2011-09-30": 0, "2011-06-30": 0, "2011-03-31": "", "2010-12-31": -0.538, "2010-09-30": -0.452, "2010-06-30": 0, "2010-03-31": "", "2009-12-31": 0, "2008-12-31": 0}, "Net Total Equity Issued/Repurchased": {"2020-09-30": 5.883, "2020-06-30": 10.294, "2020-03-31": "6.85000", "2019-12-31": 8.205, "2019-09-30": 6.383, "2019-06-30": 11.013, "2019-03-31": "11.40200", "2018-12-31": 2.838, "2018-09-30": 9.639, "2018-06-30": 14.78, "2018-03-31": "7.58800", "2017-12-31": 9.669, "2017-09-30": 6.558, "2017-06-30": 27.151, "2017-03-31": "10.60600", "2016-12-31": 2.146, "2016-09-30": 3.272, "2016-06-30": 9.47, "2016-03-31": "3.10800", "2015-12-31": 3.068, "2015-09-30": 3.652, "2015-06-30": 10.1, "2015-03-31": "3.85500", "2014-12-31": 3.763, "2014-09-30": 1.395, "2014-06-30": 3.274, "2014-03-31": "2.13900", "2013-12-31": 1.517, "2013-09-30": 7.783, "2013-06-30": -2.51, "2013-03-31": "2.51000", "2012-12-31": 2.517, "2012-09-30": 2.236, "2012-06-30": 1.413, "2012-03-31": "31.14900", "2011-12-31": 0, "2011-09-30": 0, "2011-06-30": 0, "2011-03-31": "", "2010-12-31": -0.529, "2010-09-30": -0.452, "2010-06-30": 14.971, "2010-03-31": "-15.05000", "2009-12-31": -33.65, "2008-12-31": 33.11}, "Total Common And Preferred Stock Dividends Paid": {"2020-09-30": 0, "2020-06-30": 0, "2020-03-31": "", "2019-12-31": 0, "2019-09-30": 0, "2019-06-30": 0, "2019-03-31": "", "2018-12-31": 0, "2018-09-30": 0, "2018-06-30": 0, "2018-03-31": "", "2017-12-31": 0, "2017-09-30": 0, "2017-06-30": 0, "2017-03-31": "", "2016-12-31": 0, "2016-09-30": 0, "2016-06-30": 0, "2016-03-31": "", "2015-12-31": 0, "2015-09-30": 0, "2015-06-30": 0, "2015-03-31": "", "2014-12-31": 0, "2014-09-30": 0, "2014-06-30": 0, "2014-03-31": "", "2013-12-31": 0, "2013-09-30": 0, "2013-06-30": 0, "2013-03-31": "", "2012-12-31": 0, "2012-09-30": 0, "2012-06-30": 0, "2012-03-31": "", "2011-12-31": 0, "2011-09-30": 0, "2011-06-30": 0, "2011-03-31": "", "2010-12-31": 0, "2010-09-30": 0, "2010-06-30": 0, "2010-03-31": "", "2009-12-31": 0, "2008-12-31": 0}, "Financial Activities - Other": {"2020-09-30": -0.318, "2020-06-30": -14.896, "2020-03-31": "-8.89600", "2019-12-31": -0.98, "2019-09-30": -1.444, "2019-06-30": -12.986, "2019-03-31": "-1.22100", "2018-12-31": -0.679, "2018-09-30": -0.372, "2018-06-30": -7.193, "2018-03-31": "-0.10600", "2017-12-31": -0.125, "2017-09-30": -0.444, "2017-06-30": -0.872, "2017-03-31": "-2.69400", "2016-12-31": -0.044, "2016-09-30": 0.419, "2016-06-30": 0.513, "2016-03-31": "1.71200", "2015-12-31": 5.245, "2015-09-30": 0.736, "2015-06-30": -25.527, "2015-03-31": "-2.36500", "2014-12-31": -2.775, "2014-09-30": 0.39, "2014-06-30": 1.166, "2014-03-31": "0.99500", "2013-12-31": 1.277, "2013-09-30": -3.679, "2013-06-30": 7.074, "2013-03-31": "1.52900", "2012-12-31": 1.663, "2012-09-30": 1.334, "2012-06-30": -1.625, "2012-03-31": "0.16000", "2011-12-31": -0.455, "2011-09-30": -0.948, "2011-06-30": -0.155, "2011-03-31": "", "2010-12-31": 0.079, "2010-09-30": -0.059, "2010-06-30": 0, "2010-03-31": "", "2009-12-31": -0.1, "2008-12-31": 0.1}, "Cash Flow From Financial Activities": {"2020-09-30": 5.565, "2020-06-30": -4.602, "2020-03-31": "-2.04600", "2019-12-31": 7.216, "2019-09-30": 4.939, "2019-06-30": -1.973, "2019-03-31": "10.18100", "2018-12-31": 2.15, "2018-09-30": 9.26, "2018-06-30": 7.575, "2018-03-31": "4.01600", "2017-12-31": 9.53, "2017-09-30": 6.084, "2017-06-30": 26.25, "2017-03-31": "7.88200", "2016-12-31": -5.931, "2016-09-30": -3.345, "2016-06-30": 9.954, "2016-03-31": "9.78900", "2015-12-31": 28.313, "2015-09-30": 19.388, "2015-06-30": -15.427, "2015-03-31": "1.49000", "2014-12-31": 0.988, "2014-09-30": 1.785, "2014-06-30": 4.44, "2014-03-31": "3.13400", "2013-12-31": 2.794, "2013-09-30": 4.104, "2013-06-30": 4.564, "2013-03-31": "4.03900", "2012-12-31": 4.18, "2012-09-30": 3.57, "2012-06-30": -0.212, "2012-03-31": "31.30900", "2011-12-31": -0.455, "2011-09-30": -5.948, "2011-06-30": 4.845, "2011-03-31": "", "2010-12-31": -0.45, "2010-09-30": -7.511, "2010-06-30": 14.971, "2010-03-31": "-15.05000", "2009-12-31": -19.85, "2008-12-31": 26.31}, "Net Cash Flow": {"2020-09-30": 167.342, "2020-06-30": 77.478, "2020-03-31": "-20.28500", "2019-12-31": 83.299, "2019-09-30": 75.84, "2019-06-30": 14.871, "2019-03-31": "-8.03300", "2018-12-31": 85.41, "2018-09-30": 101.025, "2018-06-30": 48.199, "2018-03-31": "-45.77800", "2017-12-31": 70.084, "2017-09-30": 66.355, "2017-06-30": 47.483, "2017-03-31": "34.26900", "2016-12-31": 33.799, "2016-09-30": 49.903, "2016-06-30": 35.847, "2016-03-31": "45.42800", "2015-12-31": -14.994, "2015-09-30": 38.726, "2015-06-30": -16.646, "2015-03-31": "-28.17100", "2014-12-31": 29.288, "2014-09-30": 16.171, "2014-06-30": 1.009, "2014-03-31": "4.85900", "2013-12-31": 46.228, "2013-09-30": 15.504, "2013-06-30": 4.669, "2013-03-31": "-15.30600", "2012-12-31": 12.227, "2012-09-30": 0.955, "2012-06-30": -7.806, "2012-03-31": "23.94000", "2011-12-31": 21.397, "2011-09-30": 4.066, "2011-06-30": 14.702, "2011-03-31": "-5.37300", "2010-12-31": 15.84, "2010-09-30": -4.22, "2010-06-30": 9.527, "2010-03-31": "-20.07700", "2009-12-31": 18.1, "2008-12-31": 4.16}, "Stock-Based Compensation": {"2020-09-30": 23.474, "2020-06-30": 19.439, "2020-03-31": "11.88100", "2019-12-31": 19.012, "2019-09-30": 15.471, "2019-06-30": 15.697, "2019-03-31": "21.85600", "2018-12-31": 12.452, "2018-09-30": 15.33, "2018-06-30": 14.81, "2018-03-31": "16.59600", "2017-12-31": 12.487, "2017-09-30": 11.217, "2017-06-30": 12.927, "2017-03-31": "15.77600", "2016-12-31": 11.724, "2016-09-30": 13.826, "2016-06-30": 12.73, "2016-03-31": "10.96400", "2015-12-31": 12.483, "2015-09-30": 11.963, "2015-06-30": 12.253, "2015-03-31": "9.13400", "2014-12-31": 8.096, "2014-09-30": 7.425, "2014-06-30": 5.891, "2014-03-31": "3.20800", "2013-12-31": 3.359, "2013-09-30": 3.365, "2013-06-30": 3.85, "2013-03-31": "2.57600", "2012-12-31": 1.457, "2012-09-30": 2.046, "2012-06-30": 1.773, "2012-03-31": "1.55000", "2011-12-31": 0.712, "2011-09-30": 0.785, "2011-06-30": 0.655, "2011-03-31": "0.71400", "2010-12-31": 1.186, "2010-09-30": 1.158, "2010-06-30": 0.297, "2010-03-31": "0.29800", "2009-12-31": 0, "2008-12-31": 0}, "Common Stock Dividends Paid": {"2020-09-30": 0, "2020-06-30": 0, "2020-03-31": "", "2019-12-31": 0, "2019-09-30": 0, "2019-06-30": 0, "2019-03-31": "", "2018-12-31": 0, "2018-09-30": 0, "2018-06-30": 0, "2018-03-31": "", "2017-12-31": 0, "2017-09-30": 0, "2017-06-30": 0, "2017-03-31": "", "2016-12-31": 0, "2016-09-30": 0, "2016-06-30": 0, "2016-03-31": "", "2015-12-31": 0, "2015-09-30": 0, "2015-06-30": 0, "2015-03-31": "", "2014-12-31": 0, "2014-09-30": 0, "2014-06-30": 0, "2014-03-31": "", "2013-12-31": 0, "2013-09-30": 0, "2013-06-30": 0, "2013-03-31": "", "2012-12-31": 0, "2012-09-30": 0, "2012-06-30": 0, "2012-03-31": "", "2011-12-31": 0, "2011-09-30": 0, "2011-06-30": 0, "2011-03-31": "", "2010-12-31": 0, "2010-09-30": 0, "2010-06-30": 0, "2010-03-31": "", "2009-12-31": 0, "2008-12-31": 0}}, "financial ratios": {"Current Ratio": {"2019-12-31": "3.80980", "2018-12-31": "4.56220", "2017-12-31": "5.30500", "2016-12-31": "5.56320", "2015-12-31": "4.13520", "2014-12-31": "3.30980", "2013-12-31": "6.05460", "2012-12-31": "4.22820", "2011-12-31": "3.45520", "2010-12-31": "3.58960", "2009-12-31": "3.28380", "2008-12-31": ""}, "Long-term Debt / Capital": {"2019-12-31": "0.01550", "2018-12-31": "0.01940", "2017-12-31": "0.02500", "2016-12-31": "0.03110", "2015-12-31": "0.05400", "2014-12-31": "", "2013-12-31": "", "2012-12-31": "", "2011-12-31": "", "2010-12-31": "", "2009-12-31": "", "2008-12-31": ""}, "Debt/Equity Ratio": {"2019-12-31": "0.01570", "2018-12-31": "0.01980", "2017-12-31": "0.02570", "2016-12-31": "0.03210", "2015-12-31": "0.05710", "2014-12-31": "", "2013-12-31": "", "2012-12-31": "", "2011-12-31": "", "2010-12-31": "", "2009-12-31": "0.42340", "2008-12-31": ""}, "Gross Margin": {"2019-12-31": "35.12080", "2018-12-31": "35.59540", "2017-12-31": "36.47810", "2016-12-31": "36.45670", "2015-12-31": "37.98320", "2014-12-31": "37.46400", "2013-12-31": "37.37360", "2012-12-31": "37.67600", "2011-12-31": "38.61920", "2010-12-31": "40.25530", "2009-12-31": "41.29150", "2008-12-31": "43.22120"}, "Operating Margin": {"2019-12-31": "13.20300", "2018-12-31": "13.33560", "2017-12-31": "11.92360", "2016-12-31": "11.52420", "2015-12-31": "11.59210", "2014-12-31": "11.80550", "2013-12-31": "13.77960", "2012-12-31": "15.21580", "2011-12-31": "16.44350", "2010-12-31": "14.78200", "2009-12-31": "10.65900", "2008-12-31": "6.36550"}, "EBIT Margin": {"2019-12-31": "13.20300", "2018-12-31": "13.33560", "2017-12-31": "11.92360", "2016-12-31": "11.52420", "2015-12-31": "11.59210", "2014-12-31": "11.80550", "2013-12-31": "13.77960", "2012-12-31": "15.21580", "2011-12-31": "16.44350", "2010-12-31": "14.78200", "2009-12-31": "10.65900", "2008-12-31": "6.36550"}, "EBITDA Margin": {"2019-12-31": "15.17860", "2018-12-31": "15.32380", "2017-12-31": "13.89280", "2016-12-31": "13.54010", "2015-12-31": "13.49500", "2014-12-31": "14.20030", "2013-12-31": "16.50340", "2012-12-31": "17.72440", "2011-12-31": "19.20410", "2010-12-31": "17.59590", "2009-12-31": "14.40590", "2008-12-31": "9.40910"}, "Pre-Tax Profit Margin": {"2019-12-31": "13.05810", "2018-12-31": "13.55320", "2017-12-31": "12.01730", "2016-12-31": "10.90100", "2015-12-31": "11.60340", "2014-12-31": "11.91090", "2013-12-31": "13.82950", "2012-12-31": "15.18280", "2011-12-31": "15.78100", "2010-12-31": "14.01790", "2009-12-31": "9.60860", "2008-12-31": "4.82530"}, "Net Profit Margin": {"2019-12-31": "11.38100", "2018-12-31": "13.03680", "2017-12-31": "5.01640", "2016-12-31": "8.55640", "2015-12-31": "9.23900", "2014-12-31": "9.53950", "2013-12-31": "11.16770", "2012-12-31": "11.78960", "2011-12-31": "3.51690", "2010-12-31": "6.45110", "2009-12-31": "2.60370", "2008-12-31": "0.02860"}, "Asset Turnover": {"2019-12-31": "1.02210", "2018-12-31": "1.14340", "2017-12-31": "1.16010", "2016-12-31": "1.25310", "2015-12-31": "1.17420", "2014-12-31": "1.22890", "2013-12-31": "1.28240", "2012-12-31": "1.23660", "2011-12-31": "1.41980", "2010-12-31": "1.29830", "2009-12-31": "1.10730", "2008-12-31": ""}, "Inventory Turnover Ratio": {"2019-12-31": "", "2018-12-31": "", "2017-12-31": "", "2016-12-31": "", "2015-12-31": "", "2014-12-31": "", "2013-12-31": "", "2012-12-31": "", "2011-12-31": "", "2010-12-31": "", "2009-12-31": "", "2008-12-31": ""}, "Receiveable Turnover": {"2019-12-31": "4.60860", "2018-12-31": "4.58050", "2017-12-31": "4.11900", "2016-12-31": "4.40600", "2015-12-31": "3.38030", "2014-12-31": "4.04820", "2013-12-31": "4.00690", "2012-12-31": "3.86220", "2011-12-31": "3.98500", "2010-12-31": "3.39330", "2009-12-31": "3.62150", "2008-12-31": ""}, "Days Sales In Receivables": {"2019-12-31": "79.19890", "2018-12-31": "79.68530", "2017-12-31": "88.61450", "2016-12-31": "82.84150", "2015-12-31": "107.97740", "2014-12-31": "90.16370", "2013-12-31": "91.09200", "2012-12-31": "94.50640", "2011-12-31": "91.59370", "2010-12-31": "107.56460", "2009-12-31": "100.78590", "2008-12-31": ""}, "ROE - Return On Equity": {"2019-12-31": "16.35550", "2018-12-31": "19.02870", "2017-12-31": "7.46300", "2016-12-31": "12.70340", "2015-12-31": "13.77250", "2014-12-31": "15.00720", "2013-12-31": "16.48330", "2012-12-31": "19.03170", "2011-12-31": "46.65840", "2010-12-31": "42.51660", "2009-12-31": "81.81930", "2008-12-31": ""}, "Return On Tangible Equity": {"2019-12-31": "19.41170", "2018-12-31": "23.13050", "2017-12-31": "8.97270", "2016-12-31": "15.98840", "2015-12-31": "18.75000", "2014-12-31": "19.40160", "2013-12-31": "18.22820", "2012-12-31": "22.08080", "2011-12-31": "51.79070", "2010-12-31": "51.91650", "2009-12-31": "295.11360", "2008-12-31": ""}, "ROA - Return On Assets": {"2019-12-31": "11.63250", "2018-12-31": "14.90610", "2017-12-31": "5.81960", "2016-12-31": "10.72210", "2015-12-31": "10.84810", "2014-12-31": "11.72360", "2013-12-31": "14.32140", "2012-12-31": "15.53070", "2011-12-31": "18.82450", "2010-12-31": "16.56810", "2009-12-31": "9.99060", "2008-12-31": ""}, "ROI - Return On Investment": {"2019-12-31": "16.10250", "2018-12-31": "18.65880", "2017-12-31": "7.27610", "2016-12-31": "12.30890", "2015-12-31": "13.02890", "2014-12-31": "15.00720", "2013-12-31": "16.48330", "2012-12-31": "19.03170", "2011-12-31": "46.65840", "2010-12-31": "42.51660", "2009-12-31": "81.81930", "2008-12-31": ""}, "Book Value Per Share": {"2019-12-31": "28.92200", "2018-12-31": "23.34680", "2017-12-31": "18.40080", "2016-12-31": "15.29240", "2015-12-31": "12.22360", "2014-12-31": "9.60690", "2013-12-31": "8.06820", "2012-12-31": "6.44170", "2011-12-31": "5.53990", "2010-12-31": "3.90410", "2009-12-31": "0.96910", "2008-12-31": ""}, "Operating Cash Flow Per Share": {"2019-12-31": -0.1716, "2018-12-31": 1.6494, "2017-12-31": 0.3645, "2016-12-31": 1.6728, "2015-12-31": -0.6392, "2014-12-31": 0.9047, "2013-12-31": 0.0972, "2012-12-31": -1.5562, "2011-12-31": 1.603, "2010-12-31": -0.3534, "2009-12-31": 1.4762, "2008-12-31": -0.0628}, "Free Cash Flow Per Share": {"2019-12-31": -1.2306, "2018-12-31": 1.5284, "2017-12-31": 0.3734, "2016-12-31": 1.3772, "2015-12-31": -0.6549, "2014-12-31": 0.9413, "2013-12-31": 0.1263, "2012-12-31": -1.1021, "2011-12-31": 1.2767, "2010-12-31": -0.7298, "2009-12-31": 1.9669, "2008-12-31": -0.6102}}, "financial ratios, quarterly": {"Current Ratio": {"2020-09-30": "4.22390", "2020-06-30": "4.37210", "2020-03-31": "3.87270", "2019-12-31": "3.80980", "2019-09-30": "4.38150", "2019-06-30": "4.71660", "2019-03-31": "4.40520", "2018-12-31": "4.56220", "2018-09-30": "5.10920", "2018-06-30": "5.64750", "2018-03-31": "5.39260", "2017-12-31": "5.30500", "2017-09-30": "5.55870", "2017-06-30": "6.05500", "2017-03-31": "5.76130", "2016-12-31": "5.56320", "2016-09-30": "5.19250", "2016-06-30": "6.23300", "2016-03-31": "5.13500", "2015-12-31": "4.13520", "2015-09-30": "4.45020", "2015-06-30": "5.07730", "2015-03-31": "3.68900", "2014-12-31": "3.30980", "2014-09-30": "4.78110", "2014-06-30": "4.82770", "2014-03-31": "5.82690", "2013-12-31": "6.05460", "2013-09-30": "5.85620", "2013-06-30": "5.77670", "2013-03-31": "5.28040", "2012-12-31": "4.22820", "2012-09-30": "5.15870", "2012-06-30": "5.12000", "2012-03-31": "4.73590", "2011-12-31": "3.45520", "2011-09-30": "4.00480", "2011-06-30": "3.39810", "2011-03-31": "4.02750", "2010-12-31": "3.58960", "2010-09-30": "", "2010-06-30": "", "2010-03-31": "", "2009-12-31": "", "2008-12-31": ""}, "Long-term Debt / Capital": {"2020-09-30": "0.01330", "2020-06-30": "0.01410", "2020-03-31": "0.01500", "2019-12-31": "0.01550", "2019-09-30": "0.01650", "2019-06-30": "0.01730", "2019-03-31": "0.01830", "2018-12-31": "0.01940", "2018-09-30": "0.02050", "2018-06-30": "0.02200", "2018-03-31": "0.02320", "2017-12-31": "0.02500", "2017-09-30": "0.02480", "2017-06-30": "0.02650", "2017-03-31": "0.02910", "2016-12-31": "0.03110", "2016-09-30": "0.04220", "2016-06-30": "0.05350", "2016-03-31": "0.05750", "2015-12-31": "0.05400", "2015-09-30": "0.02550", "2015-06-30": "", "2015-03-31": "", "2014-12-31": "", "2014-09-30": "", "2014-06-30": "", "2014-03-31": "", "2013-12-31": "", "2013-09-30": "", "2013-06-30": "", "2013-03-31": "", "2012-12-31": "", "2012-09-30": "", "2012-06-30": "", "2012-03-31": "", "2011-12-31": "", "2011-09-30": "", "2011-06-30": "", "2011-03-31": "", "2010-12-31": "", "2010-09-30": "", "2010-06-30": "", "2010-03-31": "", "2009-12-31": "", "2008-12-31": ""}, "Debt/Equity Ratio": {"2020-09-30": "0.01350", "2020-06-30": "0.01430", "2020-03-31": "0.01520", "2019-12-31": "0.01570", "2019-09-30": "0.01680", "2019-06-30": "0.01760", "2019-03-31": "0.01870", "2018-12-31": "0.01980", "2018-09-30": "0.02090", "2018-06-30": "0.02250", "2018-03-31": "0.02370", "2017-12-31": "0.02570", "2017-09-30": "0.02540", "2017-06-30": "0.02720", "2017-03-31": "0.03000", "2016-12-31": "0.03210", "2016-09-30": "0.04410", "2016-06-30": "0.05650", "2016-03-31": "0.06100", "2015-12-31": "0.05710", "2015-09-30": "0.02620", "2015-06-30": "", "2015-03-31": "", "2014-12-31": "", "2014-09-30": "", "2014-06-30": "", "2014-03-31": "", "2013-12-31": "", "2013-09-30": "", "2013-06-30": "", "2013-03-31": "", "2012-12-31": "", "2012-09-30": "", "2012-06-30": "", "2012-03-31": "", "2011-12-31": "", "2011-09-30": "", "2011-06-30": "0.07170", "2011-03-31": "", "2010-12-31": "", "2010-09-30": "", "2010-06-30": "", "2010-03-31": "", "2009-12-31": "", "2008-12-31": ""}, "Gross Margin": {"2020-09-30": "35.08740", "2020-06-30": "33.65730", "2020-03-31": "34.93570", "2019-12-31": "35.19510", "2019-09-30": "35.80630", "2019-06-30": "35.47440", "2019-03-31": "33.88310", "2018-12-31": "36.81690", "2018-09-30": "35.69200", "2018-06-30": "35.11120", "2018-03-31": "34.54310", "2017-12-31": "36.35790", "2017-09-30": "36.59490", "2017-06-30": "36.92080", "2017-03-31": "36.01440", "2016-12-31": "36.77510", "2016-09-30": "36.03710", "2016-06-30": "36.30670", "2016-03-31": "36.71370", "2015-12-31": "39.17800", "2015-09-30": "37.09820", "2015-06-30": "38.35280", "2015-03-31": "37.07070", "2014-12-31": "39.92350", "2014-09-30": "36.44610", "2014-06-30": "36.97470", "2014-03-31": "36.11960", "2013-12-31": "38.04800", "2013-09-30": "36.82550", "2013-06-30": "37.26950", "2013-03-31": "37.24780", "2012-12-31": "38.43780", "2012-09-30": "37.22720", "2012-06-30": "38.53280", "2012-03-31": "36.24380", "2011-12-31": "37.56980", "2011-09-30": "40.26240", "2011-06-30": "39.11400", "2011-03-31": "37.49490", "2010-12-31": "103.80930", "2010-09-30": "", "2010-06-30": "", "2010-03-31": "37.66280", "2009-12-31": "", "2008-12-31": ""}, "Operating Margin": {"2020-09-30": "14.77920", "2020-06-30": "13.19230", "2020-03-31": "13.43480", "2019-12-31": "13.39260", "2019-09-30": "13.69910", "2019-06-30": "13.21320", "2019-03-31": "12.40240", "2018-12-31": "15.50110", "2018-09-30": "13.78940", "2018-06-30": "12.17040", "2018-03-31": "11.48110", "2017-12-31": "13.03540", "2017-09-30": "13.04500", "2017-06-30": "11.65750", "2017-03-31": "9.53830", "2016-12-31": "11.92340", "2016-09-30": "11.36530", "2016-06-30": "11.30250", "2016-03-31": "11.46810", "2015-12-31": "12.20540", "2015-09-30": "11.76700", "2015-06-30": "10.83930", "2015-03-31": "11.40740", "2014-12-31": "11.87780", "2014-09-30": "11.32730", "2014-06-30": "10.57620", "2014-03-31": "13.62790", "2013-12-31": "14.71720", "2013-09-30": "14.43450", "2013-06-30": "13.16600", "2013-03-31": "12.50910", "2012-12-31": "14.86090", "2012-09-30": "15.20380", "2012-06-30": "16.21390", "2012-03-31": "14.60430", "2011-12-31": "16.21730", "2011-09-30": "19.54460", "2011-06-30": "13.56770", "2011-03-31": "16.22480", "2010-12-31": "-113.03020", "2010-09-30": "", "2010-06-30": "", "2010-03-31": "8.91990", "2009-12-31": "", "2008-12-31": ""}, "EBIT Margin": {"2020-09-30": "14.77920", "2020-06-30": "13.19230", "2020-03-31": "13.43480", "2019-12-31": "13.39260", "2019-09-30": "13.69910", "2019-06-30": "13.21320", "2019-03-31": "12.40240", "2018-12-31": "15.50110", "2018-09-30": "13.78940", "2018-06-30": "12.17040", "2018-03-31": "11.48110", "2017-12-31": "13.03540", "2017-09-30": "13.04500", "2017-06-30": "11.65750", "2017-03-31": "9.53830", "2016-12-31": "11.92340", "2016-09-30": "11.36530", "2016-06-30": "11.30250", "2016-03-31": "11.46810", "2015-12-31": "12.20540", "2015-09-30": "11.76700", "2015-06-30": "10.83930", "2015-03-31": "11.40740", "2014-12-31": "11.87780", "2014-09-30": "11.32730", "2014-06-30": "10.57620", "2014-03-31": "13.62790", "2013-12-31": "14.71710", "2013-09-30": "14.43450", "2013-06-30": "13.16600", "2013-03-31": "12.50910", "2012-12-31": "14.86090", "2012-09-30": "15.20380", "2012-06-30": "16.21390", "2012-03-31": "14.60430", "2011-12-31": "16.21730", "2011-09-30": "19.54460", "2011-06-30": "13.56770", "2011-03-31": "16.22480", "2010-12-31": "-113.03020", "2010-09-30": "", "2010-06-30": "", "2010-03-31": "8.91990", "2009-12-31": "", "2008-12-31": ""}, "EBITDA Margin": {"2020-09-30": "", "2020-06-30": "", "2020-03-31": "", "2019-12-31": "", "2019-09-30": "", "2019-06-30": "", "2019-03-31": "", "2018-12-31": "", "2018-09-30": "", "2018-06-30": "", "2018-03-31": "", "2017-12-31": "", "2017-09-30": "", "2017-06-30": "", "2017-03-31": "", "2016-12-31": "", "2016-09-30": "", "2016-06-30": "", "2016-03-31": "", "2015-12-31": "", "2015-09-30": "", "2015-06-30": "", "2015-03-31": "", "2014-12-31": "", "2014-09-30": "", "2014-06-30": "", "2014-03-31": "", "2013-12-31": "", "2013-09-30": "", "2013-06-30": "", "2013-03-31": "", "2012-12-31": "", "2012-09-30": "", "2012-06-30": "", "2012-03-31": "", "2011-12-31": "", "2011-09-30": "", "2011-06-30": "", "2011-03-31": "", "2010-12-31": "", "2010-09-30": "", "2010-06-30": "", "2010-03-31": "", "2009-12-31": "", "2008-12-31": ""}, "Pre-Tax Profit Margin": {"2020-09-30": "15.93950", "2020-06-30": "12.03010", "2020-03-31": "14.80270", "2019-12-31": "13.40080", "2019-09-30": "13.59780", "2019-06-30": "12.78310", "2019-03-31": "12.32420", "2018-12-31": "15.59980", "2018-09-30": "14.09420", "2018-06-30": "12.81710", "2018-03-31": "11.29300", "2017-12-31": "13.04220", "2017-09-30": "13.39970", "2017-06-30": "12.33490", "2017-03-31": "8.80790", "2016-12-31": "10.22250", "2016-09-30": "11.14370", "2016-06-30": "10.89480", "2016-03-31": "11.43820", "2015-12-31": "13.34590", "2015-09-30": "12.14710", "2015-06-30": "11.22230", "2015-03-31": "9.11000", "2014-12-31": "12.15820", "2014-09-30": "11.60900", "2014-06-30": "10.53320", "2014-03-31": "13.46270", "2013-12-31": "14.79330", "2013-09-30": "14.52440", "2013-06-30": "13.09090", "2013-03-31": "12.61450", "2012-12-31": "15.16670", "2012-09-30": "15.06840", "2012-06-30": "15.31410", "2012-03-31": "15.19340", "2011-12-31": "16.13530", "2011-09-30": "17.32760", "2011-06-30": "13.22470", "2011-03-31": "16.29760", "2010-12-31": "39.37890", "2010-09-30": "", "2010-06-30": "", "2010-03-31": "7.67490", "2009-12-31": "", "2008-12-31": ""}, "Net Profit Margin": {"2020-09-30": "13.71150", "2020-06-30": "10.53540", "2020-03-31": "13.13640", "2019-12-31": "11.77730", "2019-09-30": "11.39290", "2019-06-30": "10.65600", "2019-03-31": "11.65360", "2018-12-31": "11.87590", "2018-09-30": "14.01540", "2018-06-30": "11.27690", "2018-03-31": "15.18760", "2017-12-31": "-7.73210", "2017-09-30": "11.29310", "2017-06-30": "10.70530", "2017-03-31": "7.28200", "2016-12-31": "7.89830", "2016-09-30": "8.77460", "2016-06-30": "8.60720", "2016-03-31": "9.03620", "2015-12-31": "10.61970", "2015-09-30": "9.68990", "2015-06-30": "8.83040", "2015-03-31": "7.35530", "2014-12-31": "9.11200", "2014-09-30": "9.87740", "2014-06-30": "8.47990", "2014-03-31": "10.82650", "2013-12-31": "11.90410", "2013-09-30": "11.72820", "2013-06-30": "10.60040", "2013-03-31": "10.20950", "2012-12-31": "11.78370", "2012-09-30": "12.77730", "2012-06-30": "12.83330", "2012-03-31": "9.49750", "2011-12-31": "9.84890", "2011-09-30": "7.09070", "2011-06-30": "-8.72330", "2011-03-31": "4.48060", "2010-12-31": "16.43260", "2010-09-30": "", "2010-06-30": "", "2010-03-31": "8.04630", "2009-12-31": "", "2008-12-31": ""}, "Asset Turnover": {"2020-09-30": "0.25520", "2020-06-30": "0.26470", "2020-03-31": "0.28170", "2019-12-31": "0.28200", "2019-09-30": "0.28830", "2019-06-30": "0.28560", "2019-03-31": "0.28470", "2018-12-31": "0.31330", "2018-09-30": "0.31130", "2018-06-30": "0.32010", "2018-03-31": "0.31570", "2017-12-31": "0.31940", "2017-09-30": "0.32180", "2017-06-30": "0.32330", "2017-03-31": "0.32890", "2016-12-31": "0.33860", "2016-09-30": "0.32810", "2016-06-30": "0.33630", "2016-03-31": "0.32740", "2015-12-31": "0.33430", "2015-09-30": "0.33540", "2015-06-30": "0.34220", "2015-03-31": "0.32820", "2014-12-31": "0.34040", "2014-09-30": "0.34120", "2014-06-30": "0.32470", "2014-03-31": "0.34970", "2013-12-31": "0.36400", "2013-09-30": "0.34570", "2013-06-30": "0.35560", "2013-03-31": "0.34810", "2012-12-31": "0.35780", "2012-09-30": "0.35200", "2012-06-30": "0.36040", "2012-03-31": "0.34370", "2011-12-31": "0.40370", "2011-09-30": "0.41200", "2011-06-30": "0.39910", "2011-03-31": "0.40380", "2010-12-31": "0.41420", "2010-09-30": "", "2010-06-30": "", "2010-03-31": "", "2009-12-31": "", "2008-12-31": ""}, "Inventory Turnover Ratio": {"2020-09-30": "", "2020-06-30": "", "2020-03-31": "", "2019-12-31": "", "2019-09-30": "", "2019-06-30": "", "2019-03-31": "", "2018-12-31": "", "2018-09-30": "", "2018-06-30": "", "2018-03-31": "", "2017-12-31": "", "2017-09-30": "", "2017-06-30": "", "2017-03-31": "", "2016-12-31": "", "2016-09-30": "", "2016-06-30": "", "2016-03-31": "", "2015-12-31": "", "2015-09-30": "", "2015-06-30": "", "2015-03-31": "", "2014-12-31": "", "2014-09-30": "", "2014-06-30": "", "2014-03-31": "", "2013-12-31": "", "2013-09-30": "", "2013-06-30": "", "2013-03-31": "", "2012-12-31": "", "2012-09-30": "", "2012-06-30": "", "2012-03-31": "", "2011-12-31": "", "2011-09-30": "", "2011-06-30": "", "2011-03-31": "", "2010-12-31": "", "2010-09-30": "", "2010-06-30": "", "2010-03-31": "", "2009-12-31": "", "2008-12-31": ""}, "Receiveable Turnover": {"2020-09-30": "1.32240", "2020-06-30": "1.24750", "2020-03-31": "1.20020", "2019-12-31": "1.27140", "2019-09-30": "1.22000", "2019-06-30": "1.15000", "2019-03-31": "1.15500", "2018-12-31": "1.25500", "2018-09-30": "1.13650", "2018-06-30": "1.09650", "2018-03-31": "1.06280", "2017-12-31": "1.13390", "2017-09-30": "1.12190", "2017-06-30": "1.10390", "2017-03-31": "1.16140", "2016-12-31": "1.19070", "2016-09-30": "1.10400", "2016-06-30": "1.03270", "2016-03-31": "0.96920", "2015-12-31": "0.96240", "2015-09-30": "1.02390", "2015-06-30": "0.95850", "2015-03-31": "1.03790", "2014-12-31": "1.12120", "2014-09-30": "1.04270", "2014-06-30": "0.99230", "2014-03-31": "1.07840", "2013-12-31": "1.13750", "2013-09-30": "0.91860", "2013-06-30": "0.94790", "2013-03-31": "0.97470", "2012-12-31": "1.11770", "2012-09-30": "0.98100", "2012-06-30": "0.98850", "2012-03-31": "0.98120", "2011-12-31": "1.13320", "2011-09-30": "1.02460", "2011-06-30": "1.03620", "2011-03-31": "0.97490", "2010-12-31": "1.08270", "2010-09-30": "", "2010-06-30": "", "2010-03-31": "", "2009-12-31": "", "2008-12-31": ""}, "Days Sales In Receivables": {"2020-09-30": "68.05790", "2020-06-30": "72.14260", "2020-03-31": "74.98600", "2019-12-31": "70.79050", "2019-09-30": "73.77190", "2019-06-30": "78.26240", "2019-03-31": "77.91920", "2018-12-31": "71.71340", "2018-09-30": "79.19140", "2018-06-30": "82.08100", "2018-03-31": "84.68550", "2017-12-31": "79.37080", "2017-09-30": "80.21930", "2017-06-30": "81.52910", "2017-03-31": "77.48990", "2016-12-31": "75.58450", "2016-09-30": "81.52180", "2016-06-30": "87.14910", "2016-03-31": "92.85940", "2015-12-31": "93.51770", "2015-09-30": "87.90070", "2015-06-30": "93.89540", "2015-03-31": "86.71660", "2014-12-31": "80.27370", "2014-09-30": "86.31250", "2014-06-30": "90.70270", "2014-03-31": "83.45640", "2013-12-31": "79.12240", "2013-09-30": "97.97450", "2013-06-30": "94.94180", "2013-03-31": "92.33990", "2012-12-31": "80.52380", "2012-09-30": "91.74230", "2012-06-30": "91.04310", "2012-03-31": "91.72880", "2011-12-31": "79.42260", "2011-09-30": "87.83500", "2011-06-30": "86.85690", "2011-03-31": "92.32160", "2010-12-31": "83.12930", "2010-09-30": "", "2010-06-30": "", "2010-03-31": "", "2009-12-31": "", "2008-12-31": ""}, "ROE - Return On Equity": {"2020-09-30": "4.80760", "2020-06-30": "3.80040", "2020-03-31": "5.19370", "2019-12-31": "4.66900", "2019-09-30": "4.49040", "2019-06-30": "4.13270", "2019-03-31": "4.53990", "2018-12-31": "4.74930", "2018-09-30": "5.48680", "2018-06-30": "4.51610", "2018-03-31": "6.10400", "2017-12-31": "-3.16670", "2017-09-30": "4.32770", "2017-06-30": "4.06210", "2017-03-31": "2.83090", "2016-12-31": "3.16900", "2016-09-30": "3.48930", "2016-06-30": "3.44590", "2016-03-31": "3.63420", "2015-12-31": "4.50700", "2015-09-30": "3.99270", "2015-06-30": "3.53470", "2015-03-31": "3.01620", "2014-12-31": "3.97000", "2014-09-30": "4.27190", "2014-06-30": "3.47220", "2014-03-31": "4.38180", "2013-12-31": "4.98780", "2013-09-30": "4.67480", "2013-06-30": "4.34090", "2013-03-31": "4.17850", "2012-12-31": "5.23930", "2012-09-30": "5.30450", "2012-06-30": "5.49080", "2012-03-31": "5.35340", "2011-12-31": "13.02770", "2011-09-30": "16.87250", "2011-06-30": "11.87450", "2011-03-31": "12.87450", "2010-12-31": "17.46750", "2010-09-30": "", "2010-06-30": "", "2010-03-31": "", "2009-12-31": "", "2008-12-31": ""}, "Return On Tangible Equity": {"2020-09-30": "5.59600", "2020-06-30": "4.44700", "2020-03-31": "6.15460", "2019-12-31": "5.54150", "2019-09-30": "5.36320", "2019-06-30": "4.94250", "2019-03-31": "5.42240", "2018-12-31": "5.77310", "2018-09-30": "6.57310", "2018-06-30": "5.50480", "2018-03-31": "7.61880", "2017-12-31": "-3.80740", "2017-09-30": "5.20270", "2017-06-30": "4.95830", "2017-03-31": "3.50160", "2016-12-31": "3.98850", "2016-09-30": "4.47780", "2016-06-30": "4.50460", "2016-03-31": "4.84530", "2015-12-31": "6.13590", "2015-09-30": "5.06640", "2015-06-30": "4.33100", "2015-03-31": "3.80800", "2014-12-31": "5.13260", "2014-09-30": "5.28350", "2014-06-30": "4.42580", "2014-03-31": "4.86480", "2013-12-31": "5.51570", "2013-09-30": "5.22370", "2013-06-30": "4.90530", "2013-03-31": "4.78750", "2012-12-31": "6.07870", "2012-09-30": "5.67520", "2012-06-30": "5.94840", "2012-03-31": "5.59010", "2011-12-31": "14.46070", "2011-09-30": "19.08580", "2011-06-30": "13.90630", "2011-03-31": "15.31710", "2010-12-31": "21.32930", "2010-09-30": "", "2010-06-30": "", "2010-03-31": "", "2009-12-31": "", "2008-12-31": ""}, "ROA - Return On Assets": {"2020-09-30": "3.49970", "2020-06-30": "2.78860", "2020-03-31": "3.70110", "2019-12-31": "3.32070", "2019-09-30": "3.28410", "2019-06-30": "3.04320", "2019-03-31": "3.31730", "2018-12-31": "3.72040", "2018-09-30": "4.36300", "2018-06-30": "3.60980", "2018-03-31": "4.79510", "2017-12-31": "-2.46940", "2017-09-30": "3.63460", "2017-06-30": "3.46110", "2017-03-31": "2.39530", "2016-12-31": "2.67470", "2016-09-30": "2.87880", "2016-06-30": "2.89490", "2016-03-31": "2.95830", "2015-12-31": "3.55000", "2015-09-30": "3.25030", "2015-06-30": "3.02140", "2015-03-31": "2.41400", "2014-12-31": "3.10140", "2014-09-30": "3.36970", "2014-06-30": "2.75370", "2014-03-31": "3.78600", "2013-12-31": "4.33360", "2013-09-30": "4.05390", "2013-06-30": "3.76970", "2013-03-31": "3.55440", "2012-12-31": "4.27550", "2012-09-30": "4.49760", "2012-06-30": "4.62540", "2012-03-31": "4.40590", "2011-12-31": "5.25610", "2011-09-30": "6.65050", "2011-06-30": "4.11980", "2011-03-31": "5.40400", "2010-12-31": "6.80680", "2010-09-30": "", "2010-06-30": "", "2010-03-31": "", "2009-12-31": "", "2008-12-31": ""}, "ROI - Return On Investment": {"2020-09-30": "4.74370", "2020-06-30": "3.74680", "2020-03-31": "5.11590", "2019-12-31": "4.59680", "2019-09-30": "4.41640", "2019-06-30": "4.06130", "2019-03-31": "4.45660", "2018-12-31": "4.65700", "2018-09-30": "5.37430", "2018-06-30": "4.41680", "2018-03-31": "5.96260", "2017-12-31": "-3.08750", "2017-09-30": "4.22040", "2017-06-30": "3.95440", "2017-03-31": "2.74850", "2016-12-31": "3.07060", "2016-09-30": "3.34200", "2016-06-30": "3.26140", "2016-03-31": "3.42520", "2015-12-31": "4.26370", "2015-09-30": "3.89080", "2015-06-30": "3.53470", "2015-03-31": "3.01620", "2014-12-31": "3.97000", "2014-09-30": "4.27190", "2014-06-30": "3.47220", "2014-03-31": "4.38180", "2013-12-31": "4.98780", "2013-09-30": "4.67480", "2013-06-30": "4.34090", "2013-03-31": "4.17850", "2012-12-31": "5.23930", "2012-09-30": "5.30450", "2012-06-30": "5.49080", "2012-03-31": "5.35340", "2011-12-31": "13.02770", "2011-09-30": "16.87250", "2011-06-30": "11.87450", "2011-03-31": "12.87450", "2010-12-31": "17.46750", "2010-09-30": "", "2010-06-30": "", "2010-03-31": "", "2009-12-31": "", "2008-12-31": ""}, "Book Value Per Share": {"2020-09-30": "33.22920", "2020-06-30": "31.40280", "2020-03-31": "29.63680", "2019-12-31": "28.92200", "2019-09-30": "27.15460", "2019-06-30": "25.96340", "2019-03-31": "24.52530", "2018-12-31": "23.34680", "2018-09-30": "22.15020", "2018-06-30": "20.72840", "2018-03-31": "19.79760", "2017-12-31": "18.40080", "2017-09-30": "18.68350", "2017-06-30": "17.53260", "2017-03-31": "16.16410", "2016-12-31": "15.29240", "2016-09-30": "14.70320", "2016-06-30": "13.93770", "2016-03-31": "13.01090", "2015-12-31": "12.22360", "2015-09-30": "11.49230", "2015-06-30": "10.96370", "2015-03-31": "10.01870", "2014-12-31": "9.60690", "2014-09-30": "9.34540", "2014-06-30": "8.97960", "2014-03-31": "8.44210", "2013-12-31": "8.06820", "2013-09-30": "7.58190", "2013-06-30": "7.07660", "2013-03-31": "6.71010", "2012-12-31": "6.44170", "2012-09-30": "6.11020", "2012-06-30": "5.67260", "2012-03-31": "5.34790", "2011-12-31": "5.53990", "2011-09-30": "4.82350", "2011-06-30": "32.60240", "2011-03-31": "35.49200", "2010-12-31": "3.90410", "2010-09-30": "", "2010-06-30": "", "2010-03-31": "", "2009-12-31": "", "2008-12-31": ""}, "Operating Cash Flow Per Share": {"2020-09-30": 2.9724, "2020-06-30": 2.5074, "2020-03-31": "1.08790", "2019-12-31": 2.169, "2019-09-30": 2.0549, "2019-06-30": 0.7642, "2019-03-31": "-0.00350", "2018-12-31": 2.1878, "2018-09-30": 1.7881, "2018-06-30": 1.05, "2018-03-31": "0.13030", "2017-12-31": 1.3054, "2017-09-30": 1.1196, "2017-06-30": 0.5419, "2017-03-31": "0.53990", "2016-12-31": 1.0785, "2016-09-30": 1.1373, "2016-06-30": 0.7211, "2016-03-31": "0.20540", "2015-12-31": 0.2362, "2015-09-30": 1.0593, "2015-06-30": 0.0393, "2015-03-31": "0.13470", "2014-12-31": 0.9815, "2014-09-30": 0.4608, "2014-06-30": 0.3374, "2014-03-31": "0.32900", "2013-12-31": 0.9619, "2013-09-30": 0.3209, "2013-06-30": 0.1676, "2013-03-31": "-0.24640", "2012-12-31": 0.8328, "2012-09-30": 0.2389, "2012-06-30": 0.1748, "2012-03-31": "-0.13970", "2011-12-31": 1.3, "2011-09-30": 0.8321, "2011-06-30": 0.5122, "2011-03-31": "0.01870", "2010-12-31": 0.528, "2010-09-30": 0, "2010-06-30": 1.0645, "2010-03-31": "-1.06450", "2009-12-31": 0, "2008-12-31": 0}, "Free Cash Flow Per Share": {"2020-09-30": 2.8099, "2020-06-30": 2.3116, "2020-03-31": "0.58790", "2019-12-31": 1.3511, "2019-09-30": 1.5852, "2019-06-30": 0.5644, "2019-03-31": "-0.23810", "2018-12-31": 2.007, "2018-09-30": 1.647, "2018-06-30": 0.8993, "2018-03-31": "-0.06010", "2017-12-31": 1.0691, "2017-09-30": 1.0225, "2017-06-30": 0.4395, "2017-03-31": "0.43370", "2016-12-31": 0.8985, "2016-09-30": 1.0215, "2016-06-30": 0.583, "2016-03-31": "0.08840", "2015-12-31": 0.1631, "2015-09-30": 0.98, "2015-06-30": -0.0269, "2015-03-31": "0.09800", "2014-12-31": 0.9057, "2014-09-30": 0.3867, "2014-06-30": 0.2916, "2014-03-31": "0.28510", "2013-12-31": 0.91, "2013-09-30": 0.2841, "2013-06-30": 0.0407, "2013-03-31": "-0.30700", "2012-12-31": 0.7494, "2012-09-30": 0.1552, "2012-06-30": 0.1345, "2012-03-31": "-0.23760", "2011-12-31": 1.1628, "2011-09-30": 0.5557, "2011-06-30": 0.4924, "2011-03-31": "-0.30730", "2010-12-31": 0.3124, "2010-09-30": 0, "2010-06-30": 1.8452, "2010-03-31": "-1.84520", "2009-12-31": 0, "2008-12-31": 0}}, "revenue": {"EPAM Systems Annual Revenue (Millions of US $)": {"2019": "$2,294", "2018": "$1,843", "2017": "$1,450", "2016": "$1,160", "2015": "$914", "2014": "$730", "2013": "$555", "2012": "$434", "2011": "$335", "2010": "$222", "2009": "$150", "2008": "$161"}, "EPAM Systems Quarterly Revenue (Millions of US $)": {"2020-09-30": "$652", "2020-06-30": "$632", "2020-03-31": "$651", "2019-12-31": "$633", "2019-09-30": "$588", "2019-06-30": "$552", "2019-03-31": "$521", "2018-12-31": "$505", "2018-09-30": "$468", "2018-06-30": "$446", "2018-03-31": "$424", "2017-12-31": "$399", "2017-09-30": "$378", "2017-06-30": "$349", "2017-03-31": "$325", "2016-12-31": "$314", "2016-09-30": "$298", "2016-06-30": "$284", "2016-03-31": "$264", "2015-12-31": "$260", "2015-09-30": "$236", "2015-06-30": "$218", "2015-03-31": "$200", "2014-12-31": "$202", "2014-09-30": "$193", "2014-06-30": "$175", "2014-03-31": "$160", "2013-12-31": "$158", "2013-09-30": "$140", "2013-06-30": "$133", "2013-03-31": "$124", "2012-12-31": "$126", "2012-09-30": "$110", "2012-06-30": "$104", "2012-03-31": "$94", "2011-12-31": "$95", "2011-09-30": "$86", "2011-06-30": "$80", "2011-03-31": "$73", "2010-12-31": "$71", "2010-09-30": "", "2010-06-30": "", "2010-03-31": "$42", "2009-12-31": "", "2008-12-31": ""}}, "gross-profit": {"EPAM Systems Annual Gross Profit (Millions of US $)": {"2019": "$806", "2018": "$656", "2017": "$529", "2016": "$423", "2015": "$347", "2014": "$273", "2013": "$207", "2012": "$163", "2011": "$129", "2010": "$89", "2009": "$62", "2008": "$69"}, "EPAM Systems Quarterly Gross Profit (Millions of US $)": {"2020-09-30": "$229", "2020-06-30": "$213", "2020-03-31": "$228", "2019-12-31": "$223", "2019-09-30": "$211", "2019-06-30": "$196", "2019-03-31": "$177", "2018-12-31": "$186", "2018-09-30": "$167", "2018-06-30": "$156", "2018-03-31": "$147", "2017-12-31": "$145", "2017-09-30": "$138", "2017-06-30": "$129", "2017-03-31": "$117", "2016-12-31": "$115", "2016-09-30": "$107", "2016-06-30": "$103", "2016-03-31": "$97", "2015-12-31": "$102", "2015-09-30": "$88", "2015-06-30": "$84", "2015-03-31": "$74", "2014-12-31": "$81", "2014-09-30": "$70", "2014-06-30": "$65", "2014-03-31": "$58", "2013-12-31": "$60", "2013-09-30": "$52", "2013-06-30": "$50", "2013-03-31": "$46", "2012-12-31": "$48", "2012-09-30": "$41", "2012-06-30": "$40", "2012-03-31": "$34", "2011-12-31": "$36", "2011-09-30": "$35", "2011-06-30": "$31", "2011-03-31": "$27", "2010-12-31": "$-36", "2010-09-30": "", "2010-06-30": "", "2010-03-31": "$16", "2009-12-31": "", "2008-12-31": ""}}, "operating-income": {"EPAM Systems Annual Operating Income (Millions of US $)": {"2019": "$303", "2018": "$246", "2017": "$173", "2016": "$134", "2015": "$106", "2014": "$86", "2013": "$76", "2012": "$66", "2011": "$55", "2010": "$33", "2009": "$16", "2008": "$10"}, "EPAM Systems Quarterly Operating Income (Millions of US $)": {"2020-09-30": "$96", "2020-06-30": "$83", "2020-03-31": "$88", "2019-12-31": "$85", "2019-09-30": "$81", "2019-06-30": "$73", "2019-03-31": "$65", "2018-12-31": "$78", "2018-09-30": "$65", "2018-06-30": "$54", "2018-03-31": "$49", "2017-12-31": "$52", "2017-09-30": "$49", "2017-06-30": "$41", "2017-03-31": "$31", "2016-12-31": "$37", "2016-09-30": "$34", "2016-06-30": "$32", "2016-03-31": "$30", "2015-12-31": "$32", "2015-09-30": "$28", "2015-06-30": "$24", "2015-03-31": "$23", "2014-12-31": "$24", "2014-09-30": "$22", "2014-06-30": "$18", "2014-03-31": "$22", "2013-12-31": "$23", "2013-09-30": "$20", "2013-06-30": "$18", "2013-03-31": "$16", "2012-12-31": "$19", "2012-09-30": "$17", "2012-06-30": "$17", "2012-03-31": "$14", "2011-12-31": "$15", "2011-09-30": "$17", "2011-06-30": "$11", "2011-03-31": "$12", "2010-12-31": "$-80", "2010-09-30": "", "2010-06-30": "", "2010-03-31": "$4", "2009-12-31": "", "2008-12-31": ""}}, "ebitda": {"EPAM Systems Annual EBITDA (Millions of US $)": {"2019": "$348", "2018": "$282", "2017": "$202", "2016": "$157", "2015": "$123", "2014": "$104", "2013": "$92", "2012": "$77", "2011": "$64", "2010": "$39", "2009": "$22", "2008": "$15"}, "EPAM Systems Quarterly EBITDA (Millions of US $)": {"2020-09-30": "$112", "2020-06-30": "$99", "2020-03-31": "$102", "2019-12-31": "$98", "2019-09-30": "$92", "2019-06-30": "$84", "2019-03-31": "$75", "2018-12-31": "$88", "2018-09-30": "$74", "2018-06-30": "$63", "2018-03-31": "$57", "2017-12-31": "$60", "2017-09-30": "$56", "2017-06-30": "$48", "2017-03-31": "$38", "2016-12-31": "$44", "2016-09-30": "$40", "2016-06-30": "$38", "2016-03-31": "$35", "2015-12-31": "$37", "2015-09-30": "$32", "2015-06-30": "$28", "2015-03-31": "$27", "2014-12-31": "$27", "2014-09-30": "$27", "2014-06-30": "$24", "2014-03-31": "$26", "2013-12-31": "$27", "2013-09-30": "$24", "2013-06-30": "$21", "2013-03-31": "$19", "2012-12-31": "$22", "2012-09-30": "$20", "2012-06-30": "$19", "2012-03-31": "$16", "2011-12-31": "$17", "2011-09-30": "$19", "2011-06-30": "$15", "2011-03-31": "$14", "2010-12-31": "$-78", "2010-09-30": "$2", "2010-06-30": "$2", "2010-03-31": "$5", "2009-12-31": "", "2008-12-31": ""}}, "net-income": {"EPAM Systems Annual Net Income (Millions of US $)": {"2019": "$261", "2018": "$240", "2017": "$73", "2016": "$99", "2015": "$84", "2014": "$70", "2013": "$62", "2012": "$51", "2011": "$12", "2010": "$14", "2009": "$4", "2008": "$0"}, "EPAM Systems Quarterly Net Income (Millions of US $)": {"2020-09-30": "$89", "2020-06-30": "$67", "2020-03-31": "$86", "2019-12-31": "$75", "2019-09-30": "$67", "2019-06-30": "$59", "2019-03-31": "$61", "2018-12-31": "$60", "2018-09-30": "$66", "2018-06-30": "$50", "2018-03-31": "$64", "2017-12-31": "$-31", "2017-09-30": "$43", "2017-06-30": "$37", "2017-03-31": "$24", "2016-12-31": "$25", "2016-09-30": "$26", "2016-06-30": "$24", "2016-03-31": "$24", "2015-12-31": "$28", "2015-09-30": "$23", "2015-06-30": "$19", "2015-03-31": "$15", "2014-12-31": "$18", "2014-09-30": "$19", "2014-06-30": "$15", "2014-03-31": "$17", "2013-12-31": "$19", "2013-09-30": "$16", "2013-06-30": "$14", "2013-03-31": "$13", "2012-12-31": "$15", "2012-09-30": "$14", "2012-06-30": "$13", "2012-03-31": "$9", "2011-12-31": "$9", "2011-09-30": "$6", "2011-06-30": "$-7", "2011-03-31": "$3", "2010-12-31": "$12", "2010-09-30": "", "2010-06-30": "", "2010-03-31": "$3", "2009-12-31": "", "2008-12-31": ""}}, "eps-earnings-per-share-diluted": {"EPAM Systems Annual EPS": {"2019": "$4.53", "2018": "$4.24", "2017": "$1.32", "2016": "$1.87", "2015": "$1.62", "2014": "$1.40", "2013": "$1.28", "2012": "$1.17", "2011": "$0.63", "2010": "$0.79", "2009": "$0.22", "2008": "$0.00"}, "EPAM Systems Quarterly EPS": {"2020-09-30": "$1.53", "2020-06-30": "$1.14", "2020-03-31": "$1.47", "2019-12-31": "$1.29", "2019-09-30": "$1.16", "2019-06-30": "$1.02", "2019-03-31": "$1.06", "2018-12-31": "$1.05", "2018-09-30": "$1.15", "2018-06-30": "$0.89", "2018-03-31": "$1.15", "2017-12-31": "$-0.57", "2017-09-30": "$0.77", "2017-06-30": "$0.68", "2017-03-31": "$0.44", "2016-12-31": "$0.47", "2016-09-30": "$0.49", "2016-06-30": "$0.46", "2016-03-31": "$0.45", "2015-12-31": "$0.52", "2015-09-30": "$0.44", "2015-06-30": "$0.37", "2015-03-31": "$0.29", "2014-12-31": "$0.37", "2014-09-30": "$0.38", "2014-06-30": "$0.30", "2014-03-31": "$0.35", "2013-12-31": "$0.38", "2013-09-30": "$0.34", "2013-06-30": "$0.29", "2013-03-31": "$0.27", "2012-12-31": "$0.31", "2012-09-30": "$0.30", "2012-06-30": "$0.29", "2012-03-31": "$0.27", "2011-12-31": "$0.53", "2011-09-30": "$0.33", "2011-06-30": "$-0.41", "2011-03-31": "$0.18", "2010-12-31": "$0.27", "2010-09-30": "$0.00", "2010-06-30": "$0.00", "2010-03-31": "$1.51", "2009-12-31": "$0.00", "2008-12-31": "$0.00"}}, "shares-outstanding": {"EPAM Systems Annual Shares Outstanding (Millions of Shares)": {"2019": "58", "2018": "57", "2017": "55", "2016": "53", "2015": "52", "2014": "50", "2013": "48", "2012": "44", "2011": "20", "2010": "19", "2009": "18", "2008": "18"}, "EPAM Systems Quarterly Shares Outstanding (Millions of Shares)": {"2020-09-30": "59", "2020-06-30": "58", "2020-03-31": "58", "2019-12-31": "58", "2019-09-30": "58", "2019-06-30": "58", "2019-03-31": "57", "2018-12-31": "57", "2018-09-30": "57", "2018-06-30": "57", "2018-03-31": "56", "2017-12-31": "55", "2017-09-30": "55", "2017-06-30": "55", "2017-03-31": "54", "2016-12-31": "53", "2016-09-30": "54", "2016-06-30": "53", "2016-03-31": "53", "2015-12-31": "52", "2015-09-30": "52", "2015-06-30": "52", "2015-03-31": "51", "2014-12-31": "50", "2014-09-30": "50", "2014-06-30": "50", "2014-03-31": "49", "2013-12-31": "48", "2013-09-30": "49", "2013-06-30": "48", "2013-03-31": "48", "2012-12-31": "44", "2012-09-30": "47", "2012-06-30": "46", "2012-03-31": "34", "2011-12-31": "20", "2011-09-30": "21", "2011-06-30": "20", "2011-03-31": "19", "2010-12-31": "39", "2010-09-30": "", "2010-06-30": "", "2010-03-31": "2", "2009-12-31": "", "2008-12-31": ""}}, "total-assets": {"EPAM Systems Annual Total Assets (Millions of US $)": {"2019": "$2,244", "2018": "$1,612", "2017": "$1,250", "2016": "$926", "2015": "$779", "2014": "$594", "2013": "$433", "2012": "$351", "2011": "$236", "2010": "$171", "2009": "$135", "2008": "$0"}, "EPAM Systems Quarterly Total Assets (Millions of US $)": {"2020-09-30": "$2,555", "2020-06-30": "$2,389", "2020-03-31": "$2,312", "2019-12-31": "$2,244", "2019-09-30": "$2,040", "2019-06-30": "$1,931", "2019-03-31": "$1,831", "2018-12-31": "$1,612", "2018-09-30": "$1,504", "2018-06-30": "$1,392", "2018-03-31": "$1,343", "2017-12-31": "$1,250", "2017-09-30": "$1,173", "2017-06-30": "$1,079", "2017-03-31": "$987", "2016-12-31": "$926", "2016-09-30": "$909", "2016-06-30": "$844", "2016-03-31": "$808", "2015-12-31": "$779", "2015-09-30": "$704", "2015-06-30": "$636", "2015-03-31": "$610", "2014-12-31": "$594", "2014-09-30": "$565", "2014-06-30": "$538", "2014-03-31": "$459", "2013-12-31": "$433", "2013-09-30": "$405", "2013-06-30": "$375", "2013-03-31": "$357", "2012-12-31": "$351", "2012-09-30": "$313", "2012-06-30": "$288", "2012-03-31": "$275", "2011-12-31": "$236", "2011-09-30": "$210", "2011-06-30": "$201", "2011-03-31": "$180", "2010-12-31": "$171", "2010-09-30": "$0", "2010-06-30": "$0", "2010-03-31": "$0", "2009-12-31": "$135", "2008-12-31": "$0"}}, "cash-on-hand": {"EPAM Systems Annual Cash on Hand (Millions of US $)": {"2019": "$937", "2018": "$771", "2017": "$583", "2016": "$362", "2015": "$230", "2014": "$221", "2013": "$171", "2012": "$120", "2011": "$89", "2010": "$54", "2009": "$53", "2008": "$"}, "EPAM Systems Quarterly Cash on Hand (Millions of US $)": {"2020-09-30": "$1,221", "2020-06-30": "$1,054", "2020-03-31": "$916", "2019-12-31": "$937", "2019-09-30": "$853", "2019-06-30": "$777", "2019-03-31": "$763", "2018-12-31": "$771", "2018-09-30": "$685", "2018-06-30": "$584", "2018-03-31": "$536", "2017-12-31": "$583", "2017-09-30": "$513", "2017-06-30": "$447", "2017-03-31": "$399", "2016-12-31": "$362", "2016-09-30": "$331", "2016-06-30": "$281", "2016-03-31": "$245", "2015-12-31": "$230", "2015-09-30": "$244", "2015-06-30": "$206", "2015-03-31": "$222", "2014-12-31": "$221", "2014-09-30": "$192", "2014-06-30": "$176", "2014-03-31": "$181", "2013-12-31": "$171", "2013-09-30": "$123", "2013-06-30": "$109", "2013-03-31": "$104", "2012-12-31": "$120", "2012-09-30": "$108", "2012-06-30": "$105", "2012-03-31": "$113", "2011-12-31": "$89", "2011-09-30": "$67", "2011-06-30": "$63", "2011-03-31": "$49", "2010-12-31": "$54", "2010-09-30": "", "2010-06-30": "", "2010-03-31": "", "2009-12-31": "$53", "2008-12-31": ""}}, "long-term-debt": {"EPAM Systems Annual Long Term Debt (Millions of US $)": {"2019": "$25", "2018": "$25", "2017": "$25", "2016": "$25", "2015": "$35", "2014": "$", "2013": "$", "2012": "$", "2011": "$", "2010": "$", "2009": "$", "2008": "$"}, "EPAM Systems Quarterly Long Term Debt (Millions of US $)": {"2020-09-30": "$25", "2020-06-30": "$25", "2020-03-31": "$25", "2019-12-31": "$25", "2019-09-30": "$25", "2019-06-30": "$25", "2019-03-31": "$25", "2018-12-31": "$25", "2018-09-30": "$25", "2018-06-30": "$25", "2018-03-31": "$25", "2017-12-31": "$25", "2017-09-30": "$25", "2017-06-30": "$25", "2017-03-31": "$25", "2016-12-31": "$25", "2016-09-30": "$33", "2016-06-30": "$40", "2016-03-31": "$40", "2015-12-31": "$35", "2015-09-30": "$15", "2015-06-30": "", "2015-03-31": "", "2014-12-31": "", "2014-09-30": "", "2014-06-30": "", "2014-03-31": "", "2013-12-31": "", "2013-09-30": "", "2013-06-30": "", "2013-03-31": "", "2012-12-31": "", "2012-09-30": "", "2012-06-30": "", "2012-03-31": "", "2011-12-31": "", "2011-09-30": "", "2011-06-30": "", "2011-03-31": "", "2010-12-31": "", "2010-09-30": "", "2010-06-30": "", "2010-03-31": "", "2009-12-31": "", "2008-12-31": ""}}, "total-liabilities": {"EPAM Systems Annual Total Liabilities (Millions of US $)": {"2019": "$648", "2018": "$349", "2017": "$275", "2016": "$144", "2015": "$165", "2014": "$130", "2013": "$57", "2012": "$65", "2011": "$141", "2010": "$104", "2009": "$119", "2008": "$0"}, "EPAM Systems Quarterly Total Liabilities (Millions of US $)": {"2020-09-30": "$695", "2020-06-30": "$636", "2020-03-31": "$664", "2019-12-31": "$648", "2019-09-30": "$548", "2019-06-30": "$509", "2019-03-31": "$493", "2018-12-31": "$349", "2018-09-30": "$308", "2018-06-30": "$279", "2018-03-31": "$288", "2017-12-31": "$275", "2017-09-30": "$188", "2017-06-30": "$160", "2017-03-31": "$152", "2016-12-31": "$144", "2016-09-30": "$159", "2016-06-30": "$135", "2016-03-31": "$150", "2015-12-31": "$165", "2015-09-30": "$131", "2015-06-30": "$92", "2015-03-31": "$122", "2014-12-31": "$130", "2014-09-30": "$119", "2014-06-30": "$111", "2014-03-31": "$62", "2013-12-31": "$57", "2013-09-30": "$54", "2013-06-30": "$49", "2013-03-31": "$53", "2012-12-31": "$65", "2012-09-30": "$48", "2012-06-30": "$45", "2012-03-31": "$49", "2011-12-31": "$141", "2011-09-30": "$127", "2011-06-30": "$131", "2011-03-31": "$105", "2010-12-31": "$104", "2010-09-30": "$0", "2010-06-30": "$0", "2010-03-31": "$0", "2009-12-31": "$119", "2008-12-31": "$0"}}, "total-share-holder-equity": {"EPAM Systems Annual Share Holder Equity (Millions of US $)": {"2019": "$1,596", "2018": "$1,263", "2017": "$975", "2016": "$781", "2015": "$613", "2014": "$464", "2013": "$376", "2012": "$286", "2011": "$95", "2010": "$67", "2009": "$17", "2008": "$0"}, "EPAM Systems Quarterly Share Holder Equity (Millions of US $)": {"2020-09-30": "$1,860", "2020-06-30": "$1,753", "2020-03-31": "$1,647", "2019-12-31": "$1,596", "2019-09-30": "$1,492", "2019-06-30": "$1,422", "2019-03-31": "$1,338", "2018-12-31": "$1,263", "2018-09-30": "$1,196", "2018-06-30": "$1,113", "2018-03-31": "$1,055", "2017-12-31": "$975", "2017-09-30": "$985", "2017-06-30": "$920", "2017-03-31": "$835", "2016-12-31": "$781", "2016-09-30": "$750", "2016-06-30": "$709", "2016-03-31": "$658", "2015-12-31": "$613", "2015-09-30": "$573", "2015-06-30": "$544", "2015-03-31": "$488", "2014-12-31": "$464", "2014-09-30": "$446", "2014-06-30": "$427", "2014-03-31": "$396", "2013-12-31": "$376", "2013-09-30": "$352", "2013-06-30": "$325", "2013-03-31": "$303", "2012-12-31": "$286", "2012-09-30": "$265", "2012-06-30": "$243", "2012-03-31": "$226", "2011-12-31": "$95", "2011-09-30": "$83", "2011-06-30": "$70", "2011-03-31": "$76", "2010-12-31": "$67", "2010-09-30": "$0", "2010-06-30": "$0", "2010-03-31": "$0", "2009-12-31": "$17", "2008-12-31": "$0"}}, "profit-margins": {"current": "12.31%"}, "gross margin": {"2020-09-30": "34.77%", "2020-06-30": "34.94%", "2020-03-31": "35.40%", "2019-12-31": "35.18%", "2019-09-30": "35.55%", "2019-06-30": "35.48%", "2019-03-31": "35.36%", "2018-12-31": "35.59%", "2018-09-30": "35.41%", "2018-06-30": "35.58%", "2018-03-31": "36.06%", "2017-12-31": "36.46%", "2017-09-30": "36.53%", "2017-06-30": "36.39%", "2017-03-31": "36.20%", "2016-12-31": "36.38%", "2016-09-30": "36.98%", "2016-06-30": "37.36%", "2016-03-31": "37.93%", "2015-12-31": "38.07%", "2015-09-30": "38.20%", "2015-06-30": "38.01%", "2015-03-31": "37.66%", "2014-12-31": "37.53%", "2014-09-30": "36.88%", "2014-06-30": "37.12%", "2014-03-31": "37.23%", "2013-12-31": "37.48%", "2013-09-30": "37.48%", "2013-06-30": "37.53%", "2013-03-31": "37.72%", "2012-12-31": "37.56%", "2012-09-30": "37.47%", "2012-06-30": "38.26%", "2012-03-31": "38.31%", "2011-12-31": "38.62%", "2011-09-30": "18.39%", "2010-12-31": "-17.70%"}, "operating margin": {"2020-09-30": "13.71%", "2020-06-30": "13.46%", "2020-03-31": "13.49%", "2019-12-31": "13.25%", "2019-09-30": "13.71%", "2019-06-30": "13.73%", "2019-03-31": "13.51%", "2018-12-31": "13.35%", "2018-09-30": "12.67%", "2018-06-30": "12.39%", "2018-03-31": "12.32%", "2017-12-31": "11.92%", "2017-09-30": "11.57%", "2017-06-30": "11.12%", "2017-03-31": "10.97%", "2016-12-31": "11.47%", "2016-09-30": "11.57%", "2016-06-30": "11.69%", "2016-03-31": "11.66%", "2015-12-31": "11.71%", "2015-09-30": "11.57%", "2015-06-30": "11.44%", "2015-03-31": "11.30%", "2014-12-31": "11.78%", "2014-09-30": "12.39%", "2014-06-30": "13.11%", "2014-03-31": "14.04%", "2013-12-31": "13.87%", "2013-09-30": "13.96%", "2013-06-30": "14.20%", "2013-03-31": "14.87%", "2012-12-31": "15.44%", "2012-09-30": "15.63%", "2012-06-30": "16.62%", "2012-03-31": "16.06%", "2011-12-31": "16.47%", "2011-09-30": "-12.90%", "2010-12-31": "-67.26%"}, "ebitda margin": {"2020-09-30": "16.00%", "2020-06-30": "15.62%", "2020-03-31": "15.51%", "2019-12-31": "15.21%", "2019-09-30": "15.65%", "2019-06-30": "15.69%", "2019-03-31": "15.46%", "2018-12-31": "15.30%", "2018-09-30": "14.62%", "2018-06-30": "14.33%", "2018-03-31": "14.26%", "2017-12-31": "13.92%", "2017-09-30": "13.62%", "2017-06-30": "13.22%", "2017-03-31": "13.10%", "2016-12-31": "13.53%", "2016-09-30": "13.56%", "2016-06-30": "13.60%", "2016-03-31": "13.50%", "2015-12-31": "13.57%", "2015-09-30": "13.32%", "2015-06-30": "13.41%", "2015-03-31": "13.64%", "2014-12-31": "14.25%", "2014-09-30": "15.16%", "2014-06-30": "15.96%", "2014-03-31": "16.58%", "2013-12-31": "16.40%", "2013-09-30": "16.44%", "2013-06-30": "16.63%", "2013-03-31": "17.24%", "2012-12-31": "17.74%", "2012-09-30": "17.87%", "2012-06-30": "18.73%", "2012-03-31": "18.87%", "2011-12-31": "19.46%", "2011-09-30": "-9.68%", "2010-12-31": "-61.06%"}, "pre tax profit margin": {"2020-09-30": "14.06%", "2020-06-30": "13.46%", "2020-03-31": "13.70%", "2019-12-31": "13.08%", "2019-09-30": "13.57%", "2019-06-30": "13.69%", "2019-03-31": "13.71%", "2018-12-31": "13.56%", "2018-09-30": "12.84%", "2018-06-30": "12.63%", "2018-03-31": "12.52%", "2017-12-31": "12.06%", "2017-09-30": "11.35%", "2017-06-30": "10.65%", "2017-03-31": "10.24%", "2016-12-31": "10.86%", "2016-09-30": "11.66%", "2016-06-30": "11.97%", "2016-03-31": "12.07%", "2015-12-31": "11.60%", "2015-09-30": "11.21%", "2015-06-30": "10.95%", "2015-03-31": "10.78%", "2014-12-31": "11.92%", "2014-09-30": "12.39%", "2014-06-30": "13.11%", "2014-03-31": "13.87%", "2013-12-31": "13.69%", "2013-09-30": "13.77%", "2013-06-30": "14.00%", "2013-03-31": "14.66%", "2012-12-31": "15.21%", "2012-09-30": "15.38%", "2012-06-30": "15.83%", "2012-03-31": "15.49%", "2011-12-31": "15.87%", "2011-09-30": "21.29%", "2010-12-31": "27.43%"}, "net profit margin": {"2020-09-30": "12.34%", "2020-06-30": "11.78%", "2020-03-31": "11.84%", "2019-12-31": "11.42%", "2019-09-30": "11.40%", "2019-06-30": "12.02%", "2019-03-31": "12.22%", "2018-12-31": "13.02%", "2018-09-30": "8.58%", "2018-06-30": "7.65%", "2018-03-31": "7.29%", "2017-12-31": "5.03%", "2017-09-30": "9.44%", "2017-06-30": "8.71%", "2017-03-31": "8.11%", "2016-12-31": "8.53%", "2016-09-30": "9.22%", "2016-06-30": "9.48%", "2016-03-31": "9.61%", "2015-12-31": "9.30%", "2015-09-30": "8.76%", "2015-06-30": "8.73%", "2015-03-31": "8.70%", "2014-12-31": "9.45%", "2014-09-30": "10.20%", "2014-06-30": "10.58%", "2014-03-31": "11.17%", "2013-12-31": "11.17%", "2013-09-30": "11.09%", "2013-06-30": "11.36%", "2013-03-31": "11.85%", "2012-12-31": "11.75%", "2012-09-30": "11.17%", "2012-06-30": "9.76%", "2012-03-31": "4.79%", "2011-12-31": "3.29%", "2011-09-30": "4.52%", "2010-12-31": "13.27%"}, "pe ratio": {"current": "70.02", "2021-02-05": "69.51", "2020-09-30": "59.54", "2020-06-30": "49.80", "2020-03-31": "37.58", "2019-12-31": "46.83", "2019-09-30": "42.50", "2019-06-30": "40.44", "2019-03-31": "40.75", "2018-12-31": "27.36", "2018-09-30": "52.76", "2018-06-30": "55.75", "2018-03-31": "56.69", "2017-12-31": "82.01", "2017-09-30": "37.42", "2017-06-30": "40.62", "2017-03-31": "40.82", "2016-12-31": "34.58", "2016-09-30": "36.10", "2016-06-30": "34.39", "2016-03-31": "41.95", "2015-12-31": "48.53", "2015-09-30": "50.69", "2015-06-30": "50.52", "2015-03-31": "45.74", "2014-12-31": "34.11", "2014-09-30": "31.06", "2014-06-30": "31.93", "2014-03-31": "24.19", "2013-12-31": "27.30", "2013-09-30": "28.28", "2013-06-30": "23.03", "2013-03-31": "19.69", "2012-12-31": "15.34"}, "price sales": {"2021-02-05": "8.55", "2020-09-30": "7.32", "2020-06-30": "5.83", "2020-03-31": "4.43", "2019-12-31": "5.33", "2019-09-30": "4.83", "2019-06-30": "4.83", "2019-03-31": "4.96", "2018-12-31": "3.56", "2018-09-30": "4.46", "2018-06-30": "4.21", "2018-03-31": "4.09", "2017-12-31": "4.06", "2017-09-30": "3.50", "2017-06-30": "3.53", "2017-03-31": "3.31", "2016-12-31": "2.96", "2016-09-30": "3.32", "2016-06-30": "3.24", "2016-03-31": "3.99", "2015-12-31": "4.46", "2015-09-30": "4.46", "2015-06-30": "4.44", "2015-03-31": "3.98", "2014-12-31": "3.24", "2014-09-30": "3.15", "2014-06-30": "3.39", "2014-03-31": "2.70", "2013-12-31": "3.03", "2013-09-30": "3.10", "2013-06-30": "2.56", "2013-03-31": "2.31", "2012-12-31": "1.77"}, "price book": {"current": "11.33", "2021-02-05": "11.36", "2020-09-30": "9.73", "2020-06-30": "8.03", "2020-03-31": "6.26", "2019-12-31": "7.34", "2019-09-30": "6.71", "2019-06-30": "6.67", "2019-03-31": "6.90", "2018-12-31": "4.97", "2018-09-30": "6.22", "2018-06-30": "6.00", "2018-03-31": "5.78", "2017-12-31": "5.84", "2017-09-30": "4.71", "2017-06-30": "4.80", "2017-03-31": "4.67", "2016-12-31": "4.21", "2016-09-30": "4.71", "2016-06-30": "4.61", "2016-03-31": "5.74", "2015-12-31": "6.43", "2015-09-30": "6.48", "2015-06-30": "6.50", "2015-03-31": "6.12", "2014-12-31": "4.97", "2014-09-30": "4.69", "2014-06-30": "4.87", "2014-03-31": "3.90", "2013-12-31": "4.33", "2013-09-30": "4.55", "2013-06-30": "3.84", "2013-03-31": "3.46", "2012-12-31": "2.81", "2012-09-30": "3.10", "2012-06-30": "3.00", "2012-03-31": "3.84"}, "price fcf": {"2021-02-05": "", "2020-09-30": "$7.06", "2020-06-30": "$5.84", "2020-03-31": "$4.09", "2019-12-31": "$3.26", "2019-09-30": "$3.92", "2019-06-30": "$3.98", "2019-03-31": "$4.32", "2018-12-31": "$4.49", "2018-09-30": "$3.56", "2018-06-30": "$2.93", "2018-03-31": "$2.47", "2017-12-31": "$2.96", "2017-09-30": "$2.79", "2017-06-30": "$2.79", "2017-03-31": "$2.94", "2016-12-31": "$2.59", "2016-09-30": "$1.86", "2016-06-30": "$1.81", "2016-03-31": "$1.20", "2015-12-31": "$1.21", "2015-09-30": "$1.96", "2015-06-30": "$1.36", "2015-03-31": "$1.68", "2014-12-31": "$1.87", "2014-09-30": "$1.87", "2014-06-30": "$1.77", "2014-03-31": "$1.52", "2013-12-31": "$0.93", "2013-09-30": "$0.77", "2013-06-30": "$0.64", "2013-03-31": "$0.73", "2012-12-31": "$0.80"}, "net worth": {"value": "$21.13B"}, "current ratio": {"current": "4.22", "2020-09-30": "4.22", "2020-06-30": "4.37", "2020-03-31": "3.87", "2019-12-31": "3.81", "2019-09-30": "4.38", "2019-06-30": "4.72", "2019-03-31": "4.41", "2018-12-31": "4.56", "2018-09-30": "5.11", "2018-06-30": "5.65", "2018-03-31": "5.39", "2017-12-31": "5.31", "2017-09-30": "5.56", "2017-06-30": "6.06", "2017-03-31": "5.76", "2016-12-31": "5.56", "2016-09-30": "5.19", "2016-06-30": "6.23", "2016-03-31": "5.14", "2015-12-31": "4.14", "2015-09-30": "4.45", "2015-06-30": "5.08", "2015-03-31": "3.69", "2014-12-31": "3.31", "2014-09-30": "4.78", "2014-06-30": "4.83", "2014-03-31": "5.83", "2013-12-31": "6.06", "2013-09-30": "5.86", "2013-06-30": "5.78", "2013-03-31": "5.28", "2012-12-31": "4.23", "2012-09-30": "5.16", "2012-06-30": "5.12", "2012-03-31": "4.74", "2011-12-31": "3.46", "2011-09-30": "4.01", "2011-06-30": "3.40", "2011-03-31": "4.03", "2010-12-31": "3.59", "2010-09-30": "0.00", "2010-06-30": "0.00", "2010-03-31": "0.00", "2009-12-31": "3.28", "2008-12-31": "0.00"}, "quick ratio": {"2020-09-30": "0.00", "2020-06-30": "0.00", "2020-03-31": "0.00", "2019-12-31": "0.00", "2019-09-30": "0.00", "2019-06-30": "0.00", "2019-03-31": "0.00", "2018-12-31": "0.00", "2018-09-30": "0.00", "2018-06-30": "0.00", "2018-03-31": "0.00", "2017-12-31": "0.00", "2017-09-30": "0.00", "2017-06-30": "0.00", "2017-03-31": "0.00", "2016-12-31": "0.00", "2016-09-30": "0.00", "2016-06-30": "0.00", "2016-03-31": "0.00", "2015-12-31": "0.00", "2015-09-30": "0.00", "2015-06-30": "0.00", "2015-03-31": "0.00", "2014-12-31": "0.00", "2014-09-30": "0.00", "2014-06-30": "0.00", "2014-03-31": "0.00", "2013-12-31": "0.00", "2013-09-30": "0.00", "2013-06-30": "0.00", "2013-03-31": "0.00", "2012-12-31": "0.00", "2012-09-30": "0.00", "2012-06-30": "0.00", "2012-03-31": "0.00", "2011-12-31": "0.00", "2011-09-30": "0.00", "2011-06-30": "0.00", "2011-03-31": "0.00", "2010-12-31": "0.00", "2010-09-30": "0.00", "2010-06-30": "0.00", "2010-03-31": "0.00", "2009-12-31": "0.00", "2008-12-31": "0.00"}, "debt equity ratio": {"current": "0.01", "2020-09-30": "0.37", "2020-06-30": "0.36", "2020-03-31": "0.40", "2019-12-31": "0.41", "2019-09-30": "0.37", "2019-06-30": "0.36", "2019-03-31": "0.37", "2018-12-31": "0.28", "2018-09-30": "0.26", "2018-06-30": "0.25", "2018-03-31": "0.27", "2017-12-31": "0.28", "2017-09-30": "0.19", "2017-06-30": "0.17", "2017-03-31": "0.18", "2016-12-31": "0.19", "2016-09-30": "0.21", "2016-06-30": "0.19", "2016-03-31": "0.23", "2015-12-31": "0.27", "2015-09-30": "0.23", "2015-06-30": "0.17", "2015-03-31": "0.25", "2014-12-31": "0.28", "2014-09-30": "0.27", "2014-06-30": "0.26", "2014-03-31": "0.16", "2013-12-31": "0.15", "2013-09-30": "0.15", "2013-06-30": "0.15", "2013-03-31": "0.18", "2012-12-31": "0.23", "2012-09-30": "0.18", "2012-06-30": "0.19", "2012-03-31": "0.22", "2011-12-31": "1.48", "2011-09-30": "1.54", "2011-06-30": "1.88", "2011-03-31": "1.38", "2010-12-31": "1.57", "2010-09-30": "0.00", "2010-06-30": "0.00", "2010-03-31": "0.00", "2009-12-31": "7.19", "2008-12-31": "0.00"}, "return on equity": {"2020-09-30": "18.49%", "2020-06-30": "18.19%", "2020-03-31": "18.65%", "2019-12-31": "17.92%", "2019-09-30": "17.91%", "2019-06-30": "18.85%", "2019-03-31": "19.31%", "2018-12-31": "20.75%", "2018-09-30": "13.74%", "2018-06-30": "12.21%", "2018-03-31": "11.49%", "2017-12-31": "7.86%", "2017-09-30": "14.65%", "2017-06-30": "13.63%", "2017-03-31": "12.88%", "2016-12-31": "13.66%", "2016-09-30": "14.95%", "2016-06-30": "15.51%", "2016-03-31": "15.75%", "2015-12-31": "15.33%", "2015-09-30": "14.50%", "2015-06-30": "14.62%", "2015-03-31": "14.68%", "2014-12-31": "15.93%", "2014-09-30": "17.02%", "2014-06-30": "17.28%", "2014-03-31": "18.22%", "2013-12-31": "18.29%", "2013-09-30": "18.33%", "2013-06-30": "19.00%", "2013-03-31": "20.05%", "2012-12-31": "20.00%", "2012-09-30": "21.71%", "2012-06-30": "22.87%", "2012-03-31": "14.35%", "2011-12-31": "13.58%", "2011-09-30": "18.92%", "2010-12-31": "89.55%"}, "return on assets": {"2020-09-30": "13.35%", "2020-06-30": "13.13%", "2020-03-31": "13.46%", "2019-12-31": "13.03%", "2019-09-30": "13.33%", "2019-06-30": "14.31%", "2019-03-31": "14.96%", "2018-12-31": "16.41%", "2018-09-30": "10.86%", "2018-06-30": "9.77%", "2018-03-31": "9.33%", "2017-12-31": "6.50%", "2017-09-30": "12.39%", "2017-06-30": "11.48%", "2017-03-31": "10.80%", "2016-12-31": "11.36%", "2016-09-30": "12.22%", "2016-06-30": "12.63%", "2016-03-31": "12.85%", "2015-12-31": "12.46%", "2015-09-30": "11.79%", "2015-06-30": "11.81%", "2015-03-31": "11.62%", "2014-12-31": "12.80%", "2014-09-30": "14.04%", "2014-06-30": "14.60%", "2014-03-31": "15.79%", "2013-12-31": "15.80%", "2013-09-30": "15.59%", "2013-06-30": "16.05%", "2013-03-31": "16.81%", "2012-12-31": "16.63%", "2012-09-30": "16.19%", "2012-06-30": "14.67%", "2012-03-31": "7.38%", "2011-12-31": "5.32%", "2011-09-30": "7.35%", "2010-12-31": "35.09%"}, "return on investments": {"2020-09-30": "20.24%", "2020-06-30": "20.46%", "2020-03-31": "20.90%", "2019-12-31": "20.44%", "2019-09-30": "21.16%", "2019-06-30": "21.13%", "2019-03-31": "20.92%", "2018-12-31": "20.82%", "2018-09-30": "19.82%", "2018-06-30": "19.30%", "2018-03-31": "18.93%", "2017-12-31": "18.14%", "2017-09-30": "17.45%", "2017-06-30": "16.85%", "2017-03-31": "16.76%", "2016-12-31": "17.52%", "2016-09-30": "17.79%", "2016-06-30": "18.19%", "2016-03-31": "23.58%", "2015-12-31": "34.63%", "2015-09-30": "67.35%", "2015-06-30": "inf%", "2015-03-31": "inf%", "2014-12-31": "inf%", "2014-09-30": "inf%", "2014-06-30": "inf%", "2014-03-31": "inf%", "2013-12-31": "inf%", "2013-09-30": "inf%", "2013-06-30": "inf%", "2013-03-31": "inf%", "2012-12-31": "inf%", "2012-09-30": "inf%", "2012-06-30": "inf%", "2012-03-31": "inf%", "2011-12-31": "inf%", "2011-09-30": "inf%", "2010-12-31": "inf%"}, "return on tangible equity": {"2020-09-30": "21.75%", "2020-06-30": "21.52%", "2020-03-31": "22.19%", "2019-12-31": "21.37%", "2019-09-30": "21.49%", "2019-06-30": "22.64%", "2019-03-31": "23.29%", "2018-12-31": "25.29%", "2018-09-30": "16.70%", "2018-06-30": "14.87%", "2018-03-31": "14.00%", "2017-12-31": "9.55%", "2017-09-30": "17.99%", "2017-06-30": "17.01%", "2017-03-31": "16.34%", "2016-12-31": "17.67%", "2016-09-30": "19.71%", "2016-06-30": "20.45%", "2016-03-31": "20.46%", "2015-12-31": "19.64%", "2015-09-30": "18.29%", "2015-06-30": "18.33%", "2015-03-31": "18.61%", "2014-12-31": "19.56%", "2014-09-30": "20.11%", "2014-06-30": "19.90%", "2014-03-31": "20.31%", "2013-12-31": "20.53%", "2013-09-30": "20.81%", "2013-06-30": "21.37%", "2013-03-31": "22.36%", "2012-12-31": "21.82%", "2012-09-30": "23.26%", "2012-06-30": "24.71%", "2012-03-31": "15.63%", "2011-12-31": "15.55%", "2011-09-30": "22.22%", "2010-12-31": "109.09%"}, "dividend yield history": {"last payout": "$0.00", "last yield": "0.00%"}}