{"ticker": "EPR", "price": {"title": "EPR Properties Historical Annual Stock Price Data", "value": 39.2, "historical": {"2021": {"Average Stock Price": "36.6471", "Year Open": "30.9300", "Year High": "41.8900", "Year Low": "30.9300", "Year Close": "39.2000", "Annual % Change": "20.62%"}, "2020": {"Average Stock Price": "36.7914", "Year Open": "68.9400", "Year High": "73.1700", "Year Low": "13.9200", "Year Close": "32.5000", "Annual % Change": "-53.99%"}, "2019": {"Average Stock Price": "75.1794", "Year Open": "63.1200", "Year High": "80.2800", "Year Low": "63.1200", "Year Close": "70.6400", "Annual % Change": "10.32%"}, "2018": {"Average Stock Price": "63.4982", "Year Open": "64.4900", "Year High": "71.4500", "Year Low": "53.0400", "Year Close": "64.0300", "Annual % Change": "-2.18%"}, "2017": {"Average Stock Price": "71.3629", "Year Open": "71.8800", "Year High": "77.5600", "Year Low": "63.1100", "Year Close": "65.4600", "Annual % Change": "-8.79%"}, "2016": {"Average Stock Price": "70.7762", "Year Open": "58.1900", "Year High": "84.4600", "Year Low": "54.0900", "Year Close": "71.7700", "Annual % Change": "22.79%"}, "2015": {"Average Stock Price": "57.3135", "Year Open": "58.6300", "Year High": "65.5800", "Year Low": "49.5700", "Year Close": "58.4500", "Annual % Change": "1.42%"}, "2014": {"Average Stock Price": "54.1753", "Year Open": "49.1500", "Year High": "60.8000", "Year Low": "48.6000", "Year Close": "57.6300", "Annual % Change": "17.23%"}, "2013": {"Average Stock Price": "50.7713", "Year Open": "46.2500", "Year High": "60.7000", "Year Low": "45.9300", "Year Close": "49.1600", "Annual % Change": "6.61%"}, "2012": {"Average Stock Price": "44.6427", "Year Open": "44.2500", "Year High": "48.1100", "Year Low": "40.4000", "Year Close": "46.1100", "Annual % Change": "5.49%"}, "2011": {"Average Stock Price": "44.5555", "Year Open": "47.6100", "Year High": "49.8800", "Year Low": "35.9100", "Year Close": "43.7100", "Annual % Change": "-5.49%"}, "2010": {"Average Stock Price": "42.1986", "Year Open": "35.2300", "Year High": "49.6100", "Year Low": "33.7900", "Year Close": "46.2500", "Annual % Change": "31.13%"}, "2009": {"Average Stock Price": "25.9320", "Year Open": "29.1100", "Year High": "36.6100", "Year Low": "12.7000", "Year Close": "35.2700", "Annual % Change": "18.36%"}, "2008": {"Average Stock Price": "46.6319", "Year Open": "46.3300", "Year High": "59.0200", "Year Low": "18.8100", "Year Close": "29.8000", "Annual % Change": "-36.60%"}, "2007": {"Average Stock Price": "55.7684", "Year Open": "58.5500", "Year High": "68.6000", "Year Low": "42.3000", "Year Close": "47.0000", "Annual % Change": "-19.58%"}, "2006": {"Average Stock Price": "46.7299", "Year Open": "40.6000", "Year High": "62.7600", "Year Low": "39.0800", "Year Close": "58.4400", "Annual % Change": "43.41%"}, "2005": {"Average Stock Price": "43.2311", "Year Open": "43.7500", "Year High": "47.5000", "Year Low": "38.6800", "Year Close": "40.7500", "Annual % Change": "-8.53%"}, "2004": {"Average Stock Price": "37.4601", "Year Open": "34.8600", "Year High": "45.0000", "Year Low": "31.5700", "Year Close": "44.5500", "Annual % Change": "28.35%"}, "2003": {"Average Stock Price": "29.0278", "Year Open": "23.7500", "Year High": "35.7900", "Year Low": "22.9100", "Year Close": "34.7100", "Annual % Change": "47.58%"}, "2002": {"Average Stock Price": "22.2208", "Year Open": "19.2400", "Year High": "24.6500", "Year Low": "19.0300", "Year Close": "23.5200", "Annual % Change": "21.55%"}, "2001": {"Average Stock Price": "16.2595", "Year Open": "11.6300", "Year High": "19.4800", "Year Low": "11.6300", "Year Close": "19.3500", "Annual % Change": "75.91%"}, "2000": {"Average Stock Price": "12.7267", "Year Open": "13.1900", "Year High": "15.0000", "Year Low": "10.4400", "Year Close": "11.0000", "Annual % Change": "-16.60%"}, "1999": {"Average Stock Price": "16.1433", "Year Open": "17.3100", "Year High": "19.9400", "Year Low": "12.7500", "Year Close": "13.1900", "Annual % Change": "-22.41%"}, "1998": {"Average Stock Price": "18.4016", "Year Open": "19.6300", "Year High": "20.0000", "Year Low": "14.8100", "Year Close": "17.0000", "Annual % Change": "-12.28%"}}}, "market cap": {"value": "$2.92B"}, "income statement": {"Revenue": {"2019-12-31": "651.96900", "2018-12-31": "639.92100", "2017-12-31": "518.32000", "2016-12-31": "493.24200", "2015-12-31": "421.01700", "2014-12-31": "385.05100", "2013-12-31": "343.06400", "2012-12-31": "317.80700", "2011-12-31": "293.63600", "2010-12-31": "282.84800", "2009-12-31": "256.28600", "2008-12-31": "269.41200", "2007-12-31": "235.61500", "2006-12-31": "195.86000", "2005-12-31": "165.85700"}, "Cost Of Goods Sold": {"2019-12-31": "60.73900", "2018-12-31": "29.65400", "2017-12-31": "31.32700", "2016-12-31": "22.60200", "2015-12-31": "23.43300", "2014-12-31": "24.89700", "2013-12-31": "26.01600", "2012-12-31": "24.91500", "2011-12-31": "24.20400", "2010-12-31": "22.71700", "2009-12-31": "21.93200", "2008-12-31": "20.80200", "2007-12-31": "23.01000", "2006-12-31": "18.76400", "2005-12-31": "16.10100"}, "Gross Profit": {"2019-12-31": "591.23000", "2018-12-31": "610.26700", "2017-12-31": "486.99300", "2016-12-31": "470.64000", "2015-12-31": "397.58400", "2014-12-31": "360.15400", "2013-12-31": "317.04800", "2012-12-31": "292.89200", "2011-12-31": "269.43200", "2010-12-31": "260.13100", "2009-12-31": "234.35400", "2008-12-31": "248.61000", "2007-12-31": "212.60500", "2006-12-31": "177.09600", "2005-12-31": "149.75600"}, "Research And Development Expenses": {"2019-12-31": "", "2018-12-31": "", "2017-12-31": "", "2016-12-31": "", "2015-12-31": "", "2014-12-31": "", "2013-12-31": "", "2012-12-31": "", "2011-12-31": "", "2010-12-31": "", "2009-12-31": "", "2008-12-31": "", "2007-12-31": "", "2006-12-31": "", "2005-12-31": ""}, "SG&A Expenses": {"2019-12-31": "46.37100", "2018-12-31": "48.88900", "2017-12-31": "43.38300", "2016-12-31": "37.54300", "2015-12-31": "31.02100", "2014-12-31": "27.56600", "2013-12-31": "25.61300", "2012-12-31": "23.17000", "2011-12-31": "20.17300", "2010-12-31": "18.22500", "2009-12-31": "15.13300", "2008-12-31": "15.28600", "2007-12-31": "12.71700", "2006-12-31": "12.51500", "2005-12-31": "7.24900"}, "Other Operating Income Or Expenses": {"2019-12-31": "-96.29500", "2018-12-31": "-71.41000", "2017-12-31": "-4.21600", "2016-12-31": "-8.77900", "2015-12-31": "-27.01400", "2014-12-31": "-7.30100", "2013-12-31": "-8.77900", "2012-12-31": "-5.48700", "2011-12-31": "-7.74800", "2010-12-31": "-14.16900", "2009-12-31": "-78.66000", "2008-12-31": "-3.73100", "2007-12-31": "-4.45800", "2006-12-31": "-0.67300", "2005-12-31": ""}, "Operating Expenses": {"2019-12-31": "362.23900", "2018-12-31": "288.34800", "2017-12-31": "200.28300", "2016-12-31": "176.49700", "2015-12-31": "171.08500", "2014-12-31": "126.50300", "2013-12-31": "114.35400", "2012-12-31": "100.27000", "2011-12-31": "95.10000", "2010-12-31": "98.18700", "2009-12-31": "157.12600", "2008-12-31": "78.64300", "2007-12-31": "77.60700", "2006-12-31": "62.97300", "2005-12-31": "50.82300"}, "Operating Income": {"2019-12-31": "289.73000", "2018-12-31": "351.57300", "2017-12-31": "318.03700", "2016-12-31": "316.74500", "2015-12-31": "249.93200", "2014-12-31": "258.54800", "2013-12-31": "228.71000", "2012-12-31": "217.53700", "2011-12-31": "198.53600", "2010-12-31": "184.66100", "2009-12-31": "99.16000", "2008-12-31": "190.76900", "2007-12-31": "158.00800", "2006-12-31": "132.88700", "2005-12-31": "115.03400"}, "Total Non-Operating Income/Expense": {"2019-12-31": "-138.20900", "2018-12-31": "-127.34100", "2017-12-31": "-90.47000", "2016-12-31": "-91.21000", "2015-12-31": "-55.11700", "2014-12-31": "-78.56800", "2013-12-31": "-67.24900", "2012-12-31": "-75.63100", "2011-12-31": "-68.44800", "2010-12-31": "-68.19600", "2009-12-31": "-64.63600", "2008-12-31": "-63.99000", "2007-12-31": "-60.50500", "2006-12-31": "-52.35200", "2005-12-31": "-46.73400"}, "Pre-Tax Income": {"2019-12-31": "151.52100", "2018-12-31": "224.23200", "2017-12-31": "227.56700", "2016-12-31": "225.53500", "2015-12-31": "194.81500", "2014-12-31": "179.98000", "2013-12-31": "161.46100", "2012-12-31": "141.90600", "2011-12-31": "130.08800", "2010-12-31": "116.46500", "2009-12-31": "34.52400", "2008-12-31": "126.77900", "2007-12-31": "97.50300", "2006-12-31": "80.53500", "2005-12-31": "68.30000"}, "Income Taxes": {"2019-12-31": "-3.03500", "2018-12-31": "2.28500", "2017-12-31": "2.39900", "2016-12-31": "0.55300", "2015-12-31": "0.48200", "2014-12-31": "4.22800", "2013-12-31": "-14.17600", "2012-12-31": "", "2011-12-31": "0.00000", "2010-12-31": "", "2009-12-31": "", "2008-12-31": "", "2007-12-31": "", "2006-12-31": "", "2005-12-31": ""}, "Income After Taxes": {"2019-12-31": "154.55600", "2018-12-31": "221.94700", "2017-12-31": "225.16800", "2016-12-31": "224.98200", "2015-12-31": "194.33300", "2014-12-31": "175.75200", "2013-12-31": "175.63700", "2012-12-31": "141.90600", "2011-12-31": "130.08800", "2010-12-31": "116.46500", "2009-12-31": "34.52400", "2008-12-31": "126.77900", "2007-12-31": "97.50300", "2006-12-31": "80.53500", "2005-12-31": "68.30000"}, "Other Income": {"2019-12-31": "", "2018-12-31": "", "2017-12-31": "", "2016-12-31": "", "2015-12-31": "", "2014-12-31": "", "2013-12-31": "", "2012-12-31": "", "2011-12-31": "", "2010-12-31": "", "2009-12-31": "", "2008-12-31": "", "2007-12-31": "", "2006-12-31": "", "2005-12-31": ""}, "Income From Continuous Operations": {"2019-12-31": "154.55600", "2018-12-31": "221.94700", "2017-12-31": "225.16800", "2016-12-31": "224.98200", "2015-12-31": "194.33300", "2014-12-31": "175.75200", "2013-12-31": "175.63700", "2012-12-31": "141.90600", "2011-12-31": "130.08800", "2010-12-31": "116.46500", "2009-12-31": "34.52400", "2008-12-31": "128.74100", "2007-12-31": "99.21500", "2006-12-31": "81.63900", "2005-12-31": "68.99400"}, "Income From Discontinued Operations": {"2019-12-31": "47.68700", "2018-12-31": "45.03600", "2017-12-31": "37.80000", "2016-12-31": "", "2015-12-31": "0.19900", "2014-12-31": "3.88100", "2013-12-31": "4.58900", "2012-12-31": "-20.24200", "2011-12-31": "-14.82200", "2010-12-31": "-3.41000", "2009-12-31": "-46.43000", "2008-12-31": "-1.11800", "2007-12-31": "4.07900", "2006-12-31": "0.65000", "2005-12-31": "0.06600"}, "Net Income": {"2019-12-31": "178.10700", "2018-12-31": "242.84100", "2017-12-31": "234.21800", "2016-12-31": "201.17600", "2015-12-31": "170.72600", "2014-12-31": "155.82600", "2013-12-31": "156.42000", "2012-12-31": "93.16000", "2011-12-31": "84.31900", "2010-12-31": "84.66800", "2009-12-31": "-22.19900", "2008-12-31": "101.71000", "2007-12-31": "81.25100", "2006-12-31": "70.43200", "2005-12-31": "57.70700"}, "EBITDA": {"2019-12-31": "467.34200", "2018-12-31": "510.21900", "2017-12-31": "457.04300", "2016-12-31": "429.28800", "2015-12-31": "344.32900", "2014-12-31": "329.72700", "2013-12-31": "286.74500", "2012-12-31": "268.45300", "2011-12-31": "245.31800", "2010-12-31": "232.14500", "2009-12-31": "144.22400", "2008-12-31": "232.88300", "2007-12-31": "198.33500", "2006-12-31": "166.62100", "2005-12-31": "145.85200"}, "EBIT": {"2019-12-31": "289.73000", "2018-12-31": "351.57300", "2017-12-31": "318.03700", "2016-12-31": "316.74500", "2015-12-31": "249.93200", "2014-12-31": "258.54800", "2013-12-31": "228.71000", "2012-12-31": "217.53700", "2011-12-31": "198.53600", "2010-12-31": "184.66100", "2009-12-31": "99.16000", "2008-12-31": "190.76900", "2007-12-31": "158.00800", "2006-12-31": "132.88700", "2005-12-31": "115.03400"}, "Basic Shares Outstanding": {"2019-12-31": "76.74600", "2018-12-31": "74.29200", "2017-12-31": "71.19100", "2016-12-31": "63.38100", "2015-12-31": "58.13800", "2014-12-31": "54.24400", "2013-12-31": "48.02800", "2012-12-31": "46.79800", "2011-12-31": "46.64000", "2010-12-31": "45.20600", "2009-12-31": "36.12200", "2008-12-31": "30.91000", "2007-12-31": "26.92900", "2006-12-31": "26.14700", "2005-12-31": "25.01900"}, "Shares Outstanding": {"2019-12-31": "76.78200", "2018-12-31": "74.33700", "2017-12-31": "71.25400", "2016-12-31": "63.47400", "2015-12-31": "58.32800", "2014-12-31": "54.44400", "2013-12-31": "48.21400", "2012-12-31": "47.04900", "2011-12-31": "46.90100", "2010-12-31": "45.55500", "2009-12-31": "36.23500", "2008-12-31": "31.17700", "2007-12-31": "27.30400", "2006-12-31": "26.62700", "2005-12-31": "25.50400"}, "Basic EPS": {"2019-12-31": "2.32000", "2018-12-31": "3.27000", "2017-12-31": "3.29000", "2016-12-31": "3.17000", "2015-12-31": "2.94000", "2014-12-31": "2.87000", "2013-12-31": "3.26000", "2012-12-31": "1.99000", "2011-12-31": "1.81000", "2010-12-31": "1.87000", "2009-12-31": "-0.61000", "2008-12-31": "3.29000", "2007-12-31": "3.02000", "2006-12-31": "2.69000", "2005-12-31": "2.31000"}, "EPS - Earnings Per Share": {"2019-12-31": "2.32000", "2018-12-31": "3.27000", "2017-12-31": "3.29000", "2016-12-31": "3.17000", "2015-12-31": "2.93000", "2014-12-31": "2.86000", "2013-12-31": "3.24000", "2012-12-31": "1.98000", "2011-12-31": "1.80000", "2010-12-31": "1.86000", "2009-12-31": "-0.61000", "2008-12-31": "3.26000", "2007-12-31": "2.98000", "2006-12-31": "2.65000", "2005-12-31": "2.26000"}}, "income statement, quarterly": {"Revenue": {"2020-09-30": "63.87700", "2020-06-30": "106.36000", "2020-03-31": "151.01200", "2019-12-31": "170.34600", "2019-09-30": "169.35600", "2019-06-30": "161.74000", "2019-03-31": "150.52700", "2018-12-31": "105.67700", "2018-09-30": "176.40900", "2018-06-30": "202.86700", "2018-03-31": "154.96800", "2017-12-31": "90.02900", "2017-09-30": "151.39700", "2017-06-30": "147.78200", "2017-03-31": "129.11200", "2016-12-31": "130.83100", "2016-09-30": "125.61000", "2016-06-30": "118.03300", "2016-03-31": "118.76800", "2015-12-31": "111.98800", "2015-09-30": "108.33500", "2015-06-30": "101.25800", "2015-03-31": "99.43600", "2014-12-31": "104.66900", "2014-09-30": "98.73800", "2014-06-30": "91.78700", "2014-03-31": "89.85700", "2013-12-31": "89.32000", "2013-09-30": "87.84100", "2013-06-30": "82.95200", "2013-03-31": "82.95100", "2012-12-31": "81.49700", "2012-09-30": "81.54200", "2012-06-30": "77.98900", "2012-03-31": "76.77900", "2011-12-31": "69.62700", "2011-09-30": "75.97400", "2011-06-30": "74.41700", "2011-03-31": "73.61800", "2010-12-31": "66.43300", "2010-09-30": "74.47800", "2010-06-30": "70.92100", "2010-03-31": "71.01600", "2009-12-31": "60.49500", "2009-09-30": "65.36800", "2009-06-30": "63.71900", "2009-03-31": "66.70400", "2008-12-31": "59.82500", "2008-09-30": "74.97300", "2008-06-30": "68.75500", "2008-03-31": "65.85900", "2007-12-31": "65.69400", "2007-09-30": "61.56400", "2007-06-30": "57.58400", "2007-03-31": "50.77300", "2006-12-31": "49.77300", "2006-09-30": "48.51000", "2006-06-30": "51.36700", "2006-03-31": "46.21000", "2005-12-31": "45.31500", "2005-09-30": "41.82500", "2005-06-30": "40.77400", "2005-03-31": "37.94300"}, "Cost Of Goods Sold": {"2020-09-30": "13.75900", "2020-06-30": "15.32900", "2020-03-31": "13.09300", "2019-12-31": "16.09700", "2019-09-30": "14.49400", "2019-06-30": "14.59700", "2019-03-31": "15.55100", "2018-12-31": "7.78800", "2018-09-30": "6.96800", "2018-06-30": "7.33400", "2018-03-31": "7.56400", "2017-12-31": "12.56500", "2017-09-30": "6.34000", "2017-06-30": "6.07200", "2017-03-31": "6.35000", "2016-12-31": "5.91500", "2016-09-30": "5.62600", "2016-06-30": "5.58000", "2016-03-31": "5.48100", "2015-12-31": "5.81000", "2015-09-30": "5.49600", "2015-06-30": "5.77000", "2015-03-31": "6.35700", "2014-12-31": "6.96100", "2014-09-30": "5.94800", "2014-06-30": "5.53900", "2014-03-31": "6.44900", "2013-12-31": "6.41200", "2013-09-30": "6.57900", "2013-06-30": "5.99000", "2013-03-31": "7.03500", "2012-12-31": "6.91500", "2012-09-30": "5.93900", "2012-06-30": "5.68700", "2012-03-31": "6.37400", "2011-12-31": "5.50400", "2011-09-30": "5.95500", "2011-06-30": "6.57900", "2011-03-31": "6.16600", "2010-12-31": "3.85500", "2010-09-30": "6.67500", "2010-06-30": "5.96200", "2010-03-31": "6.22500", "2009-12-31": "3.79100", "2009-09-30": "5.42300", "2009-06-30": "4.69900", "2009-03-31": "8.01900", "2008-12-31": "0.85400", "2008-09-30": "6.61200", "2008-06-30": "6.30900", "2008-03-31": "7.02700", "2007-12-31": "7.15900", "2007-09-30": "5.80600", "2007-06-30": "5.48400", "2007-03-31": "4.56100", "2006-12-31": "4.45300", "2006-09-30": "4.79900", "2006-06-30": "4.74200", "2006-03-31": "4.77000", "2005-12-31": "4.65300", "2005-09-30": "3.83500", "2005-06-30": "3.74900", "2005-03-31": "3.86400"}, "Gross Profit": {"2020-09-30": "50.11800", "2020-06-30": "91.03100", "2020-03-31": "137.91900", "2019-12-31": "154.24900", "2019-09-30": "154.86200", "2019-06-30": "147.14300", "2019-03-31": "134.97600", "2018-12-31": "97.88900", "2018-09-30": "169.44100", "2018-06-30": "195.53300", "2018-03-31": "147.40400", "2017-12-31": "77.46400", "2017-09-30": "145.05700", "2017-06-30": "141.71000", "2017-03-31": "122.76200", "2016-12-31": "124.91600", "2016-09-30": "119.98400", "2016-06-30": "112.45300", "2016-03-31": "113.28700", "2015-12-31": "106.17800", "2015-09-30": "102.83900", "2015-06-30": "95.48800", "2015-03-31": "93.07900", "2014-12-31": "97.70800", "2014-09-30": "92.79000", "2014-06-30": "86.24800", "2014-03-31": "83.40800", "2013-12-31": "82.90800", "2013-09-30": "81.26200", "2013-06-30": "76.96200", "2013-03-31": "75.91600", "2012-12-31": "74.58200", "2012-09-30": "75.60300", "2012-06-30": "72.30200", "2012-03-31": "70.40500", "2011-12-31": "64.12300", "2011-09-30": "70.01900", "2011-06-30": "67.83800", "2011-03-31": "67.45200", "2010-12-31": "62.57800", "2010-09-30": "67.80300", "2010-06-30": "64.95900", "2010-03-31": "64.79100", "2009-12-31": "56.70400", "2009-09-30": "59.94500", "2009-06-30": "59.02000", "2009-03-31": "58.68500", "2008-12-31": "58.97100", "2008-09-30": "68.36100", "2008-06-30": "62.44600", "2008-03-31": "58.83200", "2007-12-31": "58.53500", "2007-09-30": "55.75800", "2007-06-30": "52.10000", "2007-03-31": "46.21200", "2006-12-31": "45.32000", "2006-09-30": "43.71100", "2006-06-30": "46.62500", "2006-03-31": "41.44000", "2005-12-31": "40.66200", "2005-09-30": "37.99000", "2005-06-30": "37.02500", "2005-03-31": "34.07900"}, "Research And Development Expenses": {"2020-09-30": "", "2020-06-30": "", "2020-03-31": "", "2019-12-31": "", "2019-09-30": "", "2019-06-30": "", "2019-03-31": "", "2018-12-31": "", "2018-09-30": "", "2018-06-30": "", "2018-03-31": "", "2017-12-31": "", "2017-09-30": "", "2017-06-30": "", "2017-03-31": "", "2016-12-31": "", "2016-09-30": "", "2016-06-30": "", "2016-03-31": "", "2015-12-31": "", "2015-09-30": "", "2015-06-30": "", "2015-03-31": "", "2014-12-31": "", "2014-09-30": "", "2014-06-30": "", "2014-03-31": "", "2013-12-31": "", "2013-09-30": "", "2013-06-30": "", "2013-03-31": "", "2012-12-31": "", "2012-09-30": "", "2012-06-30": "", "2012-03-31": "", "2011-12-31": "", "2011-09-30": "", "2011-06-30": "", "2011-03-31": "", "2010-12-31": "", "2010-09-30": "", "2010-06-30": "", "2010-03-31": "", "2009-12-31": "", "2009-09-30": "", "2009-06-30": "", "2009-03-31": "", "2008-12-31": "", "2008-09-30": "", "2008-06-30": "", "2008-03-31": "", "2007-12-31": "", "2007-09-30": "", "2007-06-30": "", "2007-03-31": "", "2006-12-31": "", "2006-09-30": "", "2006-06-30": "", "2006-03-31": "", "2005-12-31": "", "2005-09-30": "", "2005-06-30": "", "2005-03-31": ""}, "SG&A Expenses": {"2020-09-30": "10.03400", "2020-06-30": "10.43200", "2020-03-31": "10.98800", "2019-12-31": "10.83100", "2019-09-30": "11.60000", "2019-06-30": "12.23000", "2019-03-31": "11.71000", "2018-12-31": "12.16500", "2018-09-30": "11.42400", "2018-06-30": "12.97600", "2018-03-31": "12.32400", "2017-12-31": "9.59600", "2017-09-30": "12.07000", "2017-06-30": "10.66000", "2017-03-31": "11.05700", "2016-12-31": "10.23400", "2016-09-30": "9.09100", "2016-06-30": "9.00000", "2016-03-31": "9.21800", "2015-12-31": "8.10100", "2015-09-30": "7.48200", "2015-06-30": "7.75600", "2015-03-31": "7.68200", "2014-12-31": "6.30600", "2014-09-30": "6.71900", "2014-06-30": "7.07900", "2014-03-31": "7.46200", "2013-12-31": "6.14600", "2013-09-30": "6.76400", "2013-06-30": "6.05100", "2013-03-31": "6.65200", "2012-12-31": "5.39600", "2012-09-30": "5.48600", "2012-06-30": "5.82100", "2012-03-31": "6.46700", "2011-12-31": "5.04500", "2011-09-30": "4.55500", "2011-06-30": "5.10500", "2011-03-31": "5.46800", "2010-12-31": "4.42700", "2010-09-30": "4.07600", "2010-06-30": "4.63300", "2010-03-31": "5.08900", "2009-12-31": "3.33700", "2009-09-30": "3.51100", "2009-06-30": "4.23900", "2009-03-31": "4.04600", "2008-12-31": "3.21700", "2008-09-30": "3.71800", "2008-06-30": "3.93800", "2008-03-31": "4.41300", "2007-12-31": "3.63400", "2007-09-30": "3.02300", "2007-06-30": "2.82800", "2007-03-31": "3.23200", "2006-12-31": "2.48600", "2006-09-30": "2.25300", "2006-06-30": "5.29500", "2006-03-31": "2.48100", "2005-12-31": "1.67400", "2005-09-30": "1.53800", "2005-06-30": "2.30400", "2005-03-31": "1.73300"}, "Other Operating Income Or Expenses": {"2020-09-30": "-22.72400", "2020-06-30": "-59.13700", "2020-03-31": "-11.80100", "2019-12-31": "-18.58600", "2019-09-30": "-57.15200", "2019-06-30": "-15.01400", "2019-03-31": "-5.54300", "2018-12-31": "-35.12900", "2018-09-30": "-1.21900", "2018-06-30": "-2.51000", "2018-03-31": "-32.55200", "2017-12-31": "7.85800", "2017-09-30": "-1.59000", "2017-06-30": "-10.42200", "2017-03-31": "-0.06200", "2016-12-31": "-2.98800", "2016-09-30": "-2.96100", "2016-06-30": "-1.82900", "2016-03-31": "-1.00100", "2015-12-31": "-0.82400", "2015-09-30": "-1.02200", "2015-06-30": "-4.88200", "2015-03-31": "-20.28600", "2014-12-31": "-1.63800", "2014-09-30": "-4.39400", "2014-06-30": "-0.97500", "2014-03-31": "-0.29400", "2013-12-31": "-1.21400", "2013-09-30": "-0.74400", "2013-06-30": "-6.35400", "2013-03-31": "-0.46700", "2012-12-31": "0.50500", "2012-09-30": "-1.11600", "2012-06-30": "-0.37000", "2012-03-31": "-4.50600", "2011-12-31": "25.97400", "2011-09-30": "-0.74200", "2011-06-30": "-25.05100", "2011-03-31": "-7.92900", "2010-12-31": "-1.28400", "2010-09-30": "-0.01100", "2010-06-30": "-11.54500", "2010-03-31": "-1.32900", "2009-12-31": "-10.57100", "2009-09-30": "-66.38400", "2009-06-30": "-1.00800", "2009-03-31": "-0.69700", "2008-12-31": "-1.74300", "2008-09-30": "-0.43000", "2008-06-30": "-0.62200", "2008-03-31": "-0.93600", "2007-12-31": "-1.86700", "2007-09-30": "-1.04800", "2007-06-30": "-0.93600", "2007-03-31": "-0.60700", "2006-12-31": "15.13800", "2006-09-30": "-13.13100", "2006-06-30": "-0.96900", "2006-03-31": "-1.71100", "2005-12-31": "", "2005-09-30": "-0.80600", "2005-06-30": "-0.51600", "2005-03-31": "-0.64700"}, "Operating Expenses": {"2020-09-30": "88.57600", "2020-06-30": "127.34800", "2020-03-31": "79.69200", "2019-12-31": "87.91200", "2019-09-30": "124.89000", "2019-06-30": "80.63100", "2019-03-31": "68.80600", "2018-12-31": "79.58800", "2018-09-30": "58.23400", "2018-06-30": "60.40200", "2018-03-31": "90.12400", "2017-12-31": "39.74100", "2017-09-30": "54.69400", "2017-06-30": "60.30200", "2017-03-31": "45.54600", "2016-12-31": "47.48800", "2016-09-30": "45.27900", "2016-06-30": "42.07500", "2016-03-31": "41.65500", "2015-12-31": "39.65000", "2015-09-30": "37.49800", "2015-06-30": "40.25700", "2015-03-31": "53.68000", "2014-12-31": "32.89400", "2014-09-30": "34.48200", "2014-06-30": "29.59500", "2014-03-31": "29.53200", "2013-12-31": "28.57900", "2013-09-30": "27.22800", "2013-06-30": "31.57100", "2013-03-31": "26.97600", "2012-12-31": "22.96200", "2012-09-30": "24.27400", "2012-06-30": "23.94700", "2012-03-31": "29.08700", "2011-12-31": "-7.96400", "2011-09-30": "23.11300", "2011-06-30": "48.51700", "2011-03-31": "31.43400", "2010-12-31": "18.86500", "2010-09-30": "22.34400", "2010-06-30": "33.20800", "2010-03-31": "23.77000", "2009-12-31": "25.42000", "2009-09-30": "86.18600", "2009-06-30": "20.12900", "2009-03-31": "25.39100", "2008-12-31": "12.45500", "2008-09-30": "21.93000", "2008-06-30": "21.21000", "2008-03-31": "23.04800", "2007-12-31": "22.81300", "2007-09-30": "19.75800", "2007-06-30": "18.37400", "2007-03-31": "16.66200", "2006-12-31": "-0.30200", "2006-09-30": "28.03800", "2006-06-30": "18.77800", "2006-03-31": "16.45900", "2005-12-31": "11.45000", "2005-09-30": "13.19000", "2005-06-30": "13.40100", "2005-03-31": "12.78200"}, "Operating Income": {"2020-09-30": "-24.69900", "2020-06-30": "-20.98800", "2020-03-31": "71.32000", "2019-12-31": "82.43400", "2019-09-30": "44.46600", "2019-06-30": "81.10900", "2019-03-31": "81.72100", "2018-12-31": "26.08900", "2018-09-30": "118.17500", "2018-06-30": "142.46500", "2018-03-31": "64.84400", "2017-12-31": "50.28800", "2017-09-30": "96.70300", "2017-06-30": "87.48000", "2017-03-31": "83.56600", "2016-12-31": "83.34300", "2016-09-30": "80.33100", "2016-06-30": "75.95800", "2016-03-31": "77.11300", "2015-12-31": "72.33800", "2015-09-30": "70.83700", "2015-06-30": "61.00100", "2015-03-31": "45.75600", "2014-12-31": "71.77500", "2014-09-30": "64.25600", "2014-06-30": "62.19200", "2014-03-31": "60.32500", "2013-12-31": "60.74100", "2013-09-30": "60.61300", "2013-06-30": "51.38100", "2013-03-31": "55.97500", "2012-12-31": "58.53500", "2012-09-30": "57.26800", "2012-06-30": "54.04200", "2012-03-31": "47.69200", "2011-12-31": "77.59100", "2011-09-30": "52.86100", "2011-06-30": "25.90000", "2011-03-31": "42.18400", "2010-12-31": "47.56800", "2010-09-30": "52.13400", "2010-06-30": "37.71300", "2010-03-31": "47.24600", "2009-12-31": "35.07500", "2009-09-30": "-20.81800", "2009-06-30": "43.59000", "2009-03-31": "41.31300", "2008-12-31": "47.37000", "2008-09-30": "53.04300", "2008-06-30": "47.54500", "2008-03-31": "42.81100", "2007-12-31": "42.88100", "2007-09-30": "41.80600", "2007-06-30": "39.21000", "2007-03-31": "34.11100", "2006-12-31": "50.07500", "2006-09-30": "20.47200", "2006-06-30": "32.58900", "2006-03-31": "29.75100", "2005-12-31": "33.86500", "2005-09-30": "28.63500", "2005-06-30": "27.37300", "2005-03-31": "25.16100"}, "Total Non-Operating Income/Expense": {"2020-09-30": "-42.78800", "2020-06-30": "-43.28900", "2020-03-31": "-34.95300", "2019-12-31": "-32.10200", "2019-09-30": "-36.25700", "2019-06-30": "-35.98800", "2019-03-31": "-33.86200", "2018-12-31": "-16.98600", "2018-09-30": "-25.82700", "2018-06-30": "-50.24200", "2018-03-31": "-34.28600", "2017-12-31": "-22.14200", "2017-09-30": "-33.16200", "2017-06-30": "-6.47000", "2017-03-31": "-28.69600", "2016-12-31": "-25.28600", "2016-09-30": "-22.44700", "2016-06-30": "-20.40000", "2016-03-31": "-23.07700", "2015-12-31": "-20.52400", "2015-09-30": "-20.28500", "2015-06-30": "-19.80900", "2015-03-31": "5.50100", "2014-12-31": "-18.74100", "2014-09-30": "-20.50100", "2014-06-30": "-20.06800", "2014-03-31": "-19.25800", "2013-12-31": "-12.53200", "2013-09-30": "-20.08400", "2013-06-30": "-19.53400", "2013-03-31": "-15.09900", "2012-12-31": "-19.03700", "2012-09-30": "-19.99400", "2012-06-30": "-18.45900", "2012-03-31": "-18.14100", "2011-12-31": "-14.42600", "2011-09-30": "-17.91100", "2011-06-30": "-17.28700", "2011-03-31": "-18.82400", "2010-12-31": "-14.73800", "2010-09-30": "-19.56700", "2010-06-30": "-16.94600", "2010-03-31": "-16.94500", "2009-12-31": "-13.86500", "2009-09-30": "-17.59500", "2009-06-30": "-15.73900", "2009-03-31": "-17.43700", "2008-12-31": "-11.87300", "2008-09-30": "-17.68900", "2008-06-30": "-16.96000", "2008-03-31": "-17.46800", "2007-12-31": "-17.45300", "2007-09-30": "-16.67200", "2007-06-30": "-14.96300", "2007-03-31": "-11.41700", "2006-12-31": "-29.59900", "2006-09-30": "", "2006-06-30": "-11.51400", "2006-03-31": "-11.23900", "2005-12-31": "-15.96800", "2005-09-30": "-11.00500", "2005-06-30": "-10.23900", "2005-03-31": "-9.52200"}, "Pre-Tax Income": {"2020-09-30": "-67.48700", "2020-06-30": "-64.27700", "2020-03-31": "36.36700", "2019-12-31": "50.33200", "2019-09-30": "8.20900", "2019-06-30": "45.12100", "2019-03-31": "47.85900", "2018-12-31": "9.10300", "2018-09-30": "92.34800", "2018-06-30": "92.22300", "2018-03-31": "30.55800", "2017-12-31": "28.14600", "2017-09-30": "63.54100", "2017-06-30": "81.01000", "2017-03-31": "54.87000", "2016-12-31": "58.05700", "2016-09-30": "57.88400", "2016-06-30": "55.55800", "2016-03-31": "54.03600", "2015-12-31": "51.81400", "2015-09-30": "50.55200", "2015-06-30": "41.19200", "2015-03-31": "51.25700", "2014-12-31": "53.03400", "2014-09-30": "43.75500", "2014-06-30": "42.12400", "2014-03-31": "41.06700", "2013-12-31": "48.20900", "2013-09-30": "40.52900", "2013-06-30": "31.84700", "2013-03-31": "40.87600", "2012-12-31": "39.49800", "2012-09-30": "37.27400", "2012-06-30": "35.58300", "2012-03-31": "29.55100", "2011-12-31": "63.16500", "2011-09-30": "34.95000", "2011-06-30": "8.61300", "2011-03-31": "23.36000", "2010-12-31": "32.83000", "2010-09-30": "32.56700", "2010-06-30": "20.76700", "2010-03-31": "30.30100", "2009-12-31": "21.21000", "2009-09-30": "-38.41300", "2009-06-30": "27.85100", "2009-03-31": "23.87600", "2008-12-31": "35.49700", "2008-09-30": "35.35400", "2008-06-30": "30.58500", "2008-03-31": "25.34300", "2007-12-31": "25.42800", "2007-09-30": "25.13400", "2007-06-30": "24.24700", "2007-03-31": "22.69400", "2006-12-31": "20.47600", "2006-09-30": "20.47200", "2006-06-30": "21.07500", "2006-03-31": "18.51200", "2005-12-31": "17.89700", "2005-09-30": "17.63000", "2005-06-30": "17.13400", "2005-03-31": "15.63900"}, "Income Taxes": {"2020-09-30": "18.41700", "2020-06-30": "-1.31200", "2020-03-31": "-0.75100", "2019-12-31": "-0.53000", "2019-09-30": "-0.60000", "2019-06-30": "-1.30000", "2019-03-31": "-0.60500", "2018-12-31": "0.10800", "2018-09-30": "0.51500", "2018-06-30": "0.64200", "2018-03-31": "1.02000", "2017-12-31": "0.38300", "2017-09-30": "0.58700", "2017-06-30": "0.47500", "2017-03-31": "0.95400", "2016-12-31": "-0.08400", "2016-09-30": "0.35800", "2016-06-30": "0.42300", "2016-03-31": "-0.14400", "2015-12-31": "-0.93600", "2015-09-30": "0.49800", "2015-06-30": "-7.50600", "2015-03-31": "8.42600", "2014-12-31": "0.89600", "2014-09-30": "1.04700", "2014-06-30": "1.36000", "2014-03-31": "0.92500", "2013-12-31": "", "2013-09-30": "", "2013-06-30": "", "2013-03-31": "", "2012-12-31": "", "2012-09-30": "", "2012-06-30": "", "2012-03-31": "", "2011-12-31": "", "2011-09-30": "", "2011-06-30": "", "2011-03-31": "", "2010-12-31": "", "2010-09-30": "", "2010-06-30": "", "2010-03-31": "", "2009-12-31": "", "2009-09-30": "", "2009-06-30": "", "2009-03-31": "", "2008-12-31": "", "2008-09-30": "", "2008-06-30": "", "2008-03-31": "", "2007-12-31": "", "2007-09-30": "", "2007-06-30": "", "2007-03-31": "", "2006-12-31": "", "2006-09-30": "", "2006-06-30": "", "2006-03-31": "", "2005-12-31": "", "2005-09-30": "", "2005-06-30": "", "2005-03-31": ""}, "Income After Taxes": {"2020-09-30": "-85.90400", "2020-06-30": "-62.96500", "2020-03-31": "37.11800", "2019-12-31": "50.86200", "2019-09-30": "8.80900", "2019-06-30": "46.42100", "2019-03-31": "48.46400", "2018-12-31": "8.99500", "2018-09-30": "91.83300", "2018-06-30": "91.58100", "2018-03-31": "29.53800", "2017-12-31": "27.76300", "2017-09-30": "62.95400", "2017-06-30": "80.53500", "2017-03-31": "53.91600", "2016-12-31": "58.14100", "2016-09-30": "57.52600", "2016-06-30": "55.13500", "2016-03-31": "54.18000", "2015-12-31": "52.75000", "2015-09-30": "50.05400", "2015-06-30": "48.69800", "2015-03-31": "42.83100", "2014-12-31": "52.13800", "2014-09-30": "42.70800", "2014-06-30": "40.76400", "2014-03-31": "40.14200", "2013-12-31": "62.38500", "2013-09-30": "40.52900", "2013-06-30": "31.84700", "2013-03-31": "40.87600", "2012-12-31": "39.49800", "2012-09-30": "37.27400", "2012-06-30": "35.58300", "2012-03-31": "29.55100", "2011-12-31": "63.16500", "2011-09-30": "34.95000", "2011-06-30": "8.61300", "2011-03-31": "23.36000", "2010-12-31": "32.83000", "2010-09-30": "32.56700", "2010-06-30": "20.76700", "2010-03-31": "30.30100", "2009-12-31": "21.21000", "2009-09-30": "-38.41300", "2009-06-30": "27.85100", "2009-03-31": "23.87600", "2008-12-31": "35.49700", "2008-09-30": "35.35400", "2008-06-30": "30.58500", "2008-03-31": "25.34300", "2007-12-31": "25.42800", "2007-09-30": "25.13400", "2007-06-30": "24.24700", "2007-03-31": "22.69400", "2006-12-31": "20.47600", "2006-09-30": "20.47200", "2006-06-30": "21.07500", "2006-03-31": "18.51200", "2005-12-31": "17.89700", "2005-09-30": "17.63000", "2005-06-30": "17.13400", "2005-03-31": "15.63900"}, "Other Income": {"2020-09-30": "", "2020-06-30": "", "2020-03-31": "", "2019-12-31": "", "2019-09-30": "", "2019-06-30": "", "2019-03-31": "", "2018-12-31": "", "2018-09-30": "", "2018-06-30": "", "2018-03-31": "", "2017-12-31": "", "2017-09-30": "", "2017-06-30": "", "2017-03-31": "", "2016-12-31": "", "2016-09-30": "", "2016-06-30": "", "2016-03-31": "", "2015-12-31": "", "2015-09-30": "", "2015-06-30": "", "2015-03-31": "", "2014-12-31": "", "2014-09-30": "", "2014-06-30": "", "2014-03-31": "", "2013-12-31": "", "2013-09-30": "", "2013-06-30": "", "2013-03-31": "", "2012-12-31": "", "2012-09-30": "", "2012-06-30": "", "2012-03-31": "", "2011-12-31": "", "2011-09-30": "", "2011-06-30": "", "2011-03-31": "", "2010-12-31": "", "2010-09-30": "", "2010-06-30": "", "2010-03-31": "", "2009-12-31": "", "2009-09-30": "", "2009-06-30": "", "2009-03-31": "", "2008-12-31": "", "2008-09-30": "", "2008-06-30": "", "2008-03-31": "", "2007-12-31": "", "2007-09-30": "", "2007-06-30": "", "2007-03-31": "", "2006-12-31": "", "2006-09-30": "", "2006-06-30": "", "2006-03-31": "", "2005-12-31": "", "2005-09-30": "", "2005-06-30": "", "2005-03-31": ""}, "Income From Continuous Operations": {"2020-09-30": "-85.90400", "2020-06-30": "-62.96500", "2020-03-31": "37.11800", "2019-12-31": "50.86200", "2019-09-30": "8.80900", "2019-06-30": "46.42100", "2019-03-31": "48.46400", "2018-12-31": "8.99500", "2018-09-30": "91.83300", "2018-06-30": "91.58100", "2018-03-31": "29.53800", "2017-12-31": "27.76300", "2017-09-30": "62.95400", "2017-06-30": "80.53500", "2017-03-31": "53.91600", "2016-12-31": "58.14100", "2016-09-30": "57.52600", "2016-06-30": "55.13500", "2016-03-31": "54.18000", "2015-12-31": "52.75000", "2015-09-30": "50.05400", "2015-06-30": "48.69800", "2015-03-31": "42.83100", "2014-12-31": "52.13800", "2014-09-30": "42.70800", "2014-06-30": "40.76400", "2014-03-31": "40.14200", "2013-12-31": "62.38500", "2013-09-30": "40.52900", "2013-06-30": "31.84700", "2013-03-31": "40.87600", "2012-12-31": "38.83100", "2012-09-30": "37.61600", "2012-06-30": "35.86100", "2012-03-31": "29.59800", "2011-12-31": "60.93400", "2011-09-30": "35.62600", "2011-06-30": "9.39400", "2011-03-31": "24.13400", "2010-12-31": "31.46800", "2010-09-30": "33.27300", "2010-06-30": "21.19000", "2010-03-31": "30.53400", "2009-12-31": "20.53700", "2009-09-30": "-38.18400", "2009-06-30": "28.07600", "2009-03-31": "24.09500", "2008-12-31": "35.71600", "2008-09-30": "35.57000", "2008-06-30": "30.83000", "2008-03-31": "26.62500", "2007-12-31": "25.75400", "2007-09-30": "26.32200", "2007-06-30": "24.24700", "2007-03-31": "22.89200", "2006-12-31": "20.86000", "2006-09-30": "20.66300", "2006-06-30": "21.07500", "2006-03-31": "19.04100", "2005-12-31": "18.04500", "2005-09-30": "17.81400", "2005-06-30": "17.32200", "2005-03-31": "15.81300"}, "Income From Discontinued Operations": {"2020-09-30": "", "2020-06-30": "", "2020-03-31": "", "2019-12-31": "-14.56500", "2019-09-30": "25.19400", "2019-06-30": "20.17300", "2019-03-31": "16.88500", "2018-12-31": "", "2018-09-30": "", "2018-06-30": "", "2018-03-31": "", "2017-12-31": "", "2017-09-30": "", "2017-06-30": "", "2017-03-31": "", "2016-12-31": "", "2016-09-30": "", "2016-06-30": "", "2016-03-31": "", "2015-12-31": "0.00000", "2015-09-30": "0.14100", "2015-06-30": "0.06800", "2015-03-31": "-0.01000", "2014-12-31": "0.49700", "2014-09-30": "-0.00300", "2014-06-30": "-0.00400", "2014-03-31": "3.39100", "2013-12-31": "0.65700", "2013-09-30": "2.97300", "2013-06-30": "0.62900", "2013-03-31": "0.33000", "2012-12-31": "-9.55000", "2012-09-30": "-3.44100", "2012-06-30": "0.95700", "2012-03-31": "-8.20800", "2011-12-31": "-22.96600", "2011-09-30": "-0.06300", "2011-06-30": "-9.39200", "2011-03-31": "17.59900", "2010-12-31": "2.70500", "2010-09-30": "1.77000", "2010-06-30": "-6.44200", "2010-03-31": "-1.44300", "2009-12-31": "-7.17200", "2009-09-30": "-37.17800", "2009-06-30": "-2.08000", "2009-03-31": "", "2008-12-31": "-1.21100", "2008-09-30": "", "2008-06-30": "0.10300", "2008-03-31": "-0.01000", "2007-12-31": "0.00500", "2007-09-30": "0.02800", "2007-06-30": "4.02800", "2007-03-31": "0.01800", "2006-12-31": "0.53400", "2006-09-30": "0.05300", "2006-06-30": "0.06300", "2006-03-31": "", "2005-12-31": "", "2005-09-30": "", "2005-06-30": "", "2005-03-31": ""}, "Net Income": {"2020-09-30": "-91.93800", "2020-06-30": "-68.99900", "2020-03-31": "31.08400", "2019-12-31": "30.26300", "2019-09-30": "27.96900", "2019-06-30": "60.56000", "2019-03-31": "59.31500", "2018-12-31": "47.99700", "2018-09-30": "85.79700", "2018-06-30": "85.54500", "2018-03-31": "23.50200", "2017-12-31": "54.66800", "2017-09-30": "57.00300", "2017-06-30": "74.58300", "2017-03-31": "47.96400", "2016-12-31": "52.19000", "2016-09-30": "51.57500", "2016-06-30": "49.18300", "2016-03-31": "48.22800", "2015-12-31": "46.79900", "2015-09-30": "44.24400", "2015-06-30": "42.81400", "2015-03-31": "36.86900", "2014-12-31": "46.68400", "2014-09-30": "36.75300", "2014-06-30": "34.80800", "2014-03-31": "37.58100", "2013-12-31": "57.09100", "2013-09-30": "37.55100", "2013-06-30": "26.52400", "2013-03-31": "35.25400", "2012-12-31": "18.84300", "2012-09-30": "28.14900", "2012-06-30": "30.79700", "2012-03-31": "15.37100", "2011-12-31": "31.94000", "2011-09-30": "25.74900", "2011-06-30": "-7.54900", "2011-03-31": "34.17900", "2010-12-31": "26.65200", "2010-09-30": "27.45700", "2010-06-30": "8.03600", "2010-03-31": "22.52300", "2009-12-31": "6.71500", "2009-09-30": "-66.84300", "2009-06-30": "20.15200", "2009-03-31": "17.77700", "2008-12-31": "27.83400", "2008-09-30": "28.50600", "2008-06-30": "23.85900", "2008-03-31": "21.51100", "2007-12-31": "21.51800", "2007-09-30": "20.73900", "2007-06-30": "20.94000", "2007-03-31": "18.05400", "2006-12-31": "18.28500", "2006-09-30": "17.80000", "2006-06-30": "18.22200", "2006-03-31": "16.12500", "2005-12-31": "15.19600", "2005-09-30": "14.89800", "2005-06-30": "14.40600", "2005-03-31": "13.20700"}, "EBITDA": {"2020-09-30": "18.73400", "2020-06-30": "23.00500", "2020-03-31": "116.61200", "2019-12-31": "128.46700", "2019-09-30": "91.04500", "2019-06-30": "124.92300", "2019-03-31": "122.90700", "2018-12-31": "67.06600", "2018-09-30": "158.21300", "2018-06-30": "181.43100", "2018-03-31": "103.50900", "2017-12-31": "88.83700", "2017-09-30": "132.94000", "2017-06-30": "122.12200", "2017-03-31": "113.14400", "2016-12-31": "113.00400", "2016-09-30": "109.16100", "2016-06-30": "102.83500", "2016-03-31": "104.28800", "2015-12-31": "98.46300", "2015-09-30": "95.53900", "2015-06-30": "84.07200", "2015-03-31": "66.25500", "2014-12-31": "90.90200", "2014-09-30": "82.80700", "2014-06-30": "79.30300", "2014-03-31": "76.71500", "2013-12-31": "76.63900", "2013-09-30": "74.76500", "2013-06-30": "65.54500", "2013-03-31": "69.79600", "2012-12-31": "71.73000", "2012-09-30": "69.00400", "2012-06-30": "67.20200", "2012-03-31": "60.51700", "2011-12-31": "86.23600", "2011-09-30": "65.75600", "2011-06-30": "38.24800", "2011-03-31": "55.07800", "2010-12-31": "58.24900", "2010-09-30": "64.56900", "2010-06-30": "49.84200", "2010-03-31": "59.48500", "2009-12-31": "45.99100", "2009-09-30": "-8.85300", "2009-06-30": "52.38800", "2009-03-31": "54.69800", "2008-12-31": "54.89800", "2008-09-30": "64.99300", "2008-06-30": "58.70900", "2008-03-31": "54.28300", "2007-12-31": "53.81400", "2007-09-30": "52.43600", "2007-06-30": "49.05000", "2007-03-31": "43.03500", "2006-12-31": "58.66800", "2006-09-30": "28.98100", "2006-06-30": "40.95600", "2006-03-31": "38.01600", "2005-12-31": "41.89700", "2005-09-30": "36.51500", "2005-06-30": "35.00500", "2005-03-31": "32.43500"}, "EBIT": {"2020-09-30": "-24.69900", "2020-06-30": "-20.98800", "2020-03-31": "71.32000", "2019-12-31": "82.43400", "2019-09-30": "44.46600", "2019-06-30": "81.10900", "2019-03-31": "81.72100", "2018-12-31": "26.08900", "2018-09-30": "118.17500", "2018-06-30": "142.46500", "2018-03-31": "64.84400", "2017-12-31": "50.28800", "2017-09-30": "96.70300", "2017-06-30": "87.48000", "2017-03-31": "83.56600", "2016-12-31": "83.34300", "2016-09-30": "80.33100", "2016-06-30": "75.95800", "2016-03-31": "77.11300", "2015-12-31": "72.33800", "2015-09-30": "70.83700", "2015-06-30": "61.00100", "2015-03-31": "45.75600", "2014-12-31": "71.77500", "2014-09-30": "64.25600", "2014-06-30": "62.19200", "2014-03-31": "60.32500", "2013-12-31": "60.74100", "2013-09-30": "60.61300", "2013-06-30": "51.38100", "2013-03-31": "55.97500", "2012-12-31": "58.53500", "2012-09-30": "57.26800", "2012-06-30": "54.04200", "2012-03-31": "47.69200", "2011-12-31": "77.59100", "2011-09-30": "52.86100", "2011-06-30": "25.90000", "2011-03-31": "42.18400", "2010-12-31": "47.56800", "2010-09-30": "52.13400", "2010-06-30": "37.71300", "2010-03-31": "47.24600", "2009-12-31": "35.07500", "2009-09-30": "-20.81800", "2009-06-30": "43.59000", "2009-03-31": "41.31300", "2008-12-31": "47.37000", "2008-09-30": "53.04300", "2008-06-30": "47.54500", "2008-03-31": "42.81100", "2007-12-31": "42.88100", "2007-09-30": "41.80600", "2007-06-30": "39.21000", "2007-03-31": "34.11100", "2006-12-31": "50.07500", "2006-09-30": "20.47200", "2006-06-30": "32.58900", "2006-03-31": "29.75100", "2005-12-31": "33.86500", "2005-09-30": "28.63500", "2005-06-30": "27.37300", "2005-03-31": "25.16100"}, "Basic Shares Outstanding": {"2020-09-30": "74.61300", "2020-06-30": "76.31000", "2020-03-31": "78.46700", "2019-12-31": "76.74600", "2019-09-30": "77.63200", "2019-06-30": "76.16400", "2019-03-31": "74.67900", "2018-12-31": "74.29200", "2018-09-30": "74.34500", "2018-06-30": "74.32900", "2018-03-31": "74.14600", "2017-12-31": "71.19100", "2017-09-30": "73.66300", "2017-06-30": "73.15900", "2017-03-31": "64.03300", "2016-12-31": "63.38100", "2016-09-30": "63.62700", "2016-06-30": "63.59200", "2016-03-31": "62.66400", "2015-12-31": "58.13800", "2015-09-30": "58.08300", "2015-06-30": "57.20000", "2015-03-31": "57.11100", "2014-12-31": "54.24400", "2014-09-30": "53.79200", "2014-06-30": "53.45800", "2014-03-31": "52.54100", "2013-12-31": "48.02800", "2013-09-30": "47.34900", "2013-06-30": "47.08100", "2013-03-31": "46.85400", "2012-12-31": "46.79800", "2012-09-30": "46.84000", "2012-06-30": "46.82600", "2012-03-31": "46.67700", "2011-12-31": "46.64000", "2011-09-30": "46.68000", "2011-06-30": "46.64800", "2011-03-31": "46.50300", "2010-12-31": "45.20600", "2010-09-30": "46.51100", "2010-06-30": "44.86900", "2010-03-31": "42.85000", "2009-12-31": "36.12200", "2009-09-30": "35.44500", "2009-06-30": "34.97000", "2009-03-31": "34.36300", "2008-12-31": "30.91000", "2008-09-30": "32.03300", "2008-06-30": "30.57700", "2008-03-31": "28.12500", "2007-12-31": "26.92900", "2007-09-30": "26.43200", "2007-06-30": "26.41800", "2007-03-31": "26.28200", "2006-12-31": "26.14700", "2006-09-30": "26.29800", "2006-06-30": "26.28500", "2006-03-31": "25.69000", "2005-12-31": "25.01900", "2005-09-30": "25.08600", "2005-06-30": "24.98400", "2005-03-31": "24.97500"}, "Shares Outstanding": {"2020-09-30": "74.61300", "2020-06-30": "76.31000", "2020-03-31": "78.47600", "2019-12-31": "76.78200", "2019-09-30": "77.66400", "2019-06-30": "76.19900", "2019-03-31": "74.72500", "2018-12-31": "74.33700", "2018-09-30": "74.40400", "2018-06-30": "74.36500", "2018-03-31": "74.18000", "2017-12-31": "71.25400", "2017-09-30": "73.72400", "2017-06-30": "73.22500", "2017-03-31": "64.10200", "2016-12-31": "63.47400", "2016-09-30": "63.74700", "2016-06-30": "63.67800", "2016-03-31": "62.74400", "2015-12-31": "58.32800", "2015-09-30": "58.27800", "2015-06-30": "57.44600", "2015-03-31": "57.37800", "2014-12-31": "54.44400", "2014-09-30": "54.00100", "2014-06-30": "53.65400", "2014-03-31": "52.71900", "2013-12-31": "48.21400", "2013-09-30": "47.52400", "2013-06-30": "47.29400", "2013-03-31": "47.04700", "2012-12-31": "47.04900", "2012-09-30": "47.09000", "2012-06-30": "47.06800", "2012-03-31": "46.94500", "2011-12-31": "46.90100", "2011-09-30": "46.91800", "2011-06-30": "46.95600", "2011-03-31": "46.80500", "2010-12-31": "45.55500", "2010-09-30": "46.80900", "2010-06-30": "45.21400", "2010-03-31": "43.14100", "2009-12-31": "36.23500", "2009-09-30": "35.44500", "2009-06-30": "34.99200", "2009-03-31": "34.36300", "2008-12-31": "31.17700", "2008-09-30": "32.36500", "2008-06-30": "30.91300", "2008-03-31": "28.40700", "2007-12-31": "27.30400", "2007-09-30": "26.82400", "2007-06-30": "26.91400", "2007-03-31": "26.82000", "2006-12-31": "26.62700", "2006-09-30": "26.76900", "2006-06-30": "26.66600", "2006-03-31": "26.03000", "2005-12-31": "25.50400", "2005-09-30": "25.58500", "2005-06-30": "25.47500", "2005-03-31": "25.49600"}, "Basic EPS": {"2020-09-30": "-1.23000", "2020-06-30": "-0.90000", "2020-03-31": "0.40000", "2019-12-31": "0.37000", "2019-09-30": "0.36000", "2019-06-30": "0.80000", "2019-03-31": "0.79000", "2018-12-31": "0.65000", "2018-09-30": "1.15000", "2018-06-30": "1.15000", "2018-03-31": "0.32000", "2017-12-31": "0.75000", "2017-09-30": "0.77000", "2017-06-30": "1.02000", "2017-03-31": "0.75000", "2016-12-31": "0.82000", "2016-09-30": "0.81000", "2016-06-30": "0.77000", "2016-03-31": "0.77000", "2015-12-31": "0.78000", "2015-09-30": "0.76000", "2015-06-30": "0.75000", "2015-03-31": "0.65000", "2014-12-31": "0.82000", "2014-09-30": "0.68000", "2014-06-30": "0.65000", "2014-03-31": "0.72000", "2013-12-31": "1.16000", "2013-09-30": "0.79000", "2013-06-30": "0.56000", "2013-03-31": "0.75000", "2012-12-31": "0.40000", "2012-09-30": "0.60000", "2012-06-30": "0.66000", "2012-03-31": "0.33000", "2011-12-31": "0.69000", "2011-09-30": "0.55000", "2011-06-30": "-0.16000", "2011-03-31": "0.73000", "2010-12-31": "0.57000", "2010-09-30": "0.59000", "2010-06-30": "0.18000", "2010-03-31": "0.53000", "2009-12-31": "0.18000", "2009-09-30": "-1.89000", "2009-06-30": "0.58000", "2009-03-31": "0.52000", "2008-12-31": "0.86000", "2008-09-30": "0.89000", "2008-06-30": "0.78000", "2008-03-31": "0.76000", "2007-12-31": "0.76000", "2007-09-30": "0.78000", "2007-06-30": "0.79000", "2007-03-31": "0.69000", "2006-12-31": "0.69000", "2006-09-30": "0.68000", "2006-06-30": "0.69000", "2006-03-31": "0.63000", "2005-12-31": "0.61000", "2005-09-30": "0.59000", "2005-06-30": "0.58000", "2005-03-31": "0.53000"}, "EPS - Earnings Per Share": {"2020-09-30": "-1.23000", "2020-06-30": "-0.90000", "2020-03-31": "0.40000", "2019-12-31": "0.38000", "2019-09-30": "0.36000", "2019-06-30": "0.79000", "2019-03-31": "0.79000", "2018-12-31": "0.65000", "2018-09-30": "1.15000", "2018-06-30": "1.15000", "2018-03-31": "0.32000", "2017-12-31": "0.75000", "2017-09-30": "0.77000", "2017-06-30": "1.02000", "2017-03-31": "0.75000", "2016-12-31": "0.82000", "2016-09-30": "0.81000", "2016-06-30": "0.77000", "2016-03-31": "0.77000", "2015-12-31": "0.78000", "2015-09-30": "0.76000", "2015-06-30": "0.75000", "2015-03-31": "0.64000", "2014-12-31": "0.82000", "2014-09-30": "0.68000", "2014-06-30": "0.65000", "2014-03-31": "0.71000", "2013-12-31": "1.14000", "2013-09-30": "0.79000", "2013-06-30": "0.56000", "2013-03-31": "0.75000", "2012-12-31": "0.40000", "2012-09-30": "0.60000", "2012-06-30": "0.65000", "2012-03-31": "0.33000", "2011-12-31": "0.68000", "2011-09-30": "0.55000", "2011-06-30": "-0.16000", "2011-03-31": "0.73000", "2010-12-31": "0.58000", "2010-09-30": "0.58000", "2010-06-30": "0.18000", "2010-03-31": "0.52000", "2009-12-31": "0.18000", "2009-09-30": "-1.89000", "2009-06-30": "0.58000", "2009-03-31": "0.52000", "2008-12-31": "0.85000", "2008-09-30": "0.88000", "2008-06-30": "0.77000", "2008-03-31": "0.76000", "2007-12-31": "0.76000", "2007-09-30": "0.77000", "2007-06-30": "0.78000", "2007-03-31": "0.67000", "2006-12-31": "0.69000", "2006-09-30": "0.66000", "2006-06-30": "0.68000", "2006-03-31": "0.62000", "2005-12-31": "0.59000", "2005-09-30": "0.58000", "2005-06-30": "0.57000", "2005-03-31": "0.52000"}}, "balance sheet": {"Cash On Hand": {"2019-12-31": "531.44000", "2018-12-31": "18.50700", "2017-12-31": "58.98600", "2016-12-31": "29.07900", "2015-12-31": "14.86100", "2014-12-31": "16.40800", "2013-12-31": "17.67200", "2012-12-31": "34.65500", "2011-12-31": "33.93700", "2010-12-31": "28.05500", "2009-12-31": "35.99500", "2008-12-31": "61.08600", "2007-12-31": "27.95900", "2006-12-31": "16.77900", "2005-12-31": "19.67000"}, "Receivables": {"2019-12-31": "86.85800", "2018-12-31": "98.36900", "2017-12-31": "93.69300", "2016-12-31": "98.93900", "2015-12-31": "59.10100", "2014-12-31": "47.28200", "2013-12-31": "42.53800", "2012-12-31": "38.73800", "2011-12-31": "35.00500", "2010-12-31": "39.81400", "2009-12-31": "30.72700", "2008-12-31": "33.40500", "2007-12-31": "61.19300", "2006-12-31": "30.04300", "2005-12-31": "13.95900"}, "Inventory": {"2019-12-31": "", "2018-12-31": "", "2017-12-31": "", "2016-12-31": "", "2015-12-31": "", "2014-12-31": "", "2013-12-31": "", "2012-12-31": "", "2011-12-31": "", "2010-12-31": "", "2009-12-31": "", "2008-12-31": "", "2007-12-31": "", "2006-12-31": "", "2005-12-31": ""}, "Pre-Paid Expenses": {"2019-12-31": "", "2018-12-31": "", "2017-12-31": "", "2016-12-31": "", "2015-12-31": "", "2014-12-31": "", "2013-12-31": "", "2012-12-31": "", "2011-12-31": "", "2010-12-31": "", "2009-12-31": "", "2008-12-31": "", "2007-12-31": "", "2006-12-31": "", "2005-12-31": ""}, "Other Current Assets": {"2019-12-31": "", "2018-12-31": "", "2017-12-31": "", "2016-12-31": "", "2015-12-31": "", "2014-12-31": "", "2013-12-31": "", "2012-12-31": "", "2011-12-31": "", "2010-12-31": "", "2009-12-31": "", "2008-12-31": "", "2007-12-31": "", "2006-12-31": "", "2005-12-31": ""}, "Total Current Assets": {"2019-12-31": "975.68900", "2018-12-31": "634.34300", "2017-12-31": "1123.42800", "2016-12-31": "741.99600", "2015-12-31": "497.74200", "2014-12-31": "571.64500", "2013-12-31": "546.54700", "2012-12-31": "529.14500", "2011-12-31": "394.03900", "2010-12-31": "378.40000", "2009-12-31": "597.50000", "2008-12-31": "643.33500", "2007-12-31": "414.59400", "2006-12-31": "122.91500", "2005-12-31": "77.69600"}, "Property, Plant, And Equipment": {"2019-12-31": "5197.30800", "2018-12-31": "5024.05700", "2017-12-31": "4604.23100", "2016-12-31": "3595.76200", "2015-12-31": "3025.19900", "2014-12-31": "2451.53400", "2013-12-31": "2104.15100", "2012-12-31": "1885.09300", "2011-12-31": "1819.17600", "2010-12-31": "2020.19100", "2009-12-31": "1854.62900", "2008-12-31": "1735.02600", "2007-12-31": "1648.62100", "2006-12-31": "1395.90300", "2005-12-31": "1283.98800"}, "Long-Term Investments": {"2019-12-31": "", "2018-12-31": "", "2017-12-31": "", "2016-12-31": "", "2015-12-31": "", "2014-12-31": "", "2013-12-31": "", "2012-12-31": "", "2011-12-31": "", "2010-12-31": "", "2009-12-31": "", "2008-12-31": "", "2007-12-31": "", "2006-12-31": "", "2005-12-31": ""}, "Goodwill And Intangible Assets": {"2019-12-31": "", "2018-12-31": "", "2017-12-31": "", "2016-12-31": "", "2015-12-31": "", "2014-12-31": "", "2013-12-31": "", "2012-12-31": "", "2011-12-31": "", "2010-12-31": "35.64400", "2009-12-31": "6.72700", "2008-12-31": "12.40000", "2007-12-31": "16.52800", "2006-12-31": "9.36600", "2005-12-31": "10.46100"}, "Other Long-Term Assets": {"2019-12-31": "193.32700", "2018-12-31": "472.99000", "2017-12-31": "463.83400", "2016-12-31": "527.26400", "2015-12-31": "694.32900", "2014-12-31": "658.96000", "2013-12-31": "598.23400", "2012-12-31": "512.81300", "2011-12-31": "502.25300", "2010-12-31": "468.81400", "2009-12-31": "209.74000", "2008-12-31": "232.42300", "2007-12-31": "81.52900", "2006-12-31": "32.60400", "2005-12-31": "31.12400"}, "Total Long-Term Assets": {"2019-12-31": "5390.63500", "2018-12-31": "5497.04700", "2017-12-31": "5068.06500", "2016-12-31": "4123.02600", "2015-12-31": "3719.52800", "2014-12-31": "3114.63000", "2013-12-31": "2725.72900", "2012-12-31": "2417.58500", "2011-12-31": "2339.95600", "2010-12-31": "2545.02000", "2009-12-31": "2083.23200", "2008-12-31": "1990.59000", "2007-12-31": "1757.03900", "2006-12-31": "1448.36400", "2005-12-31": "1336.46900"}, "Total Assets": {"2019-12-31": "6577.51100", "2018-12-31": "6131.39000", "2017-12-31": "6191.49300", "2016-12-31": "4865.02200", "2015-12-31": "4217.27000", "2014-12-31": "3686.27500", "2013-12-31": "3272.27600", "2012-12-31": "2946.73000", "2011-12-31": "2733.99500", "2010-12-31": "2923.42000", "2009-12-31": "2680.73200", "2008-12-31": "2633.92500", "2007-12-31": "2171.63300", "2006-12-31": "1571.27900", "2005-12-31": "1414.16500"}, "Total Current Liabilities": {"2019-12-31": "122.93900", "2018-12-31": "168.46300", "2017-12-31": "136.92900", "2016-12-31": "119.75800", "2015-12-31": "92.17800", "2014-12-31": "82.18000", "2013-12-31": "72.32700", "2012-12-31": "65.48100", "2011-12-31": "36.03600", "2010-12-31": "56.48800", "2009-12-31": "28.41100", "2008-12-31": "35.66500", "2007-12-31": "26.53200", "2006-12-31": "16.48000", "2005-12-31": "7.92800"}, "Long Term Debt": {"2019-12-31": "3102.83000", "2018-12-31": "2986.05400", "2017-12-31": "3028.82700", "2016-12-31": "2485.62500", "2015-12-31": "1981.92000", "2014-12-31": "1629.75000", "2013-12-31": "1475.33600", "2012-12-31": "1368.83200", "2011-12-31": "1154.29500", "2010-12-31": "1191.17900", "2009-12-31": "1141.42300", "2008-12-31": "1262.36800", "2007-12-31": "1081.26400", "2006-12-31": "675.30500", "2005-12-31": "714.59100"}, "Other Non-Current Liabilities": {"2019-12-31": "110.28700", "2018-12-31": "111.85000", "2017-12-31": "98.41200", "2016-12-31": "73.73800", "2015-12-31": "69.30400", "2014-12-31": "47.85600", "2013-12-31": "36.59900", "2012-12-31": "52.51900", "2011-12-31": "45.56100", "2010-12-31": "44.49500", "2009-12-31": "42.94100", "2008-12-31": "43.24100", "2007-12-31": "37.73700", "2006-12-31": "22.33800", "2005-12-31": "19.99000"}, "Total Long Term Liabilities": {"2019-12-31": "3213.11700", "2018-12-31": "3097.90400", "2017-12-31": "3127.23900", "2016-12-31": "2559.36300", "2015-12-31": "2051.22400", "2014-12-31": "1677.60600", "2013-12-31": "1511.93500", "2012-12-31": "1421.35100", "2011-12-31": "1199.85600", "2010-12-31": "1235.67400", "2009-12-31": "1184.36400", "2008-12-31": "1305.60900", "2007-12-31": "1137.20800", "2006-12-31": "702.11700", "2005-12-31": "739.81600"}, "Total Liabilities": {"2019-12-31": "3571.70600", "2018-12-31": "3266.36700", "2017-12-31": "3264.16800", "2016-12-31": "2679.12100", "2015-12-31": "2143.40200", "2014-12-31": "1759.78600", "2013-12-31": "1584.26200", "2012-12-31": "1486.83200", "2011-12-31": "1235.89200", "2010-12-31": "1292.16200", "2009-12-31": "1212.77500", "2008-12-31": "1341.27400", "2007-12-31": "1163.74000", "2006-12-31": "718.59700", "2005-12-31": "747.74400"}, "Common Stock Net": {"2019-12-31": "0.81600", "2018-12-31": "0.77200", "2017-12-31": "0.76900", "2016-12-31": "0.66300", "2015-12-31": "0.63200", "2014-12-31": "0.58900", "2013-12-31": "0.53400", "2012-12-31": "0.48400", "2011-12-31": "0.48000", "2010-12-31": "0.47700", "2009-12-31": "0.43800", "2008-12-31": "0.33700", "2007-12-31": "0.28900", "2006-12-31": "0.27200", "2005-12-31": "0.25900"}, "Retained Earnings (Accumulated Deficit)": {"2019-12-31": "-689.85700", "2018-12-31": "-521.74800", "2017-12-31": "-443.47000", "2016-12-31": "-386.50900", "2015-12-31": "-343.64200", "2014-12-31": "-302.77600", "2013-12-31": "-271.91500", "2012-12-31": "-275.64300", "2011-12-31": "-228.26100", "2010-12-31": "-181.85600", "2009-12-31": "-147.92700", "2008-12-31": "-28.41700", "2007-12-31": "-25.70600", "2006-12-31": "-24.81400", "2005-12-31": "-30.12400"}, "Comprehensive Income": {"2019-12-31": "7.27500", "2018-12-31": "12.08500", "2017-12-31": "12.48300", "2016-12-31": "7.73400", "2015-12-31": "5.62200", "2014-12-31": "12.56600", "2013-12-31": "17.19300", "2012-12-31": "20.62200", "2011-12-31": "23.46300", "2010-12-31": "38.84200", "2009-12-31": "18.96100", "2008-12-31": "-6.16900", "2007-12-31": "35.99400", "2006-12-31": "12.50100", "2005-12-31": "13.40200"}, "Other Share Holders Equity": {"2019-12-31": "", "2018-12-31": "", "2017-12-31": "", "2016-12-31": "", "2015-12-31": "", "2014-12-31": "", "2013-12-31": "", "2012-12-31": "", "2011-12-31": "", "2010-12-31": "", "2009-12-31": "", "2008-12-31": "", "2007-12-31": "", "2006-12-31": "", "2005-12-31": ""}, "Share Holder Equity": {"2019-12-31": "3005.80500", "2018-12-31": "2865.02300", "2017-12-31": "2927.32500", "2016-12-31": "2185.90100", "2015-12-31": "2073.86800", "2014-12-31": "1926.48900", "2013-12-31": "1688.01400", "2012-12-31": "1459.89800", "2011-12-31": "1498.10300", "2010-12-31": "1631.25800", "2009-12-31": "1467.95700", "2008-12-31": "1292.65100", "2007-12-31": "1007.89300", "2006-12-31": "852.68200", "2005-12-31": "666.42100"}, "Total Liabilities And Share Holders Equity": {"2019-12-31": "6577.51100", "2018-12-31": "6131.39000", "2017-12-31": "6191.49300", "2016-12-31": "4865.02200", "2015-12-31": "4217.27000", "2014-12-31": "3686.27500", "2013-12-31": "3272.27600", "2012-12-31": "2946.73000", "2011-12-31": "2733.99500", "2010-12-31": "2923.42000", "2009-12-31": "2680.73200", "2008-12-31": "2633.92500", "2007-12-31": "2171.63300", "2006-12-31": "1571.27900", "2005-12-31": "1414.16500"}}, "balance sheet, quarterly": {"Cash On Hand": {"2020-09-30": "987.79600", "2020-06-30": "1009.59600", "2020-03-31": "1229.70500", "2019-12-31": "531.44000", "2019-09-30": "121.76800", "2019-06-30": "11.93700", "2019-03-31": "22.28200", "2018-12-31": "18.50700", "2018-09-30": "96.18400", "2018-06-30": "14.30000", "2018-03-31": "40.15400", "2017-12-31": "58.98600", "2017-09-30": "35.73500", "2017-06-30": "95.12700", "2017-03-31": "42.96900", "2016-12-31": "29.07900", "2016-09-30": "27.77400", "2016-06-30": "25.07600", "2016-03-31": "34.40800", "2015-12-31": "14.86100", "2015-09-30": "36.56300", "2015-06-30": "21.43500", "2015-03-31": "124.66000", "2014-12-31": "16.40800", "2014-09-30": "35.19700", "2014-06-30": "31.15500", "2014-03-31": "39.97400", "2013-12-31": "17.67200", "2013-09-30": "42.25100", "2013-06-30": "37.06000", "2013-03-31": "44.37700", "2012-12-31": "34.65500", "2012-09-30": "51.14500", "2012-06-30": "31.90400", "2012-03-31": "36.41200", "2011-12-31": "33.93700", "2011-09-30": "42.61600", "2011-06-30": "49.86000", "2011-03-31": "46.65400", "2010-12-31": "28.05500", "2010-09-30": "36.11300", "2010-06-30": "36.49500", "2010-03-31": "31.79900", "2009-12-31": "35.99500", "2009-09-30": "27.09800", "2009-06-30": "30.75300", "2009-03-31": "21.83100", "2008-12-31": "61.08600", "2008-09-30": "26.49100", "2008-06-30": "27.42900", "2008-03-31": "21.44200", "2007-12-31": "27.95900", "2007-09-30": "21.32900", "2007-06-30": "20.62400", "2007-03-31": "13.92300", "2006-12-31": "16.77900", "2006-09-30": "13.78900", "2006-06-30": "12.16700", "2006-03-31": "11.15000", "2005-12-31": "19.67000", "2005-09-30": "20.07600", "2005-06-30": "18.94300", "2005-03-31": "20.38600"}, "Receivables": {"2020-09-30": "129.71400", "2020-06-30": "134.77400", "2020-03-31": "72.53700", "2019-12-31": "86.85800", "2019-09-30": "99.19000", "2019-06-30": "108.43300", "2019-03-31": "111.14600", "2018-12-31": "98.36900", "2018-09-30": "104.75700", "2018-06-30": "97.80400", "2018-03-31": "88.75000", "2017-12-31": "93.69300", "2017-09-30": "99.21300", "2017-06-30": "106.48000", "2017-03-31": "96.26700", "2016-12-31": "98.93900", "2016-09-30": "81.21700", "2016-06-30": "62.06100", "2016-03-31": "62.40300", "2015-12-31": "59.10100", "2015-09-30": "56.00600", "2015-06-30": "64.49300", "2015-03-31": "56.39700", "2014-12-31": "47.28200", "2014-09-30": "44.46900", "2014-06-30": "42.83000", "2014-03-31": "41.61600", "2013-12-31": "42.53800", "2013-09-30": "40.32600", "2013-06-30": "39.35400", "2013-03-31": "38.24600", "2012-12-31": "38.73800", "2012-09-30": "35.70400", "2012-06-30": "33.13800", "2012-03-31": "35.60200", "2011-12-31": "35.00500", "2011-09-30": "34.38900", "2011-06-30": "34.98300", "2011-03-31": "38.20400", "2010-12-31": "39.81400", "2010-09-30": "36.36400", "2010-06-30": "37.19500", "2010-03-31": "37.39100", "2009-12-31": "30.72700", "2009-09-30": "31.71400", "2009-06-30": "73.24100", "2009-03-31": "77.09100", "2008-12-31": "33.40500", "2008-09-30": "73.07200", "2008-06-30": "74.58400", "2008-03-31": "72.69500", "2007-12-31": "61.19300", "2007-09-30": "49.62900", "2007-06-30": "38.45500", "2007-03-31": "35.12800", "2006-12-31": "30.04300", "2006-09-30": "", "2006-06-30": "", "2006-03-31": "", "2005-12-31": "13.95900", "2005-09-30": "", "2005-06-30": "", "2005-03-31": ""}, "Inventory": {"2020-09-30": "", "2020-06-30": "", "2020-03-31": "", "2019-12-31": "", "2019-09-30": "", "2019-06-30": "", "2019-03-31": "", "2018-12-31": "", "2018-09-30": "", "2018-06-30": "", "2018-03-31": "", "2017-12-31": "", "2017-09-30": "", "2017-06-30": "", "2017-03-31": "", "2016-12-31": "", "2016-09-30": "", "2016-06-30": "", "2016-03-31": "", "2015-12-31": "", "2015-09-30": "", "2015-06-30": "", "2015-03-31": "", "2014-12-31": "", "2014-09-30": "", "2014-06-30": "", "2014-03-31": "", "2013-12-31": "", "2013-09-30": "", "2013-06-30": "", "2013-03-31": "", "2012-12-31": "", "2012-09-30": "", "2012-06-30": "", "2012-03-31": "", "2011-12-31": "", "2011-09-30": "", "2011-06-30": "", "2011-03-31": "", "2010-12-31": "", "2010-09-30": "", "2010-06-30": "", "2010-03-31": "", "2009-12-31": "", "2009-09-30": "", "2009-06-30": "", "2009-03-31": "", "2008-12-31": "", "2008-09-30": "", "2008-06-30": "", "2008-03-31": "", "2007-12-31": "", "2007-09-30": "", "2007-06-30": "", "2007-03-31": "", "2006-12-31": "", "2006-09-30": "", "2006-06-30": "", "2006-03-31": "", "2005-12-31": "", "2005-09-30": "", "2005-06-30": "", "2005-03-31": ""}, "Pre-Paid Expenses": {"2020-09-30": "", "2020-06-30": "", "2020-03-31": "", "2019-12-31": "", "2019-09-30": "", "2019-06-30": "", "2019-03-31": "", "2018-12-31": "", "2018-09-30": "", "2018-06-30": "", "2018-03-31": "", "2017-12-31": "", "2017-09-30": "", "2017-06-30": "", "2017-03-31": "", "2016-12-31": "", "2016-09-30": "", "2016-06-30": "", "2016-03-31": "", "2015-12-31": "", "2015-09-30": "", "2015-06-30": "", "2015-03-31": "", "2014-12-31": "", "2014-09-30": "", "2014-06-30": "", "2014-03-31": "", "2013-12-31": "", "2013-09-30": "", "2013-06-30": "", "2013-03-31": "", "2012-12-31": "", "2012-09-30": "", "2012-06-30": "", "2012-03-31": "", "2011-12-31": "", "2011-09-30": "", "2011-06-30": "", "2011-03-31": "", "2010-12-31": "", "2010-09-30": "", "2010-06-30": "", "2010-03-31": "", "2009-12-31": "", "2009-09-30": "", "2009-06-30": "", "2009-03-31": "", "2008-12-31": "", "2008-09-30": "", "2008-06-30": "", "2008-03-31": "", "2007-12-31": "", "2007-09-30": "", "2007-06-30": "", "2007-03-31": "", "2006-12-31": "", "2006-09-30": "", "2006-06-30": "", "2006-03-31": "", "2005-12-31": "", "2005-09-30": "", "2005-06-30": "", "2005-03-31": ""}, "Other Current Assets": {"2020-09-30": "", "2020-06-30": "", "2020-03-31": "", "2019-12-31": "", "2019-09-30": "", "2019-06-30": "", "2019-03-31": "", "2018-12-31": "", "2018-09-30": "", "2018-06-30": "", "2018-03-31": "", "2017-12-31": "", "2017-09-30": "", "2017-06-30": "", "2017-03-31": "", "2016-12-31": "", "2016-09-30": "", "2016-06-30": "", "2016-03-31": "", "2015-12-31": "", "2015-09-30": "", "2015-06-30": "", "2015-03-31": "", "2014-12-31": "", "2014-09-30": "", "2014-06-30": "", "2014-03-31": "", "2013-12-31": "", "2013-09-30": "", "2013-06-30": "", "2013-03-31": "", "2012-12-31": "", "2012-09-30": "", "2012-06-30": "", "2012-03-31": "", "2011-12-31": "", "2011-09-30": "", "2011-06-30": "", "2011-03-31": "", "2010-12-31": "", "2010-09-30": "", "2010-06-30": "", "2010-03-31": "", "2009-12-31": "", "2009-09-30": "", "2009-06-30": "", "2009-03-31": "", "2008-12-31": "", "2008-09-30": "", "2008-06-30": "", "2008-03-31": "", "2007-12-31": "", "2007-09-30": "", "2007-06-30": "", "2007-03-31": "", "2006-12-31": "", "2006-09-30": "", "2006-06-30": "", "2006-03-31": "", "2005-12-31": "", "2005-09-30": "", "2005-06-30": "", "2005-03-31": ""}, "Total Current Assets": {"2020-09-30": "1479.52100", "2020-06-30": "1502.03800", "2020-03-31": "1658.90800", "2019-12-31": "975.68900", "2019-09-30": "634.65300", "2019-06-30": "670.50100", "2019-03-31": "661.05500", "2018-12-31": "634.34300", "2018-09-30": "773.64110", "2018-06-30": "753.53200", "2018-03-31": "948.74100", "2017-12-31": "1123.42800", "2017-09-30": "1107.31900", "2017-06-30": "1143.20600", "2017-03-31": "811.03300", "2016-12-31": "741.99600", "2016-09-30": "549.86900", "2016-06-30": "512.01200", "2016-03-31": "554.24000", "2015-12-31": "497.74200", "2015-09-30": "547.89900", "2015-06-30": "632.17300", "2015-03-31": "708.16100", "2014-12-31": "571.64500", "2014-09-30": "625.93100", "2014-06-30": "582.67400", "2014-03-31": "572.43000", "2013-12-31": "546.54700", "2013-09-30": "596.64790", "2013-06-30": "558.67600", "2013-03-31": "551.18000", "2012-12-31": "529.14500", "2012-09-30": "503.55100", "2012-06-30": "473.66800", "2012-03-31": "441.41500", "2011-12-31": "394.03900", "2011-09-30": "397.26400", "2011-06-30": "401.36100", "2011-03-31": "396.88900", "2010-12-31": "378.40000", "2010-09-30": "382.58400", "2010-06-30": "383.80400", "2010-03-31": "511.41700", "2009-12-31": "597.50000", "2009-09-30": "589.27600", "2009-06-30": "642.62600", "2009-03-31": "614.37700", "2008-12-31": "643.33500", "2008-09-30": "606.49800", "2008-06-30": "458.77700", "2008-03-31": "433.12100", "2007-12-31": "414.59400", "2007-09-30": "348.40500", "2007-06-30": "312.22400", "2007-03-31": "164.32900", "2006-12-31": "122.91500", "2006-09-30": "81.85800", "2006-06-30": "77.90700", "2006-03-31": "72.30700", "2005-12-31": "77.69600", "2005-09-30": "62.54900", "2005-06-30": "57.77500", "2005-03-31": "20.38600"}, "Property, Plant, And Equipment": {"2020-09-30": "5067.65700", "2020-06-30": "5110.05900", "2020-03-31": "5184.69200", "2019-12-31": "5197.30800", "2019-09-30": "5569.31000", "2019-06-30": "5598.24600", "2019-03-31": "5072.29800", "2018-12-31": "5024.05700", "2018-09-30": "4891.95500", "2018-06-30": "4853.18800", "2018-03-31": "4815.13700", "2017-12-31": "4604.23100", "2017-09-30": "4535.99400", "2017-06-30": "4288.88500", "2017-03-31": "3673.13000", "2016-12-31": "3595.76200", "2016-09-30": "3490.99800", "2016-06-30": "3331.78100", "2016-03-31": "3214.34700", "2015-12-31": "3025.19900", "2015-09-30": "2938.87900", "2015-06-30": "2536.53900", "2015-03-31": "2473.34900", "2014-12-31": "2451.53400", "2014-09-30": "2370.19800", "2014-06-30": "2273.46900", "2014-03-31": "2089.93300", "2013-12-31": "2104.15100", "2013-09-30": "1933.78200", "2013-06-30": "1860.67000", "2013-03-31": "1858.20400", "2012-12-31": "1885.09300", "2012-09-30": "1892.19000", "2012-06-30": "1833.89300", "2012-03-31": "1830.93000", "2011-12-31": "1819.17600", "2011-09-30": "1798.94700", "2011-06-30": "1815.93500", "2011-03-31": "1867.09400", "2010-12-31": "2020.19100", "2010-09-30": "2020.42400", "2010-06-30": "2018.04200", "2010-03-31": "2044.81000", "2009-12-31": "1854.62900", "2009-09-30": "1726.13600", "2009-06-30": "1745.00000", "2009-03-31": "1727.42400", "2008-12-31": "1735.02600", "2008-09-30": "1758.75900", "2008-06-30": "1765.29900", "2008-03-31": "1640.87900", "2007-12-31": "1648.62100", "2007-09-30": "1643.44600", "2007-06-30": "1583.21700", "2007-03-31": "1399.76100", "2006-12-31": "1395.90300", "2006-09-30": "1355.85700", "2006-06-30": "1328.68500", "2006-03-31": "1318.78300", "2005-12-31": "1283.98800", "2005-09-30": "1237.30700", "2005-06-30": "1215.79600", "2005-03-31": "1193.42100"}, "Long-Term Investments": {"2020-09-30": "", "2020-06-30": "", "2020-03-31": "", "2019-12-31": "", "2019-09-30": "", "2019-06-30": "", "2019-03-31": "", "2018-12-31": "", "2018-09-30": "", "2018-06-30": "", "2018-03-31": "", "2017-12-31": "", "2017-09-30": "", "2017-06-30": "", "2017-03-31": "", "2016-12-31": "", "2016-09-30": "", "2016-06-30": "", "2016-03-31": "", "2015-12-31": "", "2015-09-30": "", "2015-06-30": "", "2015-03-31": "", "2014-12-31": "", "2014-09-30": "", "2014-06-30": "", "2014-03-31": "", "2013-12-31": "", "2013-09-30": "", "2013-06-30": "", "2013-03-31": "", "2012-12-31": "", "2012-09-30": "", "2012-06-30": "", "2012-03-31": "", "2011-12-31": "", "2011-09-30": "", "2011-06-30": "", "2011-03-31": "", "2010-12-31": "", "2010-09-30": "", "2010-06-30": "", "2010-03-31": "", "2009-12-31": "", "2009-09-30": "", "2009-06-30": "", "2009-03-31": "", "2008-12-31": "", "2008-09-30": "", "2008-06-30": "", "2008-03-31": "", "2007-12-31": "", "2007-09-30": "", "2007-06-30": "", "2007-03-31": "", "2006-12-31": "", "2006-09-30": "", "2006-06-30": "", "2006-03-31": "", "2005-12-31": "", "2005-09-30": "", "2005-06-30": "", "2005-03-31": ""}, "Goodwill And Intangible Assets": {"2020-09-30": "", "2020-06-30": "", "2020-03-31": "", "2019-12-31": "", "2019-09-30": "", "2019-06-30": "", "2019-03-31": "", "2018-12-31": "", "2018-09-30": "", "2018-06-30": "", "2018-03-31": "", "2017-12-31": "", "2017-09-30": "", "2017-06-30": "", "2017-03-31": "", "2016-12-31": "", "2016-09-30": "", "2016-06-30": "", "2016-03-31": "", "2015-12-31": "", "2015-09-30": "", "2015-06-30": "", "2015-03-31": "", "2014-12-31": "", "2014-09-30": "", "2014-06-30": "", "2014-03-31": "", "2013-12-31": "", "2013-09-30": "", "2013-06-30": "", "2013-03-31": "", "2012-12-31": "", "2012-09-30": "3.66700", "2012-06-30": "3.87100", "2012-03-31": "4.24700", "2011-12-31": "", "2011-09-30": "4.67000", "2011-06-30": "5.33000", "2011-03-31": "5.62500", "2010-12-31": "35.64400", "2010-09-30": "35.64200", "2010-06-30": "35.53400", "2010-03-31": "38.45100", "2009-12-31": "6.72700", "2009-09-30": "6.90800", "2009-06-30": "10.18800", "2009-03-31": "10.74600", "2008-12-31": "12.40000", "2008-09-30": "14.30800", "2008-06-30": "15.17800", "2008-03-31": "15.67700", "2007-12-31": "16.52800", "2007-09-30": "17.05800", "2007-06-30": "17.00300", "2007-03-31": "9.16500", "2006-12-31": "9.36600", "2006-09-30": "10.00700", "2006-06-30": "10.29900", "2006-03-31": "10.15900", "2005-12-31": "10.46100", "2005-09-30": "10.73300", "2005-06-30": "10.48900", "2005-03-31": "10.79600"}, "Other Long-Term Assets": {"2020-09-30": "174.57300", "2020-06-30": "201.82300", "2020-03-31": "204.13500", "2019-12-31": "193.32700", "2019-09-30": "209.86800", "2019-06-30": "257.15000", "2019-03-31": "486.57900", "2018-12-31": "472.99000", "2018-09-30": "448.47400", "2018-06-30": "497.50400", "2018-03-31": "474.98800", "2017-12-31": "463.83400", "2017-09-30": "489.69700", "2017-06-30": "506.79500", "2017-03-31": "562.61900", "2016-12-31": "527.26400", "2016-09-30": "580.10300", "2016-06-30": "616.43100", "2016-03-31": "574.95300", "2015-12-31": "694.32900", "2015-09-30": "690.06600", "2015-06-30": "797.34300", "2015-03-31": "699.01500", "2014-12-31": "658.96000", "2014-09-30": "662.10800", "2014-06-30": "654.80700", "2014-03-31": "653.97200", "2013-12-31": "598.23400", "2013-09-30": "580.52500", "2013-06-30": "575.75200", "2013-03-31": "523.70000", "2012-12-31": "512.81300", "2012-09-30": "495.29000", "2012-06-30": "503.78300", "2012-03-31": "494.95000", "2011-12-31": "502.25300", "2011-09-30": "508.24800", "2011-06-30": "489.30900", "2011-03-31": "470.22300", "2010-12-31": "468.81400", "2010-09-30": "462.22200", "2010-06-30": "451.65400", "2010-03-31": "253.81700", "2009-12-31": "209.74000", "2009-09-30": "218.05800", "2009-06-30": "229.75300", "2009-03-31": "239.28300", "2008-12-31": "232.42300", "2008-09-30": "223.12800", "2008-06-30": "212.89400", "2008-03-31": "81.38600", "2007-12-31": "81.52900", "2007-09-30": "43.44600", "2007-06-30": "41.45300", "2007-03-31": "41.09000", "2006-12-31": "32.60400", "2006-09-30": "62.01300", "2006-06-30": "59.91400", "2006-03-31": "53.03100", "2005-12-31": "31.12400", "2005-09-30": "42.69400", "2005-06-30": "45.68900", "2005-03-31": "42.01300"}, "Total Long-Term Assets": {"2020-09-30": "5242.23000", "2020-06-30": "5311.88200", "2020-03-31": "5388.82700", "2019-12-31": "5390.63500", "2019-09-30": "5779.17800", "2019-06-30": "5855.39600", "2019-03-31": "5558.87700", "2018-12-31": "5497.04700", "2018-09-30": "5340.42900", "2018-06-30": "5350.69200", "2018-03-31": "5290.12500", "2017-12-31": "5068.06500", "2017-09-30": "5025.69100", "2017-06-30": "4795.68000", "2017-03-31": "4235.74900", "2016-12-31": "4123.02600", "2016-09-30": "4071.10100", "2016-06-30": "3948.21200", "2016-03-31": "3789.30000", "2015-12-31": "3719.52800", "2015-09-30": "3653.20600", "2015-06-30": "3359.21900", "2015-03-31": "3195.14100", "2014-12-31": "3114.63000", "2014-09-30": "3053.30000", "2014-06-30": "2950.17800", "2014-03-31": "2766.68300", "2013-12-31": "2725.72900", "2013-09-30": "2538.62500", "2013-06-30": "2457.60900", "2013-03-31": "2400.61200", "2012-12-31": "2417.58500", "2012-09-30": "2411.82100", "2012-06-30": "2359.99900", "2012-03-31": "2349.43000", "2011-12-31": "2339.95600", "2011-09-30": "2328.63300", "2011-06-30": "2328.35500", "2011-03-31": "2361.16800", "2010-12-31": "2545.02000", "2010-09-30": "2539.66700", "2010-06-30": "2526.85000", "2010-03-31": "2351.08800", "2009-12-31": "2083.23200", "2009-09-30": "1964.26100", "2009-06-30": "1998.95100", "2009-03-31": "1987.72100", "2008-12-31": "1990.59000", "2008-09-30": "2006.98400", "2008-06-30": "2002.99900", "2008-03-31": "1748.29000", "2007-12-31": "1757.03900", "2007-09-30": "1713.95000", "2007-06-30": "1651.88300", "2007-03-31": "1459.99700", "2006-12-31": "1448.36400", "2006-09-30": "1438.95400", "2006-06-30": "1410.28600", "2006-03-31": "1393.53700", "2005-12-31": "1336.46900", "2005-09-30": "1301.63900", "2005-06-30": "1282.94300", "2005-03-31": "1257.60300"}, "Total Assets": {"2020-09-30": "6907.21000", "2020-06-30": "7002.97800", "2020-03-31": "7255.34000", "2019-12-31": "6577.51100", "2019-09-30": "6633.29000", "2019-06-30": "6746.65500", "2019-03-31": "6431.23100", "2018-12-31": "6131.39000", "2018-09-30": "6114.07000", "2018-06-30": "6104.22400", "2018-03-31": "6238.86600", "2017-12-31": "6191.49300", "2017-09-30": "6133.01000", "2017-06-30": "5938.88600", "2017-03-31": "5046.78200", "2016-12-31": "4865.02200", "2016-09-30": "4620.97000", "2016-06-30": "4460.22400", "2016-03-31": "4343.54000", "2015-12-31": "4217.27000", "2015-09-30": "4201.10500", "2015-06-30": "3991.39200", "2015-03-31": "3903.30200", "2014-12-31": "3686.27500", "2014-09-30": "3679.23100", "2014-06-30": "3532.85200", "2014-03-31": "3339.11300", "2013-12-31": "3272.27600", "2013-09-30": "3135.27300", "2013-06-30": "3016.28500", "2013-03-31": "2951.79200", "2012-12-31": "2946.73000", "2012-09-30": "2915.37200", "2012-06-30": "2833.66700", "2012-03-31": "2790.84500", "2011-12-31": "2733.99500", "2011-09-30": "2725.89700", "2011-06-30": "2729.71600", "2011-03-31": "2758.05700", "2010-12-31": "2923.42000", "2010-09-30": "2922.25100", "2010-06-30": "2910.65400", "2010-03-31": "2862.50500", "2009-12-31": "2680.73200", "2009-09-30": "2553.53700", "2009-06-30": "2641.57700", "2009-03-31": "2602.09800", "2008-12-31": "2633.92500", "2008-09-30": "2613.48200", "2008-06-30": "2461.77600", "2008-03-31": "2181.41100", "2007-12-31": "2171.63300", "2007-09-30": "2062.35500", "2007-06-30": "1964.10700", "2007-03-31": "1624.32600", "2006-12-31": "1571.27900", "2006-09-30": "1520.81200", "2006-06-30": "1488.19300", "2006-03-31": "1465.84400", "2005-12-31": "1414.16500", "2005-09-30": "1364.18800", "2005-06-30": "1340.71800", "2005-03-31": "1277.98900"}, "Total Current Liabilities": {"2020-09-30": "95.42900", "2020-06-30": "96.45400", "2020-03-31": "112.16700", "2019-12-31": "122.93900", "2019-09-30": "121.35100", "2019-06-30": "126.01500", "2019-03-31": "117.74600", "2018-12-31": "168.46300", "2018-09-30": "138.82900", "2018-06-30": "122.35900", "2018-03-31": "117.58300", "2017-12-31": "136.92900", "2017-09-30": "140.58200", "2017-06-30": "142.52600", "2017-03-31": "101.43800", "2016-12-31": "119.75800", "2016-09-30": "101.01900", "2016-06-30": "91.13000", "2016-03-31": "77.52300", "2015-12-31": "92.17800", "2015-09-30": "98.73600", "2015-06-30": "80.85500", "2015-03-31": "78.49900", "2014-12-31": "82.18000", "2014-09-30": "71.51100", "2014-06-30": "70.38300", "2014-03-31": "47.52600", "2013-12-31": "72.32700", "2013-09-30": "58.27300", "2013-06-30": "51.72200", "2013-03-31": "47.79800", "2012-12-31": "65.48100", "2012-09-30": "54.08600", "2012-06-30": "37.48500", "2012-03-31": "30.60300", "2011-12-31": "36.03600", "2011-09-30": "38.02900", "2011-06-30": "49.98200", "2011-03-31": "41.61200", "2010-12-31": "56.48800", "2010-09-30": "44.67300", "2010-06-30": "37.19000", "2010-03-31": "48.37500", "2009-12-31": "28.41100", "2009-09-30": "28.60800", "2009-06-30": "27.12200", "2009-03-31": "27.68400", "2008-12-31": "35.66500", "2008-09-30": "18.02400", "2008-06-30": "21.48400", "2008-03-31": "20.61200", "2007-12-31": "26.53200", "2007-09-30": "23.27100", "2007-06-30": "12.83000", "2007-03-31": "8.17000", "2006-12-31": "16.48000", "2006-09-30": "8.70100", "2006-06-30": "8.04300", "2006-03-31": "8.16700", "2005-12-31": "7.92800", "2005-09-30": "8.27100", "2005-06-30": "8.79400", "2005-03-31": "7.47000"}, "Long Term Debt": {"2020-09-30": "3854.85500", "2020-06-30": "3854.08800", "2020-03-31": "3854.06200", "2019-12-31": "3102.83000", "2019-09-30": "3101.61100", "2019-06-30": "3216.62300", "2019-03-31": "3045.74200", "2018-12-31": "2986.05400", "2018-09-30": "2954.96200", "2018-06-30": "2983.97500", "2018-03-31": "3131.43700", "2017-12-31": "3028.82700", "2017-09-30": "2987.92500", "2017-06-30": "2792.92000", "2017-03-31": "2616.38200", "2016-12-31": "2485.62500", "2016-09-30": "2248.57600", "2016-06-30": "2098.26500", "2016-03-31": "1996.13100", "2015-12-31": "1981.92000", "2015-09-30": "2037.45500", "2015-06-30": "1945.86400", "2015-03-31": "1849.42400", "2014-12-31": "1629.75000", "2014-09-30": "1621.21100", "2014-06-30": "1659.80100", "2014-03-31": "1482.60800", "2013-12-31": "1475.33600", "2013-09-30": "1545.97300", "2013-06-30": "1474.73500", "2013-03-31": "1383.39200", "2012-12-31": "1368.83200", "2012-09-30": "1339.11800", "2012-06-30": "1270.56000", "2012-03-31": "1224.84000", "2011-12-31": "1154.29500", "2011-09-30": "1138.83900", "2011-06-30": "1048.12200", "2011-03-31": "1050.62100", "2010-12-31": "1191.17900", "2010-09-30": "1202.18000", "2010-06-30": "1208.56700", "2010-03-31": "1308.62300", "2009-12-31": "1141.42300", "2009-09-30": "1184.13900", "2009-06-30": "1225.35600", "2009-03-31": "1201.11700", "2008-12-31": "1262.36800", "2008-09-30": "1217.56900", "2008-06-30": "1181.15700", "2008-03-31": "1106.33600", "2007-12-31": "1081.26400", "2007-09-30": "1060.60700", "2007-06-30": "980.08400", "2007-03-31": "734.45600", "2006-12-31": "675.30500", "2006-09-30": "766.52000", "2006-06-30": "733.26500", "2006-03-31": "721.01500", "2005-12-31": "714.59100", "2005-09-30": "664.60600", "2005-06-30": "644.89400", "2005-03-31": "581.99100"}, "Other Non-Current Liabilities": {"2020-09-30": "81.47800", "2020-06-30": "87.14900", "2020-03-31": "120.28700", "2019-12-31": "110.28700", "2019-09-30": "125.17100", "2019-06-30": "113.74700", "2019-03-31": "119.35200", "2018-12-31": "111.85000", "2018-09-30": "123.08400", "2018-06-30": "111.92200", "2018-03-31": "114.25200", "2017-12-31": "98.41200", "2017-09-30": "116.19500", "2017-06-30": "102.09400", "2017-03-31": "89.55300", "2016-12-31": "73.73800", "2016-09-30": "81.94800", "2016-06-30": "76.11000", "2016-03-31": "82.84800", "2015-12-31": "69.30400", "2015-09-30": "75.84300", "2015-06-30": "62.53000", "2015-03-31": "65.87600", "2014-12-31": "47.85600", "2014-09-30": "58.79100", "2014-06-30": "50.69800", "2014-03-31": "48.46500", "2013-12-31": "36.59900", "2013-09-30": "37.56600", "2013-06-30": "35.19100", "2013-03-31": "63.09700", "2012-12-31": "52.51900", "2012-09-30": "55.31400", "2012-06-30": "53.11200", "2012-03-31": "57.50700", "2011-12-31": "45.56100", "2011-09-30": "52.30800", "2011-06-30": "50.26700", "2011-03-31": "46.19500", "2010-12-31": "44.49500", "2010-09-30": "50.94800", "2010-06-30": "46.98000", "2010-03-31": "40.51400", "2009-12-31": "42.94100", "2009-09-30": "43.57700", "2009-06-30": "43.12000", "2009-03-31": "36.60100", "2008-12-31": "43.24100", "2008-09-30": "51.29100", "2008-06-30": "44.80600", "2008-03-31": "35.43200", "2007-12-31": "37.73700", "2007-09-30": "30.24800", "2007-06-30": "29.70600", "2007-03-31": "25.66100", "2006-12-31": "22.33800", "2006-09-30": "21.56200", "2006-06-30": "22.29400", "2006-03-31": "22.20900", "2005-12-31": "19.99000", "2005-09-30": "19.49200", "2005-06-30": "21.50700", "2005-03-31": "21.71500"}, "Total Long Term Liabilities": {"2020-09-30": "3936.33300", "2020-06-30": "3941.23700", "2020-03-31": "3974.34900", "2019-12-31": "3213.11700", "2019-09-30": "3226.78200", "2019-06-30": "3330.37000", "2019-03-31": "3165.09400", "2018-12-31": "3097.90400", "2018-09-30": "3078.04600", "2018-06-30": "3095.89700", "2018-03-31": "3245.68900", "2017-12-31": "3127.23900", "2017-09-30": "3104.12000", "2017-06-30": "2895.01400", "2017-03-31": "2705.93500", "2016-12-31": "2559.36300", "2016-09-30": "2330.52400", "2016-06-30": "2174.37500", "2016-03-31": "2078.97900", "2015-12-31": "2051.22400", "2015-09-30": "2113.29800", "2015-06-30": "2008.39400", "2015-03-31": "1915.30000", "2014-12-31": "1677.60600", "2014-09-30": "1680.00200", "2014-06-30": "1710.49900", "2014-03-31": "1531.07300", "2013-12-31": "1511.93500", "2013-09-30": "1583.53900", "2013-06-30": "1509.92600", "2013-03-31": "1446.48900", "2012-12-31": "1421.35100", "2012-09-30": "1394.43200", "2012-06-30": "1323.67200", "2012-03-31": "1282.34700", "2011-12-31": "1199.85600", "2011-09-30": "1191.14700", "2011-06-30": "1098.38900", "2011-03-31": "1096.81600", "2010-12-31": "1235.67400", "2010-09-30": "1253.12800", "2010-06-30": "1255.54700", "2010-03-31": "1349.13700", "2009-12-31": "1184.36400", "2009-09-30": "1227.71600", "2009-06-30": "1268.47600", "2009-03-31": "1237.71800", "2008-12-31": "1305.60900", "2008-09-30": "1285.52200", "2008-06-30": "1243.09400", "2008-03-31": "1159.37800", "2007-12-31": "1137.20800", "2007-09-30": "1109.43900", "2007-06-30": "1029.37400", "2007-03-31": "764.45800", "2006-12-31": "702.11700", "2006-09-30": "792.85000", "2006-06-30": "760.59400", "2006-03-31": "748.32600", "2005-12-31": "739.81600", "2005-09-30": "689.56400", "2005-06-30": "672.06700", "2005-03-31": "609.55510"}, "Total Liabilities": {"2020-09-30": "4257.14100", "2020-06-30": "4266.72100", "2020-03-31": "4318.85900", "2019-12-31": "3571.70600", "2019-09-30": "3592.49100", "2019-06-30": "3701.75700", "2019-03-31": "3518.45200", "2018-12-31": "3266.36700", "2018-09-30": "3216.87500", "2018-06-30": "3218.25600", "2018-03-31": "3363.27200", "2017-12-31": "3264.16800", "2017-09-30": "3244.70200", "2017-06-30": "3037.54000", "2017-03-31": "2807.37300", "2016-12-31": "2679.12100", "2016-09-30": "2431.54300", "2016-06-30": "2265.50500", "2016-03-31": "2156.50200", "2015-12-31": "2143.40200", "2015-09-30": "2212.03400", "2015-06-30": "2089.24900", "2015-03-31": "1993.79900", "2014-12-31": "1759.78600", "2014-09-30": "1751.51300", "2014-06-30": "1780.88200", "2014-03-31": "1578.59900", "2013-12-31": "1584.26200", "2013-09-30": "1641.81200", "2013-06-30": "1561.64800", "2013-03-31": "1494.28700", "2012-12-31": "1486.83200", "2012-09-30": "1448.51800", "2012-06-30": "1361.15700", "2012-03-31": "1312.95000", "2011-12-31": "1235.89200", "2011-09-30": "1229.17600", "2011-06-30": "1148.37100", "2011-03-31": "1138.42800", "2010-12-31": "1292.16200", "2010-09-30": "1297.80100", "2010-06-30": "1292.73700", "2010-03-31": "1397.51200", "2009-12-31": "1212.77500", "2009-09-30": "1256.32400", "2009-06-30": "1295.59800", "2009-03-31": "1265.40200", "2008-12-31": "1341.27400", "2008-09-30": "1303.54600", "2008-06-30": "1264.57800", "2008-03-31": "1179.99000", "2007-12-31": "1163.74000", "2007-09-30": "1132.71000", "2007-06-30": "1042.20400", "2007-03-31": "772.62800", "2006-12-31": "718.59700", "2006-09-30": "801.55100", "2006-06-30": "768.63700", "2006-03-31": "756.49300", "2005-12-31": "747.74400", "2005-09-30": "697.83500", "2005-06-30": "680.86100", "2005-03-31": "617.02500"}, "Common Stock Net": {"2020-09-30": "0.81900", "2020-06-30": "0.81900", "2020-03-31": "0.81800", "2019-12-31": "0.81600", "2019-09-30": "0.81300", "2019-06-30": "0.80700", "2019-03-31": "0.78600", "2018-12-31": "0.77200", "2018-09-30": "0.77200", "2018-06-30": "0.77200", "2018-03-31": "0.77200", "2017-12-31": "0.76900", "2017-09-30": "0.76400", "2017-06-30": "0.76400", "2017-03-31": "0.67500", "2016-12-31": "0.66300", "2016-09-30": "0.66200", "2016-06-30": "0.66200", "2016-03-31": "0.65800", "2015-12-31": "0.63200", "2015-09-30": "0.61500", "2015-06-30": "0.59200", "2015-03-31": "0.59100", "2014-12-31": "0.58900", "2014-09-30": "0.58900", "2014-06-30": "0.55200", "2014-03-31": "0.55200", "2013-12-31": "0.53400", "2013-09-30": "0.49700", "2013-06-30": "0.48800", "2013-03-31": "0.48700", "2012-12-31": "0.48400", "2012-09-30": "0.48200", "2012-06-30": "0.48200", "2012-03-31": "0.48200", "2011-12-31": "0.48000", "2011-09-30": "0.48000", "2011-06-30": "0.47900", "2011-03-31": "0.47900", "2010-12-31": "0.47700", "2010-09-30": "0.47700", "2010-06-30": "0.47600", "2010-03-31": "0.44000", "2009-12-31": "0.43800", "2009-09-30": "0.37400", "2009-06-30": "0.35800", "2009-03-31": "0.35800", "2008-12-31": "0.33700", "2008-09-30": "0.33700", "2008-06-30": "0.31500", "2008-03-31": "0.29000", "2007-12-31": "0.28900", "2007-09-30": "0.27500", "2007-06-30": "0.27500", "2007-03-31": "0.27400", "2006-12-31": "0.27200", "2006-09-30": "0.27100", "2006-06-30": "0.27100", "2006-03-31": "0.27100", "2005-12-31": "0.25900", "2005-09-30": "0.25900", "2005-06-30": "0.25900", "2005-03-31": "0.25600"}, "Retained Earnings (Accumulated Deficit)": {"2020-09-30": "-940.96000", "2020-06-30": "-849.01200", "2020-03-31": "-749.93200", "2019-12-31": "-689.85700", "2019-09-30": "-631.85100", "2019-06-30": "-572.31300", "2019-03-31": "-546.77600", "2018-12-31": "-521.74800", "2018-09-30": "-489.45300", "2018-06-30": "-494.96200", "2018-03-31": "-500.23000", "2017-12-31": "-443.47000", "2017-09-30": "-422.84100", "2017-06-30": "-404.70800", "2017-03-31": "-404.16400", "2016-12-31": "-386.50900", "2016-09-30": "-377.60400", "2016-06-30": "-368.09700", "2016-03-31": "-356.20800", "2015-12-31": "-343.64200", "2015-09-30": "-335.69000", "2015-06-30": "-326.91400", "2015-03-31": "-317.81400", "2014-12-31": "-302.77600", "2014-09-30": "-300.61100", "2014-06-30": "-290.59700", "2014-03-31": "-279.69400", "2013-12-31": "-271.91500", "2013-09-30": "-288.20400", "2013-06-30": "-288.22500", "2013-03-31": "-277.55100", "2012-12-31": "-275.64300", "2012-09-30": "-259.31800", "2012-06-30": "-252.33800", "2012-03-31": "-248.00700", "2011-12-31": "-228.26100", "2011-09-30": "-227.49300", "2011-06-30": "-220.53500", "2011-03-31": "-180.32600", "2010-12-31": "-181.85600", "2010-09-30": "-178.25500", "2010-06-30": "-175.46300", "2010-03-31": "-153.27800", "2009-12-31": "-147.92700", "2009-09-30": "-126.76000", "2009-06-30": "-36.17000", "2009-03-31": "-33.59300", "2008-12-31": "-28.41700", "2008-09-30": "-28.87600", "2008-06-30": "-29.76800", "2008-03-31": "-27.89200", "2007-12-31": "-25.70600", "2007-09-30": "-25.88000", "2007-06-30": "-26.34000", "2007-03-31": "-27.01300", "2006-12-31": "-24.81400", "2006-09-30": "-33.58000", "2006-06-30": "-32.83600", "2006-03-31": "-32.52500", "2005-12-31": "-30.12400", "2005-09-30": "-29.55000", "2005-06-30": "-28.68000", "2005-03-31": "-27.32300"}, "Comprehensive Income": {"2020-09-30": "-2.10600", "2020-06-30": "-4.33100", "2020-03-31": "-5.28900", "2019-12-31": "7.27500", "2019-09-30": "4.65900", "2019-06-30": "5.17400", "2019-03-31": "8.39700", "2018-12-31": "12.08500", "2018-09-30": "19.24600", "2018-06-30": "17.49700", "2018-03-31": "16.48100", "2017-12-31": "12.48300", "2017-09-30": "10.91900", "2017-06-30": "9.69800", "2017-03-31": "8.60600", "2016-12-31": "7.73400", "2016-09-30": "4.69800", "2016-06-30": "3.48500", "2016-03-31": "3.70800", "2015-12-31": "5.62200", "2015-09-30": "5.41000", "2015-06-30": "8.29000", "2015-03-31": "8.71100", "2014-12-31": "12.56600", "2014-09-30": "13.55700", "2014-06-30": "14.22500", "2014-03-31": "15.12900", "2013-12-31": "17.19300", "2013-09-30": "17.53600", "2013-06-30": "20.39200", "2013-03-31": "20.11400", "2012-12-31": "20.62200", "2012-09-30": "20.62900", "2012-06-30": "20.68000", "2012-03-31": "23.76100", "2011-12-31": "23.46300", "2011-09-30": "22.69900", "2011-06-30": "25.90400", "2011-03-31": "25.94000", "2010-12-31": "38.84200", "2010-09-30": "29.98800", "2010-06-30": "21.18800", "2010-03-31": "24.02700", "2009-12-31": "18.96100", "2009-09-30": "16.98500", "2009-06-30": "9.95100", "2009-03-31": "-2.20200", "2008-12-31": "-6.16900", "2008-09-30": "27.77200", "2008-06-30": "31.13000", "2008-03-31": "29.59000", "2007-12-31": "35.99400", "2007-09-30": "32.64400", "2007-06-30": "26.45800", "2007-03-31": "13.72600", "2006-12-31": "12.50100", "2006-09-30": "19.22100", "2006-06-30": "19.44200", "2006-03-31": "12.63800", "2005-12-31": "13.40200", "2005-09-30": "13.45100", "2005-06-30": "6.75900", "2005-03-31": "6.35100"}, "Other Share Holders Equity": {"2020-09-30": "", "2020-06-30": "", "2020-03-31": "", "2019-12-31": "", "2019-09-30": "", "2019-06-30": "", "2019-03-31": "", "2018-12-31": "", "2018-09-30": "", "2018-06-30": "", "2018-03-31": "", "2017-12-31": "", "2017-09-30": "", "2017-06-30": "", "2017-03-31": "", "2016-12-31": "", "2016-09-30": "", "2016-06-30": "", "2016-03-31": "", "2015-12-31": "", "2015-09-30": "", "2015-06-30": "", "2015-03-31": "", "2014-12-31": "", "2014-09-30": "", "2014-06-30": "", "2014-03-31": "", "2013-12-31": "", "2013-09-30": "", "2013-06-30": "", "2013-03-31": "", "2012-12-31": "", "2012-09-30": "", "2012-06-30": "", "2012-03-31": "", "2011-12-31": "", "2011-09-30": "", "2011-06-30": "", "2011-03-31": "", "2010-12-31": "", "2010-09-30": "", "2010-06-30": "", "2010-03-31": "", "2009-12-31": "", "2009-09-30": "", "2009-06-30": "", "2009-03-31": "", "2008-12-31": "", "2008-09-30": "", "2008-06-30": "", "2008-03-31": "", "2007-12-31": "", "2007-09-30": "", "2007-06-30": "", "2007-03-31": "", "2006-12-31": "", "2006-09-30": "", "2006-06-30": "", "2006-03-31": "", "2005-12-31": "", "2005-09-30": "", "2005-06-30": "", "2005-03-31": ""}, "Share Holder Equity": {"2020-09-30": "2650.06900", "2020-06-30": "2736.25700", "2020-03-31": "2936.48100", "2019-12-31": "3005.80500", "2019-09-30": "3040.79900", "2019-06-30": "3044.89800", "2019-03-31": "2912.77900", "2018-12-31": "2865.02300", "2018-09-30": "2897.19500", "2018-06-30": "2885.96800", "2018-03-31": "2875.59400", "2017-12-31": "2927.32500", "2017-09-30": "2888.30800", "2017-06-30": "2901.34600", "2017-03-31": "2239.40900", "2016-12-31": "2185.90100", "2016-09-30": "2189.42700", "2016-06-30": "2194.71900", "2016-03-31": "2187.03800", "2015-12-31": "2073.86800", "2015-09-30": "1989.07100", "2015-06-30": "1902.14300", "2015-03-31": "1909.50300", "2014-12-31": "1926.48900", "2014-09-30": "1927.71800", "2014-06-30": "1751.97000", "2014-03-31": "1760.51400", "2013-12-31": "1688.01400", "2013-09-30": "1493.46100", "2013-06-30": "1454.63700", "2013-03-31": "1457.50500", "2012-12-31": "1459.89800", "2012-09-30": "1466.85400", "2012-06-30": "1472.51000", "2012-03-31": "1477.89500", "2011-12-31": "1498.10300", "2011-09-30": "1496.72100", "2011-06-30": "1581.34500", "2011-03-31": "1619.62900", "2010-12-31": "1631.25800", "2010-09-30": "1624.45000", "2010-06-30": "1617.91700", "2010-03-31": "1464.99300", "2009-12-31": "1467.95700", "2009-09-30": "1297.21300", "2009-06-30": "1345.97900", "2009-03-31": "1336.69600", "2008-12-31": "1292.65100", "2008-09-30": "1309.93600", "2008-06-30": "1197.19800", "2008-03-31": "1001.42100", "2007-12-31": "1007.89300", "2007-09-30": "929.64500", "2007-06-30": "921.90300", "2007-03-31": "851.69800", "2006-12-31": "852.68200", "2006-09-30": "719.26100", "2006-06-30": "719.55600", "2006-03-31": "709.35100", "2005-12-31": "666.42100", "2005-09-30": "666.35300", "2005-06-30": "659.85700", "2005-03-31": "660.96400"}, "Total Liabilities And Share Holders Equity": {"2020-09-30": "6907.21000", "2020-06-30": "7002.97800", "2020-03-31": "7255.34000", "2019-12-31": "6577.51100", "2019-09-30": "6633.29000", "2019-06-30": "6746.65500", "2019-03-31": "6431.23100", "2018-12-31": "6131.39000", "2018-09-30": "6114.07000", "2018-06-30": "6104.22400", "2018-03-31": "6238.86600", "2017-12-31": "6191.49300", "2017-09-30": "6133.01000", "2017-06-30": "5938.88600", "2017-03-31": "5046.78200", "2016-12-31": "4865.02200", "2016-09-30": "4620.97000", "2016-06-30": "4460.22400", "2016-03-31": "4343.54000", "2015-12-31": "4217.27000", "2015-09-30": "4201.10500", "2015-06-30": "3991.39200", "2015-03-31": "3903.30200", "2014-12-31": "3686.27500", "2014-09-30": "3679.23100", "2014-06-30": "3532.85200", "2014-03-31": "3339.11300", "2013-12-31": "3272.27600", "2013-09-30": "3135.27300", "2013-06-30": "3016.28500", "2013-03-31": "2951.79200", "2012-12-31": "2946.73000", "2012-09-30": "2915.37200", "2012-06-30": "2833.66700", "2012-03-31": "2790.84500", "2011-12-31": "2733.99500", "2011-09-30": "2725.89700", "2011-06-30": "2729.71600", "2011-03-31": "2758.05700", "2010-12-31": "2923.42000", "2010-09-30": "2922.25100", "2010-06-30": "2910.65400", "2010-03-31": "2862.50500", "2009-12-31": "2680.73200", "2009-09-30": "2553.53700", "2009-06-30": "2641.57700", "2009-03-31": "2602.09800", "2008-12-31": "2633.92500", "2008-09-30": "2613.48200", "2008-06-30": "2461.77600", "2008-03-31": "2181.41100", "2007-12-31": "2171.63300", "2007-09-30": "2062.35500", "2007-06-30": "1964.10700", "2007-03-31": "1624.32600", "2006-12-31": "1571.27900", "2006-09-30": "1520.81200", "2006-06-30": "1488.19300", "2006-03-31": "1465.84400", "2005-12-31": "1414.16500", "2005-09-30": "1364.18800", "2005-06-30": "1340.71800", "2005-03-31": "1277.98900"}}, "cash flow statement": {"Net Income/Loss": {"2019-12-31": "202.24300", "2018-12-31": "266.98300", "2017-12-31": "262.96800", "2016-12-31": "224.98200", "2015-12-31": "194.53200", "2014-12-31": "179.63300", "2013-12-31": "180.22600", "2012-12-31": "121.66400", "2011-12-31": "115.26600", "2010-12-31": "113.05500", "2009-12-31": "-11.90600", "2008-12-31": "127.62300", "2007-12-31": "103.29400", "2006-12-31": "82.28900", "2005-12-31": "69.06000"}, "Total Depreciation And Amortization - Cash Flow": {"2019-12-31": "177.61200", "2018-12-31": "158.64600", "2017-12-31": "139.00600", "2016-12-31": "112.54300", "2015-12-31": "94.39700", "2014-12-31": "71.17900", "2013-12-31": "58.03500", "2012-12-31": "50.91600", "2011-12-31": "46.78200", "2010-12-31": "47.48400", "2009-12-31": "45.06400", "2008-12-31": "42.11400", "2007-12-31": "40.32700", "2006-12-31": "33.73400", "2005-12-31": "30.81800"}, "Other Non-Cash Items": {"2019-12-31": "36.17400", "2018-12-31": "70.18100", "2017-12-31": "-16.45700", "2016-12-31": "-0.38600", "2015-12-31": "-9.93000", "2014-12-31": "9.14600", "2013-12-31": "-16.83500", "2012-12-31": "41.14000", "2011-12-31": "35.08900", "2010-12-31": "22.59200", "2009-12-31": "125.16600", "2008-12-31": "7.33300", "2007-12-31": "-0.40600", "2006-12-31": "5.44600", "2005-12-31": "2.24200"}, "Total Non-Cash Items": {"2019-12-31": "213.78600", "2018-12-31": "228.82700", "2017-12-31": "122.54900", "2016-12-31": "112.15700", "2015-12-31": "84.46700", "2014-12-31": "80.32500", "2013-12-31": "41.20000", "2012-12-31": "92.05600", "2011-12-31": "81.87100", "2010-12-31": "70.07600", "2009-12-31": "170.23000", "2008-12-31": "49.44700", "2007-12-31": "39.92100", "2006-12-31": "39.18000", "2005-12-31": "33.06000"}, "Change In Accounts Receivable": {"2019-12-31": "25.77400", "2018-12-31": "-17.83800", "2017-12-31": "9.59300", "2016-12-31": "-20.03000", "2015-12-31": "-5.05100", "2014-12-31": "-4.62500", "2013-12-31": "0.19600", "2012-12-31": "0.91100", "2011-12-31": "4.48200", "2010-12-31": "7.46600", "2009-12-31": "-0.08100", "2008-12-31": "-22.92400", "2007-12-31": "-19.56300", "2006-12-31": "-14.26500", "2005-12-31": "-5.04700"}, "Change In Inventories": {"2019-12-31": "", "2018-12-31": "", "2017-12-31": "", "2016-12-31": "", "2015-12-31": "", "2014-12-31": "", "2013-12-31": "", "2012-12-31": "", "2011-12-31": "", "2010-12-31": "", "2009-12-31": "", "2008-12-31": "", "2007-12-31": "", "2006-12-31": "", "2005-12-31": ""}, "Change In Accounts Payable": {"2019-12-31": "", "2018-12-31": "", "2017-12-31": "", "2016-12-31": "", "2015-12-31": "", "2014-12-31": "", "2013-12-31": "", "2012-12-31": "", "2011-12-31": "", "2010-12-31": "", "2009-12-31": "", "2008-12-31": "", "2007-12-31": "", "2006-12-31": "", "2005-12-31": ""}, "Change In Assets/Liabilities": {"2019-12-31": "-2.27300", "2018-12-31": "6.35600", "2017-12-31": "3.16200", "2016-12-31": "-11.74700", "2015-12-31": "-1.19900", "2014-12-31": "-5.03800", "2013-12-31": "12.49800", "2012-12-31": "-7.18700", "2011-12-31": "-5.70300", "2010-12-31": "-10.20600", "2009-12-31": "-8.07300", "2008-12-31": "-5.54300", "2007-12-31": "2.01500", "2006-12-31": "-3.40300", "2005-12-31": "-1.99900"}, "Total Change In Assets/Liabilities": {"2019-12-31": "23.50100", "2018-12-31": "-11.48200", "2017-12-31": "12.75500", "2016-12-31": "-31.77700", "2015-12-31": "-0.53900", "2014-12-31": "-9.66300", "2013-12-31": "12.69400", "2012-12-31": "-6.27600", "2011-12-31": "-1.22100", "2010-12-31": "-2.74000", "2009-12-31": "-9.50700", "2008-12-31": "-30.81400", "2007-12-31": "-11.62500", "2006-12-31": "-15.03300", "2005-12-31": "-6.73400"}, "Cash Flow From Operating Activities": {"2019-12-31": "439.53000", "2018-12-31": "484.32800", "2017-12-31": "398.27200", "2016-12-31": "305.36200", "2015-12-31": "278.46000", "2014-12-31": "250.29500", "2013-12-31": "234.12000", "2012-12-31": "207.44400", "2011-12-31": "195.91600", "2010-12-31": "180.39100", "2009-12-31": "148.81700", "2008-12-31": "146.25600", "2007-12-31": "131.59000", "2006-12-31": "106.43600", "2005-12-31": "95.38600"}, "Net Change In Property, Plant, And Equipment": {"2019-12-31": "-419.19500", "2018-12-31": "-440.28200", "2017-12-31": "-590.43600", "2016-12-31": "-609.15700", "2015-12-31": "-541.53800", "2014-12-31": "-407.78500", "2013-12-31": "-319.97100", "2012-12-31": "-186.78700", "2011-12-31": "-111.10100", "2010-12-31": "-135.99100", "2009-12-31": "-154.78400", "2008-12-31": "-177.61900", "2007-12-31": "-112.78600", "2006-12-31": "-134.82900", "2005-12-31": "-183.24400"}, "Net Change In Intangible Assets": {"2019-12-31": "", "2018-12-31": "", "2017-12-31": "", "2016-12-31": "", "2015-12-31": "", "2014-12-31": "", "2013-12-31": "", "2012-12-31": "", "2011-12-31": "", "2010-12-31": "", "2009-12-31": "", "2008-12-31": "", "2007-12-31": "", "2006-12-31": "", "2005-12-31": ""}, "Net Acquisitions/Divestitures": {"2019-12-31": "", "2018-12-31": "", "2017-12-31": "", "2016-12-31": "", "2015-12-31": "", "2014-12-31": "", "2013-12-31": "47.30100", "2012-12-31": "42.13300", "2011-12-31": "226.61200", "2010-12-31": "7.45600", "2009-12-31": "", "2008-12-31": "0.98600", "2007-12-31": "7.00800", "2006-12-31": "", "2005-12-31": ""}, "Net Change In Short-term Investments": {"2019-12-31": "", "2018-12-31": "", "2017-12-31": "", "2016-12-31": "", "2015-12-31": "", "2014-12-31": "", "2013-12-31": "", "2012-12-31": "", "2011-12-31": "", "2010-12-31": "", "2009-12-31": "", "2008-12-31": "", "2007-12-31": "", "2006-12-31": "", "2005-12-31": ""}, "Net Change In Long-Term Investments": {"2019-12-31": "-0.32500", "2018-12-31": "44.77000", "2017-12-31": "", "2016-12-31": "20.95100", "2015-12-31": "4.74100", "2014-12-31": "51.81700", "2013-12-31": "-4.86900", "2012-12-31": "2.69400", "2011-12-31": "-6.08300", "2010-12-31": "-68.52400", "2009-12-31": "-1.67700", "2008-12-31": "-124.16000", "2007-12-31": "-71.00200", "2006-12-31": "", "2005-12-31": ""}, "Net Change In Investments - Total": {"2019-12-31": "-0.32500", "2018-12-31": "44.77000", "2017-12-31": "", "2016-12-31": "20.95100", "2015-12-31": "4.74100", "2014-12-31": "51.81700", "2013-12-31": "-4.86900", "2012-12-31": "2.69400", "2011-12-31": "-6.08300", "2010-12-31": "-68.52400", "2009-12-31": "-1.67700", "2008-12-31": "-124.16000", "2007-12-31": "-71.00200", "2006-12-31": "", "2005-12-31": ""}, "Investing Activities - Other": {"2019-12-31": "516.02500", "2018-12-31": "298.70000", "2017-12-31": "-111.63600", "2016-12-31": "-73.94100", "2015-12-31": "-31.74200", "2014-12-31": "-20.25800", "2013-12-31": "-58.91900", "2012-12-31": "-113.82300", "2011-12-31": "-19.74600", "2010-12-31": "-123.25900", "2009-12-31": "-35.54100", "2008-12-31": "-191.15900", "2007-12-31": "-243.86800", "2006-12-31": "-27.19700", "2005-12-31": "-37.52500"}, "Cash Flow From Investing Activities": {"2019-12-31": "96.50500", "2018-12-31": "-96.81200", "2017-12-31": "-702.07200", "2016-12-31": "-662.14700", "2015-12-31": "-568.53900", "2014-12-31": "-376.22600", "2013-12-31": "-336.45800", "2012-12-31": "-255.78300", "2011-12-31": "89.68200", "2010-12-31": "-320.31800", "2009-12-31": "-192.00200", "2008-12-31": "-491.95200", "2007-12-31": "-420.64800", "2006-12-31": "-162.02600", "2005-12-31": "-220.76900"}, "Net Long-Term Debt": {"2019-12-31": "95.26500", "2018-12-31": "-41.68400", "2017-12-31": "547.71200", "2016-12-31": "514.73400", "2015-12-31": "353.60000", "2014-12-31": "68.74700", "2013-12-31": "93.53200", "2012-12-31": "212.42900", "2011-12-31": "-38.85900", "2010-12-31": "153.73100", "2009-12-31": "-134.41700", "2008-12-31": "198.06900", "2007-12-31": "268.98600", "2006-12-31": "-32.65600", "2005-12-31": "118.29100"}, "Net Current Debt": {"2019-12-31": "", "2018-12-31": "", "2017-12-31": "", "2016-12-31": "", "2015-12-31": "", "2014-12-31": "", "2013-12-31": "", "2012-12-31": "", "2011-12-31": "", "2010-12-31": "", "2009-12-31": "", "2008-12-31": "", "2007-12-31": "", "2006-12-31": "", "2005-12-31": ""}, "Debt Issuance/Retirement Net - Total": {"2019-12-31": "95.26500", "2018-12-31": "-41.68400", "2017-12-31": "547.71200", "2016-12-31": "514.73400", "2015-12-31": "353.60000", "2014-12-31": "68.74700", "2013-12-31": "93.53200", "2012-12-31": "212.42900", "2011-12-31": "-38.85900", "2010-12-31": "153.73100", "2009-12-31": "-134.41700", "2008-12-31": "198.06900", "2007-12-31": "268.98600", "2006-12-31": "-32.65600", "2005-12-31": "118.29100"}, "Net Common Equity Issued/Repurchased": {"2019-12-31": "295.86500", "2018-12-31": "-6.20000", "2017-12-31": "92.34000", "2016-12-31": "138.41700", "2015-12-31": "181.93600", "2014-12-31": "261.26600", "2013-12-31": "217.53900", "2012-12-31": "-3.00100", "2011-12-31": "-2.81700", "2010-12-31": "138.95200", "2009-12-31": "283.76400", "2008-12-31": "223.43700", "2007-12-31": "73.00300", "2006-12-31": "46.10800", "2005-12-31": "0.12100"}, "Net Total Equity Issued/Repurchased": {"2019-12-31": "295.86500", "2018-12-31": "-6.20000", "2017-12-31": "111.80500", "2016-12-31": "138.41700", "2015-12-31": "181.93600", "2014-12-31": "261.26600", "2013-12-31": "217.53900", "2012-12-31": "2.55300", "2011-12-31": "-82.84700", "2010-12-31": "138.95200", "2009-12-31": "283.76400", "2008-12-31": "306.87500", "2007-12-31": "126.59200", "2006-12-31": "176.90800", "2005-12-31": "77.38200"}, "Total Common And Preferred Stock Dividends Paid": {"2019-12-31": "-367.31700", "2018-12-31": "-342.31500", "2017-12-31": "-311.72100", "2016-12-31": "-265.66200", "2015-12-31": "-233.07300", "2014-12-31": "-207.63700", "2013-12-31": "-197.92400", "2012-12-31": "-162.77500", "2011-12-31": "-157.84400", "2010-12-31": "-146.32400", "2009-12-31": "-127.11600", "2008-12-31": "-125.56700", "2007-12-31": "-97.95500", "2006-12-31": "-82.76800", "2005-12-31": "-71.93600"}, "Financial Activities - Other": {"2019-12-31": "-47.03600", "2018-12-31": "-37.35400", "2017-12-31": "-14.33000", "2016-12-31": "-16.35500", "2015-12-31": "-10.44100", "2014-12-31": "-0.78900", "2013-12-31": "-12.97600", "2012-12-31": "-7.97600", "2011-12-31": "-2.88200", "2010-12-31": "-18.40400", "2009-12-31": "-6.57300", "2008-12-31": "1.81900", "2007-12-31": "-3.28400", "2006-12-31": "-2.90400", "2005-12-31": "-3.06600"}, "Cash Flow From Financial Activities": {"2019-12-31": "-23.22300", "2018-12-31": "-427.55300", "2017-12-31": "333.46600", "2016-12-31": "371.13400", "2015-12-31": "292.02200", "2014-12-31": "121.58700", "2013-12-31": "100.17100", "2012-12-31": "44.23100", "2011-12-31": "-282.43200", "2010-12-31": "127.95500", "2009-12-31": "15.65800", "2008-12-31": "381.19600", "2007-12-31": "294.33900", "2006-12-31": "58.58000", "2005-12-31": "120.67100"}, "Net Cash Flow": {"2019-12-31": "512.93300", "2018-12-31": "-40.47900", "2017-12-31": "29.90700", "2016-12-31": "14.21800", "2015-12-31": "0.94700", "2014-12-31": "-4.62200", "2013-12-31": "-2.70600", "2012-12-31": "-3.96100", "2011-12-31": "2.84900", "2010-12-31": "-11.36200", "2009-12-31": "-26.94400", "2008-12-31": "34.91200", "2007-12-31": "5.75600", "2006-12-31": "2.86800", "2005-12-31": "-4.70900"}, "Stock-Based Compensation": {"2019-12-31": "", "2018-12-31": "", "2017-12-31": "", "2016-12-31": "11.16400", "2015-12-31": "14.88500", "2014-12-31": "8.90200", "2013-12-31": "6.51600", "2012-12-31": "5.83300", "2011-12-31": "5.61000", "2010-12-31": "4.71000", "2009-12-31": "4.30700", "2008-12-31": "3.96500", "2007-12-31": "3.24900", "2006-12-31": "4.86900", "2005-12-31": "1.95700"}, "Common Stock Dividends Paid": {"2019-12-31": "-367.31700", "2018-12-31": "-342.31500", "2017-12-31": "-311.72100", "2016-12-31": "-265.66200", "2015-12-31": "-233.07300", "2014-12-31": "-207.63700", "2013-12-31": "-197.92400", "2012-12-31": "-162.77500", "2011-12-31": "-157.84400", "2010-12-31": "-146.32400", "2009-12-31": "-127.11600", "2008-12-31": "-125.56700", "2007-12-31": "-97.95500", "2006-12-31": "-82.76800", "2005-12-31": "-71.93600"}}, "cash flow statement, quarterly": {"Net Income/Loss": {"2020-09-30": -85.904, "2020-06-30": -62.965, "2020-03-31": "37.11800", "2019-12-31": 36.297, "2019-09-30": 34.003, "2019-06-30": 66.594, "2019-03-31": "65.34900", "2018-12-31": 54.031, "2018-09-30": 91.833, "2018-06-30": 91.581, "2018-03-31": "29.53800", "2017-12-31": 65.563, "2017-09-30": 62.954, "2017-06-30": 80.535, "2017-03-31": "53.91600", "2016-12-31": 58.141, "2016-09-30": 57.526, "2016-06-30": 55.135, "2016-03-31": "54.18000", "2015-12-31": 52.75, "2015-09-30": 50.195, "2015-06-30": 48.766, "2015-03-31": "42.82100", "2014-12-31": 52.636, "2014-09-30": 42.705, "2014-06-30": 40.759, "2014-03-31": "43.53300", "2013-12-31": 63.043, "2013-09-30": 43.501, "2013-06-30": 32.476, "2013-03-31": "41.20600", "2012-12-31": 29.281, "2012-09-30": 34.175, "2012-06-30": 36.818, "2012-03-31": "21.39000", "2011-12-31": 37.967, "2011-09-30": 35.564, "2011-06-30": 0.002, "2011-03-31": "41.73300", "2010-12-31": 34.174, "2010-09-30": 35.043, "2010-06-30": 14.747, "2010-03-31": "29.09100", "2009-12-31": 13.365, "2009-09-30": -75.361, "2009-06-30": 25.995, "2009-03-31": "24.09500", "2008-12-31": 34.507, "2008-09-30": 35.57, "2008-06-30": 30.931, "2008-03-31": "26.61500", "2007-12-31": 25.759, "2007-09-30": 26.35, "2007-06-30": 28.275, "2007-03-31": "22.91000", "2006-12-31": 21.395, "2006-09-30": 20.716, "2006-06-30": 21.137, "2006-03-31": "19.04100", "2005-12-31": 18.112, "2005-09-30": 17.813, "2005-06-30": 17.322, "2005-03-31": "15.81300"}, "Total Depreciation And Amortization - Cash Flow": {"2020-09-30": 43.433, "2020-06-30": 43.993, "2020-03-31": "45.29200", "2019-12-31": 46.033, "2019-09-30": 46.579, "2019-06-30": 43.814, "2019-03-31": "41.18600", "2018-12-31": 40.977, "2018-09-30": 40.038, "2018-06-30": 38.966, "2018-03-31": "38.66500", "2017-12-31": 38.549, "2017-09-30": 36.237, "2017-06-30": 34.642, "2017-03-31": "29.57800", "2016-12-31": 29.661, "2016-09-30": 28.83, "2016-06-30": 26.877, "2016-03-31": "27.17500", "2015-12-31": 26.125, "2015-09-30": 24.702, "2015-06-30": 23.071, "2015-03-31": "20.49900", "2014-12-31": 19.127, "2014-09-30": 18.551, "2014-06-30": 17.111, "2014-03-31": "16.39000", "2013-12-31": 15.898, "2013-09-30": 14.152, "2013-06-30": 14.164, "2013-03-31": "13.82100", "2012-12-31": 13.195, "2012-09-30": 11.736, "2012-06-30": 13.16, "2012-03-31": "12.82500", "2011-12-31": 8.645, "2011-09-30": 12.895, "2011-06-30": 12.348, "2011-03-31": "12.89400", "2010-12-31": 10.681, "2010-09-30": 12.435, "2010-06-30": 12.129, "2010-03-31": "12.23900", "2009-12-31": 10.916, "2009-09-30": 11.965, "2009-06-30": 8.798, "2009-03-31": "13.38500", "2008-12-31": 7.528, "2008-09-30": 11.95, "2008-06-30": 11.164, "2008-03-31": "11.47200", "2007-12-31": 10.933, "2007-09-30": 10.63, "2007-06-30": 9.84, "2007-03-31": "8.92400", "2006-12-31": 8.593, "2006-09-30": 8.509, "2006-06-30": 8.367, "2006-03-31": "8.26500", "2005-12-31": 8.032, "2005-09-30": 7.88, "2005-06-30": 7.632, "2005-03-31": "7.27400"}, "Other Non-Cash Items": {"2020-09-30": 39.757, "2020-06-30": 62.304, "2020-03-31": "3.78800", "2019-12-31": 21.499, "2019-09-30": 27.345, "2019-06-30": -8.636, "2019-03-31": "-4.03400", "2018-12-31": 17.81, "2018-09-30": -4.537, "2018-06-30": 20.681, "2018-03-31": "36.22700", "2017-12-31": -9.931, "2017-09-30": 2.362, "2017-06-30": -11.431, "2017-03-31": "2.54300", "2016-12-31": -1.197, "2016-09-30": -0.895, "2016-06-30": -1.308, "2016-03-31": "3.01400", "2015-12-31": 1.2, "2015-09-30": 1.834, "2015-06-30": -4.578, "2015-03-31": "-8.38600", "2014-12-31": 0.666, "2014-09-30": 6.955, "2014-06-30": 2.698, "2014-03-31": "-1.17300", "2013-12-31": -21.04, "2013-09-30": -1.448, "2013-06-30": 7.441, "2013-03-31": "-1.78800", "2012-12-31": 12.881, "2012-09-30": 6.992, "2012-06-30": 6.809, "2012-03-31": "14.45800", "2011-12-31": 8.753, "2011-09-30": 2.333, "2011-06-30": 35.521, "2011-03-31": "-11.51800", "2010-12-31": 4.625, "2010-09-30": 4.115, "2010-06-30": 15.939, "2010-03-31": "-2.08700", "2009-12-31": 13.437, "2009-09-30": 104.37, "2009-06-30": 6.258, "2009-03-31": "1.10100", "2008-12-31": 4.203, "2008-09-30": 1.012, "2008-06-30": 0.918, "2008-03-31": "1.20000", "2007-12-31": 1.263, "2007-09-30": -0.136, "2007-06-30": -2.375, "2007-03-31": "0.84200", "2006-12-31": 0.476, "2006-09-30": 0.479, "2006-06-30": 3.681, "2006-03-31": "0.81000", "2005-12-31": 1.322, "2005-09-30": 0.352, "2005-06-30": 0.259, "2005-03-31": "0.30900"}, "Total Non-Cash Items": {"2020-09-30": 83.19, "2020-06-30": 106.297, "2020-03-31": "49.08000", "2019-12-31": 67.532, "2019-09-30": 73.924, "2019-06-30": 35.178, "2019-03-31": "37.15200", "2018-12-31": 58.787, "2018-09-30": 35.501, "2018-06-30": 59.647, "2018-03-31": "74.89200", "2017-12-31": 28.618, "2017-09-30": 38.599, "2017-06-30": 23.211, "2017-03-31": "32.12100", "2016-12-31": 28.464, "2016-09-30": 27.935, "2016-06-30": 25.569, "2016-03-31": "30.18900", "2015-12-31": 27.325, "2015-09-30": 26.536, "2015-06-30": 18.493, "2015-03-31": "12.11300", "2014-12-31": 19.793, "2014-09-30": 25.506, "2014-06-30": 19.809, "2014-03-31": "15.21700", "2013-12-31": -5.142, "2013-09-30": 12.704, "2013-06-30": 21.605, "2013-03-31": "12.03300", "2012-12-31": 26.076, "2012-09-30": 18.728, "2012-06-30": 19.969, "2012-03-31": "27.28300", "2011-12-31": 17.398, "2011-09-30": 15.228, "2011-06-30": 47.869, "2011-03-31": "1.37600", "2010-12-31": 15.306, "2010-09-30": 16.55, "2010-06-30": 28.068, "2010-03-31": "10.15200", "2009-12-31": 24.353, "2009-09-30": 116.335, "2009-06-30": 15.056, "2009-03-31": "14.48600", "2008-12-31": 11.731, "2008-09-30": 12.962, "2008-06-30": 12.082, "2008-03-31": "12.67200", "2007-12-31": 12.196, "2007-09-30": 10.494, "2007-06-30": 7.465, "2007-03-31": "9.76600", "2006-12-31": 9.069, "2006-09-30": 8.988, "2006-06-30": 12.048, "2006-03-31": "9.07500", "2005-12-31": 9.354, "2005-09-30": 8.232, "2005-06-30": 7.891, "2005-03-31": "7.58300"}, "Change In Accounts Receivable": {"2020-09-30": 23.971, "2020-06-30": -84.848, "2020-03-31": "13.63700", "2019-12-31": 13.228, "2019-09-30": 1.605, "2019-06-30": -3.593, "2019-03-31": "14.53400", "2018-12-31": -3.815, "2018-09-30": -19.261, "2018-06-30": 0.796, "2018-03-31": "4.44200", "2017-12-31": -25.821, "2017-09-30": 39.007, "2017-06-30": -0.1, "2017-03-31": "-3.49300", "2016-12-31": 4.484, "2016-09-30": -20.915, "2016-06-30": 5.733, "2016-03-31": "-9.33200", "2015-12-31": 11.434, "2015-09-30": -4.162, "2015-06-30": -11.923, "2015-03-31": "-0.40000", "2014-12-31": 8.378, "2014-09-30": -12.234, "2014-06-30": -1.033, "2014-03-31": "0.26400", "2013-12-31": 5.978, "2013-09-30": -3.395, "2013-06-30": 9.418, "2013-03-31": "-11.80500", "2012-12-31": 9.083, "2012-09-30": -4.974, "2012-06-30": 3.815, "2012-03-31": "-7.01300", "2011-12-31": 4.878, "2011-09-30": -1.459, "2011-06-30": 2.48, "2011-03-31": "-1.41700", "2010-12-31": 11.272, "2010-09-30": -0.83, "2010-06-30": 1.597, "2010-03-31": "-4.57300", "2009-12-31": -1.462, "2009-09-30": -0.529, "2009-06-30": 1.625, "2009-03-31": "0.28500", "2008-12-31": -5.333, "2008-09-30": -4.032, "2008-06-30": -5.537, "2008-03-31": "-8.02200", "2007-12-31": -9.218, "2007-09-30": -2.151, "2007-06-30": -5.095, "2007-03-31": "-3.09900", "2006-12-31": -5.774, "2006-09-30": -3.967, "2006-06-30": -1.372, "2006-03-31": "-3.15200", "2005-12-31": -3.1, "2005-09-30": 0.367, "2005-06-30": -1.305, "2005-03-31": "-1.00900"}, "Change In Inventories": {"2020-09-30": 0, "2020-06-30": 0, "2020-03-31": "", "2019-12-31": 0, "2019-09-30": 0, "2019-06-30": 0, "2019-03-31": "", "2018-12-31": 0, "2018-09-30": 0, "2018-06-30": 0, "2018-03-31": "", "2017-12-31": 0, "2017-09-30": 0, "2017-06-30": 0, "2017-03-31": "", "2016-12-31": 0, "2016-09-30": 0, "2016-06-30": 0, "2016-03-31": "", "2015-12-31": 0, "2015-09-30": 0, "2015-06-30": 0, "2015-03-31": "", "2014-12-31": 0, "2014-09-30": 0, "2014-06-30": 0, "2014-03-31": "", "2013-12-31": 0, "2013-09-30": 0, "2013-06-30": 0, "2013-03-31": "", "2012-12-31": 0, "2012-09-30": 0, "2012-06-30": 0, "2012-03-31": "", "2011-12-31": 0, "2011-09-30": 0, "2011-06-30": 0, "2011-03-31": "", "2010-12-31": 0, "2010-09-30": 0, "2010-06-30": 0, "2010-03-31": "", "2009-12-31": 0, "2009-09-30": 0, "2009-06-30": 0, "2009-03-31": "", "2008-12-31": 0, "2008-09-30": 0, "2008-06-30": 0, "2008-03-31": "", "2007-12-31": 0, "2007-09-30": 0, "2007-06-30": 0, "2007-03-31": "", "2006-12-31": 0, "2006-09-30": 0, "2006-06-30": 0, "2006-03-31": "", "2005-12-31": 0, "2005-09-30": 0, "2005-06-30": 0, "2005-03-31": ""}, "Change In Accounts Payable": {"2020-09-30": 0, "2020-06-30": 0, "2020-03-31": "", "2019-12-31": 0, "2019-09-30": 0, "2019-06-30": 0, "2019-03-31": "", "2018-12-31": 0, "2018-09-30": 0, "2018-06-30": 0, "2018-03-31": "", "2017-12-31": 0, "2017-09-30": 0, "2017-06-30": 0, "2017-03-31": "", "2016-12-31": 0, "2016-09-30": 0, "2016-06-30": 0, "2016-03-31": "", "2015-12-31": 0, "2015-09-30": 0, "2015-06-30": 0, "2015-03-31": "", "2014-12-31": 0, "2014-09-30": 0, "2014-06-30": 0, "2014-03-31": "", "2013-12-31": 0, "2013-09-30": 0, "2013-06-30": 0, "2013-03-31": "", "2012-12-31": 0, "2012-09-30": 0, "2012-06-30": 0, "2012-03-31": "", "2011-12-31": 0, "2011-09-30": 0, "2011-06-30": 0, "2011-03-31": "", "2010-12-31": 0, "2010-09-30": 0, "2010-06-30": 0, "2010-03-31": "", "2009-12-31": 0, "2009-09-30": 0, "2009-06-30": 0, "2009-03-31": "", "2008-12-31": 0, "2008-09-30": 0, "2008-06-30": 0, "2008-03-31": "", "2007-12-31": 0, "2007-09-30": 0, "2007-06-30": 0, "2007-03-31": "", "2006-12-31": 0, "2006-09-30": 0, "2006-06-30": 0, "2006-03-31": "", "2005-12-31": 0, "2005-09-30": 0, "2005-06-30": 0, "2005-03-31": ""}, "Change In Assets/Liabilities": {"2020-09-30": -3.468, "2020-06-30": -3.632, "2020-03-31": "2.72600", "2019-12-31": -9.1, "2019-09-30": 12.285, "2019-06-30": -6.123, "2019-03-31": "0.66500", "2018-12-31": -14.313, "2018-09-30": 25.059, "2018-06-30": -13.6, "2018-03-31": "9.21000", "2017-12-31": 6.39, "2017-09-30": -11.673, "2017-06-30": -2.561, "2017-03-31": "11.00600", "2016-12-31": -1.5, "2016-09-30": -2.236, "2016-06-30": -2.051, "2016-03-31": "-5.96000", "2015-12-31": -3.582, "2015-09-30": -2.119, "2015-06-30": 1.518, "2015-03-31": "2.98400", "2014-12-31": 1.28, "2014-09-30": -2.125, "2014-06-30": -1.421, "2014-03-31": "-2.77200", "2013-12-31": 2.539, "2013-09-30": 2.166, "2013-06-30": 9.055, "2013-03-31": "-1.26200", "2012-12-31": -2.437, "2012-09-30": -5.928, "2012-06-30": 0.879, "2012-03-31": "0.29900", "2011-12-31": -1.212, "2011-09-30": -1.851, "2011-06-30": -0.897, "2011-03-31": "-1.74300", "2010-12-31": -2.063, "2010-09-30": -3.704, "2010-06-30": -2.773, "2010-03-31": "-1.66600", "2009-12-31": -0.907, "2009-09-30": -3.593, "2009-06-30": -0.759, "2009-03-31": "-2.81400", "2008-12-31": -3.23, "2008-09-30": 2.925, "2008-06-30": -0.037, "2008-03-31": "-5.20100", "2007-12-31": 3.47, "2007-09-30": 1.079, "2007-06-30": -0.683, "2007-03-31": "-1.85100", "2006-12-31": -0.489, "2006-09-30": -1.508, "2006-06-30": -1.084, "2006-03-31": "-0.32200", "2005-12-31": 1.114, "2005-09-30": -2.728, "2005-06-30": -1.417, "2005-03-31": "1.03200"}, "Total Change In Assets/Liabilities": {"2020-09-30": 4.779, "2020-06-30": -74.963, "2020-03-31": "2.84600", "2019-12-31": -1.561, "2019-09-30": 19.579, "2019-06-30": -14.4, "2019-03-31": "19.88300", "2018-12-31": -29.372, "2018-09-30": 23.8, "2018-06-30": -10.444, "2018-03-31": "4.53400", "2017-12-31": -10.643, "2017-09-30": 18.546, "2017-06-30": -2.661, "2017-03-31": "7.51300", "2016-12-31": 2.984, "2016-09-30": -22.22, "2016-06-30": 2.751, "2016-03-31": "-15.29200", "2015-12-31": 13.563, "2015-09-30": -12.316, "2015-06-30": -4.37, "2015-03-31": "2.58400", "2014-12-31": 9.658, "2014-09-30": -14.357, "2014-06-30": 12.256, "2014-03-31": "-17.22000", "2013-12-31": 17.844, "2013-09-30": -10.556, "2013-06-30": 18.473, "2013-03-31": "-13.06700", "2012-12-31": 6.646, "2012-09-30": -10.902, "2012-06-30": 4.694, "2012-03-31": "-6.71400", "2011-12-31": 5.1, "2011-09-30": -7.671, "2011-06-30": 9.455, "2011-03-31": "-8.10500", "2010-12-31": 3.771, "2010-09-30": 0.904, "2010-06-30": -1.664, "2010-03-31": "-5.75100", "2009-12-31": -1.767, "2009-09-30": -5.125, "2009-06-30": 0.645, "2009-03-31": "-3.26000", "2008-12-31": -10.359, "2008-09-30": -1.658, "2008-06-30": -5.574, "2008-03-31": "-13.22300", "2007-12-31": 0.175, "2007-09-30": -1.072, "2007-06-30": -5.778, "2007-03-31": "-4.95000", "2006-12-31": -3.628, "2006-09-30": -5.475, "2006-06-30": -2.836, "2006-03-31": "-3.09400", "2005-12-31": -1.834, "2005-09-30": -2.201, "2005-06-30": -2.722, "2005-03-31": "0.02300"}, "Cash Flow From Operating Activities": {"2020-09-30": 2.065, "2020-06-30": -31.631, "2020-03-31": "89.04400", "2019-12-31": 102.268, "2019-09-30": 127.506, "2019-06-30": 87.372, "2019-03-31": "122.38400", "2018-12-31": 83.446, "2018-09-30": 151.134, "2018-06-30": 140.784, "2018-03-31": "108.96400", "2017-12-31": 83.538, "2017-09-30": 120.099, "2017-06-30": 101.085, "2017-03-31": "93.55000", "2016-12-31": 89.589, "2016-09-30": 63.241, "2016-06-30": 83.455, "2016-03-31": "69.07700", "2015-12-31": 93.638, "2015-09-30": 64.415, "2015-06-30": 62.889, "2015-03-31": "57.51800", "2014-12-31": 82.087, "2014-09-30": 53.854, "2014-06-30": 72.824, "2014-03-31": "41.53000", "2013-12-31": 75.745, "2013-09-30": 45.649, "2013-06-30": 72.554, "2013-03-31": "40.17200", "2012-12-31": 62.003, "2012-09-30": 42.001, "2012-06-30": 61.481, "2012-03-31": "41.95900", "2011-12-31": 60.465, "2011-09-30": 43.121, "2011-06-30": 57.326, "2011-03-31": "35.00400", "2010-12-31": 53.251, "2010-09-30": 52.497, "2010-06-30": 41.151, "2010-03-31": "33.49200", "2009-12-31": 35.951, "2009-09-30": 35.849, "2009-06-30": 41.696, "2009-03-31": "35.32100", "2008-12-31": 35.879, "2008-09-30": 46.874, "2008-06-30": 37.439, "2008-03-31": "26.06400", "2007-12-31": 38.13, "2007-09-30": 35.772, "2007-06-30": 29.962, "2007-03-31": "27.72600", "2006-12-31": 26.837, "2006-09-30": 24.228, "2006-06-30": 30.349, "2006-03-31": "25.02200", "2005-12-31": 25.632, "2005-09-30": 23.844, "2005-06-30": 22.491, "2005-03-31": "23.41900"}, "Net Change In Property, Plant, And Equipment": {"2020-09-30": -17.617, "2020-06-30": -11.554, "2020-03-31": "-37.92000", "2019-12-31": 150.001, "2019-09-30": -144.939, "2019-06-30": -306.835, "2019-03-31": "-117.42200", "2018-12-31": -129.927, "2018-09-30": -180.945, "2018-06-30": -34.839, "2018-03-31": "-94.57100", "2017-12-31": -68.682, "2017-09-30": -259.169, "2017-06-30": -119.742, "2017-03-31": "-142.84300", "2016-12-31": -163.559, "2016-09-30": -132.723, "2016-06-30": -216.123, "2016-03-31": "-96.75200", "2015-12-31": -126.642, "2015-09-30": -158.51, "2015-06-30": -181.774, "2015-03-31": "-74.61200", "2014-12-31": -98.519, "2014-09-30": -116.876, "2014-06-30": -130.42, "2014-03-31": "-61.97000", "2013-12-31": -149.043, "2013-09-30": -80.503, "2013-06-30": -64.532, "2013-03-31": "-25.89300", "2012-12-31": -55.728, "2012-09-30": -47.038, "2012-06-30": -38.842, "2012-03-31": "-45.17900", "2011-12-31": -22.144, "2011-09-30": -31.596, "2011-06-30": -16.065, "2011-03-31": "-41.29600", "2010-12-31": -3.776, "2010-09-30": -4.299, "2010-06-30": -126.724, "2010-03-31": "-1.19200", "2009-12-31": -133.907, "2009-09-30": -6.09, "2009-06-30": -8.323, "2009-03-31": "-6.46400", "2008-12-31": -8.914, "2008-09-30": -18.14, "2008-06-30": -142.107, "2008-03-31": "-8.45800", "2007-12-31": -18.289, "2007-09-30": -51.048, "2007-06-30": -19.291, "2007-03-31": "-24.15800", "2006-12-31": -39.198, "2006-09-30": -36.006, "2006-06-30": -14.669, "2006-03-31": "-44.95600", "2005-12-31": -57.033, "2005-09-30": -17.983, "2005-06-30": -29.828, "2005-03-31": "-78.40000"}, "Net Change In Intangible Assets": {"2020-09-30": 0, "2020-06-30": 0, "2020-03-31": "", "2019-12-31": 0, "2019-09-30": 0, "2019-06-30": 0, "2019-03-31": "", "2018-12-31": 0, "2018-09-30": 0, "2018-06-30": 0, "2018-03-31": "", "2017-12-31": 0, "2017-09-30": 0, "2017-06-30": 0, "2017-03-31": "", "2016-12-31": 0, "2016-09-30": 0, "2016-06-30": 0, "2016-03-31": "", "2015-12-31": 0, "2015-09-30": 0, "2015-06-30": 0, "2015-03-31": "", "2014-12-31": 0, "2014-09-30": 0, "2014-06-30": 0, "2014-03-31": "", "2013-12-31": 0, "2013-09-30": 0, "2013-06-30": 0, "2013-03-31": "", "2012-12-31": 0, "2012-09-30": 0, "2012-06-30": 0, "2012-03-31": "", "2011-12-31": 0, "2011-09-30": 0, "2011-06-30": 0, "2011-03-31": "", "2010-12-31": 0, "2010-09-30": 0, "2010-06-30": 0, "2010-03-31": "", "2009-12-31": 0, "2009-09-30": 0, "2009-06-30": 0, "2009-03-31": "", "2008-12-31": 0, "2008-09-30": 0, "2008-06-30": 0, "2008-03-31": "", "2007-12-31": 0, "2007-09-30": 0, "2007-06-30": 0, "2007-03-31": "", "2006-12-31": 0, "2006-09-30": 0, "2006-06-30": 0, "2006-03-31": "", "2005-12-31": 0, "2005-09-30": 0, "2005-06-30": 0, "2005-03-31": ""}, "Net Acquisitions/Divestitures": {"2020-09-30": 3.839, "2020-06-30": 0, "2020-03-31": "", "2019-12-31": -182.719, "2019-09-30": 183.044, "2019-06-30": -0.325, "2019-03-31": "", "2018-12-31": 0, "2018-09-30": 84.306, "2018-06-30": -84.306, "2018-03-31": "", "2017-12-31": 0, "2017-09-30": 0, "2017-06-30": 0, "2017-03-31": "", "2016-12-31": 0, "2016-09-30": -43.462, "2016-06-30": 43.462, "2016-03-31": "", "2015-12-31": 0, "2015-09-30": 0, "2015-06-30": 0, "2015-03-31": "", "2014-12-31": 0, "2014-09-30": 0, "2014-06-30": 0, "2014-03-31": "", "2013-12-31": 0.811, "2013-09-30": 46.49, "2013-06-30": -24.146, "2013-03-31": "24.14600", "2012-12-31": 29.164, "2012-09-30": 0, "2012-06-30": 12.687, "2012-03-31": "0.28200", "2011-12-31": 1.7, "2011-09-30": 12.516, "2011-06-30": 7.22, "2011-03-31": "205.17600", "2010-12-31": 1.155, "2010-09-30": 0, "2010-06-30": 6.301, "2010-03-31": "", "2009-12-31": 0, "2009-09-30": 0, "2009-06-30": 0, "2009-03-31": "", "2008-12-31": 0, "2008-09-30": 0, "2008-06-30": 0.986, "2008-03-31": "", "2007-12-31": 7.008, "2007-09-30": -7.008, "2007-06-30": 7.008, "2007-03-31": "", "2006-12-31": 0, "2006-09-30": 0, "2006-06-30": 0, "2006-03-31": "", "2005-12-31": 0, "2005-09-30": 0, "2005-06-30": 0, "2005-03-31": ""}, "Net Change In Short-term Investments": {"2020-09-30": 0, "2020-06-30": 0, "2020-03-31": "", "2019-12-31": 0, "2019-09-30": 0, "2019-06-30": 0, "2019-03-31": "", "2018-12-31": 0, "2018-09-30": 0, "2018-06-30": 0, "2018-03-31": "", "2017-12-31": 0, "2017-09-30": 0, "2017-06-30": 0, "2017-03-31": "", "2016-12-31": 0, "2016-09-30": 0, "2016-06-30": 0, "2016-03-31": "", "2015-12-31": 0, "2015-09-30": 0, "2015-06-30": 0, "2015-03-31": "", "2014-12-31": 0, "2014-09-30": 0, "2014-06-30": 0, "2014-03-31": "", "2013-12-31": 0, "2013-09-30": 0, "2013-06-30": 0, "2013-03-31": "", "2012-12-31": 0, "2012-09-30": 0, "2012-06-30": 0, "2012-03-31": "", "2011-12-31": 0, "2011-09-30": 0, "2011-06-30": 0, "2011-03-31": "", "2010-12-31": 0, "2010-09-30": 0, "2010-06-30": 0, "2010-03-31": "", "2009-12-31": 0, "2009-09-30": 0, "2009-06-30": 0, "2009-03-31": "", "2008-12-31": 0, "2008-09-30": 0, "2008-06-30": 0, "2008-03-31": "", "2007-12-31": 0, "2007-09-30": 0, "2007-06-30": 0, "2007-03-31": "", "2006-12-31": 0, "2006-09-30": 0, "2006-06-30": 0, "2006-03-31": "", "2005-12-31": 0, "2005-09-30": 0, "2005-06-30": 0, "2005-03-31": ""}, "Net Change In Long-Term Investments": {"2020-09-30": -1.69, "2020-06-30": 0, "2020-03-31": "", "2019-12-31": 0, "2019-09-30": -0.325, "2019-06-30": -0.264, "2019-03-31": "0.26400", "2018-12-31": -29.473, "2018-09-30": 74.243, "2018-06-30": 0, "2018-03-31": "", "2017-12-31": 0, "2017-09-30": 0, "2017-06-30": 0, "2017-03-31": "", "2016-12-31": 20.126, "2016-09-30": 0, "2016-06-30": 0.825, "2016-03-31": "", "2015-12-31": 4.741, "2015-09-30": -4.741, "2015-06-30": 4.741, "2015-03-31": "", "2014-12-31": 0, "2014-09-30": 0, "2014-06-30": 46.092, "2014-03-31": "5.72500", "2013-12-31": -0.586, "2013-09-30": -0.399, "2013-06-30": -3.451, "2013-03-31": "-0.43300", "2012-12-31": -0.669, "2012-09-30": 4.024, "2012-06-30": -0.219, "2012-03-31": "-0.44200", "2011-12-31": -0.72, "2011-09-30": -0.466, "2011-06-30": -0.038, "2011-03-31": "-4.85900", "2010-12-31": -1.044, "2010-09-30": -8.067, "2010-06-30": -15.181, "2010-03-31": "-44.23200", "2009-12-31": -1.664, "2009-09-30": 0, "2009-06-30": -0.013, "2009-03-31": "", "2008-12-31": -2.259, "2008-09-30": -0.078, "2008-06-30": -121.823, "2008-03-31": "", "2007-12-31": -39.711, "2007-09-30": -0.347, "2007-06-30": -30.944, "2007-03-31": "", "2006-12-31": 0, "2006-09-30": 0, "2006-06-30": 0, "2006-03-31": "", "2005-12-31": 0, "2005-09-30": 0, "2005-06-30": 0, "2005-03-31": ""}, "Net Change In Investments - Total": {"2020-09-30": -1.69, "2020-06-30": 0, "2020-03-31": "", "2019-12-31": 0, "2019-09-30": -0.325, "2019-06-30": -0.264, "2019-03-31": "0.26400", "2018-12-31": -29.473, "2018-09-30": 74.243, "2018-06-30": 0, "2018-03-31": "", "2017-12-31": 0, "2017-09-30": 0, "2017-06-30": 0, "2017-03-31": "", "2016-12-31": 20.126, "2016-09-30": 0, "2016-06-30": 0.825, "2016-03-31": "", "2015-12-31": 4.741, "2015-09-30": -4.741, "2015-06-30": 4.741, "2015-03-31": "", "2014-12-31": 0, "2014-09-30": 0, "2014-06-30": 46.092, "2014-03-31": "5.72500", "2013-12-31": -0.586, "2013-09-30": -0.399, "2013-06-30": -3.451, "2013-03-31": "-0.43300", "2012-12-31": -0.669, "2012-09-30": 4.024, "2012-06-30": -0.219, "2012-03-31": "-0.44200", "2011-12-31": -0.72, "2011-09-30": -0.466, "2011-06-30": -0.038, "2011-03-31": "-4.85900", "2010-12-31": -1.044, "2010-09-30": -8.067, "2010-06-30": -15.181, "2010-03-31": "-44.23200", "2009-12-31": -1.664, "2009-09-30": 0, "2009-06-30": -0.013, "2009-03-31": "", "2008-12-31": -2.259, "2008-09-30": -0.078, "2008-06-30": -121.823, "2008-03-31": "", "2007-12-31": -39.711, "2007-09-30": -0.347, "2007-06-30": -30.944, "2007-03-31": "", "2006-12-31": 0, "2006-09-30": 0, "2006-06-30": 0, "2006-03-31": "", "2005-12-31": 0, "2005-09-30": 0, "2005-06-30": 0, "2005-03-31": ""}, "Investing Activities - Other": {"2020-09-30": -2.451, "2020-06-30": -1.665, "2020-03-31": "-1.83900", "2019-12-31": 413.973, "2019-09-30": 138.666, "2019-06-30": -26.589, "2019-03-31": "-10.02500", "2018-12-31": 54.716, "2018-09-30": 69.264, "2018-06-30": 187.065, "2018-03-31": "-12.34500", "2017-12-31": 1.522, "2017-09-30": -27.259, "2017-06-30": -28.027, "2017-03-31": "-57.87200", "2016-12-31": -103.463, "2016-09-30": 29.134, "2016-06-30": 34.551, "2016-03-31": "-34.16300", "2015-12-31": 25.478, "2015-09-30": -21.939, "2015-06-30": -16.731, "2015-03-31": "-18.55000", "2014-12-31": 41.734, "2014-09-30": -35.918, "2014-06-30": -19.471, "2014-03-31": "-6.60300", "2013-12-31": -3.638, "2013-09-30": -51.289, "2013-06-30": 8.777, "2013-03-31": "-12.76900", "2012-12-31": -41.915, "2012-09-30": -7.347, "2012-06-30": -40.11, "2012-03-31": "-24.45100", "2011-12-31": -10.298, "2011-09-30": -3.354, "2011-06-30": -4.512, "2011-03-31": "-1.58200", "2010-12-31": -1.114, "2010-09-30": 1.153, "2010-06-30": -11.114, "2010-03-31": "-112.18400", "2009-12-31": -2.39, "2009-09-30": -5.269, "2009-06-30": -13.168, "2009-03-31": "-14.71400", "2008-12-31": -7.139, "2008-09-30": -149.244, "2008-06-30": -12.327, "2008-03-31": "-22.44900", "2007-12-31": -50.211, "2007-09-30": -23.978, "2007-06-30": -128.758, "2007-03-31": "-40.92100", "2006-12-31": -8.365, "2006-09-30": 0, "2006-06-30": -0.213, "2006-03-31": "-18.61900", "2005-12-31": -0.644, "2005-09-30": 0.217, "2005-06-30": -37.305, "2005-03-31": "0.20700"}, "Cash Flow From Investing Activities": {"2020-09-30": -17.919, "2020-06-30": -13.219, "2020-03-31": "-39.75900", "2019-12-31": 381.255, "2019-09-30": 176.446, "2019-06-30": -333.363, "2019-03-31": "-127.83300", "2018-12-31": -104.684, "2018-09-30": 46.868, "2018-06-30": 67.92, "2018-03-31": "-106.91600", "2017-12-31": -67.16, "2017-09-30": -286.428, "2017-06-30": -147.769, "2017-03-31": "-200.71500", "2016-12-31": -246.896, "2016-09-30": -147.051, "2016-06-30": -137.285, "2016-03-31": "-130.91500", "2015-12-31": -96.423, "2015-09-30": -185.19, "2015-06-30": -193.764, "2015-03-31": "-93.16200", "2014-12-31": -56.785, "2014-09-30": -152.794, "2014-06-30": -103.799, "2014-03-31": "-62.84800", "2013-12-31": -152.456, "2013-09-30": -85.701, "2013-06-30": -83.352, "2013-03-31": "-14.94900", "2012-12-31": -69.148, "2012-09-30": -50.361, "2012-06-30": -66.484, "2012-03-31": "-69.79000", "2011-12-31": -31.462, "2011-09-30": -22.9, "2011-06-30": -13.395, "2011-03-31": "157.43900", "2010-12-31": -4.779, "2010-09-30": -11.213, "2010-06-30": -146.718, "2010-03-31": "-157.60800", "2009-12-31": -137.961, "2009-09-30": -11.359, "2009-06-30": -21.504, "2009-03-31": "-21.17800", "2008-12-31": -18.312, "2008-09-30": -167.462, "2008-06-30": -275.271, "2008-03-31": "-30.90700", "2007-12-31": -101.203, "2007-09-30": -82.381, "2007-06-30": -171.985, "2007-03-31": "-65.07900", "2006-12-31": -47.563, "2006-09-30": -36.006, "2006-06-30": -14.882, "2006-03-31": "-63.57500", "2005-12-31": -57.677, "2005-09-30": -17.766, "2005-06-30": -67.133, "2005-03-31": "-78.19300"}, "Net Long-Term Debt": {"2020-09-30": 0, "2020-06-30": 0, "2020-03-31": "750.00000", "2019-12-31": 0, "2019-09-30": -108.585, "2019-06-30": 170, "2019-03-31": "33.85000", "2018-12-31": 30, "2018-09-30": -30, "2018-06-30": -140, "2018-03-31": "98.31600", "2017-12-31": 39.803, "2017-09-30": 194.871, "2017-06-30": 183.369, "2017-03-31": "129.66900", "2016-12-31": 247.483, "2016-09-30": 152.367, "2016-06-30": 101.47, "2016-03-31": "13.41400", "2015-12-31": -37.245, "2015-09-30": 91.59, "2015-06-30": 96.441, "2015-03-31": "202.81400", "2014-12-31": 24.313, "2014-09-30": -38.59, "2014-06-30": 75.752, "2014-03-31": "7.27200", "2013-12-31": -70.637, "2013-09-30": 51.549, "2013-06-30": 91.57, "2013-03-31": "21.05000", "2012-12-31": 30.829, "2012-09-30": 65.263, "2012-06-30": 47.665, "2012-03-31": "68.67200", "2011-12-31": 12.569, "2011-09-30": 98.924, "2011-06-30": -3.047, "2011-03-31": "-147.30500", "2010-12-31": -14.487, "2010-09-30": -9.756, "2010-06-30": 112.538, "2010-03-31": "65.43600", "2009-12-31": -44.286, "2009-09-30": -49.148, "2009-06-30": 17.134, "2009-03-31": "-58.11700", "2008-12-31": 53.902, "2008-09-30": 41.049, "2008-06-30": 74.067, "2008-03-31": "29.05100", "2007-12-31": 20.709, "2007-09-30": 72.748, "2007-06-30": 117.209, "2007-03-31": "58.32000", "2006-12-31": -86.828, "2006-09-30": 33.402, "2006-06-30": 7.486, "2006-03-31": "13.28400", "2005-12-31": 50.02, "2005-09-30": 14.252, "2005-06-30": 63.444, "2005-03-31": "-9.42500"}, "Net Current Debt": {"2020-09-30": 0, "2020-06-30": 0, "2020-03-31": "", "2019-12-31": 0, "2019-09-30": 0, "2019-06-30": 0, "2019-03-31": "", "2018-12-31": 0, "2018-09-30": 0, "2018-06-30": 0, "2018-03-31": "", "2017-12-31": 0, "2017-09-30": 0, "2017-06-30": 0, "2017-03-31": "", "2016-12-31": 0, "2016-09-30": 0, "2016-06-30": 0, "2016-03-31": "", "2015-12-31": 0, "2015-09-30": 0, "2015-06-30": 0, "2015-03-31": "", "2014-12-31": 0, "2014-09-30": 0, "2014-06-30": 0, "2014-03-31": "", "2013-12-31": 0, "2013-09-30": 0, "2013-06-30": 0, "2013-03-31": "", "2012-12-31": 0, "2012-09-30": 0, "2012-06-30": 0, "2012-03-31": "", "2011-12-31": 0, "2011-09-30": 0, "2011-06-30": 0, "2011-03-31": "", "2010-12-31": 0, "2010-09-30": 0, "2010-06-30": 0, "2010-03-31": "", "2009-12-31": 0, "2009-09-30": 0, "2009-06-30": 0, "2009-03-31": "", "2008-12-31": 0, "2008-09-30": 0, "2008-06-30": 0, "2008-03-31": "", "2007-12-31": 0, "2007-09-30": 0, "2007-06-30": 0, "2007-03-31": "", "2006-12-31": 0, "2006-09-30": 0, "2006-06-30": 0, "2006-03-31": "", "2005-12-31": 0, "2005-09-30": 0, "2005-06-30": 0, "2005-03-31": ""}, "Debt Issuance/Retirement Net - Total": {"2020-09-30": 0, "2020-06-30": 0, "2020-03-31": "750.00000", "2019-12-31": 0, "2019-09-30": -108.585, "2019-06-30": 170, "2019-03-31": "33.85000", "2018-12-31": 30, "2018-09-30": -30, "2018-06-30": -140, "2018-03-31": "98.31600", "2017-12-31": 39.803, "2017-09-30": 194.871, "2017-06-30": 183.369, "2017-03-31": "129.66900", "2016-12-31": 247.483, "2016-09-30": 152.367, "2016-06-30": 101.47, "2016-03-31": "13.41400", "2015-12-31": -37.245, "2015-09-30": 91.59, "2015-06-30": 96.441, "2015-03-31": "202.81400", "2014-12-31": 24.313, "2014-09-30": -38.59, "2014-06-30": 75.752, "2014-03-31": "7.27200", "2013-12-31": -70.637, "2013-09-30": 51.549, "2013-06-30": 91.57, "2013-03-31": "21.05000", "2012-12-31": 30.829, "2012-09-30": 65.263, "2012-06-30": 47.665, "2012-03-31": "68.67200", "2011-12-31": 12.569, "2011-09-30": 98.924, "2011-06-30": -3.047, "2011-03-31": "-147.30500", "2010-12-31": -14.487, "2010-09-30": -9.756, "2010-06-30": 112.538, "2010-03-31": "65.43600", "2009-12-31": -44.286, "2009-09-30": -49.148, "2009-06-30": 17.134, "2009-03-31": "-58.11700", "2008-12-31": 53.902, "2008-09-30": 41.049, "2008-06-30": 74.067, "2008-03-31": "29.05100", "2007-12-31": 20.709, "2007-09-30": 72.748, "2007-06-30": 117.209, "2007-03-31": "58.32000", "2006-12-31": -86.828, "2006-09-30": 33.402, "2006-06-30": 7.486, "2006-03-31": "13.28400", "2005-12-31": 50.02, "2005-09-30": 14.252, "2005-06-30": 63.444, "2005-03-31": "-9.42500"}, "Net Common Equity Issued/Repurchased": {"2020-09-30": 0.125, "2020-06-30": -105.633, "2020-03-31": "-6.41700", "2019-12-31": 20.287, "2019-09-30": 53.67, "2019-06-30": 157.084, "2019-03-31": "64.82400", "2018-12-31": 0.221, "2018-09-30": 0.205, "2018-06-30": 0.187, "2018-03-31": "-6.81300", "2017-12-31": 30.517, "2017-09-30": 0.2, "2017-06-30": 0.211, "2017-03-31": "61.41200", "2016-12-31": 0.176, "2016-09-30": 0.17, "2016-06-30": 17.08, "2016-03-31": "120.99100", "2015-12-31": 90.398, "2015-09-30": 99.521, "2015-06-30": 0.116, "2015-03-31": "-8.09900", "2014-12-31": 0.15, "2014-09-30": 184.339, "2014-06-30": 0.09, "2014-03-31": "76.68700", "2013-12-31": 177.126, "2013-09-30": 38.52, "2013-06-30": 5.054, "2013-03-31": "-3.16100", "2012-12-31": 0.052, "2012-09-30": 0.023, "2012-06-30": 0.077, "2012-03-31": "-3.15300", "2011-12-31": 0.058, "2011-09-30": 0.05, "2011-06-30": 0.079, "2011-03-31": "-3.00400", "2010-12-31": 0.039, "2010-09-30": 0.04, "2010-06-30": 141.014, "2010-03-31": "-2.14100", "2009-12-31": 190.654, "2009-09-30": 49.904, "2009-06-30": 0.054, "2009-03-31": "43.15200", "2008-12-31": -0.012, "2008-09-30": 112.891, "2008-06-30": 111.264, "2008-03-31": "-0.70600", "2007-12-31": 73.986, "2007-09-30": 0.065, "2007-06-30": 0.203, "2007-03-31": "-1.25100", "2006-12-31": 0.203, "2006-09-30": 0.221, "2006-06-30": 0.214, "2006-03-31": "45.47000", "2005-12-31": 0.192, "2005-09-30": 0.226, "2005-06-30": 0.243, "2005-03-31": "-0.54000"}, "Net Total Equity Issued/Repurchased": {"2020-09-30": 0.125, "2020-06-30": -105.633, "2020-03-31": "-6.41700", "2019-12-31": 20.287, "2019-09-30": 53.67, "2019-06-30": 157.084, "2019-03-31": "64.82400", "2018-12-31": 0.221, "2018-09-30": 0.205, "2018-06-30": 0.187, "2018-03-31": "-6.81300", "2017-12-31": 49.982, "2017-09-30": 0.2, "2017-06-30": 0.211, "2017-03-31": "61.41200", "2016-12-31": 0.176, "2016-09-30": 0.17, "2016-06-30": 17.08, "2016-03-31": "120.99100", "2015-12-31": 90.398, "2015-09-30": 99.521, "2015-06-30": 0.116, "2015-03-31": "-8.09900", "2014-12-31": 0.15, "2014-09-30": 184.339, "2014-06-30": 0.09, "2014-03-31": "76.68700", "2013-12-31": 177.126, "2013-09-30": 38.52, "2013-06-30": 5.054, "2013-03-31": "-3.16100", "2012-12-31": 5.606, "2012-09-30": 0.023, "2012-06-30": 0.077, "2012-03-31": "-3.15300", "2011-12-31": 0.058, "2011-09-30": -79.98, "2011-06-30": 0.079, "2011-03-31": "-3.00400", "2010-12-31": 0.039, "2010-09-30": 0.04, "2010-06-30": 141.014, "2010-03-31": "-2.14100", "2009-12-31": 190.654, "2009-09-30": 49.904, "2009-06-30": 0.054, "2009-03-31": "43.15200", "2008-12-31": -0.012, "2008-09-30": 112.891, "2008-06-30": 194.702, "2008-03-31": "-0.70600", "2007-12-31": 73.986, "2007-09-30": 0.065, "2007-06-30": 53.792, "2007-03-31": "-1.25100", "2006-12-31": 131.003, "2006-09-30": 0.221, "2006-06-30": 0.214, "2006-03-31": "45.47000", "2005-12-31": 0.192, "2005-09-30": 0.226, "2005-06-30": 0.243, "2005-03-31": "76.72100"}, "Total Common And Preferred Stock Dividends Paid": {"2020-09-30": -6.034, "2020-06-30": -66.089, "2020-03-31": "-94.30300", "2019-12-31": -94.13, "2019-09-30": -93.198, "2019-06-30": -91.241, "2019-03-31": "-88.74800", "2018-12-31": -86.241, "2018-09-30": -86.243, "2018-06-30": -86.218, "2018-03-31": "-83.61300", "2017-12-31": -82.86, "2017-09-30": -81.016, "2017-06-30": -77.989, "2017-03-31": "-69.85600", "2016-12-31": -66.984, "2016-09-30": -66.977, "2016-06-30": -66.878, "2016-03-31": "-64.82300", "2015-12-31": -60.147, "2015-09-30": -58.326, "2015-06-30": -57.804, "2015-03-31": "-56.79600", "2014-12-31": -54.763, "2014-09-30": -51.625, "2014-06-30": -51.611, "2014-03-31": "-49.63800", "2013-12-31": -45.729, "2013-09-30": -43.226, "2013-06-30": -67.823, "2013-03-31": "-41.14600", "2012-12-31": -41.919, "2012-09-30": -41.092, "2012-06-30": -41.083, "2012-03-31": "-38.68100", "2011-12-31": -38.68, "2011-09-30": -41.213, "2011-06-30": -40.173, "2011-03-31": "-37.77800", "2010-12-31": -37.786, "2010-09-30": -37.747, "2010-06-30": -35.398, "2010-03-31": "-35.39300", "2009-12-31": -31.287, "2009-09-30": -30.31, "2009-06-30": -30.28, "2009-03-31": "-35.23900", "2008-12-31": -35.646, "2008-09-30": -33.569, "2008-06-30": -29.397, "2008-03-31": "-26.95500", "2007-12-31": -25.887, "2007-09-30": -24.617, "2007-06-30": -26.004, "2007-03-31": "-21.44700", "2006-12-31": -21.412, "2006-09-30": -21.372, "2006-06-30": -21.165, "2006-03-31": "-18.81900", "2005-12-31": -18.948, "2005-09-30": -18.879, "2005-06-30": -18.446, "2005-03-31": "-15.66300"}, "Financial Activities - Other": {"2020-09-30": -0.085, "2020-06-30": -3.636, "2020-03-31": "-0.04300", "2019-12-31": -0.043, "2019-09-30": -45.985, "2019-06-30": -0.236, "2019-03-31": "-0.77200", "2018-12-31": -0.055, "2018-09-30": -0.092, "2018-06-30": -8.519, "2018-03-31": "-28.68800", "2017-12-31": -0.116, "2017-09-30": -7.166, "2017-06-30": -6.876, "2017-03-31": "-0.17200", "2016-12-31": -12.109, "2016-09-30": -2.888, "2016-06-30": -0.215, "2016-03-31": "-1.14300", "2015-12-31": -0.297, "2015-09-30": -3.255, "2015-06-30": -3.978, "2015-03-31": "-2.91100", "2014-12-31": 0.046, "2014-09-30": -0.177, "2014-06-30": -0.188, "2014-03-31": "-0.47000", "2013-12-31": -0.027, "2013-09-30": -2.755, "2013-06-30": -9.435, "2013-03-31": "-0.75900", "2012-12-31": -1.656, "2012-09-30": -3.739, "2012-06-30": -0.249, "2012-03-31": "-2.33200", "2011-12-31": -2.846, "2011-09-30": 1.397, "2011-06-30": -0.315, "2011-03-31": "-1.11800", "2010-12-31": 0.442, "2010-09-30": -1.544, "2010-06-30": -110.777, "2010-03-31": "93.47500", "2009-12-31": -1.181, "2009-09-30": -0.312, "2009-06-30": -4.762, "2009-03-31": "-0.31800", "2008-12-31": 3.283, "2008-09-30": -0.583, "2008-06-30": 0.079, "2008-03-31": "-0.96000", "2007-12-31": -1.136, "2007-09-30": -0.149, "2007-06-30": -1.022, "2007-03-31": "-0.97700", "2006-12-31": -0.137, "2006-09-30": -0.27, "2006-06-30": -0.383, "2006-03-31": "-2.11400", "2005-12-31": -0.933, "2005-09-30": -0.723, "2005-06-30": -1.387, "2005-03-31": "-0.02300"}, "Cash Flow From Financial Activities": {"2020-09-30": -5.994, "2020-06-30": -175.358, "2020-03-31": "649.23700", "2019-12-31": -73.886, "2019-09-30": -194.098, "2019-06-30": 235.607, "2019-03-31": "9.15400", "2018-12-31": -56.075, "2018-09-30": -116.13, "2018-06-30": -234.55, "2018-03-31": "-20.79800", "2017-12-31": 6.809, "2017-09-30": 106.889, "2017-06-30": 98.715, "2017-03-31": "121.05300", "2016-12-31": 168.566, "2016-09-30": 82.672, "2016-06-30": 51.457, "2016-03-31": "68.43900", "2015-12-31": -7.291, "2015-09-30": 129.53, "2015-06-30": 34.775, "2015-03-31": "135.00800", "2014-12-31": -30.254, "2014-09-30": 93.947, "2014-06-30": 24.043, "2014-03-31": "33.85100", "2013-12-31": 60.733, "2013-09-30": 44.088, "2013-06-30": 19.366, "2013-03-31": "-24.01600", "2012-12-31": -7.14, "2012-09-30": 20.455, "2012-06-30": 6.41, "2012-03-31": "24.50600", "2011-12-31": -28.899, "2011-09-30": -20.872, "2011-06-30": -43.456, "2011-03-31": "-189.20500", "2010-12-31": -51.792, "2010-09-30": -49.007, "2010-06-30": 107.377, "2010-03-31": "121.37700", "2009-12-31": 113.9, "2009-09-30": -29.866, "2009-06-30": -17.854, "2009-03-31": "-50.52200", "2008-12-31": 21.527, "2008-09-30": 119.788, "2008-06-30": 239.451, "2008-03-31": "0.43000", "2007-12-31": 67.672, "2007-09-30": 48.047, "2007-06-30": 143.975, "2007-03-31": "34.64500", "2006-12-31": 22.626, "2006-09-30": 11.981, "2006-06-30": -13.848, "2006-03-31": "37.82100", "2005-12-31": 30.331, "2005-09-30": -5.124, "2005-06-30": 43.854, "2005-03-31": "51.61000"}, "Net Cash Flow": {"2020-09-30": -21.8, "2020-06-30": -220.109, "2020-03-31": "698.26500", "2019-12-31": 409.672, "2019-09-30": 109.831, "2019-06-30": -10.345, "2019-03-31": "3.77500", "2018-12-31": -77.677, "2018-09-30": 81.884, "2018-06-30": -25.854, "2018-03-31": "-18.83200", "2017-12-31": 23.251, "2017-09-30": -59.392, "2017-06-30": 52.158, "2017-03-31": "13.89000", "2016-12-31": 11.19, "2016-09-30": -1.151, "2016-06-30": -2.518, "2016-03-31": "6.69700", "2015-12-31": -10.331, "2015-09-30": 8.468, "2015-06-30": -96.06, "2015-03-31": "98.87000", "2014-12-31": -5.05, "2014-09-30": -5.203, "2014-06-30": -6.817, "2014-03-31": "12.44800", "2013-12-31": -16.183, "2013-09-30": 4.111, "2013-06-30": 8.267, "2013-03-31": "1.09900", "2012-12-31": -14.343, "2012-09-30": 12.268, "2012-06-30": 1.265, "2012-03-31": "-3.15100", "2011-12-31": 0.323, "2011-09-30": -1.438, "2011-06-30": 0.576, "2011-03-31": "3.38800", "2010-12-31": -3.084, "2010-09-30": -5.284, "2010-06-30": -0.885, "2010-03-31": "-2.10900", "2009-12-31": 11.942, "2009-09-30": -5.006, "2009-06-30": 2.698, "2009-03-31": "-36.57800", "2008-12-31": 38.957, "2008-09-30": -1.076, "2008-06-30": 1.63, "2008-03-31": "-4.59900", "2007-12-31": 4.412, "2007-09-30": 1.821, "2007-06-30": 2.182, "2007-03-31": "-2.65900", "2006-12-31": 1.739, "2006-09-30": 0.198, "2006-06-30": 1.689, "2006-03-31": "-0.75800", "2005-12-31": -1.818, "2005-09-30": 1.15, "2005-06-30": -0.812, "2005-03-31": "-3.22900"}, "Stock-Based Compensation": {"2020-09-30": 3.41, "2020-06-30": 3.463, "2020-03-31": "3.50900", "2019-12-31": -10.353, "2019-09-30": 3.79, "2019-06-30": 3.283, "2019-03-31": "3.28000", "2018-12-31": -11.295, "2018-09-30": 3.687, "2018-06-30": 3.817, "2018-03-31": "3.79100", "2017-12-31": -10.566, "2017-09-30": 3.605, "2017-06-30": 3.503, "2017-03-31": "3.45800", "2016-12-31": 2.882, "2016-09-30": 2.778, "2016-06-30": 2.739, "2016-03-31": "2.76500", "2015-12-31": 2.29, "2015-09-30": 2.161, "2015-06-30": 2.085, "2015-03-31": "8.34900", "2014-12-31": 1.918, "2014-09-30": 2.313, "2014-06-30": 2.343, "2014-03-31": "2.32800", "2013-12-31": 1.691, "2013-09-30": 1.659, "2013-06-30": 1.618, "2013-03-31": "1.54800", "2012-12-31": 1.417, "2012-09-30": 1.418, "2012-06-30": 1.534, "2012-03-31": "1.46400", "2011-12-31": 1.399, "2011-09-30": 1.37, "2011-06-30": 1.474, "2011-03-31": "1.36700", "2010-12-31": 1.188, "2010-09-30": 1.188, "2010-06-30": 1.171, "2010-03-31": "1.16300", "2009-12-31": 1.069, "2009-09-30": 1.083, "2009-06-30": 1.078, "2009-03-31": "1.07700", "2008-12-31": 0.99, "2008-09-30": 0.988, "2008-06-30": 0.991, "2008-03-31": "0.99600", "2007-12-31": 0.826, "2007-09-30": 0.826, "2007-06-30": 0.816, "2007-03-31": "0.78100", "2006-12-31": 0.413, "2006-09-30": 0.414, "2006-06-30": 3.376, "2006-03-31": "0.66600", "2005-12-31": 0.491, "2005-09-30": 0.536, "2005-06-30": 0.447, "2005-03-31": "0.48300"}, "Common Stock Dividends Paid": {"2020-09-30": -6.034, "2020-06-30": -66.089, "2020-03-31": "-94.30300", "2019-12-31": -94.13, "2019-09-30": -93.198, "2019-06-30": -91.241, "2019-03-31": "-88.74800", "2018-12-31": -86.241, "2018-09-30": -86.243, "2018-06-30": -86.218, "2018-03-31": "-83.61300", "2017-12-31": -82.86, "2017-09-30": -81.016, "2017-06-30": -77.989, "2017-03-31": "-69.85600", "2016-12-31": -66.984, "2016-09-30": -66.977, "2016-06-30": -66.878, "2016-03-31": "-64.82300", "2015-12-31": -60.147, "2015-09-30": -58.326, "2015-06-30": -57.804, "2015-03-31": "-56.79600", "2014-12-31": -54.763, "2014-09-30": -51.625, "2014-06-30": -51.611, "2014-03-31": "-49.63800", "2013-12-31": -45.729, "2013-09-30": -43.226, "2013-06-30": -67.823, "2013-03-31": "-41.14600", "2012-12-31": -41.919, "2012-09-30": -41.092, "2012-06-30": -41.083, "2012-03-31": "-38.68100", "2011-12-31": -38.68, "2011-09-30": -41.213, "2011-06-30": -40.173, "2011-03-31": "-37.77800", "2010-12-31": -37.786, "2010-09-30": -37.747, "2010-06-30": -35.398, "2010-03-31": "-35.39300", "2009-12-31": -31.287, "2009-09-30": -30.31, "2009-06-30": -30.28, "2009-03-31": "-35.23900", "2008-12-31": -35.646, "2008-09-30": -33.569, "2008-06-30": -29.397, "2008-03-31": "-26.95500", "2007-12-31": -25.887, "2007-09-30": -24.617, "2007-06-30": -26.004, "2007-03-31": "-21.44700", "2006-12-31": -21.412, "2006-09-30": -21.372, "2006-06-30": -21.165, "2006-03-31": "-18.81900", "2005-12-31": -18.948, "2005-09-30": -18.879, "2005-06-30": -18.446, "2005-03-31": "-15.66300"}}, "financial ratios": {"Current Ratio": {"2019-12-31": "", "2018-12-31": "", "2017-12-31": "", "2016-12-31": "", "2015-12-31": "", "2014-12-31": "", "2013-12-31": "", "2012-12-31": "", "2011-12-31": "", "2010-12-31": "", "2009-12-31": "", "2008-12-31": "", "2007-12-31": "", "2006-12-31": "", "2005-12-31": ""}, "Long-term Debt / Capital": {"2019-12-31": "0.50790", "2018-12-31": "0.51030", "2017-12-31": "0.50850", "2016-12-31": "0.53210", "2015-12-31": "0.48870", "2014-12-31": "0.45830", "2013-12-31": "0.46640", "2012-12-31": "0.48390", "2011-12-31": "0.43520", "2010-12-31": "0.42200", "2009-12-31": "0.43740", "2008-12-31": "0.49410", "2007-12-31": "0.51760", "2006-12-31": "0.44200", "2005-12-31": "0.51740"}, "Debt/Equity Ratio": {"2019-12-31": "1.03230", "2018-12-31": "1.04220", "2017-12-31": "1.03470", "2016-12-31": "1.13710", "2015-12-31": "0.95570", "2014-12-31": "0.84600", "2013-12-31": "0.87400", "2012-12-31": "0.93760", "2011-12-31": "0.77050", "2010-12-31": "0.73020", "2009-12-31": "0.77760", "2008-12-31": "0.97660", "2007-12-31": "1.07280", "2006-12-31": "0.79200", "2005-12-31": "1.07230"}, "Gross Margin": {"2019-12-31": "", "2018-12-31": "", "2017-12-31": "", "2016-12-31": "", "2015-12-31": "", "2014-12-31": "", "2013-12-31": "", "2012-12-31": "", "2011-12-31": "", "2010-12-31": "", "2009-12-31": "", "2008-12-31": "", "2007-12-31": "", "2006-12-31": "", "2005-12-31": ""}, "Operating Margin": {"2019-12-31": "44.43920", "2018-12-31": "54.94010", "2017-12-31": "61.35920", "2016-12-31": "64.21700", "2015-12-31": "59.36390", "2014-12-31": "67.14640", "2013-12-31": "66.66690", "2012-12-31": "68.44940", "2011-12-31": "67.61300", "2010-12-31": "65.28630", "2009-12-31": "38.69120", "2008-12-31": "70.80940", "2007-12-31": "67.06190", "2006-12-31": "67.84800", "2005-12-31": "69.35730"}, "EBIT Margin": {"2019-12-31": "44.43920", "2018-12-31": "54.94010", "2017-12-31": "61.35920", "2016-12-31": "64.21700", "2015-12-31": "59.36390", "2014-12-31": "67.14640", "2013-12-31": "66.66690", "2012-12-31": "68.44940", "2011-12-31": "67.61300", "2010-12-31": "65.28630", "2009-12-31": "38.69120", "2008-12-31": "70.80940", "2007-12-31": "67.06190", "2006-12-31": "67.84800", "2005-12-31": "69.35730"}, "EBITDA Margin": {"2019-12-31": "71.68160", "2018-12-31": "79.73160", "2017-12-31": "88.17780", "2016-12-31": "87.03400", "2015-12-31": "81.78510", "2014-12-31": "85.63200", "2013-12-31": "83.58350", "2012-12-31": "84.47050", "2011-12-31": "83.54490", "2010-12-31": "82.07410", "2009-12-31": "56.27460", "2008-12-31": "86.44120", "2007-12-31": "84.17760", "2006-12-31": "85.07150", "2005-12-31": "87.93840"}, "Pre-Tax Profit Margin": {"2019-12-31": "23.24050", "2018-12-31": "35.04060", "2017-12-31": "43.90470", "2016-12-31": "45.72500", "2015-12-31": "46.27250", "2014-12-31": "46.74190", "2013-12-31": "47.06440", "2012-12-31": "44.65160", "2011-12-31": "44.30250", "2010-12-31": "41.17580", "2009-12-31": "13.47090", "2008-12-31": "47.05770", "2007-12-31": "41.38230", "2006-12-31": "41.11870", "2005-12-31": "41.18010"}, "Net Profit Margin": {"2019-12-31": "27.31830", "2018-12-31": "37.94860", "2017-12-31": "45.18790", "2016-12-31": "40.78650", "2015-12-31": "40.55090", "2014-12-31": "40.46890", "2013-12-31": "45.59500", "2012-12-31": "29.31340", "2011-12-31": "28.71550", "2010-12-31": "29.93410", "2009-12-31": "-8.66180", "2008-12-31": "37.75260", "2007-12-31": "34.48470", "2006-12-31": "35.96040", "2005-12-31": "34.79320"}, "Asset Turnover": {"2019-12-31": "0.09910", "2018-12-31": "0.10440", "2017-12-31": "0.08370", "2016-12-31": "0.10140", "2015-12-31": "0.09980", "2014-12-31": "0.10450", "2013-12-31": "0.10480", "2012-12-31": "0.10790", "2011-12-31": "0.10740", "2010-12-31": "0.09680", "2009-12-31": "0.09560", "2008-12-31": "0.10230", "2007-12-31": "0.10850", "2006-12-31": "0.12470", "2005-12-31": "0.11730"}, "Inventory Turnover Ratio": {"2019-12-31": "", "2018-12-31": "", "2017-12-31": "", "2016-12-31": "", "2015-12-31": "", "2014-12-31": "", "2013-12-31": "", "2012-12-31": "", "2011-12-31": "", "2010-12-31": "", "2009-12-31": "", "2008-12-31": "", "2007-12-31": "", "2006-12-31": "", "2005-12-31": ""}, "Receiveable Turnover": {"2019-12-31": "", "2018-12-31": "", "2017-12-31": "", "2016-12-31": "", "2015-12-31": "", "2014-12-31": "", "2013-12-31": "", "2012-12-31": "", "2011-12-31": "", "2010-12-31": "", "2009-12-31": "", "2008-12-31": "", "2007-12-31": "", "2006-12-31": "", "2005-12-31": ""}, "Days Sales In Receivables": {"2019-12-31": "", "2018-12-31": "", "2017-12-31": "", "2016-12-31": "", "2015-12-31": "", "2014-12-31": "", "2013-12-31": "", "2012-12-31": "", "2011-12-31": "", "2010-12-31": "", "2009-12-31": "", "2008-12-31": "", "2007-12-31": "", "2006-12-31": "", "2005-12-31": ""}, "ROE - Return On Equity": {"2019-12-31": "5.14220", "2018-12-31": "7.74720", "2017-12-31": "7.69230", "2016-12-31": "10.29310", "2015-12-31": "9.37120", "2014-12-31": "9.12360", "2013-12-31": "10.40580", "2012-12-31": "9.72120", "2011-12-31": "8.68430", "2010-12-31": "7.14030", "2009-12-31": "2.35210", "2008-12-31": "9.96070", "2007-12-31": "9.84510", "2006-12-31": "9.57560", "2005-12-31": "10.35380"}, "Return On Tangible Equity": {"2019-12-31": "5.14190", "2018-12-31": "7.74680", "2017-12-31": "7.69190", "2016-12-31": "10.29240", "2015-12-31": "9.37060", "2014-12-31": "9.12290", "2013-12-31": "10.40500", "2012-12-31": "9.72030", "2011-12-31": "8.68350", "2010-12-31": "7.29910", "2009-12-31": "2.36270", "2008-12-31": "10.05590", "2007-12-31": "10.00790", "2006-12-31": "9.68070", "2005-12-31": "10.51800"}, "ROA - Return On Assets": {"2019-12-31": "2.34980", "2018-12-31": "3.61980", "2017-12-31": "3.63670", "2016-12-31": "4.62450", "2015-12-31": "4.60800", "2014-12-31": "4.76770", "2013-12-31": "5.36740", "2012-12-31": "4.81570", "2011-12-31": "4.75820", "2010-12-31": "3.98390", "2009-12-31": "1.28790", "2008-12-31": "4.88780", "2007-12-31": "4.56870", "2006-12-31": "5.19570", "2005-12-31": "4.87880"}, "ROI - Return On Investment": {"2019-12-31": "2.53010", "2018-12-31": "3.79330", "2017-12-31": "3.78040", "2016-12-31": "4.81600", "2015-12-31": "4.79150", "2014-12-31": "4.94210", "2013-12-31": "5.55220", "2012-12-31": "5.01660", "2011-12-31": "4.90450", "2010-12-31": "4.12640", "2009-12-31": "1.32310", "2008-12-31": "5.03870", "2007-12-31": "4.74900", "2006-12-31": "5.34290", "2005-12-31": "4.99590"}, "Book Value Per Share": {"2019-12-31": "38.30860", "2018-12-31": "38.53530", "2017-12-31": "38.08700", "2016-12-31": "32.98830", "2015-12-31": "34.09680", "2014-12-31": "33.72350", "2013-12-31": "32.67860", "2012-12-31": "31.13650", "2011-12-31": "32.06080", "2010-12-31": "35.04840", "2009-12-31": "34.22370", "2008-12-31": "39.32140", "2007-12-31": "35.88720", "2006-12-31": "32.20340", "2005-12-31": "26.41070"}, "Operating Cash Flow Per Share": {"2019-12-31": -0.7909, "2018-12-31": 0.9258, "2017-12-31": 0.7787, "2016-12-31": 0.0368, "2015-12-31": 0.1767, "2014-12-31": -0.2586, "2013-12-31": 0.4468, "2012-12-31": 0.2319, "2011-12-31": 0.2173, "2010-12-31": -0.1471, "2009-12-31": -0.5842, "2008-12-31": -0.1282, "2007-12-31": 0.8221, "2006-12-31": 0.2573, "2005-12-31": 3.74}, "Free Cash Flow Per Share": {"2019-12-31": -0.3277, "2018-12-31": 3.2894, "2017-12-31": 2.0892, "2016-12-31": -0.2758, "2015-12-31": -1.6176, "2014-12-31": -1.1121, "2013-12-31": -2.2197, "2012-12-31": -1.3693, "2011-12-31": 0.8338, "2010-12-31": 1.1393, "2009-12-31": 0.8413, "2008-12-31": -1.6947, "2007-12-31": 1.755, "2006-12-31": 2.3786, "2005-12-31": -3.4449}}, "financial ratios, quarterly": {"Current Ratio": {"2020-09-30": "", "2020-06-30": "", "2020-03-31": "", "2019-12-31": "", "2019-09-30": "", "2019-06-30": "", "2019-03-31": "", "2018-12-31": "", "2018-09-30": "", "2018-06-30": "", "2018-03-31": "", "2017-12-31": "", "2017-09-30": "", "2017-06-30": "", "2017-03-31": "", "2016-12-31": "", "2016-09-30": "", "2016-06-30": "", "2016-03-31": "", "2015-12-31": "", "2015-09-30": "", "2015-06-30": "", "2015-03-31": "", "2014-12-31": "", "2014-09-30": "", "2014-06-30": "", "2014-03-31": "", "2013-12-31": "", "2013-09-30": "", "2013-06-30": "", "2013-03-31": "", "2012-12-31": "", "2012-09-30": "", "2012-06-30": "", "2012-03-31": "", "2011-12-31": "", "2011-09-30": "", "2011-06-30": "", "2011-03-31": "", "2010-12-31": "", "2010-09-30": "", "2010-06-30": "", "2010-03-31": "", "2009-12-31": "", "2009-09-30": "", "2009-06-30": "", "2009-03-31": "", "2008-12-31": "", "2008-09-30": "", "2008-06-30": "", "2008-03-31": "", "2007-12-31": "", "2007-09-30": "", "2007-06-30": "", "2007-03-31": "", "2006-12-31": "", "2006-09-30": "", "2006-06-30": "", "2006-03-31": "", "2005-12-31": "", "2005-09-30": "", "2005-06-30": "", "2005-03-31": ""}, "Long-term Debt / Capital": {"2020-09-30": "0.59260", "2020-06-30": "0.58480", "2020-03-31": "0.56760", "2019-12-31": "0.50790", "2019-09-30": "0.50500", "2019-06-30": "0.51370", "2019-03-31": "0.51120", "2018-12-31": "0.51030", "2018-09-30": "0.50490", "2018-06-30": "0.50830", "2018-03-31": "0.52130", "2017-12-31": "0.50850", "2017-09-30": "0.50850", "2017-06-30": "0.49050", "2017-03-31": "0.53880", "2016-12-31": "0.53210", "2016-09-30": "0.50670", "2016-06-30": "0.48880", "2016-03-31": "0.47720", "2015-12-31": "0.48870", "2015-09-30": "0.50600", "2015-06-30": "0.50570", "2015-03-31": "0.49200", "2014-12-31": "0.45830", "2014-09-30": "0.45680", "2014-06-30": "0.48650", "2014-03-31": "0.45720", "2013-12-31": "0.46640", "2013-09-30": "0.50860", "2013-06-30": "0.50340", "2013-03-31": "0.48700", "2012-12-31": "0.48390", "2012-09-30": "0.47720", "2012-06-30": "0.46320", "2012-03-31": "0.45320", "2011-12-31": "0.43520", "2011-09-30": "0.43210", "2011-06-30": "0.39860", "2011-03-31": "0.39350", "2010-12-31": "0.42200", "2010-09-30": "0.42530", "2010-06-30": "0.42760", "2010-03-31": "0.47180", "2009-12-31": "0.43740", "2009-09-30": "0.47720", "2009-06-30": "0.47650", "2009-03-31": "0.47330", "2008-12-31": "0.49410", "2008-09-30": "0.48170", "2008-06-30": "0.49660", "2008-03-31": "0.52490", "2007-12-31": "0.51760", "2007-09-30": "0.53290", "2007-06-30": "0.51530", "2007-03-31": "0.46300", "2006-12-31": "0.44200", "2006-09-30": "0.51590", "2006-06-30": "0.50470", "2006-03-31": "0.50410", "2005-12-31": "0.51740", "2005-09-30": "0.49930", "2005-06-30": "0.49430", "2005-03-31": "0.46820"}, "Debt/Equity Ratio": {"2020-09-30": "1.45460", "2020-06-30": "1.40850", "2020-03-31": "1.31250", "2019-12-31": "1.03230", "2019-09-30": "1.02000", "2019-06-30": "1.05640", "2019-03-31": "1.04560", "2018-12-31": "1.04220", "2018-09-30": "1.01990", "2018-06-30": "1.03400", "2018-03-31": "1.08900", "2017-12-31": "1.03470", "2017-09-30": "1.03450", "2017-06-30": "0.96260", "2017-03-31": "1.16830", "2016-12-31": "1.13710", "2016-09-30": "1.02700", "2016-06-30": "0.95610", "2016-03-31": "0.91270", "2015-12-31": "0.95570", "2015-09-30": "1.02430", "2015-06-30": "1.02300", "2015-03-31": "0.96850", "2014-12-31": "0.84600", "2014-09-30": "0.84100", "2014-06-30": "0.94740", "2014-03-31": "0.84210", "2013-12-31": "0.87400", "2013-09-30": "1.03520", "2013-06-30": "1.01380", "2013-03-31": "0.94920", "2012-12-31": "0.93760", "2012-09-30": "0.91290", "2012-06-30": "0.86290", "2012-03-31": "0.82880", "2011-12-31": "0.77050", "2011-09-30": "0.76090", "2011-06-30": "0.66280", "2011-03-31": "0.64870", "2010-12-31": "0.73020", "2010-09-30": "0.74010", "2010-06-30": "0.74700", "2010-03-31": "0.89330", "2009-12-31": "0.77760", "2009-09-30": "0.91280", "2009-06-30": "0.91040", "2009-03-31": "0.89860", "2008-12-31": "0.97660", "2008-09-30": "0.92950", "2008-06-30": "0.98660", "2008-03-31": "1.10480", "2007-12-31": "1.07280", "2007-09-30": "1.14090", "2007-06-30": "1.06310", "2007-03-31": "0.86230", "2006-12-31": "0.79200", "2006-09-30": "1.06570", "2006-06-30": "1.01910", "2006-03-31": "1.01640", "2005-12-31": "1.07230", "2005-09-30": "0.99740", "2005-06-30": "0.97730", "2005-03-31": "0.88050"}, "Gross Margin": {"2020-09-30": "", "2020-06-30": "", "2020-03-31": "", "2019-12-31": "", "2019-09-30": "", "2019-06-30": "", "2019-03-31": "", "2018-12-31": "", "2018-09-30": "", "2018-06-30": "", "2018-03-31": "", "2017-12-31": "", "2017-09-30": "", "2017-06-30": "", "2017-03-31": "", "2016-12-31": "", "2016-09-30": "", "2016-06-30": "", "2016-03-31": "", "2015-12-31": "", "2015-09-30": "", "2015-06-30": "", "2015-03-31": "", "2014-12-31": "", "2014-09-30": "", "2014-06-30": "", "2014-03-31": "", "2013-12-31": "", "2013-09-30": "", "2013-06-30": "", "2013-03-31": "", "2012-12-31": "", "2012-09-30": "", "2012-06-30": "", "2012-03-31": "", "2011-12-31": "", "2011-09-30": "", "2011-06-30": "", "2011-03-31": "", "2010-12-31": "", "2010-09-30": "", "2010-06-30": "", "2010-03-31": "", "2009-12-31": "", "2009-09-30": "", "2009-06-30": "", "2009-03-31": "", "2008-12-31": "", "2008-09-30": "", "2008-06-30": "", "2008-03-31": "", "2007-12-31": "", "2007-09-30": "", "2007-06-30": "", "2007-03-31": "", "2006-12-31": "", "2006-09-30": "", "2006-06-30": "", "2006-03-31": "", "2005-12-31": "", "2005-09-30": "", "2005-06-30": "", "2005-03-31": ""}, "Operating Margin": {"2020-09-30": "-38.66650", "2020-06-30": "-19.73300", "2020-03-31": "47.22800", "2019-12-31": "48.39210", "2019-09-30": "26.25590", "2019-06-30": "50.14780", "2019-03-31": "54.28990", "2018-12-31": "24.68750", "2018-09-30": "66.98920", "2018-06-30": "70.22580", "2018-03-31": "41.84350", "2017-12-31": "55.85760", "2017-09-30": "63.87380", "2017-06-30": "59.19530", "2017-03-31": "64.72370", "2016-12-31": "63.70280", "2016-09-30": "63.95270", "2016-06-30": "64.35320", "2016-03-31": "64.92740", "2015-12-31": "64.59440", "2015-09-30": "65.38700", "2015-06-30": "60.24310", "2015-03-31": "46.01550", "2014-12-31": "68.57330", "2014-09-30": "65.07730", "2014-06-30": "67.75690", "2014-03-31": "67.13450", "2013-12-31": "68.00380", "2013-09-30": "69.00310", "2013-06-30": "61.94060", "2013-03-31": "67.47960", "2012-12-31": "71.82470", "2012-09-30": "70.23130", "2012-06-30": "69.29440", "2012-03-31": "62.11590", "2011-12-31": "111.43810", "2011-09-30": "69.57780", "2011-06-30": "34.80390", "2011-03-31": "57.30120", "2010-12-31": "71.60300", "2010-09-30": "69.99920", "2010-06-30": "53.17610", "2010-03-31": "66.52870", "2009-12-31": "57.98000", "2009-09-30": "-31.84740", "2009-06-30": "68.40970", "2009-03-31": "61.93480", "2008-12-31": "79.18090", "2008-09-30": "70.74950", "2008-06-30": "69.15130", "2008-03-31": "65.00400", "2007-12-31": "65.27390", "2007-09-30": "67.90660", "2007-06-30": "68.09180", "2007-03-31": "67.18330", "2006-12-31": "100.60680", "2006-09-30": "42.20160", "2006-06-30": "63.44350", "2006-03-31": "64.38220", "2005-12-31": "74.73240", "2005-09-30": "68.46380", "2005-06-30": "67.13350", "2005-03-31": "66.31260"}, "EBIT Margin": {"2020-09-30": "-38.66650", "2020-06-30": "-19.73300", "2020-03-31": "47.22800", "2019-12-31": "48.39210", "2019-09-30": "26.25590", "2019-06-30": "50.14780", "2019-03-31": "54.28990", "2018-12-31": "24.68750", "2018-09-30": "66.98920", "2018-06-30": "70.22580", "2018-03-31": "41.84350", "2017-12-31": "55.85750", "2017-09-30": "63.87380", "2017-06-30": "59.19530", "2017-03-31": "64.72370", "2016-12-31": "63.70280", "2016-09-30": "63.95270", "2016-06-30": "64.35320", "2016-03-31": "64.92740", "2015-12-31": "64.59440", "2015-09-30": "65.38700", "2015-06-30": "60.24310", "2015-03-31": "46.01550", "2014-12-31": "68.57330", "2014-09-30": "65.07730", "2014-06-30": "67.75690", "2014-03-31": "67.13450", "2013-12-31": "68.00380", "2013-09-30": "69.00310", "2013-06-30": "61.94060", "2013-03-31": "67.47960", "2012-12-31": "71.82470", "2012-09-30": "70.23130", "2012-06-30": "69.29440", "2012-03-31": "62.11590", "2011-12-31": "111.43810", "2011-09-30": "69.57780", "2011-06-30": "34.80390", "2011-03-31": "57.30120", "2010-12-31": "71.60300", "2010-09-30": "69.99920", "2010-06-30": "53.17610", "2010-03-31": "66.52870", "2009-12-31": "57.98000", "2009-09-30": "-31.84740", "2009-06-30": "68.40970", "2009-03-31": "61.93480", "2008-12-31": "79.18090", "2008-09-30": "70.74950", "2008-06-30": "69.15130", "2008-03-31": "65.00400", "2007-12-31": "65.27380", "2007-09-30": "67.90660", "2007-06-30": "68.09180", "2007-03-31": "67.18330", "2006-12-31": "100.60670", "2006-09-30": "42.20160", "2006-06-30": "63.44350", "2006-03-31": "64.38220", "2005-12-31": "74.73240", "2005-09-30": "68.46380", "2005-06-30": "67.13350", "2005-03-31": "66.31260"}, "EBITDA Margin": {"2020-09-30": "", "2020-06-30": "", "2020-03-31": "", "2019-12-31": "", "2019-09-30": "", "2019-06-30": "", "2019-03-31": "", "2018-12-31": "", "2018-09-30": "", "2018-06-30": "", "2018-03-31": "", "2017-12-31": "", "2017-09-30": "", "2017-06-30": "", "2017-03-31": "", "2016-12-31": "", "2016-09-30": "", "2016-06-30": "", "2016-03-31": "", "2015-12-31": "", "2015-09-30": "", "2015-06-30": "", "2015-03-31": "", "2014-12-31": "", "2014-09-30": "", "2014-06-30": "", "2014-03-31": "", "2013-12-31": "", "2013-09-30": "", "2013-06-30": "", "2013-03-31": "", "2012-12-31": "", "2012-09-30": "", "2012-06-30": "", "2012-03-31": "", "2011-12-31": "", "2011-09-30": "", "2011-06-30": "", "2011-03-31": "", "2010-12-31": "", "2010-09-30": "", "2010-06-30": "", "2010-03-31": "", "2009-12-31": "", "2009-09-30": "", "2009-06-30": "", "2009-03-31": "", "2008-12-31": "", "2008-09-30": "", "2008-06-30": "", "2008-03-31": "", "2007-12-31": "", "2007-09-30": "", "2007-06-30": "", "2007-03-31": "", "2006-12-31": "", "2006-09-30": "", "2006-06-30": "", "2006-03-31": "", "2005-12-31": "", "2005-09-30": "", "2005-06-30": "", "2005-03-31": ""}, "Pre-Tax Profit Margin": {"2020-09-30": "-105.65150", "2020-06-30": "-60.43340", "2020-03-31": "24.08220", "2019-12-31": "29.54690", "2019-09-30": "4.84720", "2019-06-30": "27.89720", "2019-03-31": "31.79430", "2018-12-31": "8.61400", "2018-09-30": "52.34880", "2018-06-30": "45.45980", "2018-03-31": "19.71890", "2017-12-31": "31.26330", "2017-09-30": "41.96980", "2017-06-30": "54.81720", "2017-03-31": "42.49800", "2016-12-31": "44.37560", "2016-09-30": "46.08230", "2016-06-30": "47.06990", "2016-03-31": "45.49710", "2015-12-31": "46.26750", "2015-09-30": "46.66270", "2015-06-30": "40.68020", "2015-03-31": "51.54770", "2014-12-31": "50.66830", "2014-09-30": "44.31430", "2014-06-30": "45.89320", "2014-03-31": "45.70260", "2013-12-31": "53.97340", "2013-09-30": "46.13900", "2013-06-30": "38.39210", "2013-03-31": "49.27730", "2012-12-31": "48.46560", "2012-09-30": "45.71140", "2012-06-30": "45.62570", "2012-03-31": "38.48840", "2011-12-31": "90.71910", "2011-09-30": "46.00260", "2011-06-30": "11.57400", "2011-03-31": "31.73140", "2010-12-31": "49.41820", "2010-09-30": "43.72700", "2010-06-30": "29.28190", "2010-03-31": "42.66790", "2009-12-31": "35.06070", "2009-09-30": "-58.76420", "2009-06-30": "43.70910", "2009-03-31": "35.79400", "2008-12-31": "59.33470", "2008-09-30": "47.15560", "2008-06-30": "44.48400", "2008-03-31": "38.48070", "2007-12-31": "38.70670", "2007-09-30": "40.82580", "2007-06-30": "42.10720", "2007-03-31": "44.69700", "2006-12-31": "41.13880", "2006-09-30": "42.20160", "2006-06-30": "41.02830", "2006-03-31": "40.06060", "2005-12-31": "39.49470", "2005-09-30": "42.15180", "2005-06-30": "42.02190", "2005-03-31": "41.21710"}, "Net Profit Margin": {"2020-09-30": "-143.92970", "2020-06-30": "-64.87310", "2020-03-31": "20.58380", "2019-12-31": "17.76560", "2019-09-30": "16.51490", "2019-06-30": "37.44280", "2019-03-31": "39.40490", "2018-12-31": "45.41860", "2018-09-30": "48.63530", "2018-06-30": "42.16800", "2018-03-31": "15.16570", "2017-12-31": "60.72270", "2017-09-30": "37.65130", "2017-06-30": "50.46830", "2017-03-31": "37.14910", "2016-12-31": "39.89120", "2016-09-30": "41.05960", "2016-06-30": "41.66890", "2016-03-31": "40.60690", "2015-12-31": "41.78930", "2015-09-30": "40.84000", "2015-06-30": "42.28210", "2015-03-31": "37.07810", "2014-12-31": "44.60160", "2014-09-30": "37.22280", "2014-06-30": "37.92260", "2014-03-31": "41.82310", "2013-12-31": "63.91740", "2013-09-30": "42.74880", "2013-06-30": "31.97510", "2013-03-31": "42.49980", "2012-12-31": "23.12110", "2012-09-30": "34.52090", "2012-06-30": "39.48890", "2012-03-31": "20.01980", "2011-12-31": "45.87300", "2011-09-30": "33.89190", "2011-06-30": "-10.14420", "2011-03-31": "46.42750", "2010-12-31": "40.11860", "2010-09-30": "36.86590", "2010-06-30": "11.33090", "2010-03-31": "31.71540", "2009-12-31": "11.10010", "2009-09-30": "-102.25650", "2009-06-30": "31.62640", "2009-03-31": "26.65060", "2008-12-31": "46.52570", "2008-09-30": "38.02170", "2008-06-30": "34.70150", "2008-03-31": "32.66220", "2007-12-31": "32.75490", "2007-09-30": "33.68690", "2007-06-30": "36.36430", "2007-03-31": "35.55830", "2006-12-31": "36.73680", "2006-09-30": "36.69350", "2006-06-30": "35.47410", "2006-03-31": "34.89510", "2005-12-31": "33.53420", "2005-09-30": "35.61980", "2005-06-30": "35.33130", "2005-03-31": "34.80750"}, "Asset Turnover": {"2020-09-30": "0.00920", "2020-06-30": "0.01520", "2020-03-31": "0.02080", "2019-12-31": "0.02590", "2019-09-30": "0.02550", "2019-06-30": "0.02400", "2019-03-31": "0.02340", "2018-12-31": "0.01720", "2018-09-30": "0.02890", "2018-06-30": "0.03320", "2018-03-31": "0.02480", "2017-12-31": "0.01450", "2017-09-30": "0.02470", "2017-06-30": "0.02490", "2017-03-31": "0.02560", "2016-12-31": "0.02690", "2016-09-30": "0.02720", "2016-06-30": "0.02650", "2016-03-31": "0.02730", "2015-12-31": "0.02660", "2015-09-30": "0.02580", "2015-06-30": "0.02540", "2015-03-31": "0.02550", "2014-12-31": "0.02840", "2014-09-30": "0.02680", "2014-06-30": "0.02600", "2014-03-31": "0.02690", "2013-12-31": "0.02730", "2013-09-30": "0.02800", "2013-06-30": "0.02750", "2013-03-31": "0.02810", "2012-12-31": "0.02770", "2012-09-30": "0.02800", "2012-06-30": "0.02750", "2012-03-31": "0.02750", "2011-12-31": "0.02550", "2011-09-30": "0.02790", "2011-06-30": "0.02730", "2011-03-31": "0.02670", "2010-12-31": "0.02270", "2010-09-30": "0.02550", "2010-06-30": "0.02440", "2010-03-31": "0.02480", "2009-12-31": "0.02260", "2009-09-30": "0.02560", "2009-06-30": "0.02410", "2009-03-31": "0.02560", "2008-12-31": "0.02270", "2008-09-30": "0.02870", "2008-06-30": "0.02790", "2008-03-31": "0.03020", "2007-12-31": "0.03030", "2007-09-30": "0.02990", "2007-06-30": "0.02930", "2007-03-31": "0.03130", "2006-12-31": "0.03170", "2006-09-30": "0.03190", "2006-06-30": "0.03450", "2006-03-31": "0.03150", "2005-12-31": "0.03200", "2005-09-30": "0.03070", "2005-06-30": "0.03040", "2005-03-31": "0.02970"}, "Inventory Turnover Ratio": {"2020-09-30": "", "2020-06-30": "", "2020-03-31": "", "2019-12-31": "", "2019-09-30": "", "2019-06-30": "", "2019-03-31": "", "2018-12-31": "", "2018-09-30": "", "2018-06-30": "", "2018-03-31": "", "2017-12-31": "", "2017-09-30": "", "2017-06-30": "", "2017-03-31": "", "2016-12-31": "", "2016-09-30": "", "2016-06-30": "", "2016-03-31": "", "2015-12-31": "", "2015-09-30": "", "2015-06-30": "", "2015-03-31": "", "2014-12-31": "", "2014-09-30": "", "2014-06-30": "", "2014-03-31": "", "2013-12-31": "", "2013-09-30": "", "2013-06-30": "", "2013-03-31": "", "2012-12-31": "", "2012-09-30": "", "2012-06-30": "", "2012-03-31": "", "2011-12-31": "", "2011-09-30": "", "2011-06-30": "", "2011-03-31": "", "2010-12-31": "", "2010-09-30": "", "2010-06-30": "", "2010-03-31": "", "2009-12-31": "", "2009-09-30": "", "2009-06-30": "", "2009-03-31": "", "2008-12-31": "", "2008-09-30": "", "2008-06-30": "", "2008-03-31": "", "2007-12-31": "", "2007-09-30": "", "2007-06-30": "", "2007-03-31": "", "2006-12-31": "", "2006-09-30": "", "2006-06-30": "", "2006-03-31": "", "2005-12-31": "", "2005-09-30": "", "2005-06-30": "", "2005-03-31": ""}, "Receiveable Turnover": {"2020-09-30": "", "2020-06-30": "", "2020-03-31": "", "2019-12-31": "", "2019-09-30": "", "2019-06-30": "", "2019-03-31": "", "2018-12-31": "", "2018-09-30": "", "2018-06-30": "", "2018-03-31": "", "2017-12-31": "", "2017-09-30": "", "2017-06-30": "", "2017-03-31": "", "2016-12-31": "", "2016-09-30": "", "2016-06-30": "", "2016-03-31": "", "2015-12-31": "", "2015-09-30": "", "2015-06-30": "", "2015-03-31": "", "2014-12-31": "", "2014-09-30": "", "2014-06-30": "", "2014-03-31": "", "2013-12-31": "", "2013-09-30": "", "2013-06-30": "", "2013-03-31": "", "2012-12-31": "", "2012-09-30": "", "2012-06-30": "", "2012-03-31": "", "2011-12-31": "", "2011-09-30": "", "2011-06-30": "", "2011-03-31": "", "2010-12-31": "", "2010-09-30": "", "2010-06-30": "", "2010-03-31": "", "2009-12-31": "", "2009-09-30": "", "2009-06-30": "", "2009-03-31": "", "2008-12-31": "", "2008-09-30": "", "2008-06-30": "", "2008-03-31": "", "2007-12-31": "", "2007-09-30": "", "2007-06-30": "", "2007-03-31": "", "2006-12-31": "", "2006-09-30": "", "2006-06-30": "", "2006-03-31": "", "2005-12-31": "", "2005-09-30": "", "2005-06-30": "", "2005-03-31": ""}, "Days Sales In Receivables": {"2020-09-30": "", "2020-06-30": "", "2020-03-31": "", "2019-12-31": "", "2019-09-30": "", "2019-06-30": "", "2019-03-31": "", "2018-12-31": "", "2018-09-30": "", "2018-06-30": "", "2018-03-31": "", "2017-12-31": "", "2017-09-30": "", "2017-06-30": "", "2017-03-31": "", "2016-12-31": "", "2016-09-30": "", "2016-06-30": "", "2016-03-31": "", "2015-12-31": "", "2015-09-30": "", "2015-06-30": "", "2015-03-31": "", "2014-12-31": "", "2014-09-30": "", "2014-06-30": "", "2014-03-31": "", "2013-12-31": "", "2013-09-30": "", "2013-06-30": "", "2013-03-31": "", "2012-12-31": "", "2012-09-30": "", "2012-06-30": "", "2012-03-31": "", "2011-12-31": "", "2011-09-30": "", "2011-06-30": "", "2011-03-31": "", "2010-12-31": "", "2010-09-30": "", "2010-06-30": "", "2010-03-31": "", "2009-12-31": "", "2009-09-30": "", "2009-06-30": "", "2009-03-31": "", "2008-12-31": "", "2008-09-30": "", "2008-06-30": "", "2008-03-31": "", "2007-12-31": "", "2007-09-30": "", "2007-06-30": "", "2007-03-31": "", "2006-12-31": "", "2006-09-30": "", "2006-06-30": "", "2006-03-31": "", "2005-12-31": "", "2005-09-30": "", "2005-06-30": "", "2005-03-31": ""}, "ROE - Return On Equity": {"2020-09-30": "-3.24180", "2020-06-30": "-2.30130", "2020-03-31": "1.26410", "2019-12-31": "1.69220", "2019-09-30": "0.28970", "2019-06-30": "1.52460", "2019-03-31": "1.66390", "2018-12-31": "0.31400", "2018-09-30": "3.16990", "2018-06-30": "3.17350", "2018-03-31": "1.02720", "2017-12-31": "0.94850", "2017-09-30": "2.17970", "2017-06-30": "2.77590", "2017-03-31": "2.40770", "2016-12-31": "2.66000", "2016-09-30": "2.62760", "2016-06-30": "2.51230", "2016-03-31": "2.47750", "2015-12-31": "2.54370", "2015-09-30": "2.51660", "2015-06-30": "2.56040", "2015-03-31": "2.24320", "2014-12-31": "2.70660", "2014-09-30": "2.21560", "2014-06-30": "2.32690", "2014-03-31": "2.28030", "2013-12-31": "3.69610", "2013-09-30": "2.71400", "2013-06-30": "2.18960", "2013-03-31": "2.80480", "2012-12-31": "2.66010", "2012-09-30": "2.56460", "2012-06-30": "2.43560", "2012-03-31": "2.00290", "2011-12-31": "4.06780", "2011-09-30": "2.38050", "2011-06-30": "0.59410", "2011-03-31": "1.49020", "2010-12-31": "1.92930", "2010-09-30": "2.04850", "2010-06-30": "1.30980", "2010-03-31": "2.08450", "2009-12-31": "1.39920", "2009-09-30": "-2.94390", "2009-06-30": "2.08620", "2009-03-31": "1.80280", "2008-12-31": "2.76340", "2008-09-30": "2.71570", "2008-06-30": "2.57550", "2008-03-31": "2.65910", "2007-12-31": "2.55560", "2007-09-30": "2.83180", "2007-06-30": "2.63050", "2007-03-31": "2.68820", "2006-12-31": "2.44670", "2006-09-30": "2.87300", "2006-06-30": "2.92910", "2006-03-31": "2.68450", "2005-12-31": "2.70800", "2005-09-30": "2.67360", "2005-06-30": "2.62530", "2005-03-31": "2.39260"}, "Return On Tangible Equity": {"2020-09-30": "-3.24160", "2020-06-30": "-2.30110", "2020-03-31": "1.26400", "2019-12-31": "1.69210", "2019-09-30": "0.28970", "2019-06-30": "1.52460", "2019-03-31": "1.66380", "2018-12-31": "0.31400", "2018-09-30": "3.16970", "2018-06-30": "3.17330", "2018-03-31": "1.02720", "2017-12-31": "0.94840", "2017-09-30": "2.17960", "2017-06-30": "2.77580", "2017-03-31": "2.40760", "2016-12-31": "2.65980", "2016-09-30": "2.62740", "2016-06-30": "2.51220", "2016-03-31": "2.47730", "2015-12-31": "2.54360", "2015-09-30": "2.51650", "2015-06-30": "2.56020", "2015-03-31": "2.24300", "2014-12-31": "2.70640", "2014-09-30": "2.21550", "2014-06-30": "2.32680", "2014-03-31": "2.28010", "2013-12-31": "3.69580", "2013-09-30": "2.71380", "2013-06-30": "2.18930", "2013-03-31": "2.80450", "2012-12-31": "2.65980", "2012-09-30": "2.57080", "2012-06-30": "2.44180", "2012-03-31": "2.00850", "2011-12-31": "4.06740", "2011-09-30": "2.38770", "2011-06-30": "0.59610", "2011-03-31": "1.49530", "2010-12-31": "1.97220", "2010-09-30": "2.09420", "2010-06-30": "1.33910", "2010-03-31": "2.14040", "2009-12-31": "1.40550", "2009-09-30": "-2.95930", "2009-06-30": "2.10180", "2009-03-31": "1.81720", "2008-12-31": "2.78980", "2008-09-30": "2.74540", "2008-06-30": "2.60820", "2008-03-31": "2.70100", "2007-12-31": "2.59780", "2007-09-30": "2.88430", "2007-06-30": "2.67950", "2007-03-31": "2.71700", "2006-12-31": "2.47360", "2006-09-30": "2.91330", "2006-06-30": "2.97140", "2006-03-31": "2.72330", "2005-12-31": "2.75090", "2005-09-30": "2.71710", "2005-06-30": "2.66750", "2005-03-31": "2.43210"}, "ROA - Return On Assets": {"2020-09-30": "-1.24370", "2020-06-30": "-0.89910", "2020-03-31": "0.51160", "2019-12-31": "0.77330", "2019-09-30": "0.13280", "2019-06-30": "0.68810", "2019-03-31": "0.75360", "2018-12-31": "0.14670", "2018-09-30": "1.50200", "2018-06-30": "1.50030", "2018-03-31": "0.47350", "2017-12-31": "0.44840", "2017-09-30": "1.02650", "2017-06-30": "1.35610", "2017-03-31": "1.06830", "2016-12-31": "1.19510", "2016-09-30": "1.24490", "2016-06-30": "1.23610", "2016-03-31": "1.24740", "2015-12-31": "1.25080", "2015-09-30": "1.19140", "2015-06-30": "1.22010", "2015-03-31": "1.09730", "2014-12-31": "1.41440", "2014-09-30": "1.16080", "2014-06-30": "1.15390", "2014-03-31": "1.20220", "2013-12-31": "1.90650", "2013-09-30": "1.29270", "2013-06-30": "1.05580", "2013-03-31": "1.38480", "2012-12-31": "1.31780", "2012-09-30": "1.29030", "2012-06-30": "1.26550", "2012-03-31": "1.06050", "2011-12-31": "2.22880", "2011-09-30": "1.30690", "2011-06-30": "0.34410", "2011-03-31": "0.87500", "2010-12-31": "1.07640", "2010-09-30": "1.13860", "2010-06-30": "0.72800", "2010-03-31": "1.06670", "2009-12-31": "0.76610", "2009-09-30": "-1.49530", "2009-06-30": "1.06290", "2009-03-31": "0.92600", "2008-12-31": "1.35600", "2008-09-30": "1.36100", "2008-06-30": "1.25230", "2008-03-31": "1.22050", "2007-12-31": "1.18590", "2007-09-30": "1.27630", "2007-06-30": "1.23450", "2007-03-31": "1.40930", "2006-12-31": "1.32760", "2006-09-30": "1.35870", "2006-06-30": "1.41610", "2006-03-31": "1.29900", "2005-12-31": "1.27600", "2005-09-30": "1.30580", "2005-06-30": "1.29200", "2005-03-31": "1.23730"}, "ROI - Return On Investment": {"2020-09-30": "-1.32060", "2020-06-30": "-0.95540", "2020-03-31": "0.54660", "2019-12-31": "0.83260", "2019-09-30": "0.14340", "2019-06-30": "0.74140", "2019-03-31": "0.81340", "2018-12-31": "0.15370", "2018-09-30": "1.56920", "2018-06-30": "1.56020", "2018-03-31": "0.49170", "2017-12-31": "0.46610", "2017-09-30": "1.07130", "2017-06-30": "1.41430", "2017-03-31": "1.11030", "2016-12-31": "1.24460", "2016-09-30": "1.29620", "2016-06-30": "1.28430", "2016-03-31": "1.29520", "2015-12-31": "1.30060", "2015-09-30": "1.24310", "2015-06-30": "1.26550", "2015-03-31": "1.13940", "2014-12-31": "1.46610", "2014-09-30": "1.20340", "2014-06-30": "1.19480", "2014-03-31": "1.23780", "2013-12-31": "1.97210", "2013-09-30": "1.33340", "2013-06-30": "1.08720", "2013-03-31": "1.43880", "2012-12-31": "1.37270", "2012-09-30": "1.34060", "2012-06-30": "1.30730", "2012-03-31": "1.09510", "2011-12-31": "2.29730", "2011-09-30": "1.35170", "2011-06-30": "0.35730", "2011-03-31": "0.90380", "2010-12-31": "1.11490", "2010-09-30": "1.17710", "2010-06-30": "0.74970", "2010-03-31": "1.10090", "2009-12-31": "0.78700", "2009-09-30": "-1.53880", "2009-06-30": "1.09190", "2009-03-31": "0.94940", "2008-12-31": "1.39790", "2008-09-30": "1.40730", "2008-06-30": "1.29630", "2008-03-31": "1.26320", "2007-12-31": "1.23270", "2007-09-30": "1.32250", "2007-06-30": "1.27480", "2007-03-31": "1.44320", "2006-12-31": "1.36520", "2006-09-30": "1.39070", "2006-06-30": "1.45060", "2006-03-31": "1.33120", "2005-12-31": "1.30670", "2005-09-30": "1.33840", "2005-06-30": "1.32760", "2005-03-31": "1.27220"}, "Book Value Per Share": {"2020-09-30": "35.51750", "2020-06-30": "36.67270", "2020-03-31": "37.36550", "2019-12-31": "38.30860", "2019-09-30": "38.86500", "2019-06-30": "39.26060", "2019-03-31": "38.58850", "2018-12-31": "38.53530", "2018-09-30": "38.97380", "2018-06-30": "38.81700", "2018-03-31": "38.69260", "2017-12-31": "38.08700", "2017-09-30": "39.20870", "2017-06-30": "37.97920", "2017-03-31": "34.57430", "2016-12-31": "32.98830", "2016-09-30": "34.40980", "2016-06-30": "34.49460", "2016-03-31": "34.52800", "2015-12-31": "34.09680", "2015-09-30": "33.62300", "2015-06-30": "33.24440", "2015-03-31": "33.39580", "2014-12-31": "33.72350", "2014-09-30": "33.73140", "2014-06-30": "32.76490", "2014-03-31": "32.93880", "2013-12-31": "32.67860", "2013-09-30": "31.12030", "2013-06-30": "30.84150", "2013-03-31": "30.98500", "2012-12-31": "31.13650", "2012-09-30": "31.31560", "2012-06-30": "31.43900", "2012-03-31": "31.56410", "2011-12-31": "32.06080", "2011-09-30": "32.03260", "2011-06-30": "33.89300", "2011-03-31": "34.72540", "2010-12-31": "35.04840", "2010-09-30": "34.90810", "2010-06-30": "34.79690", "2010-03-31": "34.16180", "2009-12-31": "34.22370", "2009-09-30": "35.52650", "2009-06-30": "38.51490", "2009-03-31": "38.25030", "2008-12-31": "39.32140", "2008-09-30": "39.84960", "2008-06-30": "39.07690", "2008-03-31": "35.49880", "2007-12-31": "35.88720", "2007-09-30": "34.84040", "2007-06-30": "34.57090", "2007-03-31": "31.95990", "2006-12-31": "32.20340", "2006-09-30": "27.16860", "2006-06-30": "27.19620", "2006-03-31": "26.82060", "2005-12-31": "26.41070", "2005-09-30": "26.41320", "2005-06-30": "26.16090", "2005-03-31": "26.38470"}, "Operating Cash Flow Per Share": {"2020-09-30": 0.0448, "2020-06-30": -0.3823, "2020-03-31": "1.13470", "2019-12-31": 1.3818, "2019-09-30": 1.5899, "2019-06-30": 1.1149, "2019-03-31": "1.63780", "2018-12-31": 1.1274, "2018-09-30": 2.0295, "2018-06-30": 1.8895, "2018-03-31": "1.46890", "2017-12-31": 1.3204, "2017-09-30": 1.6111, "2017-06-30": 1.1986, "2017-03-31": "1.45940", "2016-12-31": 1.426, "2016-09-30": 0.9894, "2016-06-30": 1.2945, "2016-03-31": "1.10090", "2015-12-31": 1.6026, "2015-09-30": 1.0754, "2015-06-30": 1.0936, "2015-03-31": "1.00240", "2014-12-31": 1.4824, "2014-09-30": 0.9836, "2014-06-30": 1.3435, "2014-03-31": "0.78780", "2013-12-31": 1.5234, "2013-09-30": 0.949, "2013-06-30": 1.5296, "2013-03-31": "0.85390", "2012-12-31": 1.3205, "2012-09-30": 0.8909, "2012-06-30": 1.3039, "2012-03-31": "0.89380", "2011-12-31": 1.2902, "2011-09-30": 0.9207, "2011-06-30": 1.2184, "2011-03-31": "0.74790", "2010-12-31": 1.2438, "2010-09-30": 1.0652, "2010-06-30": 0.8746, "2010-03-31": "0.77630", "2009-12-31": 0.9227, "2009-09-30": 0.9833, "2009-06-30": 1.1731, "2009-03-31": "1.02790", "2008-12-31": 1.2808, "2008-09-30": 1.3562, "2008-06-30": 1.1367, "2008-03-31": "0.91750", "2007-12-31": 1.3352, "2007-09-30": 1.3408, "2007-06-30": 1.1096, "2007-03-31": "1.03380", "2006-12-31": 1.0237, "2006-09-30": 0.8971, "2006-06-30": 1.1152, "2006-03-31": "0.96130", "2005-12-31": 1.0136, "2005-09-30": 0.9242, "2005-06-30": 0.8837, "2005-03-31": "0.91850"}, "Free Cash Flow Per Share": {"2020-09-30": -0.206, "2020-06-30": -0.5475, "2020-03-31": "0.65150", "2019-12-31": 3.2512, "2019-09-30": -0.1714, "2019-06-30": -2.8814, "2019-03-31": "0.06640", "2018-12-31": -0.6242, "2018-09-30": -0.4015, "2018-06-30": 1.4242, "2018-03-31": "0.19400", "2017-12-31": 0.1111, "2017-09-30": -1.88, "2017-06-30": -0.159, "2017-03-31": "-0.76900", "2016-12-31": -1.1808, "2016-09-30": -1.0873, "2016-06-30": -2.0769, "2016-03-31": "-0.44110", "2015-12-31": -0.5624, "2015-09-30": -1.5808, "2015-06-30": -2.0692, "2015-03-31": "-0.29790", "2014-12-31": -0.2806, "2014-09-30": -1.1577, "2014-06-30": -1.0667, "2014-03-31": "-0.38770", "2013-12-31": -1.5165, "2013-09-30": -0.7356, "2013-06-30": 0.168, "2013-03-31": "0.30350", "2012-12-31": 0.1337, "2012-09-30": -0.1072, "2012-06-30": 0.4812, "2012-03-31": "-0.06860", "2011-12-31": 0.8174, "2011-09-30": 0.2463, "2011-06-30": 0.8791, "2011-03-31": "-0.13440", "2010-12-31": 1.083, "2010-09-30": 1.0698, "2010-06-30": -1.9269, "2010-03-31": "0.74870", "2009-12-31": -2.76, "2009-09-30": 0.8169, "2009-06-30": 0.9386, "2009-03-31": "0.83980", "2008-12-31": 0.7962, "2008-09-30": 1.0142, "2008-06-30": -3.4362, "2008-03-31": "0.61980", "2007-12-31": 0.7274, "2007-09-30": -0.5678, "2007-06-30": 0.3961, "2007-03-31": "0.13300", "2006-12-31": -0.4674, "2006-09-30": -0.4394, "2006-06-30": 0.6063, "2006-03-31": "-0.76580", "2005-12-31": -1.2383, "2005-09-30": 0.2396, "2005-06-30": -0.2897, "2005-03-31": "-2.15650"}}, "revenue": {"EPR Properties Annual Revenue (Millions of US $)": {"2019": "$652", "2018": "$640", "2017": "$518", "2016": "$493", "2015": "$421", "2014": "$385", "2013": "$343", "2012": "$318", "2011": "$294", "2010": "$283", "2009": "$256", "2008": "$269", "2007": "$236", "2006": "$196", "2005": "$166"}, "EPR Properties Quarterly Revenue (Millions of US $)": {"2020-09-30": "$64", "2020-06-30": "$106", "2020-03-31": "$151", "2019-12-31": "$170", "2019-09-30": "$169", "2019-06-30": "$162", "2019-03-31": "$151", "2018-12-31": "$106", "2018-09-30": "$176", "2018-06-30": "$203", "2018-03-31": "$155", "2017-12-31": "$90", "2017-09-30": "$151", "2017-06-30": "$148", "2017-03-31": "$129", "2016-12-31": "$131", "2016-09-30": "$126", "2016-06-30": "$118", "2016-03-31": "$119", "2015-12-31": "$112", "2015-09-30": "$108", "2015-06-30": "$101", "2015-03-31": "$99", "2014-12-31": "$105", "2014-09-30": "$99", "2014-06-30": "$92", "2014-03-31": "$90", "2013-12-31": "$89", "2013-09-30": "$88", "2013-06-30": "$83", "2013-03-31": "$83", "2012-12-31": "$81", "2012-09-30": "$82", "2012-06-30": "$78", "2012-03-31": "$77", "2011-12-31": "$70", "2011-09-30": "$76", "2011-06-30": "$74", "2011-03-31": "$74", "2010-12-31": "$66", "2010-09-30": "$74", "2010-06-30": "$71", "2010-03-31": "$71", "2009-12-31": "$60", "2009-09-30": "$65", "2009-06-30": "$64", "2009-03-31": "$67", "2008-12-31": "$60", "2008-09-30": "$75", "2008-06-30": "$69", "2008-03-31": "$66", "2007-12-31": "$66", "2007-09-30": "$62", "2007-06-30": "$58", "2007-03-31": "$51", "2006-12-31": "$50", "2006-09-30": "$49", "2006-06-30": "$51", "2006-03-31": "$46", "2005-12-31": "$45", "2005-09-30": "$42", "2005-06-30": "$41", "2005-03-31": "$38"}}, "gross-profit": {"EPR Properties Annual Gross Profit (Millions of US $)": {"2019": "$591", "2018": "$610", "2017": "$487", "2016": "$471", "2015": "$398", "2014": "$360", "2013": "$317", "2012": "$293", "2011": "$269", "2010": "$260", "2009": "$234", "2008": "$249", "2007": "$213", "2006": "$177", "2005": "$150"}, "EPR Properties Quarterly Gross Profit (Millions of US $)": {"2020-09-30": "$50", "2020-06-30": "$91", "2020-03-31": "$138", "2019-12-31": "$154", "2019-09-30": "$155", "2019-06-30": "$147", "2019-03-31": "$135", "2018-12-31": "$98", "2018-09-30": "$169", "2018-06-30": "$196", "2018-03-31": "$147", "2017-12-31": "$77", "2017-09-30": "$145", "2017-06-30": "$142", "2017-03-31": "$123", "2016-12-31": "$125", "2016-09-30": "$120", "2016-06-30": "$112", "2016-03-31": "$113", "2015-12-31": "$106", "2015-09-30": "$103", "2015-06-30": "$95", "2015-03-31": "$93", "2014-12-31": "$98", "2014-09-30": "$93", "2014-06-30": "$86", "2014-03-31": "$83", "2013-12-31": "$83", "2013-09-30": "$81", "2013-06-30": "$77", "2013-03-31": "$76", "2012-12-31": "$75", "2012-09-30": "$76", "2012-06-30": "$72", "2012-03-31": "$70", "2011-12-31": "$64", "2011-09-30": "$70", "2011-06-30": "$68", "2011-03-31": "$67", "2010-12-31": "$63", "2010-09-30": "$68", "2010-06-30": "$65", "2010-03-31": "$65", "2009-12-31": "$57", "2009-09-30": "$60", "2009-06-30": "$59", "2009-03-31": "$59", "2008-12-31": "$59", "2008-09-30": "$68", "2008-06-30": "$62", "2008-03-31": "$59", "2007-12-31": "$59", "2007-09-30": "$56", "2007-06-30": "$52", "2007-03-31": "$46", "2006-12-31": "$45", "2006-09-30": "$44", "2006-06-30": "$47", "2006-03-31": "$41", "2005-12-31": "$41", "2005-09-30": "$38", "2005-06-30": "$37", "2005-03-31": "$34"}}, "operating-income": {"EPR Properties Annual Operating Income (Millions of US $)": {"2019": "$290", "2018": "$352", "2017": "$318", "2016": "$317", "2015": "$250", "2014": "$259", "2013": "$229", "2012": "$218", "2011": "$199", "2010": "$185", "2009": "$99", "2008": "$191", "2007": "$158", "2006": "$133", "2005": "$115"}, "EPR Properties Quarterly Operating Income (Millions of US $)": {"2020-09-30": "$-25", "2020-06-30": "$-21", "2020-03-31": "$71", "2019-12-31": "$82", "2019-09-30": "$44", "2019-06-30": "$81", "2019-03-31": "$82", "2018-12-31": "$26", "2018-09-30": "$118", "2018-06-30": "$142", "2018-03-31": "$65", "2017-12-31": "$50", "2017-09-30": "$97", "2017-06-30": "$87", "2017-03-31": "$84", "2016-12-31": "$83", "2016-09-30": "$80", "2016-06-30": "$76", "2016-03-31": "$77", "2015-12-31": "$72", "2015-09-30": "$71", "2015-06-30": "$61", "2015-03-31": "$46", "2014-12-31": "$72", "2014-09-30": "$64", "2014-06-30": "$62", "2014-03-31": "$60", "2013-12-31": "$61", "2013-09-30": "$61", "2013-06-30": "$51", "2013-03-31": "$56", "2012-12-31": "$59", "2012-09-30": "$57", "2012-06-30": "$54", "2012-03-31": "$48", "2011-12-31": "$78", "2011-09-30": "$53", "2011-06-30": "$26", "2011-03-31": "$42", "2010-12-31": "$48", "2010-09-30": "$52", "2010-06-30": "$38", "2010-03-31": "$47", "2009-12-31": "$35", "2009-09-30": "$-21", "2009-06-30": "$44", "2009-03-31": "$41", "2008-12-31": "$47", "2008-09-30": "$53", "2008-06-30": "$48", "2008-03-31": "$43", "2007-12-31": "$43", "2007-09-30": "$42", "2007-06-30": "$39", "2007-03-31": "$34", "2006-12-31": "$50", "2006-09-30": "$20", "2006-06-30": "$33", "2006-03-31": "$30", "2005-12-31": "$34", "2005-09-30": "$29", "2005-06-30": "$27", "2005-03-31": "$25"}}, "ebitda": {"EPR Properties Annual EBITDA (Millions of US $)": {"2019": "$467", "2018": "$510", "2017": "$457", "2016": "$429", "2015": "$344", "2014": "$330", "2013": "$287", "2012": "$268", "2011": "$245", "2010": "$232", "2009": "$144", "2008": "$233", "2007": "$198", "2006": "$167", "2005": "$146"}, "EPR Properties Quarterly EBITDA (Millions of US $)": {"2020-09-30": "$19", "2020-06-30": "$23", "2020-03-31": "$117", "2019-12-31": "$128", "2019-09-30": "$91", "2019-06-30": "$125", "2019-03-31": "$123", "2018-12-31": "$67", "2018-09-30": "$158", "2018-06-30": "$181", "2018-03-31": "$104", "2017-12-31": "$89", "2017-09-30": "$133", "2017-06-30": "$122", "2017-03-31": "$113", "2016-12-31": "$113", "2016-09-30": "$109", "2016-06-30": "$103", "2016-03-31": "$104", "2015-12-31": "$98", "2015-09-30": "$96", "2015-06-30": "$84", "2015-03-31": "$66", "2014-12-31": "$91", "2014-09-30": "$83", "2014-06-30": "$79", "2014-03-31": "$77", "2013-12-31": "$77", "2013-09-30": "$75", "2013-06-30": "$66", "2013-03-31": "$70", "2012-12-31": "$72", "2012-09-30": "$69", "2012-06-30": "$67", "2012-03-31": "$61", "2011-12-31": "$86", "2011-09-30": "$66", "2011-06-30": "$38", "2011-03-31": "$55", "2010-12-31": "$58", "2010-09-30": "$65", "2010-06-30": "$50", "2010-03-31": "$59", "2009-12-31": "$46", "2009-09-30": "$-9", "2009-06-30": "$52", "2009-03-31": "$55", "2008-12-31": "$55", "2008-09-30": "$65", "2008-06-30": "$59", "2008-03-31": "$54", "2007-12-31": "$54", "2007-09-30": "$52", "2007-06-30": "$49", "2007-03-31": "$43", "2006-12-31": "$59", "2006-09-30": "$29", "2006-06-30": "$41", "2006-03-31": "$38", "2005-12-31": "$42", "2005-09-30": "$37", "2005-06-30": "$35", "2005-03-31": "$32"}}, "net-income": {"EPR Properties Annual Net Income (Millions of US $)": {"2019": "$178", "2018": "$243", "2017": "$234", "2016": "$201", "2015": "$171", "2014": "$156", "2013": "$156", "2012": "$93", "2011": "$84", "2010": "$85", "2009": "$-22", "2008": "$102", "2007": "$81", "2006": "$70", "2005": "$58"}, "EPR Properties Quarterly Net Income (Millions of US $)": {"2020-09-30": "$-92", "2020-06-30": "$-69", "2020-03-31": "$31", "2019-12-31": "$30", "2019-09-30": "$28", "2019-06-30": "$61", "2019-03-31": "$59", "2018-12-31": "$48", "2018-09-30": "$86", "2018-06-30": "$86", "2018-03-31": "$24", "2017-12-31": "$55", "2017-09-30": "$57", "2017-06-30": "$75", "2017-03-31": "$48", "2016-12-31": "$52", "2016-09-30": "$52", "2016-06-30": "$49", "2016-03-31": "$48", "2015-12-31": "$47", "2015-09-30": "$44", "2015-06-30": "$43", "2015-03-31": "$37", "2014-12-31": "$47", "2014-09-30": "$37", "2014-06-30": "$35", "2014-03-31": "$38", "2013-12-31": "$57", "2013-09-30": "$38", "2013-06-30": "$27", "2013-03-31": "$35", "2012-12-31": "$19", "2012-09-30": "$28", "2012-06-30": "$31", "2012-03-31": "$15", "2011-12-31": "$32", "2011-09-30": "$26", "2011-06-30": "$-8", "2011-03-31": "$34", "2010-12-31": "$27", "2010-09-30": "$27", "2010-06-30": "$8", "2010-03-31": "$23", "2009-12-31": "$7", "2009-09-30": "$-67", "2009-06-30": "$20", "2009-03-31": "$18", "2008-12-31": "$28", "2008-09-30": "$29", "2008-06-30": "$24", "2008-03-31": "$22", "2007-12-31": "$22", "2007-09-30": "$21", "2007-06-30": "$21", "2007-03-31": "$18", "2006-12-31": "$18", "2006-09-30": "$18", "2006-06-30": "$18", "2006-03-31": "$16", "2005-12-31": "$15", "2005-09-30": "$15", "2005-06-30": "$14", "2005-03-31": "$13"}}, "eps-earnings-per-share-diluted": {"EPR Properties Annual EPS": {"2019": "$2.32", "2018": "$3.27", "2017": "$3.29", "2016": "$3.17", "2015": "$2.93", "2014": "$2.86", "2013": "$3.24", "2012": "$1.98", "2011": "$1.80", "2010": "$1.86", "2009": "$-0.61", "2008": "$3.26", "2007": "$2.98", "2006": "$2.65", "2005": "$2.26"}, "EPR Properties Quarterly EPS": {"2020-09-30": "$-1.23", "2020-06-30": "$-0.90", "2020-03-31": "$0.40", "2019-12-31": "$0.38", "2019-09-30": "$0.36", "2019-06-30": "$0.79", "2019-03-31": "$0.79", "2018-12-31": "$0.65", "2018-09-30": "$1.15", "2018-06-30": "$1.15", "2018-03-31": "$0.32", "2017-12-31": "$0.75", "2017-09-30": "$0.77", "2017-06-30": "$1.02", "2017-03-31": "$0.75", "2016-12-31": "$0.82", "2016-09-30": "$0.81", "2016-06-30": "$0.77", "2016-03-31": "$0.77", "2015-12-31": "$0.78", "2015-09-30": "$0.76", "2015-06-30": "$0.75", "2015-03-31": "$0.64", "2014-12-31": "$0.82", "2014-09-30": "$0.68", "2014-06-30": "$0.65", "2014-03-31": "$0.71", "2013-12-31": "$1.14", "2013-09-30": "$0.79", "2013-06-30": "$0.56", "2013-03-31": "$0.75", "2012-12-31": "$0.40", "2012-09-30": "$0.60", "2012-06-30": "$0.65", "2012-03-31": "$0.33", "2011-12-31": "$0.68", "2011-09-30": "$0.55", "2011-06-30": "$-0.16", "2011-03-31": "$0.73", "2010-12-31": "$0.58", "2010-09-30": "$0.58", "2010-06-30": "$0.18", "2010-03-31": "$0.52", "2009-12-31": "$0.18", "2009-09-30": "$-1.89", "2009-06-30": "$0.58", "2009-03-31": "$0.52", "2008-12-31": "$0.85", "2008-09-30": "$0.88", "2008-06-30": "$0.77", "2008-03-31": "$0.76", "2007-12-31": "$0.76", "2007-09-30": "$0.77", "2007-06-30": "$0.78", "2007-03-31": "$0.67", "2006-12-31": "$0.69", "2006-09-30": "$0.66", "2006-06-30": "$0.68", "2006-03-31": "$0.62", "2005-12-31": "$0.59", "2005-09-30": "$0.58", "2005-06-30": "$0.57", "2005-03-31": "$0.52"}}, "shares-outstanding": {"EPR Properties Annual Shares Outstanding (Millions of Shares)": {"2019": "77", "2018": "74", "2017": "71", "2016": "63", "2015": "58", "2014": "54", "2013": "48", "2012": "47", "2011": "47", "2010": "46", "2009": "36", "2008": "31", "2007": "27", "2006": "27", "2005": "26"}, "EPR Properties Quarterly Shares Outstanding (Millions of Shares)": {"2020-09-30": "75", "2020-06-30": "76", "2020-03-31": "78", "2019-12-31": "77", "2019-09-30": "78", "2019-06-30": "76", "2019-03-31": "75", "2018-12-31": "74", "2018-09-30": "74", "2018-06-30": "74", "2018-03-31": "74", "2017-12-31": "71", "2017-09-30": "74", "2017-06-30": "73", "2017-03-31": "64", "2016-12-31": "63", "2016-09-30": "64", "2016-06-30": "64", "2016-03-31": "63", "2015-12-31": "58", "2015-09-30": "58", "2015-06-30": "57", "2015-03-31": "57", "2014-12-31": "54", "2014-09-30": "54", "2014-06-30": "54", "2014-03-31": "53", "2013-12-31": "48", "2013-09-30": "48", "2013-06-30": "47", "2013-03-31": "47", "2012-12-31": "47", "2012-09-30": "47", "2012-06-30": "47", "2012-03-31": "47", "2011-12-31": "47", "2011-09-30": "47", "2011-06-30": "47", "2011-03-31": "47", "2010-12-31": "46", "2010-09-30": "47", "2010-06-30": "45", "2010-03-31": "43", "2009-12-31": "36", "2009-09-30": "35", "2009-06-30": "35", "2009-03-31": "34", "2008-12-31": "31", "2008-09-30": "32", "2008-06-30": "31", "2008-03-31": "28", "2007-12-31": "27", "2007-09-30": "27", "2007-06-30": "27", "2007-03-31": "27", "2006-12-31": "27", "2006-09-30": "27", "2006-06-30": "27", "2006-03-31": "26", "2005-12-31": "26", "2005-09-30": "26", "2005-06-30": "25", "2005-03-31": "25"}}, "total-assets": {"EPR Properties Annual Total Assets (Millions of US $)": {"2019": "$6,578", "2018": "$6,131", "2017": "$6,191", "2016": "$4,865", "2015": "$4,217", "2014": "$3,686", "2013": "$3,272", "2012": "$2,947", "2011": "$2,734", "2010": "$2,923", "2009": "$2,681", "2008": "$2,634", "2007": "$2,172", "2006": "$1,571", "2005": "$1,414"}, "EPR Properties Quarterly Total Assets (Millions of US $)": {"2020-09-30": "$6,907", "2020-06-30": "$7,003", "2020-03-31": "$7,255", "2019-12-31": "$6,578", "2019-09-30": "$6,633", "2019-06-30": "$6,747", "2019-03-31": "$6,431", "2018-12-31": "$6,131", "2018-09-30": "$6,114", "2018-06-30": "$6,104", "2018-03-31": "$6,239", "2017-12-31": "$6,191", "2017-09-30": "$6,133", "2017-06-30": "$5,939", "2017-03-31": "$5,047", "2016-12-31": "$4,865", "2016-09-30": "$4,621", "2016-06-30": "$4,460", "2016-03-31": "$4,344", "2015-12-31": "$4,217", "2015-09-30": "$4,201", "2015-06-30": "$3,991", "2015-03-31": "$3,903", "2014-12-31": "$3,686", "2014-09-30": "$3,679", "2014-06-30": "$3,533", "2014-03-31": "$3,339", "2013-12-31": "$3,272", "2013-09-30": "$3,135", "2013-06-30": "$3,016", "2013-03-31": "$2,952", "2012-12-31": "$2,947", "2012-09-30": "$2,915", "2012-06-30": "$2,834", "2012-03-31": "$2,791", "2011-12-31": "$2,734", "2011-09-30": "$2,726", "2011-06-30": "$2,730", "2011-03-31": "$2,758", "2010-12-31": "$2,923", "2010-09-30": "$2,922", "2010-06-30": "$2,911", "2010-03-31": "$2,863", "2009-12-31": "$2,681", "2009-09-30": "$2,554", "2009-06-30": "$2,642", "2009-03-31": "$2,602", "2008-12-31": "$2,634", "2008-09-30": "$2,613", "2008-06-30": "$2,462", "2008-03-31": "$2,181", "2007-12-31": "$2,172", "2007-09-30": "$2,062", "2007-06-30": "$1,964", "2007-03-31": "$1,624", "2006-12-31": "$1,571", "2006-09-30": "$1,521", "2006-06-30": "$1,488", "2006-03-31": "$1,466", "2005-12-31": "$1,414", "2005-09-30": "$1,364", "2005-06-30": "$1,341", "2005-03-31": "$1,278"}}, "cash-on-hand": {"EPR Properties Annual Cash on Hand (Millions of US $)": {"2019": "$531", "2018": "$19", "2017": "$59", "2016": "$29", "2015": "$15", "2014": "$16", "2013": "$18", "2012": "$35", "2011": "$34", "2010": "$28", "2009": "$36", "2008": "$61", "2007": "$28", "2006": "$17", "2005": "$20"}, "EPR Properties Quarterly Cash on Hand (Millions of US $)": {"2020-09-30": "$988", "2020-06-30": "$1,010", "2020-03-31": "$1,230", "2019-12-31": "$531", "2019-09-30": "$122", "2019-06-30": "$12", "2019-03-31": "$22", "2018-12-31": "$19", "2018-09-30": "$96", "2018-06-30": "$14", "2018-03-31": "$40", "2017-12-31": "$59", "2017-09-30": "$36", "2017-06-30": "$95", "2017-03-31": "$43", "2016-12-31": "$29", "2016-09-30": "$28", "2016-06-30": "$25", "2016-03-31": "$34", "2015-12-31": "$15", "2015-09-30": "$37", "2015-06-30": "$21", "2015-03-31": "$125", "2014-12-31": "$16", "2014-09-30": "$35", "2014-06-30": "$31", "2014-03-31": "$40", "2013-12-31": "$18", "2013-09-30": "$42", "2013-06-30": "$37", "2013-03-31": "$44", "2012-12-31": "$35", "2012-09-30": "$51", "2012-06-30": "$32", "2012-03-31": "$36", "2011-12-31": "$34", "2011-09-30": "$43", "2011-06-30": "$50", "2011-03-31": "$47", "2010-12-31": "$28", "2010-09-30": "$36", "2010-06-30": "$36", "2010-03-31": "$32", "2009-12-31": "$36", "2009-09-30": "$27", "2009-06-30": "$31", "2009-03-31": "$22", "2008-12-31": "$61", "2008-09-30": "$26", "2008-06-30": "$27", "2008-03-31": "$21", "2007-12-31": "$28", "2007-09-30": "$21", "2007-06-30": "$21", "2007-03-31": "$14", "2006-12-31": "$17", "2006-09-30": "$14", "2006-06-30": "$12", "2006-03-31": "$11", "2005-12-31": "$20", "2005-09-30": "$20", "2005-06-30": "$19", "2005-03-31": "$20"}}, "long-term-debt": {"EPR Properties Annual Long Term Debt (Millions of US $)": {"2019": "$3,103", "2018": "$2,986", "2017": "$3,029", "2016": "$2,486", "2015": "$1,982", "2014": "$1,630", "2013": "$1,475", "2012": "$1,369", "2011": "$1,154", "2010": "$1,191", "2009": "$1,141", "2008": "$1,262", "2007": "$1,081", "2006": "$675", "2005": "$715"}, "EPR Properties Quarterly Long Term Debt (Millions of US $)": {"2020-09-30": "$3,855", "2020-06-30": "$3,854", "2020-03-31": "$3,854", "2019-12-31": "$3,103", "2019-09-30": "$3,102", "2019-06-30": "$3,217", "2019-03-31": "$3,046", "2018-12-31": "$2,986", "2018-09-30": "$2,955", "2018-06-30": "$2,984", "2018-03-31": "$3,131", "2017-12-31": "$3,029", "2017-09-30": "$2,988", "2017-06-30": "$2,793", "2017-03-31": "$2,616", "2016-12-31": "$2,486", "2016-09-30": "$2,249", "2016-06-30": "$2,098", "2016-03-31": "$1,996", "2015-12-31": "$1,982", "2015-09-30": "$2,037", "2015-06-30": "$1,946", "2015-03-31": "$1,849", "2014-12-31": "$1,630", "2014-09-30": "$1,621", "2014-06-30": "$1,660", "2014-03-31": "$1,483", "2013-12-31": "$1,475", "2013-09-30": "$1,546", "2013-06-30": "$1,475", "2013-03-31": "$1,383", "2012-12-31": "$1,369", "2012-09-30": "$1,339", "2012-06-30": "$1,271", "2012-03-31": "$1,225", "2011-12-31": "$1,154", "2011-09-30": "$1,139", "2011-06-30": "$1,048", "2011-03-31": "$1,051", "2010-12-31": "$1,191", "2010-09-30": "$1,202", "2010-06-30": "$1,209", "2010-03-31": "$1,309", "2009-12-31": "$1,141", "2009-09-30": "$1,184", "2009-06-30": "$1,225", "2009-03-31": "$1,201", "2008-12-31": "$1,262", "2008-09-30": "$1,218", "2008-06-30": "$1,181", "2008-03-31": "$1,106", "2007-12-31": "$1,081", "2007-09-30": "$1,061", "2007-06-30": "$980", "2007-03-31": "$734", "2006-12-31": "$675", "2006-09-30": "$767", "2006-06-30": "$733", "2006-03-31": "$721", "2005-12-31": "$715", "2005-09-30": "$665", "2005-06-30": "$645", "2005-03-31": "$582"}}, "total-liabilities": {"EPR Properties Annual Total Liabilities (Millions of US $)": {"2019": "$3,572", "2018": "$3,266", "2017": "$3,264", "2016": "$2,679", "2015": "$2,143", "2014": "$1,760", "2013": "$1,584", "2012": "$1,487", "2011": "$1,236", "2010": "$1,292", "2009": "$1,213", "2008": "$1,341", "2007": "$1,164", "2006": "$719", "2005": "$748"}, "EPR Properties Quarterly Total Liabilities (Millions of US $)": {"2020-09-30": "$4,257", "2020-06-30": "$4,267", "2020-03-31": "$4,319", "2019-12-31": "$3,572", "2019-09-30": "$3,592", "2019-06-30": "$3,702", "2019-03-31": "$3,518", "2018-12-31": "$3,266", "2018-09-30": "$3,217", "2018-06-30": "$3,218", "2018-03-31": "$3,363", "2017-12-31": "$3,264", "2017-09-30": "$3,245", "2017-06-30": "$3,038", "2017-03-31": "$2,807", "2016-12-31": "$2,679", "2016-09-30": "$2,432", "2016-06-30": "$2,266", "2016-03-31": "$2,157", "2015-12-31": "$2,143", "2015-09-30": "$2,212", "2015-06-30": "$2,089", "2015-03-31": "$1,994", "2014-12-31": "$1,760", "2014-09-30": "$1,752", "2014-06-30": "$1,781", "2014-03-31": "$1,579", "2013-12-31": "$1,584", "2013-09-30": "$1,642", "2013-06-30": "$1,562", "2013-03-31": "$1,494", "2012-12-31": "$1,487", "2012-09-30": "$1,449", "2012-06-30": "$1,361", "2012-03-31": "$1,313", "2011-12-31": "$1,236", "2011-09-30": "$1,229", "2011-06-30": "$1,148", "2011-03-31": "$1,138", "2010-12-31": "$1,292", "2010-09-30": "$1,298", "2010-06-30": "$1,293", "2010-03-31": "$1,398", "2009-12-31": "$1,213", "2009-09-30": "$1,256", "2009-06-30": "$1,296", "2009-03-31": "$1,265", "2008-12-31": "$1,341", "2008-09-30": "$1,304", "2008-06-30": "$1,265", "2008-03-31": "$1,180", "2007-12-31": "$1,164", "2007-09-30": "$1,133", "2007-06-30": "$1,042", "2007-03-31": "$773", "2006-12-31": "$719", "2006-09-30": "$802", "2006-06-30": "$769", "2006-03-31": "$756", "2005-12-31": "$748", "2005-09-30": "$698", "2005-06-30": "$681", "2005-03-31": "$617"}}, "total-share-holder-equity": {"EPR Properties Annual Share Holder Equity (Millions of US $)": {"2019": "$3,006", "2018": "$2,865", "2017": "$2,927", "2016": "$2,186", "2015": "$2,074", "2014": "$1,926", "2013": "$1,688", "2012": "$1,460", "2011": "$1,498", "2010": "$1,631", "2009": "$1,468", "2008": "$1,293", "2007": "$1,008", "2006": "$853", "2005": "$666"}, "EPR Properties Quarterly Share Holder Equity (Millions of US $)": {"2020-09-30": "$2,650", "2020-06-30": "$2,736", "2020-03-31": "$2,936", "2019-12-31": "$3,006", "2019-09-30": "$3,041", "2019-06-30": "$3,045", "2019-03-31": "$2,913", "2018-12-31": "$2,865", "2018-09-30": "$2,897", "2018-06-30": "$2,886", "2018-03-31": "$2,876", "2017-12-31": "$2,927", "2017-09-30": "$2,888", "2017-06-30": "$2,901", "2017-03-31": "$2,239", "2016-12-31": "$2,186", "2016-09-30": "$2,189", "2016-06-30": "$2,195", "2016-03-31": "$2,187", "2015-12-31": "$2,074", "2015-09-30": "$1,989", "2015-06-30": "$1,902", "2015-03-31": "$1,910", "2014-12-31": "$1,926", "2014-09-30": "$1,928", "2014-06-30": "$1,752", "2014-03-31": "$1,761", "2013-12-31": "$1,688", "2013-09-30": "$1,493", "2013-06-30": "$1,455", "2013-03-31": "$1,458", "2012-12-31": "$1,460", "2012-09-30": "$1,467", "2012-06-30": "$1,473", "2012-03-31": "$1,478", "2011-12-31": "$1,498", "2011-09-30": "$1,497", "2011-06-30": "$1,581", "2011-03-31": "$1,620", "2010-12-31": "$1,631", "2010-09-30": "$1,624", "2010-06-30": "$1,618", "2010-03-31": "$1,465", "2009-12-31": "$1,468", "2009-09-30": "$1,297", "2009-06-30": "$1,346", "2009-03-31": "$1,337", "2008-12-31": "$1,293", "2008-09-30": "$1,310", "2008-06-30": "$1,197", "2008-03-31": "$1,001", "2007-12-31": "$1,008", "2007-09-30": "$930", "2007-06-30": "$922", "2007-03-31": "$852", "2006-12-31": "$853", "2006-09-30": "$719", "2006-06-30": "$720", "2006-03-31": "$709", "2005-12-31": "$666", "2005-09-30": "$666", "2005-06-30": "$660", "2005-03-31": "$661"}}, "profit-margins": {"current": "-15.35%"}, "gross margin": {"2020-09-30": "88.19%", "2020-06-30": "90.27%", "2020-03-31": "91.10%", "2019-12-31": "90.64%", "2019-09-30": "90.99%", "2019-06-30": "92.27%", "2019-03-31": "94.03%", "2018-12-31": "95.31%", "2018-09-30": "94.39%", "2018-06-30": "94.32%", "2018-03-31": "93.93%", "2017-12-31": "94.02%", "2017-09-30": "95.71%", "2017-06-30": "95.51%", "2017-03-31": "95.24%", "2016-12-31": "95.14%", "2016-09-30": "94.95%", "2016-06-30": "94.97%", "2016-03-31": "94.77%", "2015-12-31": "94.52%", "2015-09-30": "94.19%", "2015-06-30": "93.81%", "2015-03-31": "93.67%", "2014-12-31": "93.26%", "2014-09-30": "93.24%", "2014-06-30": "92.76%", "2014-03-31": "92.57%", "2013-12-31": "92.42%", "2013-09-30": "92.24%", "2013-06-30": "92.40%", "2013-03-31": "92.28%", "2012-12-31": "92.14%", "2012-09-30": "91.86%", "2012-06-30": "91.69%", "2012-03-31": "91.58%", "2011-12-31": "91.50%", "2011-09-30": "92.41%", "2011-06-30": "92.36%", "2011-03-31": "92.28%", "2010-12-31": "92.55%", "2010-09-30": "92.39%", "2010-06-30": "92.51%", "2010-03-31": "92.69%", "2009-12-31": "91.80%", "2009-09-30": "92.58%", "2009-06-30": "92.11%", "2009-03-31": "91.51%", "2008-12-31": "91.85%", "2008-09-30": "89.86%", "2008-06-30": "89.73%", "2008-03-31": "89.68%", "2007-12-31": "89.87%", "2007-09-30": "90.05%", "2007-06-30": "89.90%", "2007-03-31": "90.55%", "2006-12-31": "90.31%", "2006-09-30": "90.58%", "2006-06-30": "90.76%", "2006-03-31": "90.23%", "2005-12-31": "90.36%"}, "operating margin": {"2020-09-30": "21.79%", "2020-06-30": "29.53%", "2020-03-31": "42.64%", "2019-12-31": "44.33%", "2019-09-30": "39.63%", "2019-06-30": "51.60%", "2019-03-31": "57.86%", "2018-12-31": "54.84%", "2018-09-30": "60.10%", "2018-06-30": "59.10%", "2018-03-31": "54.96%", "2017-12-31": "61.39%", "2017-09-30": "62.79%", "2017-06-30": "62.55%", "2017-03-31": "64.09%", "2016-12-31": "63.97%", "2016-09-30": "64.21%", "2016-06-30": "64.77%", "2016-03-31": "63.86%", "2015-12-31": "59.52%", "2015-09-30": "60.53%", "2015-06-30": "60.15%", "2015-03-31": "61.77%", "2014-12-31": "66.84%", "2014-09-30": "66.76%", "2014-06-30": "67.97%", "2014-03-31": "66.57%", "2013-12-31": "66.76%", "2013-09-30": "67.76%", "2013-06-30": "67.78%", "2013-03-31": "69.75%", "2012-12-31": "68.55%", "2012-09-30": "77.20%", "2012-06-30": "77.41%", "2012-03-31": "69.02%", "2011-12-31": "67.69%", "2011-09-30": "58.28%", "2011-06-30": "58.33%", "2011-03-31": "63.16%", "2010-12-31": "65.60%", "2010-09-30": "62.32%", "2010-06-30": "37.08%", "2010-03-31": "40.38%", "2009-12-31": "38.67%", "2009-09-30": "43.36%", "2009-06-30": "69.55%", "2009-03-31": "69.74%", "2008-12-31": "70.74%", "2008-09-30": "67.75%", "2008-06-30": "66.92%", "2008-03-31": "66.27%", "2007-12-31": "66.67%", "2007-09-30": "74.66%", "2007-06-30": "68.75%", "2007-03-31": "68.16%", "2006-12-31": "67.86%", "2006-09-30": "61.26%", "2006-06-30": "68.48%", "2006-03-31": "68.97%", "2005-12-31": "69.28%"}, "ebitda margin": {"2020-09-30": "58.45%", "2020-06-30": "60.23%", "2020-03-31": "70.71%", "2019-12-31": "71.63%", "2019-09-30": "69.05%", "2019-06-30": "79.50%", "2019-03-31": "83.18%", "2018-12-31": "79.69%", "2018-09-30": "85.26%", "2018-06-30": "84.64%", "2018-03-31": "82.35%", "2017-12-31": "88.22%", "2017-09-30": "86.05%", "2017-06-30": "85.58%", "2017-03-31": "86.90%", "2016-12-31": "86.84%", "2016-09-30": "87.16%", "2016-06-30": "87.75%", "2016-03-31": "86.82%", "2015-12-31": "81.90%", "2015-09-30": "81.60%", "2015-06-30": "80.20%", "2015-03-31": "80.76%", "2014-12-31": "85.49%", "2014-09-30": "85.41%", "2014-06-30": "85.79%", "2014-03-31": "84.29%", "2013-12-31": "83.97%", "2013-09-30": "84.48%", "2013-06-30": "84.19%", "2013-03-31": "85.80%", "2012-12-31": "84.59%", "2012-09-30": "92.18%", "2012-06-30": "93.02%", "2012-03-31": "84.51%", "2011-12-31": "83.33%", "2011-09-30": "74.83%", "2011-06-30": "75.00%", "2011-03-31": "80.00%", "2010-12-31": "82.27%", "2010-09-30": "79.71%", "2010-06-30": "54.68%", "2010-03-31": "56.92%", "2009-12-31": "56.25%", "2009-09-30": "59.77%", "2009-06-30": "85.34%", "2009-03-31": "86.35%", "2008-12-31": "86.30%", "2008-09-30": "84.06%", "2008-06-30": "83.27%", "2008-03-31": "82.94%", "2007-12-31": "83.54%", "2007-09-30": "91.86%", "2007-06-30": "86.54%", "2007-03-31": "85.57%", "2006-12-31": "85.20%", "2006-09-30": "78.53%", "2006-06-30": "85.87%", "2006-03-31": "87.36%", "2005-12-31": "87.95%"}, "pre tax profit margin": {"2020-09-30": "-9.16%", "2020-06-30": "5.03%", "2020-03-31": "21.32%", "2019-12-31": "23.16%", "2019-09-30": "18.71%", "2019-06-30": "32.61%", "2019-03-31": "37.89%", "2018-12-31": "35.00%", "2018-09-30": "38.94%", "2018-06-30": "35.89%", "2018-03-31": "37.50%", "2017-12-31": "44.02%", "2017-09-30": "46.15%", "2017-06-30": "47.19%", "2017-03-31": "45.04%", "2016-12-31": "45.75%", "2016-09-30": "46.32%", "2016-06-30": "46.61%", "2016-03-31": "45.00%", "2015-12-31": "46.43%", "2015-09-30": "47.46%", "2015-06-30": "46.78%", "2015-03-31": "48.10%", "2014-12-31": "46.63%", "2014-09-30": "47.30%", "2014-06-30": "47.91%", "2014-03-31": "46.29%", "2013-12-31": "47.23%", "2013-09-30": "45.67%", "2013-06-30": "45.29%", "2013-03-31": "47.22%", "2012-12-31": "44.65%", "2012-09-30": "54.07%", "2012-06-30": "54.49%", "2012-03-31": "46.13%", "2011-12-31": "44.22%", "2011-09-30": "34.48%", "2011-06-30": "34.03%", "2011-03-31": "38.60%", "2010-12-31": "41.49%", "2010-09-30": "38.04%", "2010-06-30": "12.73%", "2010-03-31": "15.77%", "2009-12-31": "13.67%", "2009-09-30": "19.14%", "2009-06-30": "45.86%", "2009-03-31": "46.13%", "2008-12-31": "46.67%", "2008-09-30": "42.03%", "2008-06-30": "40.30%", "2008-03-31": "39.29%", "2007-12-31": "40.93%", "2007-09-30": "41.63%", "2007-06-30": "41.83%", "2007-03-31": "41.79%", "2006-12-31": "40.82%", "2006-09-30": "40.84%", "2006-06-30": "41.30%", "2006-03-31": "41.38%", "2005-12-31": "41.57%"}, "net profit margin": {"2020-09-30": "-20.37%", "2020-06-30": "3.36%", "2020-03-31": "23.01%", "2019-12-31": "27.30%", "2019-09-30": "33.33%", "2019-06-30": "42.69%", "2019-03-31": "43.87%", "2018-12-31": "38.13%", "2018-09-30": "40.22%", "2018-06-30": "37.06%", "2018-03-31": "38.79%", "2017-12-31": "45.37%", "2017-09-30": "41.50%", "2017-06-30": "42.51%", "2017-03-31": "39.88%", "2016-12-31": "40.69%", "2016-09-30": "41.26%", "2016-06-30": "41.14%", "2016-03-31": "41.36%", "2015-12-31": "40.71%", "2015-09-30": "41.40%", "2015-06-30": "40.59%", "2015-03-31": "39.49%", "2014-12-31": "40.67%", "2014-09-30": "45.14%", "2014-06-30": "46.80%", "2014-03-31": "45.71%", "2013-12-31": "45.77%", "2013-09-30": "35.52%", "2013-06-30": "33.13%", "2013-03-31": "34.88%", "2012-12-31": "29.25%", "2012-09-30": "34.53%", "2012-06-30": "34.55%", "2012-03-31": "21.89%", "2011-12-31": "28.57%", "2011-09-30": "27.24%", "2011-06-30": "27.78%", "2011-03-31": "33.68%", "2010-12-31": "30.14%", "2010-09-30": "23.55%", "2010-06-30": "-10.86%", "2010-03-31": "-6.54%", "2009-12-31": "-8.59%", "2009-09-30": "-0.39%", "2009-06-30": "35.71%", "2009-03-31": "36.53%", "2008-12-31": "38.15%", "2008-09-30": "35.14%", "2008-06-30": "33.84%", "2008-03-31": "34.13%", "2007-12-31": "34.60%", "2007-09-30": "35.29%", "2007-06-30": "36.06%", "2007-03-31": "35.82%", "2006-12-31": "35.71%", "2006-09-30": "35.08%", "2006-06-30": "34.78%", "2006-03-31": "34.48%", "2005-12-31": "34.34%"}, "pe ratio": {"current": "13.61", "2021-02-05": "0.00", "2020-09-30": "0.00", "2020-06-30": "132.52", "2020-03-31": "12.33", "2019-12-31": "29.17", "2019-09-30": "28.11", "2019-06-30": "20.60", "2019-03-31": "18.91", "2018-12-31": "17.74", "2018-09-30": "18.16", "2018-06-30": "19.08", "2018-03-31": "16.76", "2017-12-31": "16.89", "2017-09-30": "17.30", "2017-06-30": "17.36", "2017-03-31": "18.93", "2016-12-31": "18.09", "2016-09-30": "19.83", "2016-06-30": "20.40", "2016-03-31": "16.73", "2015-12-31": "15.10", "2015-09-30": "12.98", "2015-06-30": "13.93", "2015-03-31": "15.57", "2014-12-31": "14.37", "2014-09-30": "11.22", "2014-06-30": "11.77", "2014-03-31": "11.39", "2013-12-31": "10.18", "2013-09-30": "12.80", "2013-06-30": "14.07", "2013-03-31": "13.81", "2012-12-31": "14.61", "2012-09-30": "12.14", "2012-06-30": "11.29", "2012-03-31": "19.75", "2011-12-31": "14.24", "2011-09-30": "13.32", "2011-06-30": "15.40", "2011-03-31": "12.70", "2010-12-31": "13.75", "2010-09-30": "16.16", "2010-06-30": "0.00", "2010-03-31": "0.00", "2009-12-31": "0.00", "2009-09-30": "289.30", "2009-06-30": "3.62", "2009-03-31": "2.51", "2008-12-31": "4.22", "2008-09-30": "7.71", "2008-06-30": "7.12", "2008-03-31": "6.99", "2007-12-31": "6.74", "2007-09-30": "7.39", "2007-06-30": "8.04", "2007-03-31": "9.25", "2006-12-31": "9.06"}, "price sales": {"2021-02-05": "6.13", "2020-09-30": "4.30", "2020-06-30": "4.29", "2020-03-31": "2.83", "2019-12-31": "7.96", "2019-09-30": "9.41", "2019-06-30": "8.78", "2019-03-31": "8.29", "2018-12-31": "6.74", "2018-09-30": "7.22", "2018-06-30": "6.99", "2018-03-31": "6.43", "2017-12-31": "7.54", "2017-09-30": "7.13", "2017-06-30": "7.32", "2017-03-31": "7.55", "2016-12-31": "7.37", "2016-09-30": "8.13", "2016-06-30": "8.35", "2016-03-31": "6.89", "2015-12-31": "6.08", "2015-09-30": "5.28", "2015-06-30": "5.54", "2015-03-31": "6.02", "2014-12-31": "5.71", "2014-09-30": "5.00", "2014-06-30": "5.41", "2014-03-31": "5.06", "2013-12-31": "4.54", "2013-09-30": "4.51", "2013-06-30": "4.66", "2013-03-31": "4.82", "2012-12-31": "4.28", "2012-09-30": "4.21", "2012-06-30": "3.90", "2012-03-31": "4.37", "2011-12-31": "4.09", "2011-09-30": "3.61", "2011-06-30": "4.27", "2011-03-31": "4.22", "2010-12-31": "4.06", "2010-09-30": "3.62", "2010-06-30": "3.03", "2010-03-31": "3.10", "2009-12-31": "2.51", "2009-09-30": "2.31", "2009-06-30": "1.29", "2009-03-31": "0.91", "2008-12-31": "1.58", "2008-09-30": "2.66", "2008-06-30": "2.37", "2008-03-31": "2.35", "2007-12-31": "2.31", "2007-09-30": "2.62", "2007-06-30": "2.90", "2007-03-31": "3.29", "2006-12-31": "3.20"}, "price book": {"current": "1.10", "2021-02-05": "1.10", "2020-09-30": "0.77", "2020-06-30": "0.90", "2020-03-31": "0.64", "2019-12-31": "1.77", "2019-09-30": "1.87", "2019-06-30": "1.77", "2019-03-31": "1.83", "2018-12-31": "1.51", "2018-09-30": "1.57", "2018-06-30": "1.47", "2018-03-31": "1.23", "2017-12-31": "1.45", "2017-09-30": "1.48", "2017-06-30": "1.55", "2017-03-31": "1.73", "2016-12-31": "1.74", "2016-09-30": "1.80", "2016-06-30": "1.82", "2016-03-31": "1.48", "2015-12-31": "1.30", "2015-09-30": "1.14", "2015-06-30": "1.21", "2015-03-31": "1.30", "2014-12-31": "1.21", "2014-09-30": "1.05", "2014-06-30": "1.17", "2014-03-31": "1.10", "2013-12-31": "1.00", "2013-09-30": "1.03", "2013-06-30": "1.05", "2013-03-31": "1.07", "2012-12-31": "0.93", "2012-09-30": "0.88", "2012-06-30": "0.79", "2012-03-31": "0.88", "2011-12-31": "0.80", "2011-09-30": "0.70", "2011-06-30": "0.78", "2011-03-31": "0.75", "2010-12-31": "0.73", "2010-09-30": "0.67", "2010-06-30": "0.58", "2010-03-31": "0.63", "2009-12-31": "0.53", "2009-09-30": "0.49", "2009-06-30": "0.27", "2009-03-31": "0.20", "2008-12-31": "0.35", "2008-09-30": "0.62", "2008-06-30": "0.56", "2008-03-31": "0.61", "2007-12-31": "0.56", "2007-09-30": "0.62", "2007-06-30": "0.65", "2007-03-31": "0.77", "2006-12-31": "0.73", "2006-09-30": "0.73", "2006-06-30": "0.62", "2006-03-31": "0.61"}, "price fcf": {"2021-02-05": "", "2020-09-30": "$3.15", "2020-06-30": "$3.18", "2020-03-31": "$0.85", "2019-12-31": "$0.26", "2019-09-30": "$-3.61", "2019-06-30": "$-3.84", "2019-03-31": "$0.46", "2018-12-31": "$0.59", "2018-09-30": "$1.33", "2018-06-30": "$-0.15", "2018-03-31": "$-1.73", "2017-12-31": "$-2.70", "2017-09-30": "$-3.99", "2017-06-30": "$-3.20", "2017-03-31": "$-5.11", "2016-12-31": "$-4.79", "2016-09-30": "$-4.17", "2016-06-30": "$-4.66", "2016-03-31": "$-4.65", "2015-12-31": "$-4.51", "2015-09-30": "$-4.23", "2015-06-30": "$-3.81", "2015-03-31": "$-2.80", "2014-12-31": "$-2.89", "2014-09-30": "$-4.13", "2014-06-30": "$-3.71", "2014-03-31": "$-2.47", "2013-12-31": "$-1.78", "2013-09-30": "$-0.13", "2013-06-30": "$0.50", "2013-03-31": "$0.81", "2012-12-31": "$0.44", "2012-09-30": "$1.12", "2012-06-30": "$1.48", "2012-03-31": "$1.87", "2011-12-31": "$1.81", "2011-09-30": "$2.07", "2011-06-30": "$2.90", "2011-03-31": "$0.09", "2010-12-31": "$0.97", "2010-09-30": "$-2.87", "2010-06-30": "$-3.12", "2010-03-31": "$-0.26", "2009-12-31": "$-0.16", "2009-09-30": "$3.39", "2009-06-30": "$3.59", "2009-03-31": "$-0.79", "2008-12-31": "$-1.01", "2008-09-30": "$-1.07", "2008-06-30": "$-2.66", "2008-03-31": "$1.18", "2007-12-31": "$0.69", "2007-09-30": "$-0.51", "2007-06-30": "$-0.38", "2007-03-31": "$-0.17", "2006-12-31": "$-1.07"}, "net worth": {"value": "$2.92B"}, "current ratio": {"2020-09-30": "15.50", "2020-06-30": "15.57", "2020-03-31": "14.79", "2019-12-31": "7.94", "2019-09-30": "5.23", "2019-06-30": "5.32", "2019-03-31": "5.61", "2018-12-31": "3.77", "2018-09-30": "5.57", "2018-06-30": "6.16", "2018-03-31": "8.07", "2017-12-31": "8.20", "2017-09-30": "7.88", "2017-06-30": "8.02", "2017-03-31": "8.00", "2016-12-31": "6.20", "2016-09-30": "5.44", "2016-06-30": "5.62", "2016-03-31": "7.15", "2015-12-31": "5.40", "2015-09-30": "5.55", "2015-06-30": "7.82", "2015-03-31": "9.02", "2014-12-31": "6.96", "2014-09-30": "8.75", "2014-06-30": "8.28", "2014-03-31": "12.05", "2013-12-31": "7.56", "2013-09-30": "10.24", "2013-06-30": "10.80", "2013-03-31": "11.53", "2012-12-31": "8.08", "2012-09-30": "9.31", "2012-06-30": "12.64", "2012-03-31": "14.42", "2011-12-31": "10.94", "2011-09-30": "10.45", "2011-06-30": "8.03", "2011-03-31": "9.54", "2010-12-31": "6.70", "2010-09-30": "8.56", "2010-06-30": "10.32", "2010-03-31": "10.57", "2009-12-31": "21.03", "2009-09-30": "20.60", "2009-06-30": "23.69", "2009-03-31": "22.19", "2008-12-31": "18.04", "2008-09-30": "33.65", "2008-06-30": "21.35", "2008-03-31": "21.01", "2007-12-31": "15.63", "2007-09-30": "14.97", "2007-06-30": "24.34", "2007-03-31": "20.11", "2006-12-31": "7.46", "2006-09-30": "9.41", "2006-06-30": "9.69", "2006-03-31": "8.85", "2005-12-31": "9.80", "2005-09-30": "7.56", "2005-06-30": "6.57", "2005-03-31": "2.73"}, "quick ratio": {"2020-09-30": "0.00", "2020-06-30": "0.00", "2020-03-31": "0.00", "2019-12-31": "0.00", "2019-09-30": "0.00", "2019-06-30": "0.00", "2019-03-31": "0.00", "2018-12-31": "0.00", "2018-09-30": "0.00", "2018-06-30": "0.00", "2018-03-31": "0.00", "2017-12-31": "0.00", "2017-09-30": "0.00", "2017-06-30": "0.00", "2017-03-31": "0.00", "2016-12-31": "0.00", "2016-09-30": "0.00", "2016-06-30": "0.00", "2016-03-31": "0.00", "2015-12-31": "0.00", "2015-09-30": "0.00", "2015-06-30": "0.00", "2015-03-31": "0.00", "2014-12-31": "0.00", "2014-09-30": "0.00", "2014-06-30": "0.00", "2014-03-31": "0.00", "2013-12-31": "0.00", "2013-09-30": "0.00", "2013-06-30": "0.00", "2013-03-31": "0.00", "2012-12-31": "0.00", "2012-09-30": "0.00", "2012-06-30": "0.00", "2012-03-31": "0.00", "2011-12-31": "0.00", "2011-09-30": "0.00", "2011-06-30": "0.00", "2011-03-31": "0.00", "2010-12-31": "0.00", "2010-09-30": "0.00", "2010-06-30": "0.00", "2010-03-31": "0.00", "2009-12-31": "0.00", "2009-09-30": "0.00", "2009-06-30": "0.00", "2009-03-31": "0.00", "2008-12-31": "0.00", "2008-09-30": "0.00", "2008-06-30": "0.00", "2008-03-31": "0.00", "2007-12-31": "0.00", "2007-09-30": "0.00", "2007-06-30": "0.00", "2007-03-31": "0.00", "2006-12-31": "0.00", "2006-09-30": "0.00", "2006-06-30": "0.00", "2006-03-31": "0.00", "2005-12-31": "0.00", "2005-09-30": "0.00", "2005-06-30": "0.00", "2005-03-31": "0.00"}, "debt equity ratio": {"current": "1.45", "2020-09-30": "1.61", "2020-06-30": "1.56", "2020-03-31": "1.47", "2019-12-31": "1.19", "2019-09-30": "1.18", "2019-06-30": "1.22", "2019-03-31": "1.21", "2018-12-31": "1.14", "2018-09-30": "1.11", "2018-06-30": "1.12", "2018-03-31": "1.17", "2017-12-31": "1.12", "2017-09-30": "1.12", "2017-06-30": "1.05", "2017-03-31": "1.25", "2016-12-31": "1.23", "2016-09-30": "1.11", "2016-06-30": "1.03", "2016-03-31": "0.99", "2015-12-31": "1.03", "2015-09-30": "1.11", "2015-06-30": "1.10", "2015-03-31": "1.04", "2014-12-31": "0.91", "2014-09-30": "0.91", "2014-06-30": "1.02", "2014-03-31": "0.90", "2013-12-31": "0.94", "2013-09-30": "1.10", "2013-06-30": "1.07", "2013-03-31": "1.03", "2012-12-31": "1.02", "2012-09-30": "0.99", "2012-06-30": "0.92", "2012-03-31": "0.89", "2011-12-31": "0.83", "2011-09-30": "0.82", "2011-06-30": "0.73", "2011-03-31": "0.70", "2010-12-31": "0.79", "2010-09-30": "0.80", "2010-06-30": "0.80", "2010-03-31": "0.95", "2009-12-31": "0.83", "2009-09-30": "0.97", "2009-06-30": "0.96", "2009-03-31": "0.95", "2008-12-31": "1.04", "2008-09-30": "1.00", "2008-06-30": "1.06", "2008-03-31": "1.18", "2007-12-31": "1.16", "2007-09-30": "1.22", "2007-06-30": "1.13", "2007-03-31": "0.91", "2006-12-31": "0.84", "2006-09-30": "1.11", "2006-06-30": "1.07", "2006-03-31": "1.07", "2005-12-31": "1.12", "2005-09-30": "1.05", "2005-06-30": "1.03", "2005-03-31": "0.93"}, "return on equity": {"2020-09-30": "-3.53%", "2020-06-30": "0.68%", "2020-03-31": "4.99%", "2019-12-31": "5.93%", "2019-09-30": "6.61%", "2019-06-30": "8.67%", "2019-03-31": "9.65%", "2018-12-31": "8.47%", "2018-09-30": "8.67%", "2018-06-30": "7.67%", "2018-03-31": "7.28%", "2017-12-31": "8.58%", "2017-09-30": "9.09%", "2017-06-30": "9.54%", "2017-03-31": "9.13%", "2016-12-31": "9.18%", "2016-09-30": "9.07%", "2016-06-30": "8.90%", "2016-03-31": "8.93%", "2015-12-31": "8.69%", "2015-09-30": "8.85%", "2015-06-30": "8.56%", "2015-03-31": "8.30%", "2014-12-31": "8.52%", "2014-09-30": "9.37%", "2014-06-30": "10.04%", "2014-03-31": "10.00%", "2013-12-31": "10.31%", "2013-09-30": "8.11%", "2013-06-30": "7.47%", "2013-03-31": "7.72%", "2012-12-31": "6.33%", "2012-09-30": "7.17%", "2012-06-30": "7.00%", "2012-03-31": "4.29%", "2011-12-31": "5.42%", "2011-09-30": "4.99%", "2011-06-30": "4.96%", "2011-03-31": "5.91%", "2010-12-31": "5.36%", "2010-09-30": "4.21%", "2010-06-30": "-1.98%", "2010-03-31": "-1.22%", "2009-12-31": "-1.62%", "2009-09-30": "-0.08%", "2009-06-30": "7.19%", "2009-03-31": "7.71%", "2008-12-31": "8.58%", "2008-09-30": "8.59%", "2008-06-30": "8.61%", "2008-03-31": "8.91%", "2007-12-31": "8.84%", "2007-09-30": "8.77%", "2007-06-30": "8.97%", "2007-03-31": "9.16%", "2006-12-31": "9.33%", "2006-09-30": "9.52%", "2006-06-30": "9.27%", "2006-03-31": "8.89%", "2005-12-31": "8.59%"}, "return on assets": {"2020-09-30": "-1.44%", "2020-06-30": "0.29%", "2020-03-31": "2.20%", "2019-12-31": "2.70%", "2019-09-30": "3.02%", "2019-06-30": "4.00%", "2019-03-31": "4.50%", "2018-12-31": "3.97%", "2018-09-30": "4.07%", "2018-06-30": "3.60%", "2018-03-31": "3.44%", "2017-12-31": "4.03%", "2017-09-30": "4.22%", "2017-06-30": "4.44%", "2017-03-31": "4.23%", "2016-12-31": "4.40%", "2016-09-30": "4.44%", "2016-06-30": "4.37%", "2016-03-31": "4.35%", "2015-12-31": "4.19%", "2015-09-30": "4.33%", "2015-06-30": "4.30%", "2015-03-31": "4.22%", "2014-12-31": "4.41%", "2014-09-30": "4.83%", "2014-06-30": "5.06%", "2014-03-31": "5.01%", "2013-12-31": "5.07%", "2013-09-30": "3.95%", "2013-06-30": "3.69%", "2013-03-31": "3.88%", "2012-12-31": "3.24%", "2012-09-30": "3.76%", "2012-06-30": "3.75%", "2012-03-31": "2.37%", "2011-12-31": "3.07%", "2011-09-30": "2.84%", "2011-06-30": "2.82%", "2011-03-31": "3.34%", "2010-12-31": "2.93%", "2010-09-30": "2.29%", "2010-06-30": "-1.05%", "2010-03-31": "-0.63%", "2009-12-31": "-0.84%", "2009-09-30": "-0.04%", "2009-06-30": "3.62%", "2009-03-31": "3.84%", "2008-12-31": "4.17%", "2008-09-30": "4.12%", "2008-06-30": "4.01%", "2008-03-31": "4.11%", "2007-12-31": "4.19%", "2007-09-30": "4.32%", "2007-06-30": "4.49%", "2007-03-31": "4.64%", "2006-12-31": "4.63%", "2006-09-30": "4.55%", "2006-06-30": "4.47%", "2006-03-31": "4.30%", "2005-12-31": "4.22%"}, "return on investments": {"2020-09-30": "1.65%", "2020-06-30": "2.75%", "2020-03-31": "4.39%", "2019-12-31": "4.72%", "2019-09-30": "3.85%", "2019-06-30": "5.13%", "2019-03-31": "6.26%", "2018-12-31": "5.95%", "2018-09-30": "6.33%", "2018-06-30": "5.97%", "2018-03-31": "5.08%", "2017-12-31": "5.68%", "2017-09-30": "6.65%", "2017-06-30": "6.80%", "2017-03-31": "7.08%", "2016-12-31": "7.19%", "2016-09-30": "7.19%", "2016-06-30": "7.15%", "2016-03-31": "6.98%", "2015-12-31": "6.37%", "2015-09-30": "6.58%", "2015-06-30": "6.61%", "2015-03-31": "6.84%", "2014-12-31": "7.50%", "2014-09-30": "7.39%", "2014-06-30": "7.59%", "2014-03-31": "7.53%", "2013-12-31": "7.65%", "2013-09-30": "7.80%", "2013-06-30": "7.82%", "2013-03-31": "8.06%", "2012-12-31": "7.87%", "2012-09-30": "8.69%", "2012-06-30": "8.68%", "2012-03-31": "7.72%", "2011-12-31": "7.52%", "2011-09-30": "6.28%", "2011-06-30": "6.14%", "2011-03-31": "6.46%", "2010-12-31": "6.58%", "2010-09-30": "6.23%", "2010-06-30": "3.70%", "2010-03-31": "4.02%", "2009-12-31": "3.88%", "2009-09-30": "4.38%", "2009-06-30": "7.26%", "2009-03-31": "7.56%", "2008-12-31": "7.98%", "2008-09-30": "8.22%", "2008-06-30": "8.22%", "2008-03-31": "8.26%", "2007-12-31": "8.35%", "2007-09-30": "9.42%", "2007-06-30": "8.80%", "2007-03-31": "9.05%", "2006-12-31": "9.02%", "2006-09-30": "8.14%", "2006-06-30": "9.01%", "2006-03-31": "8.81%", "2005-12-31": "8.75%"}, "return on tangible equity": {"2020-09-30": "-3.53%", "2020-06-30": "0.68%", "2020-03-31": "4.99%", "2019-12-31": "5.93%", "2019-09-30": "6.61%", "2019-06-30": "8.67%", "2019-03-31": "9.65%", "2018-12-31": "8.47%", "2018-09-30": "8.67%", "2018-06-30": "7.67%", "2018-03-31": "7.28%", "2017-12-31": "8.58%", "2017-09-30": "9.09%", "2017-06-30": "9.54%", "2017-03-31": "9.13%", "2016-12-31": "9.18%", "2016-09-30": "9.07%", "2016-06-30": "8.90%", "2016-03-31": "8.93%", "2015-12-31": "8.69%", "2015-09-30": "8.85%", "2015-06-30": "8.56%", "2015-03-31": "8.30%", "2014-12-31": "8.52%", "2014-09-30": "9.37%", "2014-06-30": "10.04%", "2014-03-31": "10.00%", "2013-12-31": "10.31%", "2013-09-30": "8.11%", "2013-06-30": "7.47%", "2013-03-31": "7.73%", "2012-12-31": "6.34%", "2012-09-30": "7.18%", "2012-06-30": "7.01%", "2012-03-31": "4.30%", "2011-12-31": "5.44%", "2011-09-30": "5.03%", "2011-06-30": "5.02%", "2011-03-31": "6.02%", "2010-12-31": "5.49%", "2010-09-30": "4.29%", "2010-06-30": "-2.01%", "2010-03-31": "-1.23%", "2009-12-31": "-1.63%", "2009-09-30": "-0.08%", "2009-06-30": "7.25%", "2009-03-31": "7.79%", "2008-12-31": "8.68%", "2008-09-30": "8.71%", "2008-06-30": "8.74%", "2008-03-31": "9.06%", "2007-12-31": "8.98%", "2007-09-30": "8.90%", "2007-06-30": "9.09%", "2007-03-31": "9.28%", "2006-12-31": "9.46%", "2006-09-30": "9.66%", "2006-06-30": "9.41%", "2006-03-31": "9.02%", "2005-12-31": "8.73%"}, "dividend yield history": {"last payout": "$0.00", "last yield": "0.00%"}}