{"ticker": "EQIX", "price": {"title": "Equinix Historical Annual Stock Price Data", "value": 717.7, "historical": {"2020": {"Average Stock Price": "694.7431", "Year Open": "579.3500", "Year High": "835.0000", "Year Low": "489.1400", "Year Close": "714.1800", "Annual % Change": "22.35%"}, "2019": {"Average Stock Price": "497.6794", "Year Open": "350.0000", "Year High": "583.7000", "Year Low": "345.9400", "Year Close": "583.7000", "Annual % Change": "65.56%"}, "2018": {"Average Stock Price": "413.0001", "Year Open": "446.9200", "Year High": "458.2000", "Year Low": "339.0200", "Year Close": "352.5600", "Annual % Change": "-22.21%"}, "2017": {"Average Stock Price": "428.7610", "Year Open": "358.7200", "Year High": "492.9800", "Year Low": "358.7200", "Year Close": "453.2200", "Annual % Change": "26.81%"}, "2016": {"Average Stock Price": "343.7767", "Year Open": "296.0800", "Year High": "389.4500", "Year Low": "265.0500", "Year Close": "357.4100", "Annual % Change": "18.19%"}, "2015": {"Average Stock Price": "262.3535", "Year Open": "226.6500", "Year High": "304.9800", "Year Low": "216.8600", "Year Close": "302.4000", "Annual % Change": "33.37%"}, "2014": {"Average Stock Price": "202.2677", "Year Open": "174.7600", "Year High": "234.1000", "Year Low": "170.4800", "Year Close": "226.7300", "Annual % Change": "27.77%"}, "2013": {"Average Stock Price": "192.4292", "Year Open": "215.0100", "Year High": "229.6700", "Year Low": "155.1800", "Year Close": "177.4500", "Annual % Change": "-13.94%"}, "2012": {"Average Stock Price": "166.5108", "Year Open": "101.2400", "Year High": "206.2000", "Year Low": "100.9000", "Year Close": "206.2000", "Annual % Change": "103.35%"}, "2011": {"Average Stock Price": "94.1197", "Year Open": "83.4600", "Year High": "105.8700", "Year Low": "82.0000", "Year Close": "101.4000", "Annual % Change": "24.78%"}, "2010": {"Average Stock Price": "91.4250", "Year Open": "109.5600", "Year High": "109.5600", "Year Low": "70.3400", "Year Close": "81.2600", "Annual % Change": "-23.45%"}, "2009": {"Average Stock Price": "75.3697", "Year Open": "57.5600", "Year High": "108.1100", "Year Low": "42.2600", "Year Close": "106.1500", "Annual % Change": "99.57%"}, "2008": {"Average Stock Price": "73.4356", "Year Open": "98.6200", "Year High": "100.7500", "Year Low": "35.1400", "Year Close": "53.1900", "Annual % Change": "-47.37%"}, "2007": {"Average Stock Price": "90.1430", "Year Open": "75.3800", "Year High": "116.6600", "Year Low": "75.3800", "Year Close": "101.0700", "Annual % Change": "33.66%"}, "2006": {"Average Stock Price": "58.4891", "Year Open": "41.4300", "Year High": "82.5100", "Year Low": "41.4300", "Year Close": "75.6200", "Annual % Change": "85.53%"}, "2005": {"Average Stock Price": "40.3582", "Year Open": "43.2200", "Year High": "46.2700", "Year Low": "31.6100", "Year Close": "40.7600", "Annual % Change": "-4.63%"}, "2004": {"Average Stock Price": "32.9181", "Year Open": "28.8300", "Year High": "43.1000", "Year Low": "26.4900", "Year Close": "42.7400", "Annual % Change": "51.51%"}, "2003": {"Average Stock Price": "12.2986", "Year Open": "5.2400", "Year High": "28.2500", "Year Low": "2.9000", "Year Close": "28.2100", "Annual % Change": "394.91%"}, "2002": {"Average Stock Price": "24.2264", "Year Open": "85.9425", "Year High": "107.9872", "Year Low": "5.7000", "Year Close": "5.7000", "Annual % Change": "-93.85%"}, "2001": {"Average Stock Price": "60.2752", "Year Open": "113.7380", "Year High": "223.6422", "Year Low": "12.1406", "Year Close": "92.6518", "Annual % Change": "-33.79%"}, "2000": {"Average Stock Price": "279.0898", "Year Open": "419.1693", "Year High": "517.2524", "Year Low": "111.8211", "Year Close": "139.9361", "Annual % Change": "0.00%"}}}, "market cap": {"value": "$66.87B"}, "income statement": {"Revenue": {"2019-12-31": "5562.14000", "2018-12-31": "5071.65400", "2017-12-31": "4368.42800", "2016-12-31": "3611.98900", "2015-12-31": "2725.86700", "2014-12-31": "2443.77600", "2013-12-31": "2152.76600", "2012-12-31": "1887.37600", "2011-12-31": "1565.62500", "2010-12-31": "1196.21400", "2009-12-31": "882.50900", "2008-12-31": "704.68000", "2007-12-31": "419.44200", "2006-12-31": "286.91500", "2005-12-31": "221.05700"}, "Cost Of Goods Sold": {"2019-12-31": "2810.18400", "2018-12-31": "2605.47500", "2017-12-31": "2193.14900", "2016-12-31": "1820.87000", "2015-12-31": "1291.50600", "2014-12-31": "1197.88500", "2013-12-31": "1064.40300", "2012-12-31": "944.61700", "2011-12-31": "829.02400", "2010-12-31": "652.15600", "2009-12-31": "483.42000", "2008-12-31": "414.79900", "2007-12-31": "263.76800", "2006-12-31": "188.37900", "2005-12-31": "158.35400"}, "Gross Profit": {"2019-12-31": "2751.95600", "2018-12-31": "2466.17900", "2017-12-31": "2175.27900", "2016-12-31": "1791.11900", "2015-12-31": "1434.36100", "2014-12-31": "1245.89100", "2013-12-31": "1088.36300", "2012-12-31": "942.75900", "2011-12-31": "736.60100", "2010-12-31": "544.05800", "2009-12-31": "399.08900", "2008-12-31": "289.88100", "2007-12-31": "155.67400", "2006-12-31": "98.53600", "2005-12-31": "62.70300"}, "Research And Development Expenses": {"2019-12-31": "", "2018-12-31": "", "2017-12-31": "", "2016-12-31": "", "2015-12-31": "", "2014-12-31": "", "2013-12-31": "", "2012-12-31": "", "2011-12-31": "", "2010-12-31": "", "2009-12-31": "", "2008-12-31": "", "2007-12-31": "", "2006-12-31": "", "2005-12-31": ""}, "SG&A Expenses": {"2019-12-31": "1586.06400", "2018-12-31": "1460.39600", "2017-12-31": "1327.63000", "2016-12-31": "1133.30300", "2015-12-31": "825.29600", "2014-12-31": "734.11900", "2013-12-31": "621.41300", "2012-12-31": "531.18000", "2011-12-31": "423.90100", "2010-12-31": "331.38300", "2009-12-31": "218.90800", "2008-12-31": "213.47700", "2007-12-31": "146.51300", "2006-12-31": "104.74200", "2005-12-31": "65.66200"}, "Other Operating Income Or Expenses": {"2019-12-31": "28.52000", "2018-12-31": "6.01300", "2017-12-31": "0.00000", "2016-12-31": "25.11800", "2015-12-31": "", "2014-12-31": "", "2013-12-31": "", "2012-12-31": "-9.86100", "2011-12-31": "", "2010-12-31": "", "2009-12-31": "", "2008-12-31": "", "2007-12-31": "", "2006-12-31": "", "2005-12-31": ""}, "Operating Expenses": {"2019-12-31": "4392.50900", "2018-12-31": "4094.27100", "2017-12-31": "3559.41400", "2016-12-31": "2993.25000", "2015-12-31": "2158.52500", "2014-12-31": "1934.51000", "2013-12-31": "1691.83400", "2012-12-31": "1494.48000", "2011-12-31": "1259.70300", "2010-12-31": "1002.61000", "2009-12-31": "701.43000", "2008-12-31": "631.41800", "2007-12-31": "409.35000", "2006-12-31": "285.00100", "2005-12-31": "257.83000"}, "Operating Income": {"2019-12-31": "1169.63100", "2018-12-31": "977.38260", "2017-12-31": "809.01440", "2016-12-31": "618.73900", "2015-12-31": "567.34200", "2014-12-31": "509.26590", "2013-12-31": "460.93230", "2012-12-31": "392.89600", "2011-12-31": "305.92200", "2010-12-31": "193.60400", "2009-12-31": "181.07900", "2008-12-31": "73.26200", "2007-12-31": "10.09200", "2006-12-31": "1.91400", "2005-12-31": "-36.77300"}, "Total Non-Operating Income/Expense": {"2019-12-31": "-477.03400", "2018-12-31": "-544.34500", "2017-12-31": "-522.18200", "2016-12-31": "-458.88000", "2015-12-31": "-356.34400", "2014-12-31": "-424.53300", "2013-12-31": "-348.65300", "2012-12-31": "-204.27400", "2011-12-31": "-176.20200", "2010-12-31": "-144.82900", "2009-12-31": "-72.05100", "2008-12-31": "-52.95700", "2007-12-31": "-19.51000", "2006-12-31": "-8.24800", "2005-12-31": "-5.29600"}, "Pre-Tax Income": {"2019-12-31": "692.59700", "2018-12-31": "433.03800", "2017-12-31": "286.83200", "2016-12-31": "159.85900", "2015-12-31": "210.99800", "2014-12-31": "84.73300", "2013-12-31": "112.27900", "2012-12-31": "188.62200", "2011-12-31": "129.72000", "2010-12-31": "48.77500", "2009-12-31": "109.02800", "2008-12-31": "20.30500", "2007-12-31": "-9.41800", "2006-12-31": "-6.33400", "2005-12-31": "-42.06900"}, "Income Taxes": {"2019-12-31": "185.35200", "2018-12-31": "67.67900", "2017-12-31": "53.85000", "2016-12-31": "45.45100", "2015-12-31": "23.22400", "2014-12-31": "345.45900", "2013-12-31": "16.15600", "2012-12-31": "58.56400", "2011-12-31": "37.34700", "2010-12-31": "12.56200", "2009-12-31": "39.59700", "2008-12-31": "-87.61900", "2007-12-31": "0.47300", "2006-12-31": "0.43900", "2005-12-31": "0.54300"}, "Income After Taxes": {"2019-12-31": "507.24500", "2018-12-31": "365.35900", "2017-12-31": "232.98200", "2016-12-31": "114.40800", "2015-12-31": "187.77400", "2014-12-31": "-260.72600", "2013-12-31": "96.12300", "2012-12-31": "130.05800", "2011-12-31": "92.37300", "2010-12-31": "36.21300", "2009-12-31": "69.43100", "2008-12-31": "107.92400", "2007-12-31": "-9.89100", "2006-12-31": "-6.77300", "2005-12-31": "-42.61200"}, "Other Income": {"2019-12-31": "", "2018-12-31": "", "2017-12-31": "", "2016-12-31": "", "2015-12-31": "", "2014-12-31": "", "2013-12-31": "", "2012-12-31": "", "2011-12-31": "", "2010-12-31": "", "2009-12-31": "", "2008-12-31": "", "2007-12-31": "", "2006-12-31": "", "2005-12-31": ""}, "Income From Continuous Operations": {"2019-12-31": "507.24500", "2018-12-31": "365.35900", "2017-12-31": "232.98200", "2016-12-31": "114.40800", "2015-12-31": "187.77400", "2014-12-31": "-260.72600", "2013-12-31": "96.12300", "2012-12-31": "130.05800", "2011-12-31": "92.37300", "2010-12-31": "36.21300", "2009-12-31": "69.43100", "2008-12-31": "107.92400", "2007-12-31": "-9.89100", "2006-12-31": "-6.77300", "2005-12-31": "-42.61200"}, "Income From Discontinued Operations": {"2019-12-31": "", "2018-12-31": "", "2017-12-31": "", "2016-12-31": "12.39200", "2015-12-31": "", "2014-12-31": "", "2013-12-31": "", "2012-12-31": "13.08600", "2011-12-31": "1.00900", "2010-12-31": "0.66800", "2009-12-31": "", "2008-12-31": "", "2007-12-31": "", "2006-12-31": "", "2005-12-31": ""}, "Net Income": {"2019-12-31": "507.45000", "2018-12-31": "365.35900", "2017-12-31": "232.98200", "2016-12-31": "126.80000", "2015-12-31": "187.77400", "2014-12-31": "-259.54700", "2013-12-31": "94.68500", "2012-12-31": "140.02800", "2011-12-31": "94.77600", "2010-12-31": "36.88100", "2009-12-31": "69.43100", "2008-12-31": "107.92400", "2007-12-31": "-9.89100", "2006-12-31": "-6.39700", "2005-12-31": "-42.61200"}, "EBITDA": {"2019-12-31": "2467.51000", "2018-12-31": "2218.49000", "2017-12-31": "1875.94300", "2016-12-31": "1475.08300", "2015-12-31": "1108.97200", "2014-12-31": "1009.62400", "2013-12-31": "917.27120", "2012-12-31": "814.84000", "2011-12-31": "685.76790", "2010-12-31": "481.69500", "2009-12-31": "373.40000", "2008-12-31": "243.83200", "2007-12-31": "118.10200", "2006-12-31": "75.31200", "2005-12-31": "27.58200"}, "EBIT": {"2019-12-31": "1169.63100", "2018-12-31": "977.38260", "2017-12-31": "809.01440", "2016-12-31": "618.73900", "2015-12-31": "567.34200", "2014-12-31": "509.26590", "2013-12-31": "460.93230", "2012-12-31": "392.89600", "2011-12-31": "305.92200", "2010-12-31": "193.60400", "2009-12-31": "181.07900", "2008-12-31": "73.26200", "2007-12-31": "10.09200", "2006-12-31": "1.91400", "2005-12-31": "-36.77300"}, "Basic Shares Outstanding": {"2019-12-31": "84.14000", "2018-12-31": "79.77900", "2017-12-31": "76.85400", "2016-12-31": "70.11700", "2015-12-31": "57.79000", "2014-12-31": "52.35900", "2013-12-31": "49.43800", "2012-12-31": "48.00400", "2011-12-31": "46.95600", "2010-12-31": "43.74200", "2009-12-31": "38.48800", "2008-12-31": "37.12000", "2007-12-31": "32.59500", "2006-12-31": "28.55100", "2005-12-31": "23.95600"}, "Shares Outstanding": {"2019-12-31": "84.67900", "2018-12-31": "80.19700", "2017-12-31": "77.53500", "2016-12-31": "70.81600", "2015-12-31": "58.48300", "2014-12-31": "52.35900", "2013-12-31": "50.11600", "2012-12-31": "51.81600", "2011-12-31": "47.89800", "2010-12-31": "44.81000", "2009-12-31": "39.67600", "2008-12-31": "41.58200", "2007-12-31": "32.59500", "2006-12-31": "28.55100", "2005-12-31": "23.95600"}, "Basic EPS": {"2019-12-31": "6.03000", "2018-12-31": "4.58000", "2017-12-31": "3.03000", "2016-12-31": "1.81000", "2015-12-31": "3.25000", "2014-12-31": "-4.96000", "2013-12-31": "1.92000", "2012-12-31": "2.92000", "2011-12-31": "1.77000", "2010-12-31": "0.84000", "2009-12-31": "1.80000", "2008-12-31": "2.91000", "2007-12-31": "-0.30000", "2006-12-31": "-0.22000", "2005-12-31": "-1.78000"}, "EPS - Earnings Per Share": {"2019-12-31": "5.99000", "2018-12-31": "4.56000", "2017-12-31": "3.00000", "2016-12-31": "1.79000", "2015-12-31": "3.21000", "2014-12-31": "-4.96000", "2013-12-31": "1.89000", "2012-12-31": "2.83000", "2011-12-31": "1.74000", "2010-12-31": "0.82000", "2009-12-31": "1.75000", "2008-12-31": "2.79000", "2007-12-31": "-0.30000", "2006-12-31": "-0.22000", "2005-12-31": "-1.78000"}}, "income statement, quarterly": {"Revenue": {"2020-09-30": "1519.76700", "2020-06-30": "1470.12100", "2020-03-31": "1444.54200", "2019-12-31": "1417.13500", "2019-09-30": "1396.81000", "2019-06-30": "1384.97700", "2019-03-31": "1363.21800", "2018-12-31": "1310.08300", "2018-09-30": "1283.75100", "2018-06-30": "1261.94300", "2018-03-31": "1215.87700", "2017-12-31": "1200.22100", "2017-09-30": "1152.26100", "2017-06-30": "1066.42100", "2017-03-31": "949.52500", "2016-12-31": "942.64700", "2016-09-30": "924.67600", "2016-06-30": "900.51000", "2016-03-31": "844.15600", "2015-12-31": "730.46200", "2015-09-30": "686.64900", "2015-06-30": "665.58200", "2015-03-31": "643.17400", "2014-12-31": "638.12100", "2014-09-30": "620.44100", "2014-06-30": "605.16100", "2014-03-31": "580.05300", "2013-12-31": "564.67720", "2013-09-30": "543.08400", "2013-06-30": "528.87100", "2013-03-31": "516.13400", "2012-12-31": "502.04700", "2012-09-30": "484.83500", "2012-06-30": "457.24900", "2012-03-31": "443.24500", "2011-12-31": "399.48800", "2011-09-30": "408.20800", "2011-06-30": "394.90000", "2011-03-31": "363.02900", "2010-12-31": "321.12400", "2010-09-30": "330.34700", "2010-06-30": "296.09400", "2010-03-31": "248.64900", "2009-12-31": "242.55200", "2009-09-30": "227.55800", "2009-06-30": "213.16800", "2009-03-31": "199.23100", "2008-12-31": "190.68300", "2008-09-30": "183.73500", "2008-06-30": "172.04400", "2008-03-31": "158.21800", "2007-12-31": "138.71400", "2007-09-30": "103.78200", "2007-06-30": "91.83700", "2007-03-31": "85.10900", "2006-12-31": "79.77200", "2006-09-30": "73.72600", "2006-06-30": "68.54800", "2006-03-31": "64.86900", "2005-12-31": "61.79800", "2005-09-30": "58.09600", "2005-06-30": "52.47900", "2005-03-31": "48.68400"}, "Cost Of Goods Sold": {"2020-09-30": "767.97900", "2020-06-30": "739.34400", "2020-03-31": "736.28200", "2019-12-31": "725.63620", "2019-09-30": "704.33900", "2019-06-30": "698.17900", "2019-03-31": "682.03000", "2018-12-31": "670.93500", "2018-09-30": "660.30900", "2018-06-30": "651.80100", "2018-03-31": "622.43000", "2017-12-31": "619.62490", "2017-09-30": "582.36000", "2017-06-30": "522.20300", "2017-03-31": "468.96100", "2016-12-31": "465.92100", "2016-09-30": "470.30200", "2016-06-30": "456.96700", "2016-03-31": "427.68000", "2015-12-31": "351.96800", "2015-09-30": "325.46800", "2015-06-30": "315.75700", "2015-03-31": "298.31300", "2014-12-31": "313.44900", "2014-09-30": "304.05200", "2014-06-30": "292.85900", "2014-03-31": "287.52500", "2013-12-31": "269.74300", "2013-09-30": "268.96000", "2013-06-30": "267.10900", "2013-03-31": "258.59100", "2012-12-31": "251.28400", "2012-09-30": "250.94600", "2012-06-30": "225.28900", "2012-03-31": "217.09800", "2011-12-31": "199.15200", "2011-09-30": "219.72400", "2011-06-30": "215.57200", "2011-03-31": "194.57600", "2010-12-31": "171.04800", "2010-09-30": "185.47600", "2010-06-30": "162.58200", "2010-03-31": "133.05000", "2009-12-31": "127.07400", "2009-09-30": "126.00700", "2009-06-30": "118.53400", "2009-03-31": "111.80500", "2008-12-31": "108.34600", "2008-09-30": "109.90500", "2008-06-30": "102.03900", "2008-03-31": "94.50900", "2007-12-31": "92.50300", "2007-09-30": "62.89100", "2007-06-30": "55.60900", "2007-03-31": "52.76500", "2006-12-31": "50.33400", "2006-09-30": "49.13700", "2006-06-30": "45.56300", "2006-03-31": "43.34500", "2005-12-31": "41.71500", "2005-09-30": "40.95500", "2005-06-30": "38.81100", "2005-03-31": "36.87300"}, "Gross Profit": {"2020-09-30": "751.78800", "2020-06-30": "730.77700", "2020-03-31": "708.26000", "2019-12-31": "691.49880", "2019-09-30": "692.47110", "2019-06-30": "686.79800", "2019-03-31": "681.18800", "2018-12-31": "639.14800", "2018-09-30": "623.44200", "2018-06-30": "610.14200", "2018-03-31": "593.44700", "2017-12-31": "580.59610", "2017-09-30": "569.90100", "2017-06-30": "544.21800", "2017-03-31": "480.56400", "2016-12-31": "476.72600", "2016-09-30": "454.37400", "2016-06-30": "443.54300", "2016-03-31": "416.47600", "2015-12-31": "378.49400", "2015-09-30": "361.18100", "2015-06-30": "349.82500", "2015-03-31": "344.86100", "2014-12-31": "324.67200", "2014-09-30": "316.38900", "2014-06-30": "312.30200", "2014-03-31": "292.52800", "2013-12-31": "294.93420", "2013-09-30": "274.12400", "2013-06-30": "261.76200", "2013-03-31": "257.54300", "2012-12-31": "250.76300", "2012-09-30": "233.88900", "2012-06-30": "231.96000", "2012-03-31": "226.14700", "2011-12-31": "200.33600", "2011-09-30": "188.48400", "2011-06-30": "179.32800", "2011-03-31": "168.45300", "2010-12-31": "150.07600", "2010-09-30": "144.87100", "2010-06-30": "133.51200", "2010-03-31": "115.59900", "2009-12-31": "115.47800", "2009-09-30": "101.55100", "2009-06-30": "94.63400", "2009-03-31": "87.42600", "2008-12-31": "82.33700", "2008-09-30": "73.83000", "2008-06-30": "70.00500", "2008-03-31": "63.70900", "2007-12-31": "46.21100", "2007-09-30": "40.89100", "2007-06-30": "36.22800", "2007-03-31": "32.34400", "2006-12-31": "29.43800", "2006-09-30": "24.58900", "2006-06-30": "22.98500", "2006-03-31": "21.52400", "2005-12-31": "20.08300", "2005-09-30": "17.14100", "2005-06-30": "13.66800", "2005-03-31": "11.81100"}, "Research And Development Expenses": {"2020-09-30": "", "2020-06-30": "", "2020-03-31": "", "2019-12-31": "", "2019-09-30": "", "2019-06-30": "", "2019-03-31": "", "2018-12-31": "", "2018-09-30": "", "2018-06-30": "", "2018-03-31": "", "2017-12-31": "", "2017-09-30": "", "2017-06-30": "", "2017-03-31": "", "2016-12-31": "", "2016-09-30": "", "2016-06-30": "", "2016-03-31": "", "2015-12-31": "", "2015-09-30": "", "2015-06-30": "", "2015-03-31": "", "2014-12-31": "", "2014-09-30": "", "2014-06-30": "", "2014-03-31": "", "2013-12-31": "", "2013-09-30": "", "2013-06-30": "", "2013-03-31": "", "2012-12-31": "", "2012-09-30": "", "2012-06-30": "", "2012-03-31": "", "2011-12-31": "", "2011-09-30": "", "2011-06-30": "", "2011-03-31": "", "2010-12-31": "", "2010-09-30": "", "2010-06-30": "", "2010-03-31": "", "2009-12-31": "", "2009-09-30": "", "2009-06-30": "", "2009-03-31": "", "2008-12-31": "", "2008-09-30": "", "2008-06-30": "", "2008-03-31": "", "2007-12-31": "", "2007-09-30": "", "2007-06-30": "", "2007-03-31": "", "2006-12-31": "", "2006-09-30": "", "2006-06-30": "", "2006-03-31": "", "2005-12-31": "", "2005-09-30": "", "2005-06-30": "", "2005-03-31": ""}, "SG&A Expenses": {"2020-09-30": "452.07700", "2020-06-30": "435.01400", "2020-03-31": "442.04700", "2019-12-31": "406.06000", "2019-09-30": "403.38600", "2019-06-30": "391.85700", "2019-03-31": "384.76100", "2018-12-31": "367.95000", "2018-09-30": "364.82200", "2018-06-30": "364.69100", "2018-03-31": "362.93300", "2017-12-31": "341.42800", "2017-09-30": "342.95500", "2017-06-30": "332.92100", "2017-03-31": "310.32600", "2016-12-31": "292.34000", "2016-09-30": "292.17500", "2016-06-30": "276.29400", "2016-03-31": "272.49400", "2015-12-31": "225.26810", "2015-09-30": "206.94600", "2015-06-30": "200.82600", "2015-03-31": "192.25600", "2014-12-31": "194.92000", "2014-09-30": "181.53900", "2014-06-30": "186.92900", "2014-03-31": "170.73100", "2013-12-31": "165.71610", "2013-09-30": "158.49300", "2013-06-30": "148.11000", "2013-03-31": "149.09400", "2012-12-31": "141.75500", "2012-09-30": "136.50100", "2012-06-30": "128.19800", "2012-03-31": "124.72600", "2011-12-31": "116.16300", "2011-09-30": "108.75700", "2011-06-30": "102.74400", "2011-03-31": "96.23700", "2010-12-31": "95.83600", "2010-09-30": "89.84500", "2010-06-30": "83.07900", "2010-03-31": "62.62300", "2009-12-31": "60.91600", "2009-09-30": "54.61400", "2009-06-30": "53.82500", "2009-03-31": "49.55300", "2008-12-31": "55.47700", "2008-09-30": "51.53800", "2008-06-30": "56.73500", "2008-03-31": "49.72700", "2007-12-31": "46.78900", "2007-09-30": "34.81200", "2007-06-30": "33.37400", "2007-03-31": "31.53800", "2006-12-31": "28.07600", "2006-09-30": "26.13300", "2006-06-30": "26.20500", "2006-03-31": "24.32800", "2005-12-31": "17.27500", "2005-09-30": "16.90700", "2005-06-30": "16.17200", "2005-03-31": "15.30800"}, "Other Operating Income Or Expenses": {"2020-09-30": "-5.52100", "2020-06-30": "0.34200", "2020-03-31": "-1.19900", "2019-12-31": "44.08000", "2019-09-30": "-0.72600", "2019-06-30": "-0.38600", "2019-03-31": "-14.44800", "2018-12-31": "", "2018-09-30": "6.01300", "2018-06-30": "", "2018-03-31": "", "2017-12-31": "", "2017-09-30": "", "2017-06-30": "", "2017-03-31": "", "2016-12-31": "-0.37100", "2016-09-30": "20.24700", "2016-06-30": "", "2016-03-31": "5.24200", "2015-12-31": "", "2015-09-30": "", "2015-06-30": "", "2015-03-31": "", "2014-12-31": "", "2014-09-30": "", "2014-06-30": "", "2014-03-31": "", "2013-12-31": "", "2013-09-30": "", "2013-06-30": "", "2013-03-31": "", "2012-12-31": "", "2012-09-30": "", "2012-06-30": "", "2012-03-31": "", "2011-12-31": "", "2011-09-30": "", "2011-06-30": "", "2011-03-31": "", "2010-12-31": "", "2010-09-30": "", "2010-06-30": "", "2010-03-31": "", "2009-12-31": "", "2009-09-30": "", "2009-06-30": "", "2009-03-31": "", "2008-12-31": "", "2008-09-30": "", "2008-06-30": "", "2008-03-31": "", "2007-12-31": "", "2007-09-30": "", "2007-06-30": "", "2007-03-31": "", "2006-12-31": "", "2006-09-30": "", "2006-06-30": "", "2006-03-31": "", "2005-12-31": "", "2005-09-30": "", "2005-06-30": "", "2005-03-31": ""}, "Operating Expenses": {"2020-09-30": "1231.41700", "2020-06-30": "1187.63300", "2020-03-31": "1191.05800", "2019-12-31": "1104.16100", "2019-09-30": "1111.44200", "2019-06-30": "1093.19600", "2019-03-31": "1083.71000", "2018-12-31": "1039.36600", "2018-09-30": "1017.99800", "2018-06-30": "1046.90500", "2018-03-31": "990.00200", "2017-12-31": "968.17790", "2017-09-30": "927.39800", "2017-06-30": "881.52600", "2017-03-31": "782.31200", "2016-12-31": "758.19210", "2016-09-30": "754.73500", "2016-06-30": "748.85500", "2016-03-31": "731.46800", "2015-12-31": "594.58480", "2015-09-30": "545.76600", "2015-06-30": "526.44900", "2015-03-31": "491.72500", "2014-12-31": "510.29500", "2014-09-30": "485.31000", "2014-06-30": "480.46400", "2014-03-31": "458.44100", "2013-12-31": "439.68790", "2013-09-30": "427.89100", "2013-06-30": "412.90800", "2013-03-31": "411.34700", "2012-12-31": "404.83900", "2012-09-30": "391.98900", "2012-06-30": "355.15300", "2012-03-31": "342.49900", "2011-12-31": "317.17800", "2011-09-30": "330.76700", "2011-06-30": "320.03400", "2011-03-31": "291.72400", "2010-12-31": "267.75500", "2010-09-30": "278.32100", "2010-06-30": "255.86700", "2010-03-31": "200.66700", "2009-12-31": "191.76600", "2009-09-30": "182.00000", "2009-06-30": "172.13900", "2009-03-31": "155.52500", "2008-12-31": "166.16600", "2008-09-30": "162.24200", "2008-06-30": "158.77400", "2008-03-31": "144.23600", "2007-12-31": "137.95400", "2007-09-30": "97.70300", "2007-06-30": "89.39000", "2007-03-31": "84.30300", "2006-12-31": "68.76300", "2006-09-30": "76.79700", "2006-06-30": "71.76800", "2006-03-31": "67.67300", "2005-12-31": "92.80400", "2005-09-30": "57.86200", "2005-06-30": "54.98300", "2005-03-31": "52.18100"}, "Operating Income": {"2020-09-30": "288.35000", "2020-06-30": "282.48800", "2020-03-31": "253.48400", "2019-12-31": "312.97410", "2019-09-30": "285.36820", "2019-06-30": "291.78100", "2019-03-31": "279.50810", "2018-12-31": "270.71680", "2018-09-30": "265.75300", "2018-06-30": "215.03800", "2018-03-31": "225.87500", "2017-12-31": "232.04320", "2017-09-30": "224.86300", "2017-06-30": "184.89500", "2017-03-31": "167.21300", "2016-12-31": "184.45480", "2016-09-30": "169.94100", "2016-06-30": "151.65500", "2016-03-31": "112.68800", "2015-12-31": "135.87710", "2015-09-30": "140.88300", "2015-06-30": "139.13290", "2015-03-31": "151.44900", "2014-12-31": "127.82600", "2014-09-30": "135.13100", "2014-06-30": "124.69700", "2014-03-31": "121.61200", "2013-12-31": "124.98930", "2013-09-30": "115.19300", "2013-06-30": "115.96300", "2013-03-31": "104.78700", "2012-12-31": "97.20800", "2012-09-30": "92.84600", "2012-06-30": "102.09600", "2012-03-31": "100.74600", "2011-12-31": "82.31000", "2011-09-30": "77.44100", "2011-06-30": "74.86600", "2011-03-31": "71.30500", "2010-12-31": "53.36900", "2010-09-30": "52.02600", "2010-06-30": "40.22700", "2010-03-31": "47.98200", "2009-12-31": "50.78600", "2009-09-30": "45.55800", "2009-06-30": "41.02900", "2009-03-31": "43.70600", "2008-12-31": "24.51700", "2008-09-30": "21.49300", "2008-06-30": "13.27000", "2008-03-31": "13.98200", "2007-12-31": "0.75990", "2007-09-30": "6.07900", "2007-06-30": "2.44700", "2007-03-31": "0.80600", "2006-12-31": "11.00900", "2006-09-30": "-3.07100", "2006-06-30": "-3.22000", "2006-03-31": "-2.80400", "2005-12-31": "-31.00600", "2005-09-30": "0.23400", "2005-06-30": "-2.50400", "2005-03-31": "-3.49700"}, "Total Non-Operating Income/Expense": {"2020-09-30": "-191.61600", "2020-06-30": "-104.38500", "2020-03-31": "-104.33600", "2019-12-31": "-150.50700", "2019-09-30": "-106.73000", "2019-06-30": "-100.60500", "2019-03-31": "-119.19200", "2018-12-31": "-134.64100", "2018-09-30": "-122.41800", "2018-06-30": "-141.06400", "2018-03-31": "-146.22200", "2017-12-31": "-137.89000", "2017-09-30": "-142.76900", "2017-06-30": "-129.76500", "2017-03-31": "-111.75800", "2016-12-31": "-101.29700", "2016-09-30": "-98.39400", "2016-06-30": "-98.54100", "2016-03-31": "-160.64800", "2015-12-31": "-127.19900", "2015-09-30": "-88.17100", "2015-06-30": "-72.18900", "2015-03-31": "-68.78500", "2014-12-31": "-179.60400", "2014-09-30": "-61.58900", "2014-06-30": "-116.63200", "2014-03-31": "-66.70800", "2013-12-31": "-77.64900", "2013-09-30": "-60.04300", "2013-06-30": "-150.91800", "2013-03-31": "-60.04300", "2012-12-31": "-50.47500", "2012-09-30": "-53.85000", "2012-06-30": "-47.66800", "2012-03-31": "-52.28100", "2011-12-31": "-53.01400", "2011-09-30": "-52.12900", "2011-06-30": "-36.02400", "2011-03-31": "-35.03500", "2010-12-31": "-43.47100", "2010-09-30": "-36.19300", "2010-06-30": "-40.05900", "2010-03-31": "-25.10600", "2009-12-31": "-23.36900", "2009-09-30": "-19.41900", "2009-06-30": "-12.62200", "2009-03-31": "-16.64100", "2008-12-31": "-14.67300", "2008-09-30": "-15.75000", "2008-06-30": "-12.82000", "2008-03-31": "-9.71400", "2007-12-31": "-11.82900", "2007-09-30": "-1.74000", "2007-06-30": "-1.03300", "2007-03-31": "-4.90800", "2006-12-31": "-2.32900", "2006-09-30": "-1.82700", "2006-06-30": "-1.83500", "2006-03-31": "-2.25700", "2005-12-31": "-1.60800", "2005-09-30": "-0.85300", "2005-06-30": "-1.04300", "2005-03-31": "-1.79200"}, "Pre-Tax Income": {"2020-09-30": "96.73400", "2020-06-30": "178.10300", "2020-03-31": "149.14800", "2019-12-31": "162.46700", "2019-09-30": "178.63800", "2019-06-30": "191.17600", "2019-03-31": "160.31600", "2018-12-31": "136.07600", "2018-09-30": "143.33500", "2018-06-30": "73.97400", "2018-03-31": "79.65300", "2017-12-31": "94.15300", "2017-09-30": "82.09400", "2017-06-30": "55.13000", "2017-03-31": "55.45500", "2016-12-31": "83.15800", "2016-09-30": "71.54700", "2016-06-30": "53.11400", "2016-03-31": "-47.96000", "2015-12-31": "8.67800", "2015-09-30": "52.71200", "2015-06-30": "66.94400", "2015-03-31": "82.66400", "2014-12-31": "-51.77800", "2014-09-30": "73.54200", "2014-06-30": "8.06500", "2014-03-31": "54.90400", "2013-12-31": "47.34000", "2013-09-30": "55.15000", "2013-06-30": "-34.95500", "2013-03-31": "44.74400", "2012-12-31": "46.73300", "2012-09-30": "38.99600", "2012-06-30": "54.42800", "2012-03-31": "48.46500", "2011-12-31": "29.29600", "2011-09-30": "25.31200", "2011-06-30": "38.84200", "2011-03-31": "36.27000", "2010-12-31": "9.89800", "2010-09-30": "15.83300", "2010-06-30": "0.16800", "2010-03-31": "22.87600", "2009-12-31": "27.41700", "2009-09-30": "26.13900", "2009-06-30": "28.40700", "2009-03-31": "27.06500", "2008-12-31": "9.84400", "2008-09-30": "5.74300", "2008-06-30": "0.45000", "2008-03-31": "4.26800", "2007-12-31": "-11.06900", "2007-09-30": "4.33900", "2007-06-30": "1.41400", "2007-03-31": "-4.10200", "2006-12-31": "8.68000", "2006-09-30": "-4.89800", "2006-06-30": "-5.05500", "2006-03-31": "-5.06100", "2005-12-31": "-32.61400", "2005-09-30": "-0.61900", "2005-06-30": "-3.54700", "2005-03-31": "-5.28900"}, "Income Taxes": {"2020-09-30": "29.90300", "2020-06-30": "44.75300", "2020-03-31": "30.19100", "2019-12-31": "37.63200", "2019-09-30": "57.82700", "2019-06-30": "47.32400", "2019-03-31": "42.56900", "2018-12-31": "26.05400", "2018-09-30": "18.51000", "2018-06-30": "6.35600", "2018-03-31": "16.75900", "2017-12-31": "28.93800", "2017-09-30": "2.19400", "2017-06-30": "9.32500", "2017-03-31": "13.39300", "2016-12-31": "19.49400", "2016-09-30": "22.77800", "2016-06-30": "13.81200", "2016-03-31": "-10.63300", "2015-12-31": "-2.05300", "2015-09-30": "11.58000", "2015-06-30": "7.48500", "2015-03-31": "6.21200", "2014-12-31": "303.32500", "2014-09-30": "30.58100", "2014-06-30": "-2.01400", "2014-03-31": "13.56700", "2013-12-31": "1.96700", "2013-09-30": "12.39700", "2013-06-30": "-9.66800", "2013-03-31": "11.46000", "2012-12-31": "15.22500", "2012-09-30": "12.34800", "2012-06-30": "17.13800", "2012-03-31": "13.85300", "2011-12-31": "12.97600", "2011-09-30": "5.13700", "2011-06-30": "8.10900", "2011-03-31": "11.12500", "2010-12-31": "-3.19400", "2010-09-30": "4.63700", "2010-06-30": "2.44200", "2010-03-31": "8.67700", "2009-12-31": "9.69500", "2009-09-30": "7.32700", "2009-06-30": "10.96700", "2009-03-31": "11.60800", "2008-12-31": "-88.01900", "2008-09-30": "0.18700", "2008-06-30": "-0.25800", "2008-03-31": "0.47100", "2007-12-31": "-0.29300", "2007-09-30": "0.21500", "2007-06-30": "0.19700", "2007-03-31": "0.35400", "2006-12-31": "-0.43100", "2006-09-30": "0.27000", "2006-06-30": "0.21500", "2006-03-31": "0.38500", "2005-12-31": "-0.01000", "2005-09-30": "0.16400", "2005-06-30": "-0.11600", "2005-03-31": "0.50500"}, "Income After Taxes": {"2020-09-30": "66.83100", "2020-06-30": "133.35000", "2020-03-31": "118.95700", "2019-12-31": "124.83500", "2019-09-30": "120.81100", "2019-06-30": "143.85200", "2019-03-31": "117.74700", "2018-12-31": "110.02200", "2018-09-30": "124.82500", "2018-06-30": "67.61800", "2018-03-31": "62.89400", "2017-12-31": "65.21500", "2017-09-30": "79.90000", "2017-06-30": "45.80500", "2017-03-31": "42.06200", "2016-12-31": "63.66400", "2016-09-30": "48.76900", "2016-06-30": "39.30200", "2016-03-31": "-37.32700", "2015-12-31": "10.73100", "2015-09-30": "41.13200", "2015-06-30": "59.45900", "2015-03-31": "76.45200", "2014-12-31": "-355.10300", "2014-09-30": "42.96100", "2014-06-30": "10.07900", "2014-03-31": "41.33700", "2013-12-31": "45.37300", "2013-09-30": "42.75300", "2013-06-30": "-25.28700", "2013-03-31": "33.28400", "2012-12-31": "31.50800", "2012-09-30": "26.64800", "2012-06-30": "37.29000", "2012-03-31": "34.61200", "2011-12-31": "16.32000", "2011-09-30": "20.17500", "2011-06-30": "30.73300", "2011-03-31": "25.14500", "2010-12-31": "13.09200", "2010-09-30": "11.19600", "2010-06-30": "-2.27400", "2010-03-31": "14.19900", "2009-12-31": "17.72200", "2009-09-30": "18.81200", "2009-06-30": "17.44000", "2009-03-31": "15.45700", "2008-12-31": "97.86300", "2008-09-30": "5.55600", "2008-06-30": "0.70800", "2008-03-31": "3.79700", "2007-12-31": "-10.77600", "2007-09-30": "4.12400", "2007-06-30": "1.21700", "2007-03-31": "-4.45600", "2006-12-31": "9.11100", "2006-09-30": "-5.16800", "2006-06-30": "-5.27000", "2006-03-31": "-5.44600", "2005-12-31": "-32.60400", "2005-09-30": "-0.78300", "2005-06-30": "-3.43100", "2005-03-31": "-5.79400"}, "Other Income": {"2020-09-30": "", "2020-06-30": "", "2020-03-31": "", "2019-12-31": "", "2019-09-30": "", "2019-06-30": "", "2019-03-31": "", "2018-12-31": "", "2018-09-30": "", "2018-06-30": "", "2018-03-31": "", "2017-12-31": "", "2017-09-30": "", "2017-06-30": "", "2017-03-31": "", "2016-12-31": "", "2016-09-30": "", "2016-06-30": "", "2016-03-31": "", "2015-12-31": "", "2015-09-30": "", "2015-06-30": "", "2015-03-31": "", "2014-12-31": "", "2014-09-30": "", "2014-06-30": "", "2014-03-31": "", "2013-12-31": "", "2013-09-30": "", "2013-06-30": "", "2013-03-31": "", "2012-12-31": "", "2012-09-30": "", "2012-06-30": "", "2012-03-31": "", "2011-12-31": "", "2011-09-30": "", "2011-06-30": "", "2011-03-31": "", "2010-12-31": "", "2010-09-30": "", "2010-06-30": "", "2010-03-31": "", "2009-12-31": "", "2009-09-30": "", "2009-06-30": "", "2009-03-31": "", "2008-12-31": "", "2008-09-30": "", "2008-06-30": "", "2008-03-31": "", "2007-12-31": "", "2007-09-30": "", "2007-06-30": "", "2007-03-31": "", "2006-12-31": "", "2006-09-30": "", "2006-06-30": "", "2006-03-31": "", "2005-12-31": "", "2005-09-30": "", "2005-06-30": "", "2005-03-31": ""}, "Income From Continuous Operations": {"2020-09-30": "66.83100", "2020-06-30": "133.35000", "2020-03-31": "118.95700", "2019-12-31": "124.83500", "2019-09-30": "120.81100", "2019-06-30": "143.85200", "2019-03-31": "117.74700", "2018-12-31": "110.02200", "2018-09-30": "124.82500", "2018-06-30": "67.61800", "2018-03-31": "62.89400", "2017-12-31": "65.21500", "2017-09-30": "79.90000", "2017-06-30": "45.80500", "2017-03-31": "42.06200", "2016-12-31": "63.66400", "2016-09-30": "48.76900", "2016-06-30": "39.30200", "2016-03-31": "-37.32700", "2015-12-31": "10.73100", "2015-09-30": "41.13200", "2015-06-30": "59.45900", "2015-03-31": "76.45200", "2014-12-31": "-355.10300", "2014-09-30": "42.96100", "2014-06-30": "10.07900", "2014-03-31": "41.33700", "2013-12-31": "45.37300", "2013-09-30": "42.75300", "2013-06-30": "-25.28700", "2013-03-31": "33.28400", "2012-12-31": "31.50800", "2012-09-30": "26.64800", "2012-06-30": "37.29000", "2012-03-31": "34.61200", "2011-12-31": "16.32000", "2011-09-30": "20.17500", "2011-06-30": "30.73300", "2011-03-31": "25.14500", "2010-12-31": "13.09200", "2010-09-30": "11.19600", "2010-06-30": "-2.27400", "2010-03-31": "14.19900", "2009-12-31": "17.72200", "2009-09-30": "18.81200", "2009-06-30": "17.44000", "2009-03-31": "15.45700", "2008-12-31": "97.86300", "2008-09-30": "5.55600", "2008-06-30": "0.70800", "2008-03-31": "3.79700", "2007-12-31": "-10.77600", "2007-09-30": "4.12400", "2007-06-30": "1.21700", "2007-03-31": "-4.45600", "2006-12-31": "9.11100", "2006-09-30": "-5.16800", "2006-06-30": "-5.27000", "2006-03-31": "-5.44600", "2005-12-31": "-32.60400", "2005-09-30": "-0.78300", "2005-06-30": "-3.43100", "2005-03-31": "-5.79400"}, "Income From Discontinued Operations": {"2020-09-30": "", "2020-06-30": "", "2020-03-31": "", "2019-12-31": "", "2019-09-30": "", "2019-06-30": "", "2019-03-31": "", "2018-12-31": "", "2018-09-30": "", "2018-06-30": "", "2018-03-31": "", "2017-12-31": "", "2017-09-30": "", "2017-06-30": "", "2017-03-31": "", "2016-12-31": "-1.91400", "2016-09-30": "2.68100", "2016-06-30": "5.40900", "2016-03-31": "6.21600", "2015-12-31": "", "2015-09-30": "", "2015-06-30": "", "2015-03-31": "", "2014-12-31": "", "2014-09-30": "", "2014-06-30": "", "2014-03-31": "", "2013-12-31": "", "2013-09-30": "", "2013-06-30": "", "2013-03-31": "", "2012-12-31": "11.85800", "2012-09-30": "0.67900", "2012-06-30": "0.35000", "2012-03-31": "0.19900", "2011-12-31": "0.54500", "2011-09-30": "0.46400", "2011-06-30": "", "2011-03-31": "", "2010-12-31": "", "2010-09-30": "", "2010-06-30": "", "2010-03-31": "", "2009-12-31": "", "2009-09-30": "", "2009-06-30": "", "2009-03-31": "", "2008-12-31": "", "2008-09-30": "", "2008-06-30": "", "2008-03-31": "", "2007-12-31": "", "2007-09-30": "", "2007-06-30": "", "2007-03-31": "", "2006-12-31": "", "2006-09-30": "", "2006-06-30": "", "2006-03-31": "", "2005-12-31": "", "2005-09-30": "", "2005-06-30": "", "2005-03-31": ""}, "Net Income": {"2020-09-30": "66.68700", "2020-06-30": "133.30400", "2020-03-31": "118.79200", "2019-12-31": "124.99500", "2019-09-30": "120.85000", "2019-06-30": "143.52700", "2019-03-31": "118.07800", "2018-12-31": "110.02200", "2018-09-30": "124.82500", "2018-06-30": "67.61800", "2018-03-31": "62.89400", "2017-12-31": "65.21500", "2017-09-30": "79.90000", "2017-06-30": "45.80500", "2017-03-31": "42.06200", "2016-12-31": "61.75000", "2016-09-30": "51.45000", "2016-06-30": "44.71100", "2016-03-31": "-31.11100", "2015-12-31": "10.73100", "2015-09-30": "41.13200", "2015-06-30": "59.45900", "2015-03-31": "76.45200", "2014-12-31": "-355.10300", "2014-09-30": "42.84100", "2014-06-30": "11.32800", "2014-03-31": "41.38700", "2013-12-31": "45.18700", "2013-09-30": "42.47100", "2013-06-30": "-25.81600", "2013-03-31": "32.84300", "2012-12-31": "42.09300", "2012-09-30": "26.96500", "2012-06-30": "36.44700", "2012-03-31": "34.52300", "2011-12-31": "18.58200", "2011-09-30": "20.31900", "2011-06-30": "30.73000", "2011-03-31": "25.14500", "2010-12-31": "13.76000", "2010-09-30": "11.19600", "2010-06-30": "-2.27400", "2010-03-31": "14.19900", "2009-12-31": "17.72200", "2009-09-30": "18.81200", "2009-06-30": "17.44000", "2009-03-31": "15.45700", "2008-12-31": "97.86300", "2008-09-30": "5.55600", "2008-06-30": "0.70800", "2008-03-31": "3.79700", "2007-12-31": "-10.77600", "2007-09-30": "4.12400", "2007-06-30": "1.21700", "2007-03-31": "-4.45600", "2006-12-31": "9.11100", "2006-09-30": "-5.16800", "2006-06-30": "-5.27000", "2006-03-31": "-5.07000", "2005-12-31": "-32.60400", "2005-09-30": "-0.78300", "2005-06-30": "-3.43100", "2005-03-31": "-5.79400"}, "EBITDA": {"2020-09-30": "652.92190", "2020-06-30": "635.52510", "2020-03-31": "592.81300", "2019-12-31": "647.13100", "2019-09-30": "610.45510", "2019-06-30": "614.24300", "2019-03-31": "595.68100", "2018-12-31": "580.58970", "2018-09-30": "574.62700", "2018-06-30": "525.73100", "2018-03-31": "537.54200", "2017-12-31": "528.66920", "2017-09-30": "507.66390", "2017-06-30": "443.81100", "2017-03-31": "395.79900", "2016-12-31": "399.67980", "2016-09-30": "387.45000", "2016-06-30": "369.22300", "2016-03-31": "318.73000", "2015-12-31": "284.53520", "2015-09-30": "277.25800", "2015-06-30": "270.31990", "2015-03-31": "276.85900", "2014-12-31": "263.61700", "2014-09-30": "258.99700", "2014-06-30": "245.06100", "2014-03-31": "241.94900", "2013-12-31": "237.63020", "2013-09-30": "230.99400", "2013-06-30": "230.96700", "2013-03-31": "217.68000", "2012-12-31": "205.99700", "2012-09-30": "204.62600", "2012-06-30": "202.56000", "2012-03-31": "201.65700", "2011-12-31": "184.03700", "2011-09-30": "176.39400", "2011-06-30": "168.41300", "2011-03-31": "156.92400", "2010-12-31": "137.32000", "2010-09-30": "132.48400", "2010-06-30": "109.66600", "2010-03-31": "102.22500", "2009-12-31": "99.83900", "2009-09-30": "96.54500", "2009-06-30": "89.19700", "2009-03-31": "87.81900", "2008-12-31": "71.00990", "2008-09-30": "66.09100", "2008-06-30": "54.26300", "2008-03-31": "52.46800", "2007-12-31": "41.60090", "2007-09-30": "30.21200", "2007-06-30": "24.91700", "2007-03-31": "21.37200", "2006-12-31": "30.73100", "2006-09-30": "15.84700", "2006-06-30": "14.41800", "2006-03-31": "14.31600", "2005-12-31": "-13.39500", "2005-09-30": "16.21000", "2005-06-30": "13.21700", "2005-03-31": "11.55000"}, "EBIT": {"2020-09-30": "288.35000", "2020-06-30": "282.48800", "2020-03-31": "253.48400", "2019-12-31": "312.97410", "2019-09-30": "285.36820", "2019-06-30": "291.78100", "2019-03-31": "279.50810", "2018-12-31": "270.71660", "2018-09-30": "265.75300", "2018-06-30": "215.03800", "2018-03-31": "225.87500", "2017-12-31": "232.04340", "2017-09-30": "224.86300", "2017-06-30": "184.89500", "2017-03-31": "167.21300", "2016-12-31": "184.45500", "2016-09-30": "169.94100", "2016-06-30": "151.65500", "2016-03-31": "112.68800", "2015-12-31": "135.87710", "2015-09-30": "140.88300", "2015-06-30": "139.13290", "2015-03-31": "151.44900", "2014-12-31": "127.82590", "2014-09-30": "135.13100", "2014-06-30": "124.69700", "2014-03-31": "121.61200", "2013-12-31": "124.98930", "2013-09-30": "115.19300", "2013-06-30": "115.96300", "2013-03-31": "104.78700", "2012-12-31": "97.20800", "2012-09-30": "92.84600", "2012-06-30": "102.09600", "2012-03-31": "100.74600", "2011-12-31": "82.31000", "2011-09-30": "77.44100", "2011-06-30": "74.86600", "2011-03-31": "71.30500", "2010-12-31": "53.36900", "2010-09-30": "52.02600", "2010-06-30": "40.22700", "2010-03-31": "47.98200", "2009-12-31": "50.78600", "2009-09-30": "45.55800", "2009-06-30": "41.02900", "2009-03-31": "43.70600", "2008-12-31": "24.51690", "2008-09-30": "21.49300", "2008-06-30": "13.27000", "2008-03-31": "13.98200", "2007-12-31": "0.76000", "2007-09-30": "6.07900", "2007-06-30": "2.44700", "2007-03-31": "0.80600", "2006-12-31": "11.00900", "2006-09-30": "-3.07100", "2006-06-30": "-3.22000", "2006-03-31": "-2.80400", "2005-12-31": "-31.00600", "2005-09-30": "0.23400", "2005-06-30": "-2.50400", "2005-03-31": "-3.49700"}, "Basic Shares Outstanding": {"2020-09-30": "88.80600", "2020-06-30": "87.30300", "2020-03-31": "85.55100", "2019-12-31": "84.14000", "2019-09-30": "85.01200", "2019-06-30": "84.39900", "2019-03-31": "81.81400", "2018-12-31": "79.77900", "2018-09-30": "79.87200", "2018-06-30": "79.47900", "2018-03-31": "79.24100", "2017-12-31": "76.85400", "2017-09-30": "78.05500", "2017-06-30": "77.92300", "2017-03-31": "72.77300", "2016-12-31": "70.11700", "2016-09-30": "71.19000", "2016-06-30": "69.72900", "2016-03-31": "68.13200", "2015-12-31": "57.79000", "2015-09-30": "57.08200", "2015-06-30": "56.93500", "2015-03-31": "56.66100", "2014-12-31": "52.35900", "2014-09-30": "53.13700", "2014-06-30": "51.33200", "2014-03-31": "49.59800", "2013-12-31": "49.43800", "2013-09-30": "49.55500", "2013-06-30": "49.37900", "2013-03-31": "49.02900", "2012-12-31": "48.00400", "2012-09-30": "48.36100", "2012-06-30": "48.01600", "2012-03-31": "46.95500", "2011-12-31": "46.95600", "2011-09-30": "47.20200", "2011-06-30": "46.92400", "2011-03-31": "46.45100", "2010-12-31": "43.74200", "2010-09-30": "45.74500", "2010-06-30": "43.50700", "2010-03-31": "39.56200", "2009-12-31": "38.48800", "2009-09-30": "38.78700", "2009-06-30": "38.15200", "2009-03-31": "37.86100", "2008-12-31": "37.12000", "2008-09-30": "37.26800", "2008-06-30": "36.96400", "2008-03-31": "36.27700", "2007-12-31": "32.59500", "2007-09-30": "31.68300", "2007-06-30": "31.12600", "2007-03-31": "29.70200", "2006-12-31": "28.55100", "2006-09-30": "28.74300", "2006-06-30": "28.46800", "2006-03-31": "27.84800", "2005-12-31": "23.95600", "2005-09-30": "24.07600", "2005-06-30": "23.72700", "2005-03-31": "21.89800"}, "Shares Outstanding": {"2020-09-30": "89.51900", "2020-06-30": "87.90100", "2020-03-31": "86.14400", "2019-12-31": "84.67900", "2019-09-30": "85.57100", "2019-06-30": "84.76700", "2019-03-31": "82.09000", "2018-12-31": "80.19700", "2018-09-30": "80.28300", "2018-06-30": "79.75200", "2018-03-31": "79.64900", "2017-12-31": "77.53500", "2017-09-30": "78.71900", "2017-06-30": "78.50800", "2017-03-31": "73.36700", "2016-12-31": "70.81600", "2016-09-30": "71.90800", "2016-06-30": "70.36400", "2016-03-31": "68.13200", "2015-12-31": "58.48300", "2015-09-30": "57.70800", "2015-06-30": "57.49900", "2015-03-31": "57.22700", "2014-12-31": "52.35900", "2014-09-30": "55.23800", "2014-06-30": "51.65200", "2014-03-31": "53.38600", "2013-12-31": "50.11600", "2013-09-30": "53.58100", "2013-06-30": "49.37900", "2013-03-31": "53.48000", "2012-12-31": "51.81600", "2012-09-30": "52.65500", "2012-06-30": "52.35100", "2012-03-31": "51.06100", "2011-12-31": "47.89800", "2011-09-30": "47.94300", "2011-06-30": "50.66400", "2011-03-31": "47.21900", "2010-12-31": "44.81000", "2010-09-30": "46.67600", "2010-06-30": "43.50700", "2010-03-31": "40.79100", "2009-12-31": "39.67600", "2009-09-30": "39.88700", "2009-06-30": "39.31800", "2009-03-31": "38.73900", "2008-12-31": "41.58200", "2008-09-30": "38.02300", "2008-06-30": "37.96800", "2008-03-31": "37.25900", "2007-12-31": "32.59500", "2007-09-30": "33.11200", "2007-06-30": "32.64100", "2007-03-31": "29.70200", "2006-12-31": "28.55100", "2006-09-30": "28.74300", "2006-06-30": "28.46800", "2006-03-31": "27.84800", "2005-12-31": "23.95600", "2005-09-30": "24.07600", "2005-06-30": "23.72700", "2005-03-31": "21.89800"}, "Basic EPS": {"2020-09-30": "0.75000", "2020-06-30": "1.53000", "2020-03-31": "1.39000", "2019-12-31": "1.47000", "2019-09-30": "1.42000", "2019-06-30": "1.70000", "2019-03-31": "1.44000", "2018-12-31": "1.38000", "2018-09-30": "1.56000", "2018-06-30": "0.85000", "2018-03-31": "0.79000", "2017-12-31": "0.84000", "2017-09-30": "1.02000", "2017-06-30": "0.59000", "2017-03-31": "0.58000", "2016-12-31": "0.90000", "2016-09-30": "0.73000", "2016-06-30": "0.64000", "2016-03-31": "-0.46000", "2015-12-31": "0.14000", "2015-09-30": "0.72000", "2015-06-30": "1.04000", "2015-03-31": "1.35000", "2014-12-31": "-6.82000", "2014-09-30": "0.81000", "2014-06-30": "0.22000", "2014-03-31": "0.83000", "2013-12-31": "0.91000", "2013-09-30": "0.86000", "2013-06-30": "-0.52000", "2013-03-31": "0.67000", "2012-12-31": "0.86000", "2012-09-30": "0.56000", "2012-06-30": "0.76000", "2012-03-31": "0.74000", "2011-12-31": "0.37000", "2011-09-30": "0.21000", "2011-06-30": "0.65000", "2011-03-31": "0.54000", "2010-12-31": "0.29000", "2010-09-30": "0.24000", "2010-06-30": "-0.05000", "2010-03-31": "0.36000", "2009-12-31": "0.44000", "2009-09-30": "0.49000", "2009-06-30": "0.46000", "2009-03-31": "0.41000", "2008-12-31": "2.64000", "2008-09-30": "0.15000", "2008-06-30": "0.02000", "2008-03-31": "0.10000", "2007-12-31": "-0.32000", "2007-09-30": "0.13000", "2007-06-30": "0.04000", "2007-03-31": "-0.15000", "2006-12-31": "0.33000", "2006-09-30": "-0.18000", "2006-06-30": "-0.19000", "2006-03-31": "-0.18000", "2005-12-31": "-1.35000", "2005-09-30": "-0.03000", "2005-06-30": "-0.14000", "2005-03-31": "-0.26000"}, "EPS - Earnings Per Share": {"2020-09-30": "0.74000", "2020-06-30": "1.52000", "2020-03-31": "1.38000", "2019-12-31": "1.45000", "2019-09-30": "1.41000", "2019-06-30": "1.69000", "2019-03-31": "1.44000", "2018-12-31": "1.37000", "2018-09-30": "1.55000", "2018-06-30": "0.85000", "2018-03-31": "0.79000", "2017-12-31": "0.83000", "2017-09-30": "1.02000", "2017-06-30": "0.58000", "2017-03-31": "0.57000", "2016-12-31": "0.89000", "2016-09-30": "0.72000", "2016-06-30": "0.64000", "2016-03-31": "-0.46000", "2015-12-31": "0.13000", "2015-09-30": "0.71000", "2015-06-30": "1.03000", "2015-03-31": "1.34000", "2014-12-31": "-6.78000", "2014-09-30": "0.79000", "2014-06-30": "0.22000", "2014-03-31": "0.81000", "2013-12-31": "0.93000", "2013-09-30": "0.83000", "2013-06-30": "-0.52000", "2013-03-31": "0.65000", "2012-12-31": "0.85000", "2012-09-30": "0.54000", "2012-06-30": "0.73000", "2012-03-31": "0.71000", "2011-12-31": "0.37000", "2011-09-30": "0.20000", "2011-06-30": "0.64000", "2011-03-31": "0.53000", "2010-12-31": "0.28000", "2010-09-30": "0.24000", "2010-06-30": "-0.05000", "2010-03-31": "0.35000", "2009-12-31": "0.44000", "2009-09-30": "0.47000", "2009-06-30": "0.44000", "2009-03-31": "0.40000", "2008-12-31": "2.52000", "2008-09-30": "0.15000", "2008-06-30": "0.02000", "2008-03-31": "0.10000", "2007-12-31": "-0.31000", "2007-09-30": "0.12000", "2007-06-30": "0.04000", "2007-03-31": "-0.15000", "2006-12-31": "0.33000", "2006-09-30": "-0.18000", "2006-06-30": "-0.19000", "2006-03-31": "-0.18000", "2005-12-31": "-1.35000", "2005-09-30": "-0.03000", "2005-06-30": "-0.14000", "2005-03-31": "-0.26000"}}, "balance sheet": {"Cash On Hand": {"2019-12-31": "1879.93900", "2018-12-31": "610.70600", "2017-12-31": "1440.78800", "2016-12-31": "751.88500", "2015-12-31": "2721.13000", "2014-12-31": "1143.36900", "2013-12-31": "631.70200", "2012-12-31": "418.70500", "2011-12-31": "914.54400", "2010-12-31": "590.03300", "2009-12-31": "594.56400", "2008-12-31": "262.31900", "2007-12-31": "353.93400", "2006-12-31": "131.39400", "2005-12-31": "171.37200"}, "Receivables": {"2019-12-31": "689.13400", "2018-12-31": "630.11900", "2017-12-31": "576.31300", "2016-12-31": "396.24500", "2015-12-31": "291.96400", "2014-12-31": "262.57000", "2013-12-31": "184.84000", "2012-12-31": "163.84000", "2011-12-31": "139.05700", "2010-12-31": "116.35800", "2009-12-31": "64.76700", "2008-12-31": "66.02900", "2007-12-31": "60.08900", "2006-12-31": "26.86400", "2005-12-31": "17.23700"}, "Inventory": {"2019-12-31": "", "2018-12-31": "", "2017-12-31": "", "2016-12-31": "", "2015-12-31": "", "2014-12-31": "", "2013-12-31": "", "2012-12-31": "", "2011-12-31": "", "2010-12-31": "", "2009-12-31": "", "2008-12-31": "", "2007-12-31": "", "2006-12-31": "", "2005-12-31": ""}, "Pre-Paid Expenses": {"2019-12-31": "", "2018-12-31": "", "2017-12-31": "", "2016-12-31": "", "2015-12-31": "", "2014-12-31": "", "2013-12-31": "", "2012-12-31": "", "2011-12-31": "", "2010-12-31": "", "2009-12-31": "", "2008-12-31": "", "2007-12-31": "12.73800", "2006-12-31": "8.00300", "2005-12-31": "3.10300"}, "Other Current Assets": {"2019-12-31": "303.54300", "2018-12-31": "274.85700", "2017-12-31": "232.02700", "2016-12-31": "319.39600", "2015-12-31": "246.18600", "2014-12-31": "85.00400", "2013-12-31": "72.11800", "2012-12-31": "57.54700", "2011-12-31": "182.15600", "2010-12-31": "71.65700", "2009-12-31": "21.73400", "2008-12-31": "15.22700", "2007-12-31": "", "2006-12-31": "", "2005-12-31": ""}, "Total Current Assets": {"2019-12-31": "2872.61600", "2018-12-31": "1515.68200", "2017-12-31": "2249.12800", "2016-12-31": "1467.52600", "2015-12-31": "3259.28000", "2014-12-31": "1490.94300", "2013-12-31": "888.66000", "2012-12-31": "640.09200", "2011-12-31": "1235.75700", "2010-12-31": "778.04800", "2009-12-31": "727.88700", "2008-12-31": "379.51100", "2007-12-31": "426.76100", "2006-12-31": "166.26100", "2005-12-31": "191.71200"}, "Property, Plant, And Equipment": {"2019-12-31": "12152.60000", "2018-12-31": "11026.02000", "2017-12-31": "9394.60200", "2016-12-31": "7199.21000", "2015-12-31": "5606.43600", "2014-12-31": "4998.27000", "2013-12-31": "4591.65000", "2012-12-31": "3915.73800", "2011-12-31": "3225.91200", "2010-12-31": "2650.95300", "2009-12-31": "1808.11500", "2008-12-31": "1492.83000", "2007-12-31": "1162.72000", "2006-12-31": "546.39500", "2005-12-31": "438.79000"}, "Long-Term Investments": {"2019-12-31": "", "2018-12-31": "", "2017-12-31": "9.24300", "2016-12-31": "10.04200", "2015-12-31": "4.58400", "2014-12-31": "0.43900", "2013-12-31": "398.39000", "2012-12-31": "127.81900", "2011-12-31": "161.80100", "2010-12-31": "2.80600", "2009-12-31": "9.80300", "2008-12-31": "45.62600", "2007-12-31": "29.96600", "2006-12-31": "25.08700", "2005-12-31": "17.48300"}, "Goodwill And Intangible Assets": {"2019-12-31": "6884.24700", "2018-12-31": "7169.68400", "2017-12-31": "6796.73400", "2016-12-31": "3705.29500", "2015-12-31": "1287.76500", "2014-12-31": "1149.65600", "2013-12-31": "1226.33500", "2012-12-31": "1244.12600", "2011-12-31": "1015.13000", "2010-12-31": "925.31000", "2009-12-31": "432.06500", "2008-12-31": "393.74700", "2007-12-31": "510.13300", "2006-12-31": "17.44100", "2005-12-31": "21.65400"}, "Other Long-Term Assets": {"2019-12-31": "580.78810", "2018-12-31": "-935.50990", "2017-12-31": "241.75000", "2016-12-31": "226.29800", "2015-12-31": "198.63000", "2014-12-31": "142.67000", "2013-12-31": "387.32400", "2012-12-31": "208.02200", "2011-12-31": "146.72400", "2010-12-31": "90.89200", "2009-12-31": "55.10900", "2008-12-31": "57.79400", "2007-12-31": "45.88400", "2006-12-31": "16.64800", "2005-12-31": "11.35800"}, "Total Long-Term Assets": {"2019-12-31": "21093.00000", "2018-12-31": "18728.96000", "2017-12-31": "16442.33000", "2016-12-31": "11140.84000", "2015-12-31": "7097.41500", "2014-12-31": "6291.03500", "2013-12-31": "6603.69900", "2012-12-31": "5495.70500", "2011-12-31": "4549.56700", "2010-12-31": "3669.96100", "2009-12-31": "2310.26300", "2008-12-31": "2055.22500", "2007-12-31": "1755.10700", "2006-12-31": "605.57100", "2005-12-31": "489.28500"}, "Total Assets": {"2019-12-31": "23965.62000", "2018-12-31": "20244.64000", "2017-12-31": "18691.46000", "2016-12-31": "12608.37000", "2015-12-31": "10356.70000", "2014-12-31": "7781.97800", "2013-12-31": "7492.35900", "2012-12-31": "6135.79700", "2011-12-31": "5785.32400", "2010-12-31": "4448.00900", "2009-12-31": "3038.15000", "2008-12-31": "2434.73600", "2007-12-31": "2181.86800", "2006-12-31": "771.83200", "2005-12-31": "680.99700"}, "Total Current Liabilities": {"2019-12-31": "2157.86300", "2018-12-31": "1515.07100", "2017-12-31": "1242.73400", "2016-12-31": "1028.69500", "2015-12-31": "1656.35400", "2014-12-31": "643.75700", "2013-12-31": "546.50400", "2012-12-31": "549.07200", "2011-12-31": "725.25400", "2010-12-31": "318.11500", "2009-12-31": "315.45900", "2008-12-31": "289.99300", "2007-12-31": "191.46200", "2006-12-31": "78.35300", "2005-12-31": "91.42300"}, "Long Term Debt": {"2019-12-31": "11029.99000", "2018-12-31": "10880.53000", "2017-12-31": "9937.22300", "2016-12-31": "6590.59900", "2015-12-31": "5564.54200", "2014-12-31": "4563.12600", "2013-12-31": "4087.93400", "2012-12-31": "2943.38100", "2011-12-31": "2753.83300", "2010-12-31": "2020.61900", "2009-12-31": "1419.60500", "2008-12-31": "1127.98700", "2007-12-31": "1085.75500", "2006-12-31": "275.71800", "2005-12-31": "239.74400"}, "Other Non-Current Liabilities": {"2019-12-31": "621.72500", "2018-12-31": "629.76300", "2017-12-31": "661.71000", "2016-12-31": "623.24800", "2015-12-31": "390.41300", "2014-12-31": "304.96400", "2013-12-31": "274.95500", "2012-12-31": "245.72500", "2011-12-31": "286.42400", "2010-12-31": "228.76000", "2009-12-31": "94.66600", "2008-12-31": "100.09500", "2007-12-31": "90.21900", "2006-12-31": "28.10300", "2005-12-31": "37.43100"}, "Total Long Term Liabilities": {"2019-12-31": "12967.37000", "2018-12-31": "11510.29000", "2017-12-31": "10598.93000", "2016-12-31": "7213.84700", "2015-12-31": "5954.95500", "2014-12-31": "4868.09000", "2013-12-31": "4486.79100", "2012-12-31": "3273.28400", "2011-12-31": "3107.85800", "2010-12-31": "2249.37900", "2009-12-31": "1540.20800", "2008-12-31": "1228.08200", "2007-12-31": "1175.97400", "2006-12-31": "338.45100", "2005-12-31": "300.90100"}, "Total Liabilities": {"2019-12-31": "15125.23000", "2018-12-31": "13025.36000", "2017-12-31": "11841.67000", "2016-12-31": "8242.54200", "2015-12-31": "7611.30900", "2014-12-31": "5511.84700", "2013-12-31": "5033.29500", "2012-12-31": "3822.35600", "2011-12-31": "3833.11200", "2010-12-31": "2567.49400", "2009-12-31": "1855.66700", "2008-12-31": "1518.07500", "2007-12-31": "1367.43600", "2006-12-31": "416.80400", "2005-12-31": "392.32400"}, "Common Stock Net": {"2019-12-31": "0.08600", "2018-12-31": "0.08100", "2017-12-31": "0.07900", "2016-12-31": "0.07200", "2015-12-31": "0.06200", "2014-12-31": "0.05700", "2013-12-31": "0.05000", "2012-12-31": "0.04900", "2011-12-31": "0.04800", "2010-12-31": "0.04600", "2009-12-31": "0.03900", "2008-12-31": "0.03800", "2007-12-31": "0.03700", "2006-12-31": "0.02900", "2005-12-31": "0.02700"}, "Retained Earnings (Accumulated Deficit)": {"2019-12-31": "-2777.04400", "2018-12-31": "-2441.25200", "2017-12-31": "-2340.10300", "2016-12-31": "-1951.06100", "2015-12-31": "-1576.68800", "2014-12-31": "-720.37700", "2013-12-31": "-36.44300", "2012-12-31": "-131.12800", "2011-12-31": "-255.09500", "2010-12-31": "-349.09900", "2009-12-31": "-385.98000", "2008-12-31": "-455.41100", "2007-12-31": "-558.63200", "2006-12-31": "-553.44400", "2005-12-31": "-547.04700"}, "Comprehensive Income": {"2019-12-31": "-934.61300", "2018-12-31": "-945.70200", "2017-12-31": "-785.18900", "2016-12-31": "-949.14200", "2015-12-31": "-509.05900", "2014-12-31": "-332.44300", "2013-12-31": "-113.76700", "2012-12-31": "-101.04200", "2011-12-31": "-143.69800", "2010-12-31": "-112.01800", "2009-12-31": "-97.23800", "2008-12-31": "-152.80000", "2007-12-31": "-3.88800", "2006-12-31": "3.87000", "2005-12-31": "1.12600"}, "Other Share Holders Equity": {"2019-12-31": "", "2018-12-31": "", "2017-12-31": "", "2016-12-31": "", "2015-12-31": "", "2014-12-31": "", "2013-12-31": "", "2012-12-31": "", "2011-12-31": "", "2010-12-31": "", "2009-12-31": "", "2008-12-31": "", "2007-12-31": "", "2006-12-31": "", "2005-12-31": ""}, "Share Holder Equity": {"2019-12-31": "8840.38200", "2018-12-31": "7219.27900", "2017-12-31": "6849.79000", "2016-12-31": "4365.82900", "2015-12-31": "2745.38600", "2014-12-31": "2270.13100", "2013-12-31": "2459.06400", "2012-12-31": "2313.44100", "2011-12-31": "1952.21200", "2010-12-31": "1880.51500", "2009-12-31": "1182.48300", "2008-12-31": "916.66100", "2007-12-31": "814.43200", "2006-12-31": "355.02800", "2005-12-31": "288.67300"}, "Total Liabilities And Share Holders Equity": {"2019-12-31": "23965.62000", "2018-12-31": "20244.64000", "2017-12-31": "18691.46000", "2016-12-31": "12608.37000", "2015-12-31": "10356.70000", "2014-12-31": "7781.97800", "2013-12-31": "7492.35900", "2012-12-31": "6135.79700", "2011-12-31": "5785.32400", "2010-12-31": "4448.00900", "2009-12-31": "3038.15000", "2008-12-31": "2434.73600", "2007-12-31": "2181.86800", "2006-12-31": "771.83200", "2005-12-31": "680.99700"}}, "balance sheet, quarterly": {"Cash On Hand": {"2020-09-30": "2659.23100", "2020-06-30": "4807.11900", "2020-03-31": "1197.17200", "2019-12-31": "1879.93900", "2019-09-30": "1421.96700", "2019-06-30": "1630.74800", "2019-03-31": "1647.67700", "2018-12-31": "610.70600", "2018-09-30": "885.90100", "2018-06-30": "984.50700", "2018-03-31": "2050.84100", "2017-12-31": "1440.78800", "2017-09-30": "1629.56000", "2017-06-30": "1068.01900", "2017-03-31": "4938.00100", "2016-12-31": "751.88500", "2016-09-30": "1013.66300", "2016-06-30": "489.89900", "2016-03-31": "649.53100", "2015-12-31": "2721.13000", "2015-09-30": "828.89400", "2015-06-30": "954.53300", "2015-03-31": "1059.05200", "2014-12-31": "1143.36900", "2014-09-30": "485.04000", "2014-06-30": "615.65900", "2014-03-31": "817.54800", "2013-12-31": "631.70200", "2013-09-30": "745.78000", "2013-06-30": "840.95590", "2013-03-31": "1761.78600", "2012-12-31": "418.70500", "2012-09-30": "404.47400", "2012-06-30": "769.56100", "2012-03-31": "916.85400", "2011-12-31": "914.54400", "2011-09-30": "1070.76900", "2011-06-30": "392.11800", "2011-03-31": "454.50600", "2010-12-31": "590.03300", "2010-09-30": "712.12800", "2010-06-30": "717.45300", "2010-03-31": "1179.91300", "2009-12-31": "594.56400", "2009-09-30": "609.38100", "2009-06-30": "581.07100", "2009-03-31": "251.76900", "2008-12-31": "262.31900", "2008-09-30": "262.57700", "2008-06-30": "216.10700", "2008-03-31": "298.52800", "2007-12-31": "353.93400", "2007-09-30": "407.45700", "2007-06-30": "302.32600", "2007-03-31": "381.41800", "2006-12-31": "131.39400", "2006-09-30": "145.96100", "2006-06-30": "130.82400", "2006-03-31": "143.77600", "2005-12-31": "171.37200", "2005-09-30": "83.82100", "2005-06-30": "108.12000", "2005-03-31": "90.57700"}, "Receivables": {"2020-09-30": "705.50900", "2020-06-30": "691.58900", "2020-03-31": "687.15300", "2019-12-31": "689.13400", "2019-09-30": "746.57100", "2019-06-30": "752.68000", "2019-03-31": "703.83500", "2018-12-31": "630.11900", "2018-09-30": "662.40100", "2018-06-30": "616.47200", "2018-03-31": "645.46800", "2017-12-31": "576.31300", "2017-09-30": "597.24200", "2017-06-30": "545.73400", "2017-03-31": "429.99000", "2016-12-31": "396.24500", "2016-09-30": "377.52800", "2016-06-30": "346.99400", "2016-03-31": "326.44000", "2015-12-31": "291.96400", "2015-09-30": "293.12500", "2015-06-30": "293.85500", "2015-03-31": "277.90000", "2014-12-31": "262.57000", "2014-09-30": "275.26400", "2014-06-30": "237.83100", "2014-03-31": "213.56000", "2013-12-31": "184.84000", "2013-09-30": "199.64400", "2013-06-30": "201.33600", "2013-03-31": "185.16300", "2012-12-31": "163.84000", "2012-09-30": "181.97300", "2012-06-30": "169.81200", "2012-03-31": "158.56100", "2011-12-31": "139.05700", "2011-09-30": "144.18500", "2011-06-30": "140.31600", "2011-03-31": "114.20700", "2010-12-31": "116.35800", "2010-09-30": "115.61600", "2010-06-30": "106.25500", "2010-03-31": "69.72200", "2009-12-31": "64.76700", "2009-09-30": "67.58900", "2009-06-30": "67.31200", "2009-03-31": "60.02200", "2008-12-31": "66.02900", "2008-09-30": "62.37600", "2008-06-30": "63.10500", "2008-03-31": "59.15600", "2007-12-31": "60.08900", "2007-09-30": "49.17600", "2007-06-30": "28.14000", "2007-03-31": "27.77300", "2006-12-31": "26.86400", "2006-09-30": "24.12900", "2006-06-30": "23.34700", "2006-03-31": "18.47000", "2005-12-31": "17.23700", "2005-09-30": "16.19900", "2005-06-30": "15.72000", "2005-03-31": "14.24100"}, "Inventory": {"2020-09-30": "", "2020-06-30": "", "2020-03-31": "", "2019-12-31": "", "2019-09-30": "", "2019-06-30": "", "2019-03-31": "", "2018-12-31": "", "2018-09-30": "", "2018-06-30": "", "2018-03-31": "", "2017-12-31": "", "2017-09-30": "", "2017-06-30": "", "2017-03-31": "", "2016-12-31": "", "2016-09-30": "", "2016-06-30": "", "2016-03-31": "", "2015-12-31": "", "2015-09-30": "", "2015-06-30": "", "2015-03-31": "", "2014-12-31": "", "2014-09-30": "", "2014-06-30": "", "2014-03-31": "", "2013-12-31": "", "2013-09-30": "", "2013-06-30": "", "2013-03-31": "", "2012-12-31": "", "2012-09-30": "", "2012-06-30": "", "2012-03-31": "", "2011-12-31": "", "2011-09-30": "", "2011-06-30": "", "2011-03-31": "", "2010-12-31": "", "2010-09-30": "", "2010-06-30": "", "2010-03-31": "", "2009-12-31": "", "2009-09-30": "", "2009-06-30": "", "2009-03-31": "", "2008-12-31": "", "2008-09-30": "", "2008-06-30": "", "2008-03-31": "", "2007-12-31": "", "2007-09-30": "", "2007-06-30": "", "2007-03-31": "", "2006-12-31": "", "2006-09-30": "", "2006-06-30": "", "2006-03-31": "", "2005-12-31": "", "2005-09-30": "", "2005-06-30": "", "2005-03-31": ""}, "Pre-Paid Expenses": {"2020-09-30": "", "2020-06-30": "", "2020-03-31": "", "2019-12-31": "", "2019-09-30": "", "2019-06-30": "", "2019-03-31": "", "2018-12-31": "", "2018-09-30": "", "2018-06-30": "", "2018-03-31": "", "2017-12-31": "", "2017-09-30": "", "2017-06-30": "", "2017-03-31": "", "2016-12-31": "", "2016-09-30": "", "2016-06-30": "", "2016-03-31": "", "2015-12-31": "", "2015-09-30": "", "2015-06-30": "", "2015-03-31": "", "2014-12-31": "", "2014-09-30": "", "2014-06-30": "", "2014-03-31": "", "2013-12-31": "", "2013-09-30": "", "2013-06-30": "", "2013-03-31": "", "2012-12-31": "", "2012-09-30": "", "2012-06-30": "", "2012-03-31": "", "2011-12-31": "", "2011-09-30": "", "2011-06-30": "", "2011-03-31": "", "2010-12-31": "", "2010-09-30": "", "2010-06-30": "", "2010-03-31": "", "2009-12-31": "", "2009-09-30": "", "2009-06-30": "", "2009-03-31": "", "2008-12-31": "", "2008-09-30": "17.70100", "2008-06-30": "14.51400", "2008-03-31": "16.52300", "2007-12-31": "12.73800", "2007-09-30": "26.48900", "2007-06-30": "9.59900", "2007-03-31": "9.56700", "2006-12-31": "8.00300", "2006-09-30": "5.99000", "2006-06-30": "5.56600", "2006-03-31": "4.67500", "2005-12-31": "3.10300", "2005-09-30": "3.28900", "2005-06-30": "2.45800", "2005-03-31": "2.42800"}, "Other Current Assets": {"2020-09-30": "679.28800", "2020-06-30": "482.70900", "2020-03-31": "435.78400", "2019-12-31": "303.54300", "2019-09-30": "684.71900", "2019-06-30": "605.07300", "2019-03-31": "274.25900", "2018-12-31": "274.85700", "2018-09-30": "258.68500", "2018-06-30": "249.84600", "2018-03-31": "247.17500", "2017-12-31": "232.02700", "2017-09-30": "217.00600", "2017-06-30": "235.87100", "2017-03-31": "206.02600", "2016-12-31": "319.39600", "2016-09-30": "269.29300", "2016-06-30": "1258.53600", "2016-03-31": "1192.37000", "2015-12-31": "246.18600", "2015-09-30": "120.00400", "2015-06-30": "81.73000", "2015-03-31": "102.59200", "2014-12-31": "85.00400", "2014-09-30": "97.40700", "2014-06-30": "101.04400", "2014-03-31": "54.91000", "2013-12-31": "72.11800", "2013-09-30": "59.35000", "2013-06-30": "55.31700", "2013-03-31": "58.90800", "2012-12-31": "57.54700", "2012-09-30": "138.73900", "2012-06-30": "70.21900", "2012-03-31": "98.60800", "2011-12-31": "182.15600", "2011-09-30": "115.34400", "2011-06-30": "116.65400", "2011-03-31": "126.27700", "2010-12-31": "71.65700", "2010-09-30": "64.06700", "2010-06-30": "64.52700", "2010-03-31": "64.01400", "2009-12-31": "21.73400", "2009-09-30": "21.96100", "2009-06-30": "22.08100", "2009-03-31": "18.23100", "2008-12-31": "15.22700", "2008-09-30": "", "2008-06-30": "", "2008-03-31": "", "2007-12-31": "", "2007-09-30": "", "2007-06-30": "", "2007-03-31": "", "2006-12-31": "", "2006-09-30": "", "2006-06-30": "", "2006-03-31": "", "2005-12-31": "", "2005-09-30": "", "2005-06-30": "", "2005-03-31": ""}, "Total Current Assets": {"2020-09-30": "4044.02800", "2020-06-30": "5981.41700", "2020-03-31": "2320.10900", "2019-12-31": "2872.61600", "2019-09-30": "2853.25700", "2019-06-30": "2988.50100", "2019-03-31": "2625.77100", "2018-12-31": "1515.68200", "2018-09-30": "1806.98700", "2018-06-30": "1850.82500", "2018-03-31": "2943.48400", "2017-12-31": "2249.12800", "2017-09-30": "2443.80800", "2017-06-30": "1849.62400", "2017-03-31": "5574.01700", "2016-12-31": "1467.52600", "2016-09-30": "1660.48400", "2016-06-30": "2095.42900", "2016-03-31": "2168.34100", "2015-12-31": "3259.28000", "2015-09-30": "1242.02300", "2015-06-30": "1330.11800", "2015-03-31": "1439.54400", "2014-12-31": "1490.94300", "2014-09-30": "857.71100", "2014-06-30": "954.53400", "2014-03-31": "1086.01800", "2013-12-31": "888.66000", "2013-09-30": "1004.77400", "2013-06-30": "1097.60900", "2013-03-31": "2005.85700", "2012-12-31": "640.09200", "2012-09-30": "725.18600", "2012-06-30": "1009.59200", "2012-03-31": "1174.02300", "2011-12-31": "1235.75700", "2011-09-30": "1330.29800", "2011-06-30": "649.08800", "2011-03-31": "694.99000", "2010-12-31": "778.04800", "2010-09-30": "891.81100", "2010-06-30": "888.23500", "2010-03-31": "1313.64900", "2009-12-31": "727.88700", "2009-09-30": "714.09400", "2009-06-30": "689.46000", "2009-03-31": "357.08500", "2008-12-31": "379.51100", "2008-09-30": "342.65400", "2008-06-30": "293.72600", "2008-03-31": "374.20700", "2007-12-31": "426.76100", "2007-09-30": "483.12200", "2007-06-30": "340.06500", "2007-03-31": "418.75800", "2006-12-31": "166.26100", "2006-09-30": "176.08000", "2006-06-30": "159.73700", "2006-03-31": "166.92100", "2005-12-31": "191.71200", "2005-09-30": "103.30900", "2005-06-30": "126.29800", "2005-03-31": "107.24600"}, "Property, Plant, And Equipment": {"2020-09-30": "13110.55000", "2020-06-30": "12663.83000", "2020-03-31": "12177.04000", "2019-12-31": "12152.60000", "2019-09-30": "11229.20000", "2019-06-30": "10992.74000", "2019-03-31": "10898.21000", "2018-12-31": "11026.02000", "2018-09-30": "10682.83000", "2018-06-30": "10378.92000", "2018-03-31": "9696.69200", "2017-12-31": "9394.60200", "2017-09-30": "9006.17100", "2017-06-30": "8746.59500", "2017-03-31": "7605.82900", "2016-12-31": "7199.21000", "2016-09-30": "7251.39900", "2016-06-30": "6958.79400", "2016-03-31": "6888.23200", "2015-12-31": "5606.43600", "2015-09-30": "5218.59500", "2015-06-30": "5184.80000", "2015-03-31": "4990.88300", "2014-12-31": "4998.27000", "2014-09-30": "4983.37600", "2014-06-30": "4924.16200", "2014-03-31": "4766.29700", "2013-12-31": "4591.65000", "2013-09-30": "4381.02000", "2013-06-30": "4103.34400", "2013-03-31": "3890.19000", "2012-12-31": "3915.73800", "2012-09-30": "3791.06300", "2012-06-30": "3525.83900", "2012-03-31": "3387.36900", "2011-12-31": "3225.91200", "2011-09-30": "3122.09400", "2011-06-30": "3085.20200", "2011-03-31": "2881.12600", "2010-12-31": "2650.95300", "2010-09-30": "2582.89000", "2010-06-30": "2400.80900", "2010-03-31": "1874.32500", "2009-12-31": "1808.11500", "2009-09-30": "1703.00900", "2009-06-30": "1590.75600", "2009-03-31": "1512.90800", "2008-12-31": "1492.83000", "2008-09-30": "1346.98200", "2008-06-30": "1331.01700", "2008-03-31": "1284.39500", "2007-12-31": "1162.72000", "2007-09-30": "1069.08000", "2007-06-30": "760.17500", "2007-03-31": "593.55500", "2006-12-31": "546.39500", "2006-09-30": "499.91700", "2006-06-30": "471.76500", "2006-03-31": "449.23600", "2005-12-31": "438.79000", "2005-09-30": "371.00500", "2005-06-30": "345.11700", "2005-03-31": "350.98600"}, "Long-Term Investments": {"2020-09-30": "", "2020-06-30": "", "2020-03-31": "", "2019-12-31": "", "2019-09-30": "", "2019-06-30": "", "2019-03-31": "", "2018-12-31": "", "2018-09-30": "", "2018-06-30": "4.20000", "2018-03-31": "12.17300", "2017-12-31": "9.24300", "2017-09-30": "10.88500", "2017-06-30": "6.38900", "2017-03-31": "6.46100", "2016-12-31": "10.04200", "2016-09-30": "15.03600", "2016-06-30": "7.69400", "2016-03-31": "3.96900", "2015-12-31": "4.58400", "2015-09-30": "4.07700", "2015-06-30": "4.03900", "2015-03-31": "10.69100", "2014-12-31": "0.43900", "2014-09-30": "16.07500", "2014-06-30": "88.69000", "2014-03-31": "224.17600", "2013-12-31": "398.39000", "2013-09-30": "442.19500", "2013-06-30": "375.97100", "2013-03-31": "293.75100", "2012-12-31": "127.81900", "2012-09-30": "115.36200", "2012-06-30": "53.46000", "2012-03-31": "166.43700", "2011-12-31": "161.80100", "2011-09-30": "99.41900", "2011-06-30": "30.96000", "2011-03-31": "2.14500", "2010-12-31": "2.80600", "2010-09-30": "3.22300", "2010-06-30": "4.49700", "2010-03-31": "5.22500", "2009-12-31": "9.80300", "2009-09-30": "18.06100", "2009-06-30": "22.29900", "2009-03-31": "32.20600", "2008-12-31": "45.62600", "2008-09-30": "67.62200", "2008-06-30": "108.64200", "2008-03-31": "26.99800", "2007-12-31": "29.96600", "2007-09-30": "28.90500", "2007-06-30": "21.64000", "2007-03-31": "10.98100", "2006-12-31": "25.08700", "2006-09-30": "20.38500", "2006-06-30": "17.11500", "2006-03-31": "18.44700", "2005-12-31": "17.48300", "2005-09-30": "24.46900", "2005-06-30": "23.90900", "2005-03-31": "27.55900"}, "Goodwill And Intangible Assets": {"2020-09-30": "7172.35200", "2020-06-30": "7091.03900", "2020-03-31": "7035.99800", "2019-12-31": "6884.24700", "2019-09-30": "6776.75600", "2019-06-30": "6973.28500", "2019-03-31": "7051.19100", "2018-12-31": "7169.68400", "2018-09-30": "7235.92600", "2018-06-30": "7310.38700", "2018-03-31": "6841.76300", "2017-12-31": "6796.73400", "2017-09-30": "6561.66500", "2017-06-30": "6607.78300", "2017-03-31": "3763.73200", "2016-12-31": "3705.29500", "2016-09-30": "3921.94600", "2016-06-30": "3979.15200", "2016-03-31": "4204.50400", "2015-12-31": "1287.76500", "2015-09-30": "1106.98400", "2015-06-30": "1139.12200", "2015-03-31": "1120.44600", "2014-12-31": "1149.65600", "2014-09-30": "1182.03000", "2014-06-30": "1228.49300", "2014-03-31": "1224.49200", "2013-12-31": "1226.33500", "2013-09-30": "1218.52400", "2013-06-30": "1196.84200", "2013-03-31": "1210.71200", "2012-12-31": "1244.12600", "2012-09-30": "1243.93200", "2012-06-30": "1001.38600", "2012-03-31": "1025.26400", "2011-12-31": "1015.13000", "2011-09-30": "1020.78500", "2011-06-30": "1061.23200", "2011-03-31": "938.75000", "2010-12-31": "925.31000", "2010-09-30": "933.85900", "2010-06-30": "917.42700", "2010-03-31": "405.98000", "2009-12-31": "432.06500", "2009-09-30": "429.61800", "2009-06-30": "436.73100", "2009-03-31": "384.63700", "2008-12-31": "393.74700", "2008-09-30": "473.45900", "2008-06-30": "530.38100", "2008-03-31": "534.39900", "2007-12-31": "510.13300", "2007-09-30": "500.46800", "2007-06-30": "16.91400", "2007-03-31": "17.10900", "2006-12-31": "17.44100", "2006-09-30": "22.71000", "2006-06-30": "22.66000", "2006-03-31": "22.27700", "2005-12-31": "21.65400", "2005-09-30": "21.34400", "2005-06-30": "21.38400", "2005-03-31": "21.84200"}, "Other Long-Term Assets": {"2020-09-30": "673.44300", "2020-06-30": "660.24600", "2020-03-31": "642.83610", "2019-12-31": "580.78800", "2019-09-30": "499.63210", "2019-06-30": "463.60100", "2019-03-31": "458.09690", "2018-12-31": "-935.50990", "2018-09-30": "562.33200", "2018-06-30": "525.96100", "2018-03-31": "447.81600", "2017-12-31": "241.75000", "2017-09-30": "285.96700", "2017-06-30": "263.54600", "2017-03-31": "234.64500", "2016-12-31": "226.29800", "2016-09-30": "248.69200", "2016-06-30": "227.97600", "2016-03-31": "230.78900", "2015-12-31": "198.63000", "2015-09-30": "133.98700", "2015-06-30": "167.93900", "2015-03-31": "166.13000", "2014-12-31": "142.67000", "2014-09-30": "422.80800", "2014-06-30": "443.73200", "2014-03-31": "429.61500", "2013-12-31": "387.32400", "2013-09-30": "342.53100", "2013-06-30": "304.08300", "2013-03-31": "212.42300", "2012-12-31": "208.02200", "2012-09-30": "115.42700", "2012-06-30": "134.41100", "2012-03-31": "131.25200", "2011-12-31": "146.72400", "2011-09-30": "158.09100", "2011-06-30": "142.70900", "2011-03-31": "135.50200", "2010-12-31": "90.89200", "2010-09-30": "69.10800", "2010-06-30": "71.24000", "2010-03-31": "68.58900", "2009-12-31": "55.10900", "2009-09-30": "53.85800", "2009-06-30": "60.78700", "2009-03-31": "48.63200", "2008-12-31": "57.79400", "2008-09-30": "61.21800", "2008-06-30": "67.21600", "2008-03-31": "66.78800", "2007-12-31": "45.88400", "2007-09-30": "48.99100", "2007-06-30": "36.65700", "2007-03-31": "33.27900", "2006-12-31": "16.64800", "2006-09-30": "11.52800", "2006-06-30": "11.89600", "2006-03-31": "12.53500", "2005-12-31": "11.35800", "2005-09-30": "13.25300", "2005-06-30": "10.27700", "2005-03-31": "10.41300"}, "Total Long-Term Assets": {"2020-09-30": "22392.69000", "2020-06-30": "21811.21000", "2020-03-31": "21270.59000", "2019-12-31": "21093.00000", "2019-09-30": "19989.08000", "2019-06-30": "19898.01000", "2019-03-31": "19865.32000", "2018-12-31": "18728.96000", "2018-09-30": "18481.08000", "2018-06-30": "18219.46000", "2018-03-31": "16998.45000", "2017-12-31": "16442.33000", "2017-09-30": "15864.69000", "2017-06-30": "15624.31000", "2017-03-31": "11610.67000", "2016-12-31": "11140.84000", "2016-09-30": "11437.07000", "2016-06-30": "11173.62000", "2016-03-31": "11327.49000", "2015-12-31": "7097.41500", "2015-09-30": "6463.64300", "2015-06-30": "6495.90000", "2015-03-31": "6288.14900", "2014-12-31": "6291.03500", "2014-09-30": "6604.29000", "2014-06-30": "6685.07700", "2014-03-31": "6644.58000", "2013-12-31": "6603.69900", "2013-09-30": "6384.27000", "2013-06-30": "5980.24000", "2013-03-31": "5607.07600", "2012-12-31": "5495.70500", "2012-09-30": "5265.78400", "2012-06-30": "4715.09600", "2012-03-31": "4710.32200", "2011-12-31": "4549.56700", "2011-09-30": "4400.38900", "2011-06-30": "4320.10300", "2011-03-31": "3957.52300", "2010-12-31": "3669.96100", "2010-09-30": "3589.08000", "2010-06-30": "3393.97300", "2010-03-31": "2354.11900", "2009-12-31": "2310.26300", "2009-09-30": "2248.48400", "2009-06-30": "2153.90500", "2009-03-31": "2059.90400", "2008-12-31": "2055.22500", "2008-09-30": "1949.28100", "2008-06-30": "2037.25600", "2008-03-31": "1912.58000", "2007-12-31": "1755.10700", "2007-09-30": "1647.44400", "2007-06-30": "835.38600", "2007-03-31": "654.92400", "2006-12-31": "605.57100", "2006-09-30": "554.54000", "2006-06-30": "523.43600", "2006-03-31": "502.49500", "2005-12-31": "489.28500", "2005-09-30": "430.07100", "2005-06-30": "400.68700", "2005-03-31": "410.80000"}, "Total Assets": {"2020-09-30": "26436.71000", "2020-06-30": "27792.63000", "2020-03-31": "23590.70000", "2019-12-31": "23965.62000", "2019-09-30": "22842.33000", "2019-06-30": "22886.51000", "2019-03-31": "22491.09000", "2018-12-31": "20244.64000", "2018-09-30": "20288.07000", "2018-06-30": "20070.29000", "2018-03-31": "19941.93000", "2017-12-31": "18691.46000", "2017-09-30": "18308.50000", "2017-06-30": "17473.94000", "2017-03-31": "17184.68000", "2016-12-31": "12608.37000", "2016-09-30": "13097.56000", "2016-06-30": "13269.04000", "2016-03-31": "13495.83000", "2015-12-31": "10356.70000", "2015-09-30": "7705.66600", "2015-06-30": "7826.01800", "2015-03-31": "7727.69400", "2014-12-31": "7781.97800", "2014-09-30": "7462.00000", "2014-06-30": "7639.61100", "2014-03-31": "7730.59800", "2013-12-31": "7492.35900", "2013-09-30": "7389.04400", "2013-06-30": "7077.84900", "2013-03-31": "7612.93300", "2012-12-31": "6135.79700", "2012-09-30": "5990.97000", "2012-06-30": "5724.68800", "2012-03-31": "5884.34500", "2011-12-31": "5785.32400", "2011-09-30": "5730.68700", "2011-06-30": "4969.19100", "2011-03-31": "4652.51300", "2010-12-31": "4448.00900", "2010-09-30": "4480.89100", "2010-06-30": "4282.20800", "2010-03-31": "3667.76800", "2009-12-31": "3038.15000", "2009-09-30": "2962.57800", "2009-06-30": "2843.36500", "2009-03-31": "2416.98900", "2008-12-31": "2434.73600", "2008-09-30": "2291.93500", "2008-06-30": "2330.98200", "2008-03-31": "2286.78700", "2007-12-31": "2181.86800", "2007-09-30": "2130.56600", "2007-06-30": "1175.45100", "2007-03-31": "1073.68200", "2006-12-31": "771.83200", "2006-09-30": "730.62000", "2006-06-30": "683.17300", "2006-03-31": "669.41600", "2005-12-31": "680.99700", "2005-09-30": "533.38000", "2005-06-30": "526.98500", "2005-03-31": "518.04600"}, "Total Current Liabilities": {"2020-09-30": "3796.18300", "2020-06-30": "3855.77100", "2020-03-31": "1838.47300", "2019-12-31": "2157.86300", "2019-09-30": "1836.48300", "2019-06-30": "1884.40500", "2019-03-31": "1685.35100", "2018-12-31": "1515.07100", "2018-09-30": "1461.31900", "2018-06-30": "1433.62000", "2018-03-31": "1246.47500", "2017-12-31": "1242.73400", "2017-09-30": "1156.62400", "2017-06-30": "1091.43500", "2017-03-31": "1020.06800", "2016-12-31": "1028.69500", "2016-09-30": "1495.56600", "2016-06-30": "1559.77900", "2016-03-31": "1580.19500", "2015-12-31": "1656.35400", "2015-09-30": "1464.11400", "2015-06-30": "817.73200", "2015-03-31": "666.35500", "2014-12-31": "643.75700", "2014-09-30": "668.20000", "2014-06-30": "563.31500", "2014-03-31": "595.15600", "2013-12-31": "546.50400", "2013-09-30": "582.22500", "2013-06-30": "607.53500", "2013-03-31": "1265.71000", "2012-12-31": "549.07200", "2012-09-30": "612.45900", "2012-06-30": "491.15900", "2012-03-31": "718.08300", "2011-12-31": "725.25400", "2011-09-30": "656.15600", "2011-06-30": "620.45100", "2011-03-31": "343.27400", "2010-12-31": "318.11500", "2010-09-30": "311.02500", "2010-06-30": "299.56900", "2010-03-31": "316.10700", "2009-12-31": "315.45900", "2009-09-30": "280.16100", "2009-06-30": "252.63500", "2009-03-31": "256.32400", "2008-12-31": "289.99300", "2008-09-30": "239.07600", "2008-06-30": "235.57300", "2008-03-31": "244.89900", "2007-12-31": "191.46200", "2007-09-30": "198.01900", "2007-06-30": "136.71600", "2007-03-31": "93.27500", "2006-12-31": "78.35300", "2006-09-30": "107.16100", "2006-06-30": "69.38000", "2006-03-31": "62.58900", "2005-12-31": "91.42300", "2005-09-30": "39.22200", "2005-06-30": "36.96900", "2005-03-31": "30.13800"}, "Long Term Debt": {"2020-09-30": "10083.02000", "2020-06-30": "11681.11000", "2020-03-31": "11212.88000", "2019-12-31": "11029.99000", "2019-09-30": "10352.01000", "2019-06-30": "10367.69000", "2019-03-31": "10520.37000", "2018-12-31": "10880.53000", "2018-09-30": "11032.52000", "2018-06-30": "11078.69000", "2018-03-31": "10946.75000", "2017-12-31": "9937.22300", "2017-09-30": "9880.97500", "2017-06-30": "9143.16000", "2017-03-31": "9001.36800", "2016-12-31": "6590.59900", "2016-09-30": "6314.20500", "2016-06-30": "6397.28300", "2016-03-31": "6498.11900", "2015-12-31": "5564.54200", "2015-09-30": "4403.07800", "2015-06-30": "4474.37700", "2015-03-31": "4587.89200", "2014-12-31": "4563.12600", "2014-09-30": "3905.75600", "2014-06-30": "3863.32800", "2014-03-31": "4207.36900", "2013-12-31": "4087.93400", "2013-09-30": "3989.41200", "2013-06-30": "3816.05700", "2013-03-31": "3710.10500", "2012-12-31": "2943.38100", "2012-09-30": "2892.34400", "2012-06-30": "2807.70400", "2012-03-31": "2745.65200", "2011-12-31": "2753.83300", "2011-09-30": "2730.35200", "2011-06-30": "1976.80700", "2011-03-31": "2095.85500", "2010-12-31": "2020.61900", "2010-09-30": "2101.45100", "2010-06-30": "2029.42500", "2010-03-31": "2049.07300", "2009-12-31": "1419.60500", "2009-09-30": "1436.80600", "2009-06-30": "1394.15400", "2009-03-31": "1114.29500", "2008-12-31": "1127.98700", "2008-09-30": "1115.95300", "2008-06-30": "1118.65500", "2008-03-31": "1097.97600", "2007-12-31": "1085.75500", "2007-09-30": "1051.68300", "2007-06-30": "538.64800", "2007-03-31": "495.16200", "2006-12-31": "275.71800", "2006-09-30": "237.29800", "2006-06-30": "238.13800", "2006-03-31": "238.95100", "2005-12-31": "239.74400", "2005-09-30": "136.96000", "2005-06-30": "137.20600", "2005-03-31": "137.30200"}, "Other Non-Current Liabilities": {"2020-09-30": "721.61300", "2020-06-30": "624.12500", "2020-03-31": "608.08200", "2019-12-31": "621.72500", "2019-09-30": "558.91200", "2019-06-30": "560.65000", "2019-03-31": "544.06200", "2018-12-31": "629.76300", "2018-09-30": "634.06000", "2018-06-30": "633.45000", "2018-03-31": "608.15600", "2017-12-31": "661.71000", "2017-09-30": "728.68100", "2017-06-30": "715.67900", "2017-03-31": "645.40900", "2016-12-31": "623.24800", "2016-09-30": "664.07600", "2016-06-30": "606.51800", "2016-03-31": "598.41600", "2015-12-31": "390.41300", "2015-09-30": "349.82100", "2015-06-30": "", "2015-03-31": "311.71800", "2014-12-31": "304.96400", "2014-09-30": "290.36400", "2014-06-30": "302.75300", "2014-03-31": "284.10800", "2013-12-31": "274.95500", "2013-09-30": "263.35200", "2013-06-30": "245.76800", "2013-03-31": "197.96600", "2012-12-31": "245.72500", "2012-09-30": "174.32700", "2012-06-30": "282.35000", "2012-03-31": "291.06000", "2011-12-31": "286.42400", "2011-09-30": "253.30000", "2011-06-30": "238.68400", "2011-03-31": "225.98700", "2010-12-31": "228.76000", "2010-09-30": "214.44200", "2010-06-30": "203.01700", "2010-03-31": "115.10100", "2009-12-31": "94.66600", "2009-09-30": "111.17700", "2009-06-30": "103.95400", "2009-03-31": "113.17400", "2008-12-31": "100.09500", "2008-09-30": "", "2008-06-30": "", "2008-03-31": "", "2007-12-31": "90.21900", "2007-09-30": "19.67100", "2007-06-30": "22.72900", "2007-03-31": "25.01700", "2006-12-31": "28.10300", "2006-09-30": "30.69800", "2006-06-30": "31.79000", "2006-03-31": "34.65800", "2005-12-31": "37.43100", "2005-09-30": "11.84800", "2005-06-30": "12.16800", "2005-03-31": "12.48700"}, "Total Long Term Liabilities": {"2020-09-30": "12084.56000", "2020-06-30": "13548.60000", "2020-03-31": "13082.93000", "2019-12-31": "12967.37000", "2019-09-30": "12244.82000", "2019-06-30": "12252.87000", "2019-03-31": "12380.95000", "2018-12-31": "11510.29000", "2018-09-30": "11666.58000", "2018-06-30": "11712.14000", "2018-03-31": "11554.90000", "2017-12-31": "10598.93000", "2017-09-30": "10609.66000", "2017-06-30": "9858.83900", "2017-03-31": "9646.77700", "2016-12-31": "7213.84700", "2016-09-30": "6978.28100", "2016-06-30": "7003.80100", "2016-03-31": "7096.53500", "2015-12-31": "5954.95500", "2015-09-30": "4752.89900", "2015-06-30": "4805.69600", "2015-03-31": "4899.61000", "2014-12-31": "4868.09000", "2014-09-30": "4196.12000", "2014-06-30": "4393.23700", "2014-03-31": "4618.43600", "2013-12-31": "4486.79100", "2013-09-30": "4353.82300", "2013-06-30": "4158.43900", "2013-03-31": "4004.96200", "2012-12-31": "3273.28400", "2012-09-30": "3144.86200", "2012-06-30": "3165.90800", "2012-03-31": "3105.78300", "2011-12-31": "3107.85800", "2011-09-30": "3050.02400", "2011-06-30": "2284.54100", "2011-03-31": "2321.84200", "2010-12-31": "2249.37900", "2010-09-30": "2315.89300", "2010-06-30": "2232.44200", "2010-03-31": "2164.17400", "2009-12-31": "1540.20800", "2009-09-30": "1547.98300", "2009-06-30": "1498.10800", "2009-03-31": "1227.46900", "2008-12-31": "1228.08200", "2008-09-30": "1215.60900", "2008-06-30": "1216.73600", "2008-03-31": "1198.75800", "2007-12-31": "1175.97400", "2007-09-30": "1117.87000", "2007-06-30": "596.06100", "2007-03-31": "555.28400", "2006-12-31": "338.45100", "2006-09-30": "295.87500", "2006-06-30": "296.66600", "2006-03-31": "299.92700", "2005-12-31": "300.90100", "2005-09-30": "179.08200", "2005-06-30": "178.91600", "2005-03-31": "178.55800"}, "Total Liabilities": {"2020-09-30": "15880.75000", "2020-06-30": "17404.37000", "2020-03-31": "14921.40000", "2019-12-31": "15125.23000", "2019-09-30": "14081.30000", "2019-06-30": "14137.28000", "2019-03-31": "14066.30000", "2018-12-31": "13025.36000", "2018-09-30": "13127.90000", "2018-06-30": "13145.76000", "2018-03-31": "12801.38000", "2017-12-31": "11841.67000", "2017-09-30": "11766.28000", "2017-06-30": "10950.27000", "2017-03-31": "10666.84000", "2016-12-31": "8242.54200", "2016-09-30": "8473.84700", "2016-06-30": "8563.58000", "2016-03-31": "8676.73000", "2015-12-31": "7611.30900", "2015-09-30": "6217.01300", "2015-06-30": "5623.42800", "2015-03-31": "5565.96500", "2014-12-31": "5511.84700", "2014-09-30": "4864.32000", "2014-06-30": "4956.55200", "2014-03-31": "5213.59200", "2013-12-31": "5033.29500", "2013-09-30": "4936.04800", "2013-06-30": "4765.97400", "2013-03-31": "5270.67200", "2012-12-31": "3822.35600", "2012-09-30": "3757.32100", "2012-06-30": "3657.06700", "2012-03-31": "3823.86600", "2011-12-31": "3833.11200", "2011-09-30": "3706.18000", "2011-06-30": "2904.99200", "2011-03-31": "2665.11600", "2010-12-31": "2567.49400", "2010-09-30": "2626.91800", "2010-06-30": "2532.01100", "2010-03-31": "2480.28100", "2009-12-31": "1855.66700", "2009-09-30": "1828.14400", "2009-06-30": "1750.74300", "2009-03-31": "1483.79300", "2008-12-31": "1518.07500", "2008-09-30": "1454.68500", "2008-06-30": "1452.30900", "2008-03-31": "1443.65700", "2007-12-31": "1367.43600", "2007-09-30": "1315.88900", "2007-06-30": "732.77700", "2007-03-31": "648.55900", "2006-12-31": "416.80400", "2006-09-30": "403.03600", "2006-06-30": "366.04600", "2006-03-31": "362.51600", "2005-12-31": "392.32400", "2005-09-30": "218.30400", "2005-06-30": "215.88500", "2005-03-31": "208.69600"}, "Common Stock Net": {"2020-09-30": "0.08900", "2020-06-30": "0.08900", "2020-03-31": "0.08600", "2019-12-31": "0.08600", "2019-09-30": "0.08600", "2019-06-30": "0.08500", "2019-03-31": "0.08400", "2018-12-31": "0.08100", "2018-09-30": "0.08100", "2018-06-30": "0.08000", "2018-03-31": "0.08000", "2017-12-31": "0.07900", "2017-09-30": "0.07900", "2017-06-30": "0.07800", "2017-03-31": "0.07800", "2016-12-31": "0.07200", "2016-09-30": "0.07200", "2016-06-30": "0.07100", "2016-03-31": "0.06900", "2015-12-31": "0.06200", "2015-09-30": "0.05700", "2015-06-30": "0.05700", "2015-03-31": "0.05700", "2014-12-31": "0.05700", "2014-09-30": "0.05400", "2014-06-30": "0.05300", "2014-03-31": "0.05100", "2013-12-31": "0.05000", "2013-09-30": "0.05000", "2013-06-30": "0.05000", "2013-03-31": "0.05000", "2012-12-31": "0.04900", "2012-09-30": "0.04900", "2012-06-30": "0.04900", "2012-03-31": "0.04800", "2011-12-31": "0.04800", "2011-09-30": "0.04700", "2011-06-30": "0.04700", "2011-03-31": "0.04700", "2010-12-31": "0.04600", "2010-09-30": "0.04600", "2010-06-30": "0.04600", "2010-03-31": "0.04000", "2009-12-31": "0.03900", "2009-09-30": "0.03900", "2009-06-30": "0.03900", "2009-03-31": "0.03800", "2008-12-31": "0.03800", "2008-09-30": "0.03700", "2008-06-30": "0.03700", "2008-03-31": "0.03700", "2007-12-31": "0.03700", "2007-09-30": "0.03600", "2007-06-30": "0.03200", "2007-03-31": "0.03100", "2006-12-31": "0.02900", "2006-09-30": "0.02900", "2006-06-30": "0.02900", "2006-03-31": "0.02900", "2005-12-31": "0.02700", "2005-09-30": "0.02400", "2005-06-30": "0.02400", "2005-03-31": "0.02400"}, "Retained Earnings (Accumulated Deficit)": {"2020-09-30": "-3170.31000", "2020-06-30": "-2996.42000", "2020-03-31": "-2890.21000", "2019-12-31": "-2777.04400", "2019-09-30": "-2689.88800", "2019-06-30": "-2598.28900", "2019-03-31": "-2530.86200", "2018-12-31": "-2441.25200", "2018-09-30": "-2365.50400", "2018-06-30": "-2305.08200", "2018-03-31": "-2188.69500", "2017-12-31": "-2340.10300", "2017-09-30": "-2246.12600", "2017-06-30": "-2166.92900", "2017-03-31": "-2054.19400", "2016-12-31": "-1951.06100", "2016-09-30": "-1886.00000", "2016-06-30": "-1810.14900", "2016-03-31": "-1731.23500", "2015-12-31": "-1576.68800", "2015-09-30": "-1480.62200", "2015-06-30": "-781.87100", "2015-03-31": "-742.68400", "2014-12-31": "-720.37700", "2014-09-30": "59.11300", "2014-06-30": "16.27200", "2014-03-31": "4.94400", "2013-12-31": "-36.44300", "2013-09-30": "-81.63000", "2013-06-30": "-103.20500", "2013-03-31": "-74.54700", "2012-12-31": "-131.12800", "2012-09-30": "-155.28700", "2012-06-30": "-184.12500", "2012-03-31": "-220.57200", "2011-12-31": "-255.09500", "2011-09-30": "-272.90500", "2011-06-30": "-293.22400", "2011-03-31": "-323.95400", "2010-12-31": "-349.09900", "2010-09-30": "-362.85900", "2010-06-30": "-374.05500", "2010-03-31": "-371.78100", "2009-12-31": "-385.98000", "2009-09-30": "-403.70200", "2009-06-30": "-422.51400", "2009-03-31": "-439.95400", "2008-12-31": "-455.41100", "2008-09-30": "-543.59300", "2008-06-30": "-550.98200", "2008-03-31": "-553.21100", "2007-12-31": "-558.63200", "2007-09-30": "-552.55900", "2007-06-30": "-556.68300", "2007-03-31": "-557.90000", "2006-12-31": "-553.44400", "2006-09-30": "-562.55500", "2006-06-30": "-557.38700", "2006-03-31": "-552.11700", "2005-12-31": "-547.04700", "2005-09-30": "-514.44300", "2005-06-30": "-513.66000", "2005-03-31": "-510.22900"}, "Comprehensive Income": {"2020-09-30": "-1101.80100", "2020-06-30": "-1140.29100", "2020-03-31": "-1206.66900", "2019-12-31": "-934.61300", "2019-09-30": "-1040.23600", "2019-06-30": "-958.44300", "2019-03-31": "-942.36500", "2018-12-31": "-945.70200", "2018-09-30": "-922.14800", "2018-06-30": "-877.99400", "2018-03-31": "-718.16900", "2017-12-31": "-785.18900", "2017-09-30": "-783.94700", "2017-06-30": "-811.32100", "2017-03-31": "-882.73600", "2016-12-31": "-949.14200", "2016-09-30": "-713.76900", "2016-06-30": "-643.78600", "2016-03-31": "-416.55400", "2015-12-31": "-509.05900", "2015-09-30": "-488.01200", "2015-06-30": "-423.17300", "2015-03-31": "-468.03600", "2014-12-31": "-332.44300", "2014-09-30": "-237.48000", "2014-06-30": "-77.51400", "2014-03-31": "-99.82500", "2013-12-31": "-113.76700", "2013-09-30": "-121.73100", "2013-06-30": "-200.08200", "2013-03-31": "-174.26700", "2012-12-31": "-101.04200", "2012-09-30": "-113.64200", "2012-06-30": "-155.77700", "2012-03-31": "-110.36700", "2011-12-31": "-143.69800", "2011-09-30": "-120.41600", "2011-06-30": "-41.67900", "2011-03-31": "-61.35600", "2010-12-31": "-112.01800", "2010-09-30": "-103.32100", "2010-06-30": "-164.61000", "2010-03-31": "-132.49800", "2009-12-31": "-97.23800", "2009-09-30": "-98.88700", "2009-06-30": "-93.52100", "2009-03-31": "-167.47100", "2008-12-31": "-152.80000", "2008-09-30": "-64.55700", "2008-06-30": "3.84000", "2008-03-31": "-0.22100", "2007-12-31": "-3.88800", "2007-09-30": "10.77300", "2007-06-30": "3.77000", "2007-03-31": "4.38500", "2006-12-31": "3.87000", "2006-09-30": "2.79100", "2006-06-30": "2.48600", "2006-03-31": "1.94800", "2005-12-31": "1.12600", "2005-09-30": "0.84300", "2005-06-30": "1.10700", "2005-03-31": "1.70000"}, "Other Share Holders Equity": {"2020-09-30": "", "2020-06-30": "", "2020-03-31": "", "2019-12-31": "", "2019-09-30": "", "2019-06-30": "", "2019-03-31": "", "2018-12-31": "", "2018-09-30": "", "2018-06-30": "", "2018-03-31": "", "2017-12-31": "", "2017-09-30": "", "2017-06-30": "", "2017-03-31": "", "2016-12-31": "", "2016-09-30": "", "2016-06-30": "", "2016-03-31": "", "2015-12-31": "", "2015-09-30": "", "2015-06-30": "", "2015-03-31": "", "2014-12-31": "", "2014-09-30": "", "2014-06-30": "", "2014-03-31": "", "2013-12-31": "", "2013-09-30": "", "2013-06-30": "", "2013-03-31": "", "2012-12-31": "", "2012-09-30": "", "2012-06-30": "", "2012-03-31": "", "2011-12-31": "", "2011-09-30": "", "2011-06-30": "", "2011-03-31": "", "2010-12-31": "", "2010-09-30": "", "2010-06-30": "", "2010-03-31": "", "2009-12-31": "", "2009-09-30": "", "2009-06-30": "", "2009-03-31": "", "2008-12-31": "", "2008-09-30": "", "2008-06-30": "", "2008-03-31": "", "2007-12-31": "", "2007-09-30": "", "2007-06-30": "", "2007-03-31": "", "2006-12-31": "", "2006-09-30": "", "2006-06-30": "", "2006-03-31": "", "2005-12-31": "", "2005-09-30": "", "2005-06-30": "", "2005-03-31": ""}, "Share Holder Equity": {"2020-09-30": "10555.97000", "2020-06-30": "10388.26000", "2020-03-31": "8669.29400", "2019-12-31": "8840.38200", "2019-09-30": "8761.03100", "2019-06-30": "8749.22900", "2019-03-31": "8424.78800", "2018-12-31": "7219.27900", "2018-09-30": "7160.17300", "2018-06-30": "6924.52700", "2018-03-31": "7140.55100", "2017-12-31": "6849.79000", "2017-09-30": "6542.21700", "2017-06-30": "6523.66300", "2017-03-31": "6517.83900", "2016-12-31": "4365.82900", "2016-09-30": "4623.71000", "2016-06-30": "4705.46500", "2016-03-31": "4819.10500", "2015-12-31": "2745.38600", "2015-09-30": "1488.65300", "2015-06-30": "2202.59000", "2015-03-31": "2161.72900", "2014-12-31": "2270.13100", "2014-09-30": "2597.68000", "2014-06-30": "2683.05900", "2014-03-31": "2517.00600", "2013-12-31": "2459.06400", "2013-09-30": "2452.99600", "2013-06-30": "2311.87500", "2013-03-31": "2342.26100", "2012-12-31": "2313.44100", "2012-09-30": "2233.64900", "2012-06-30": "2067.62100", "2012-03-31": "2060.47900", "2011-12-31": "1952.21200", "2011-09-30": "2024.50700", "2011-06-30": "2064.19900", "2011-03-31": "1987.39700", "2010-12-31": "1880.51500", "2010-09-30": "1853.97300", "2010-06-30": "1750.19700", "2010-03-31": "1187.48700", "2009-12-31": "1182.48300", "2009-09-30": "1134.43400", "2009-06-30": "1092.62200", "2009-03-31": "933.19600", "2008-12-31": "916.66100", "2008-09-30": "837.25000", "2008-06-30": "878.67300", "2008-03-31": "843.13000", "2007-12-31": "814.43200", "2007-09-30": "814.67700", "2007-06-30": "442.67400", "2007-03-31": "425.12300", "2006-12-31": "355.02800", "2006-09-30": "327.58400", "2006-06-30": "317.12700", "2006-03-31": "306.90000", "2005-12-31": "288.67300", "2005-09-30": "315.07600", "2005-06-30": "311.10000", "2005-03-31": "309.35000"}, "Total Liabilities And Share Holders Equity": {"2020-09-30": "26436.71000", "2020-06-30": "27792.63000", "2020-03-31": "23590.70000", "2019-12-31": "23965.62000", "2019-09-30": "22842.33000", "2019-06-30": "22886.51000", "2019-03-31": "22491.09000", "2018-12-31": "20244.64000", "2018-09-30": "20288.07000", "2018-06-30": "20070.29000", "2018-03-31": "19941.93000", "2017-12-31": "18691.46000", "2017-09-30": "18308.50000", "2017-06-30": "17473.94000", "2017-03-31": "17184.68000", "2016-12-31": "12608.37000", "2016-09-30": "13097.56000", "2016-06-30": "13269.04000", "2016-03-31": "13495.83000", "2015-12-31": "10356.70000", "2015-09-30": "7705.66600", "2015-06-30": "7826.01800", "2015-03-31": "7727.69400", "2014-12-31": "7781.97800", "2014-09-30": "7462.00000", "2014-06-30": "7639.61100", "2014-03-31": "7730.59800", "2013-12-31": "7492.35900", "2013-09-30": "7389.04400", "2013-06-30": "7077.84900", "2013-03-31": "7612.93300", "2012-12-31": "6135.79700", "2012-09-30": "5990.97000", "2012-06-30": "5724.68800", "2012-03-31": "5884.34500", "2011-12-31": "5785.32400", "2011-09-30": "5730.68700", "2011-06-30": "4969.19100", "2011-03-31": "4652.51300", "2010-12-31": "4448.00900", "2010-09-30": "4480.89100", "2010-06-30": "4282.20800", "2010-03-31": "3667.76800", "2009-12-31": "3038.15000", "2009-09-30": "2962.57800", "2009-06-30": "2843.36500", "2009-03-31": "2416.98900", "2008-12-31": "2434.73600", "2008-09-30": "2291.93500", "2008-06-30": "2330.98200", "2008-03-31": "2286.78700", "2007-12-31": "2181.86800", "2007-09-30": "2130.56600", "2007-06-30": "1175.45100", "2007-03-31": "1073.68200", "2006-12-31": "771.83200", "2006-09-30": "730.62000", "2006-06-30": "683.17300", "2006-03-31": "669.41600", "2005-12-31": "680.99700", "2005-09-30": "533.38000", "2005-06-30": "526.98500", "2005-03-31": "518.04600"}}, "cash flow statement": {"Net Income/Loss": {"2019-12-31": "507.24500", "2018-12-31": "365.35900", "2017-12-31": "232.98200", "2016-12-31": "126.80000", "2015-12-31": "187.77400", "2014-12-31": "-260.72600", "2013-12-31": "96.12300", "2012-12-31": "143.14400", "2011-12-31": "93.38200", "2010-12-31": "36.88100", "2009-12-31": "69.43100", "2008-12-31": "107.92400", "2007-12-31": "-9.89100", "2006-12-31": "-6.39700", "2005-12-31": "-42.61200"}, "Total Depreciation And Amortization - Cash Flow": {"2019-12-31": "1297.87900", "2018-12-31": "1241.10700", "2017-12-31": "1066.92900", "2016-12-31": "856.34400", "2015-12-31": "541.63000", "2014-12-31": "500.35800", "2013-12-31": "456.33900", "2012-12-31": "421.94400", "2011-12-31": "379.84600", "2010-12-31": "288.09100", "2009-12-31": "192.32100", "2008-12-31": "170.57000", "2007-12-31": "108.01000", "2006-12-31": "73.39800", "2005-12-31": "64.35500"}, "Other Non-Cash Items": {"2019-12-31": "280.92300", "2018-12-31": "252.97600", "2017-12-31": "235.65600", "2016-12-31": "169.24300", "2015-12-31": "154.25900", "2014-12-31": "282.40300", "2013-12-31": "196.63600", "2012-12-31": "24.79400", "2011-12-31": "89.78500", "2010-12-31": "91.84800", "2009-12-31": "80.27800", "2008-12-31": "-31.77000", "2007-12-31": "36.45400", "2006-12-31": "25.32200", "2005-12-31": "43.80500"}, "Total Non-Cash Items": {"2019-12-31": "1578.80200", "2018-12-31": "1494.08300", "2017-12-31": "1302.58500", "2016-12-31": "1025.58700", "2015-12-31": "695.88900", "2014-12-31": "782.76100", "2013-12-31": "652.97500", "2012-12-31": "446.73800", "2011-12-31": "469.63100", "2010-12-31": "379.93900", "2009-12-31": "272.59900", "2008-12-31": "138.80000", "2007-12-31": "144.46400", "2006-12-31": "98.72000", "2005-12-31": "108.16000"}, "Change In Accounts Receivable": {"2019-12-31": "-26.90900", "2018-12-31": "-52.93100", "2017-12-31": "-161.77400", "2016-12-31": "-100.23000", "2015-12-31": "-44.58300", "2014-12-31": "-101.96600", "2013-12-31": "-27.95600", "2012-12-31": "-26.60100", "2011-12-31": "-23.06100", "2010-12-31": "-39.88600", "2009-12-31": "2.27700", "2008-12-31": "-9.15200", "2007-12-31": "-17.99700", "2006-12-31": "-9.66600", "2005-12-31": "-4.85400"}, "Change In Inventories": {"2019-12-31": "", "2018-12-31": "", "2017-12-31": "", "2016-12-31": "", "2015-12-31": "", "2014-12-31": "", "2013-12-31": "", "2012-12-31": "", "2011-12-31": "", "2010-12-31": "", "2009-12-31": "", "2008-12-31": "", "2007-12-31": "", "2006-12-31": "", "2005-12-31": ""}, "Change In Accounts Payable": {"2019-12-31": "", "2018-12-31": "", "2017-12-31": "", "2016-12-31": "", "2015-12-31": "", "2014-12-31": "", "2013-12-31": "", "2012-12-31": "", "2011-12-31": "", "2010-12-31": "", "2009-12-31": "", "2008-12-31": "", "2007-12-31": "", "2006-12-31": "", "2005-12-31": ""}, "Change In Assets/Liabilities": {"2019-12-31": "-70.97700", "2018-12-31": "-15.91000", "2017-12-31": "25.88800", "2016-12-31": "-123.38900", "2015-12-31": "56.19700", "2014-12-31": "31.89600", "2013-12-31": "-15.58700", "2012-12-31": "11.11800", "2011-12-31": "-17.11000", "2010-12-31": "-21.22900", "2009-12-31": "-11.57700", "2008-12-31": "20.04900", "2007-12-31": "10.12600", "2006-12-31": "-12.00100", "2005-12-31": "3.14600"}, "Total Change In Assets/Liabilities": {"2019-12-31": "-93.31900", "2018-12-31": "-44.01600", "2017-12-31": "-96.33400", "2016-12-31": "-133.03400", "2015-12-31": "11.16000", "2014-12-31": "167.38500", "2013-12-31": "-144.49000", "2012-12-31": "42.14400", "2011-12-31": "24.30700", "2010-12-31": "-23.94800", "2009-12-31": "13.46200", "2008-12-31": "20.83400", "2007-12-31": "-14.55300", "2006-12-31": "-16.91100", "2005-12-31": "2.04700"}, "Cash Flow From Operating Activities": {"2019-12-31": "1992.72800", "2018-12-31": "1815.42600", "2017-12-31": "1439.23300", "2016-12-31": "1019.35300", "2015-12-31": "894.82300", "2014-12-31": "689.42000", "2013-12-31": "604.60800", "2012-12-31": "632.02600", "2011-12-31": "587.32000", "2010-12-31": "392.87200", "2009-12-31": "355.49200", "2008-12-31": "267.55800", "2007-12-31": "120.02000", "2006-12-31": "75.41200", "2005-12-31": "67.59500"}, "Net Change In Property, Plant, And Equipment": {"2019-12-31": "-1889.90100", "2018-12-31": "-2266.43800", "2017-12-31": "-1426.04100", "2016-12-31": "-289.90110", "2015-12-31": "-906.40200", "2014-12-31": "-676.99400", "2013-12-31": "-646.73800", "2012-12-31": "-789.15600", "2011-12-31": "-713.45200", "2010-12-31": "-594.25800", "2009-12-31": "-369.54200", "2008-12-31": "-447.03200", "2007-12-31": "-495.70900", "2006-12-31": "-154.97300", "2005-12-31": "-133.91900"}, "Net Change In Intangible Assets": {"2019-12-31": "", "2018-12-31": "", "2017-12-31": "", "2016-12-31": "", "2015-12-31": "", "2014-12-31": "", "2013-12-31": "", "2012-12-31": "", "2011-12-31": "", "2010-12-31": "", "2009-12-31": "", "2008-12-31": "", "2007-12-31": "", "2006-12-31": "", "2005-12-31": ""}, "Net Acquisitions/Divestitures": {"2019-12-31": "-34.14300", "2018-12-31": "-829.68700", "2017-12-31": "-3963.28000", "2016-12-31": "-1766.60600", "2015-12-31": "-245.50300", "2014-12-31": "", "2013-12-31": "-49.33700", "2012-12-31": "-233.03400", "2011-12-31": "-41.95400", "2010-12-31": "-113.28900", "2009-12-31": "-28.17600", "2008-12-31": "-23.24100", "2007-12-31": "-541.79200", "2006-12-31": "", "2005-12-31": ""}, "Net Change In Short-term Investments": {"2019-12-31": "", "2018-12-31": "", "2017-12-31": "", "2016-12-31": "", "2015-12-31": "", "2014-12-31": "785.54800", "2013-12-31": "276.35100", "2012-12-31": "", "2011-12-31": "", "2010-12-31": "", "2009-12-31": "", "2008-12-31": "-108.92500", "2007-12-31": "", "2006-12-31": "", "2005-12-31": "106.77300"}, "Net Change In Long-Term Investments": {"2019-12-31": "-20.52300", "2018-12-31": "20.59700", "2017-12-31": "-11.50500", "2016-12-31": "10.83900", "2015-12-31": "514.10800", "2014-12-31": "-545.99700", "2013-12-31": "-755.48700", "2012-12-31": "499.25100", "2011-12-31": "-647.03500", "2010-12-31": "107.91600", "2009-12-31": "-172.65800", "2008-12-31": "114.36100", "2007-12-31": "-18.10100", "2006-12-31": "-3.50500", "2005-12-31": "-94.57200"}, "Net Change In Investments - Total": {"2019-12-31": "-20.52300", "2018-12-31": "20.59700", "2017-12-31": "-11.50500", "2016-12-31": "10.83900", "2015-12-31": "514.10800", "2014-12-31": "239.55100", "2013-12-31": "-479.13600", "2012-12-31": "499.25100", "2011-12-31": "-647.03500", "2010-12-31": "107.91600", "2009-12-31": "-172.65800", "2008-12-31": "5.43600", "2007-12-31": "-18.10100", "2006-12-31": "-3.50500", "2005-12-31": "12.20100"}, "Investing Activities - Other": {"2019-12-31": "", "2018-12-31": "", "2017-12-31": "", "2016-12-31": "", "2015-12-31": "", "2014-12-31": "1.60400", "2013-12-31": "5.89800", "2012-12-31": "80.06600", "2011-12-31": "-96.71400", "2010-12-31": "-1.33800", "2009-12-31": "12.19800", "2008-12-31": "-13.20300", "2007-12-31": "0.87700", "2006-12-31": "0.00800", "2005-12-31": "12.99600"}, "Cash Flow From Investing Activities": {"2019-12-31": "-1944.56700", "2018-12-31": "-3075.52800", "2017-12-31": "-5400.82600", "2016-12-31": "-2045.66800", "2015-12-31": "-637.79700", "2014-12-31": "-435.83900", "2013-12-31": "-1169.31300", "2012-12-31": "-442.87300", "2011-12-31": "-1499.15500", "2010-12-31": "-600.96900", "2009-12-31": "-558.17800", "2008-12-31": "-478.04000", "2007-12-31": "-1054.72500", "2006-12-31": "-158.47000", "2005-12-31": "-108.72200"}, "Net Long-Term Debt": {"2019-12-31": "391.90380", "2018-12-31": "803.25300", "2017-12-31": "2814.30900", "2016-12-31": "-408.96900", "2015-12-31": "1553.17500", "2014-12-31": "807.80990", "2013-12-31": "685.40500", "2012-12-31": "-328.90500", "2011-12-31": "812.08100", "2010-12-31": "297.44100", "2009-12-31": "346.82700", "2008-12-31": "138.54100", "2007-12-31": "791.03590", "2006-12-31": "37.39000", "2005-12-31": "54.47700"}, "Net Current Debt": {"2019-12-31": "", "2018-12-31": "", "2017-12-31": "", "2016-12-31": "", "2015-12-31": "", "2014-12-31": "", "2013-12-31": "", "2012-12-31": "", "2011-12-31": "", "2010-12-31": "", "2009-12-31": "", "2008-12-31": "-19.29600", "2007-12-31": "", "2006-12-31": "-30.00000", "2005-12-31": "30.00000"}, "Debt Issuance/Retirement Net - Total": {"2019-12-31": "391.90380", "2018-12-31": "803.25300", "2017-12-31": "2814.30900", "2016-12-31": "-408.96900", "2015-12-31": "1553.17500", "2014-12-31": "807.80990", "2013-12-31": "685.40500", "2012-12-31": "-328.90500", "2011-12-31": "812.08100", "2010-12-31": "297.44100", "2009-12-31": "346.82700", "2008-12-31": "119.24500", "2007-12-31": "791.03590", "2006-12-31": "7.39000", "2005-12-31": "84.47700"}, "Net Common Equity Issued/Repurchased": {"2019-12-31": "1712.99400", "2018-12-31": "438.30800", "2017-12-31": "2523.11700", "2016-12-31": "34.17900", "2015-12-31": "859.53590", "2014-12-31": "-494.91400", "2013-12-31": "-16.90700", "2012-12-31": "42.77300", "2011-12-31": "-47.77300", "2010-12-31": "39.81700", "2009-12-31": "37.00600", "2008-12-31": "26.23000", "2007-12-31": "376.26400", "2006-12-31": "38.83600", "2005-12-31": "12.98900"}, "Net Total Equity Issued/Repurchased": {"2019-12-31": "1712.99400", "2018-12-31": "438.30800", "2017-12-31": "2523.11700", "2016-12-31": "34.17900", "2015-12-31": "859.53590", "2014-12-31": "-494.91400", "2013-12-31": "-16.90700", "2012-12-31": "42.77300", "2011-12-31": "-47.77300", "2010-12-31": "39.81700", "2009-12-31": "37.00600", "2008-12-31": "26.23000", "2007-12-31": "376.26400", "2006-12-31": "38.83600", "2005-12-31": "12.98900"}, "Total Common And Preferred Stock Dividends Paid": {"2019-12-31": "-836.16400", "2018-12-31": "-738.60000", "2017-12-31": "-621.49700", "2016-12-31": "-499.46300", "2015-12-31": "-521.46100", "2014-12-31": "-83.26600", "2013-12-31": "", "2012-12-31": "", "2011-12-31": "", "2010-12-31": "", "2009-12-31": "", "2008-12-31": "", "2007-12-31": "", "2006-12-31": "", "2005-12-31": ""}, "Financial Activities - Other": {"2019-12-31": "-66.65200", "2018-12-31": "-32.04900", "2017-12-31": "-108.06900", "2016-12-31": "-22.81200", "2015-12-31": "-18.09800", "2014-12-31": "-122.22900", "2013-12-31": "-93.59100", "2012-12-31": "63.41100", "2011-12-31": "-15.58000", "2010-12-31": "-27.57200", "2009-12-31": "-60.23500", "2008-12-31": "-0.36900", "2007-12-31": "-22.28700", "2006-12-31": "-0.11900", "2005-12-31": "37.14500"}, "Cash Flow From Financial Activities": {"2019-12-31": "1202.08200", "2018-12-31": "470.91200", "2017-12-31": "4607.86000", "2016-12-31": "-897.06500", "2015-12-31": "1873.15200", "2014-12-31": "107.40100", "2013-12-31": "574.90700", "2012-12-31": "-222.72100", "2011-12-31": "748.72800", "2010-12-31": "309.68600", "2009-12-31": "323.59800", "2008-12-31": "145.10600", "2007-12-31": "1145.01300", "2006-12-31": "46.10700", "2005-12-31": "134.61100"}, "Net Cash Flow": {"2019-12-31": "1259.00900", "2018-12-31": "-823.09700", "2017-12-31": "677.45400", "2016-12-31": "-1945.18000", "2015-12-31": "2090.39400", "2014-12-31": "349.02300", "2013-12-31": "9.68100", "2012-12-31": "-26.61000", "2011-12-31": "-164.01800", "2010-12-31": "96.78500", "2009-12-31": "125.84900", "2008-12-31": "-70.42600", "2007-12-31": "208.07000", "2006-12-31": "-36.70400", "2005-12-31": "93.32900"}, "Stock-Based Compensation": {"2019-12-31": "236.53900", "2018-12-31": "180.71600", "2017-12-31": "175.50000", "2016-12-31": "155.56700", "2015-12-31": "132.44300", "2014-12-31": "117.99000", "2013-12-31": "102.94000", "2012-12-31": "83.02500", "2011-12-31": "71.53200", "2010-12-31": "67.48900", "2009-12-31": "53.05600", "2008-12-31": "55.08500", "2007-12-31": "42.73100", "2006-12-31": "30.76700", "2005-12-31": "8.27700"}, "Common Stock Dividends Paid": {"2019-12-31": "-836.16400", "2018-12-31": "-738.60000", "2017-12-31": "-621.49700", "2016-12-31": "-499.46300", "2015-12-31": "-521.46100", "2014-12-31": "-83.26600", "2013-12-31": "", "2012-12-31": "", "2011-12-31": "", "2010-12-31": "", "2009-12-31": "", "2008-12-31": "", "2007-12-31": "", "2006-12-31": "", "2005-12-31": ""}}, "cash flow statement, quarterly": {"Net Income/Loss": {"2020-09-30": 66.831, "2020-06-30": 133.35, "2020-03-31": "118.95700", "2019-12-31": 124.835, "2019-09-30": 120.811, "2019-06-30": 143.852, "2019-03-31": "117.74700", "2018-12-31": 110.022, "2018-09-30": 124.825, "2018-06-30": 67.618, "2018-03-31": "62.89400", "2017-12-31": 65.215, "2017-09-30": 79.9, "2017-06-30": 45.805, "2017-03-31": "42.06200", "2016-12-31": 61.75, "2016-09-30": 51.45, "2016-06-30": 44.711, "2016-03-31": "-31.11100", "2015-12-31": 10.731, "2015-09-30": 41.132, "2015-06-30": 59.459, "2015-03-31": "76.45200", "2014-12-31": -355.103, "2014-09-30": 42.961, "2014-06-30": 10.079, "2014-03-31": "41.33700", "2013-12-31": 45.373, "2013-09-30": 42.753, "2013-06-30": -25.287, "2013-03-31": "33.28400", "2012-12-31": 46.611, "2012-09-30": 24.082, "2012-06-30": 37.64, "2012-03-31": "34.81100", "2011-12-31": 16.865, "2011-09-30": 20.639, "2011-06-30": 30.733, "2011-03-31": "25.14500", "2010-12-31": 13.76, "2010-09-30": 11.196, "2010-06-30": -2.274, "2010-03-31": "14.19900", "2009-12-31": 17.722, "2009-09-30": 18.812, "2009-06-30": 17.44, "2009-03-31": "15.45700", "2008-12-31": 97.863, "2008-09-30": 5.556, "2008-06-30": 0.708, "2008-03-31": "3.79700", "2007-12-31": -10.776, "2007-09-30": 4.124, "2007-06-30": 1.217, "2007-03-31": "-4.45600", "2006-12-31": 9.111, "2006-09-30": -5.168, "2006-06-30": -5.27, "2006-03-31": "-5.07000", "2005-12-31": -32.604, "2005-09-30": -0.783, "2005-06-30": -3.431, "2005-03-31": "-5.79400"}, "Total Depreciation And Amortization - Cash Flow": {"2020-09-30": 364.572, "2020-06-30": 353.037, "2020-03-31": "339.32900", "2019-12-31": 334.157, "2019-09-30": 325.087, "2019-06-30": 322.462, "2019-03-31": "316.17300", "2018-12-31": 309.873, "2018-09-30": 308.874, "2018-06-30": 310.693, "2018-03-31": "311.66700", "2017-12-31": 296.626, "2017-09-30": 282.801, "2017-06-30": 258.916, "2017-03-31": "228.58600", "2016-12-31": 215.225, "2016-09-30": 217.509, "2016-06-30": 217.568, "2016-03-31": "206.04200", "2015-12-31": 148.658, "2015-09-30": 136.375, "2015-06-30": 131.187, "2015-03-31": "125.41000", "2014-12-31": 135.791, "2014-09-30": 123.866, "2014-06-30": 120.364, "2014-03-31": "120.33700", "2013-12-31": 112.641, "2013-09-30": 115.801, "2013-06-30": 115.004, "2013-03-31": "112.89300", "2012-12-31": 108.789, "2012-09-30": 111.78, "2012-06-30": 100.464, "2012-03-31": "100.91100", "2011-12-31": 101.727, "2011-09-30": 98.953, "2011-06-30": 93.547, "2011-03-31": "85.61900", "2010-12-31": 83.951, "2010-09-30": 80.458, "2010-06-30": 69.439, "2010-03-31": "54.24300", "2009-12-31": 49.053, "2009-09-30": 50.987, "2009-06-30": 48.168, "2009-03-31": "44.11300", "2008-12-31": 46.493, "2008-09-30": 44.598, "2008-06-30": 40.993, "2008-03-31": "38.48600", "2007-12-31": 40.841, "2007-09-30": 24.133, "2007-06-30": 22.47, "2007-03-31": "20.56600", "2006-12-31": 19.722, "2006-09-30": 18.918, "2006-06-30": 17.638, "2006-03-31": "17.12000", "2005-12-31": 17.611, "2005-09-30": 15.976, "2005-06-30": 15.721, "2005-03-31": "15.04700"}, "Other Non-Cash Items": {"2020-09-30": 173.343, "2020-06-30": 91.102, "2020-03-31": "80.55700", "2019-12-31": 72.386, "2019-09-30": 66.957, "2019-06-30": 67.976, "2019-03-31": "73.60400", "2018-12-31": 62, "2018-09-30": 46.405, "2018-06-30": 72.759, "2018-03-31": "71.81200", "2017-12-31": 53.625, "2017-09-30": 66.374, "2017-06-30": 63.444, "2017-03-31": "52.21300", "2016-12-31": 51.361, "2016-09-30": 33.953, "2016-06-30": 48.056, "2016-03-31": "35.87300", "2015-12-31": 40.335, "2015-09-30": 38.422, "2015-06-30": 39.833, "2015-03-31": "35.66900", "2014-12-31": 142.194, "2014-09-30": 28.991, "2014-06-30": 91.281, "2014-03-31": "19.93700", "2013-12-31": 50.074, "2013-09-30": 22.622, "2013-06-30": 114.546, "2013-03-31": "9.39400", "2012-12-31": 0.777, "2012-09-30": -21.976, "2012-06-30": 22.915, "2012-03-31": "23.07800", "2011-12-31": 25.524, "2011-09-30": 22.778, "2011-06-30": 22.699, "2011-03-31": "18.78400", "2010-12-31": 25.896, "2010-09-30": 20.917, "2010-06-30": 25.617, "2010-03-31": "19.41800", "2009-12-31": 42.791, "2009-09-30": 14.182, "2009-06-30": 14.535, "2009-03-31": "8.77000", "2008-12-31": -76.05, "2008-09-30": 14.806, "2008-06-30": 16.284, "2008-03-31": "13.19000", "2007-12-31": 5.288, "2007-09-30": 8.97, "2007-06-30": 11.038, "2007-03-31": "11.15800", "2006-12-31": -2.186, "2006-09-30": 9.744, "2006-06-30": 9.764, "2006-03-31": "8.00000", "2005-12-31": 35.473, "2005-09-30": 1.583, "2005-06-30": 3.112, "2005-03-31": "3.63700"}, "Total Non-Cash Items": {"2020-09-30": 537.915, "2020-06-30": 444.139, "2020-03-31": "419.88600", "2019-12-31": 406.543, "2019-09-30": 392.044, "2019-06-30": 390.438, "2019-03-31": "389.77700", "2018-12-31": 371.873, "2018-09-30": 355.279, "2018-06-30": 383.452, "2018-03-31": "383.47900", "2017-12-31": 350.251, "2017-09-30": 349.175, "2017-06-30": 322.36, "2017-03-31": "280.79900", "2016-12-31": 266.586, "2016-09-30": 251.462, "2016-06-30": 265.624, "2016-03-31": "241.91500", "2015-12-31": 188.993, "2015-09-30": 174.797, "2015-06-30": 171.02, "2015-03-31": "161.07900", "2014-12-31": 277.985, "2014-09-30": 152.857, "2014-06-30": 211.645, "2014-03-31": "140.27400", "2013-12-31": 162.715, "2013-09-30": 138.423, "2013-06-30": 229.55, "2013-03-31": "122.28700", "2012-12-31": 109.566, "2012-09-30": 89.804, "2012-06-30": 123.379, "2012-03-31": "123.98900", "2011-12-31": 127.251, "2011-09-30": 121.731, "2011-06-30": 116.246, "2011-03-31": "104.40300", "2010-12-31": 109.847, "2010-09-30": 101.375, "2010-06-30": 95.056, "2010-03-31": "73.66100", "2009-12-31": 91.844, "2009-09-30": 65.169, "2009-06-30": 62.703, "2009-03-31": "52.88300", "2008-12-31": -29.557, "2008-09-30": 59.404, "2008-06-30": 57.277, "2008-03-31": "51.67600", "2007-12-31": 46.129, "2007-09-30": 33.103, "2007-06-30": 33.508, "2007-03-31": "31.72400", "2006-12-31": 17.536, "2006-09-30": 28.662, "2006-06-30": 27.402, "2006-03-31": "25.12000", "2005-12-31": 53.084, "2005-09-30": 17.559, "2005-06-30": 18.833, "2005-03-31": "18.68400"}, "Change In Accounts Receivable": {"2020-09-30": -23.871, "2020-06-30": -29.539, "2020-03-31": "15.30600", "2019-12-31": 96.48, "2019-09-30": 3.331, "2019-06-30": -42.37, "2019-03-31": "-84.35000", "2018-12-31": 32.195, "2018-09-30": -46.685, "2018-06-30": 32.834, "2018-03-31": "-71.27500", "2017-12-31": 40.656, "2017-09-30": -50.53, "2017-06-30": -112.236, "2017-03-31": "-39.66400", "2016-12-31": -27.423, "2016-09-30": -30.44, "2016-06-30": -31.055, "2016-03-31": "-11.31200", "2015-12-31": -2.581, "2015-09-30": -0.22, "2015-06-30": -10.991, "2015-03-31": "-30.79100", "2014-12-31": 2.428, "2014-09-30": -50.889, "2014-06-30": -24.51, "2014-03-31": "-28.99500", "2013-12-31": 12.336, "2013-09-30": 3.469, "2013-06-30": -19.098, "2013-03-31": "-24.66300", "2012-12-31": 20.299, "2012-09-30": -12.359, "2012-06-30": -14.864, "2012-03-31": "-19.67700", "2011-12-31": 3.238, "2011-09-30": -9.989, "2011-06-30": -19.409, "2011-03-31": "3.09900", "2010-12-31": -1.4, "2010-09-30": -6.729, "2010-06-30": -25.671, "2010-03-31": "-6.08600", "2009-12-31": 2.3, "2009-09-30": 1.003, "2009-06-30": -5.838, "2009-03-31": "4.81200", "2008-12-31": -5.369, "2008-09-30": -2.252, "2008-06-30": -4.037, "2008-03-31": "2.50600", "2007-12-31": -10.929, "2007-09-30": -5.658, "2007-06-30": -0.494, "2007-03-31": "-0.91600", "2006-12-31": -2.758, "2006-09-30": -0.646, "2006-06-30": -5.011, "2006-03-31": "-1.25100", "2005-12-31": -1.031, "2005-09-30": -0.075, "2005-06-30": -1.484, "2005-03-31": "-2.26400"}, "Change In Inventories": {"2020-09-30": 0, "2020-06-30": 0, "2020-03-31": "", "2019-12-31": 0, "2019-09-30": 0, "2019-06-30": 0, "2019-03-31": "", "2018-12-31": 0, "2018-09-30": 0, "2018-06-30": 0, "2018-03-31": "", "2017-12-31": 0, "2017-09-30": 0, "2017-06-30": 0, "2017-03-31": "", "2016-12-31": 0, "2016-09-30": 0, "2016-06-30": 0, "2016-03-31": "", "2015-12-31": 0, "2015-09-30": 0, "2015-06-30": 0, "2015-03-31": "", "2014-12-31": 0, "2014-09-30": 0, "2014-06-30": 0, "2014-03-31": "", "2013-12-31": 0, "2013-09-30": 0, "2013-06-30": 0, "2013-03-31": "", "2012-12-31": 0, "2012-09-30": 0, "2012-06-30": 0, "2012-03-31": "", "2011-12-31": 0, "2011-09-30": 0, "2011-06-30": 0, "2011-03-31": "", "2010-12-31": 0, "2010-09-30": 0, "2010-06-30": 0, "2010-03-31": "", "2009-12-31": 0, "2009-09-30": 0, "2009-06-30": 0, "2009-03-31": "", "2008-12-31": 0, "2008-09-30": 0, "2008-06-30": 0, "2008-03-31": "", "2007-12-31": 0, "2007-09-30": 0, "2007-06-30": 0, "2007-03-31": "", "2006-12-31": 0, "2006-09-30": 0, "2006-06-30": 0, "2006-03-31": "", "2005-12-31": 0, "2005-09-30": 0, "2005-06-30": 0, "2005-03-31": ""}, "Change In Accounts Payable": {"2020-09-30": 0, "2020-06-30": 0, "2020-03-31": "", "2019-12-31": 0, "2019-09-30": 0, "2019-06-30": 0, "2019-03-31": "", "2018-12-31": 0, "2018-09-30": 0, "2018-06-30": 0, "2018-03-31": "", "2017-12-31": 0, "2017-09-30": 0, "2017-06-30": 0, "2017-03-31": "", "2016-12-31": 0, "2016-09-30": 0, "2016-06-30": 0, "2016-03-31": "", "2015-12-31": 0, "2015-09-30": 0, "2015-06-30": 0, "2015-03-31": "", "2014-12-31": 0, "2014-09-30": 0, "2014-06-30": 0, "2014-03-31": "", "2013-12-31": 0, "2013-09-30": 0, "2013-06-30": 0, "2013-03-31": "", "2012-12-31": 0, "2012-09-30": 0, "2012-06-30": 0, "2012-03-31": "", "2011-12-31": 0, "2011-09-30": 0, "2011-06-30": 0, "2011-03-31": "", "2010-12-31": 0, "2010-09-30": 0, "2010-06-30": 0, "2010-03-31": "", "2009-12-31": 0, "2009-09-30": 0, "2009-06-30": 0, "2009-03-31": "", "2008-12-31": 0, "2008-09-30": 0, "2008-06-30": 0, "2008-03-31": "", "2007-12-31": 0, "2007-09-30": 0, "2007-06-30": 0, "2007-03-31": "", "2006-12-31": 0, "2006-09-30": 0, "2006-06-30": 0, "2006-03-31": "", "2005-12-31": 0, "2005-09-30": 0, "2005-06-30": 0, "2005-03-31": ""}, "Change In Assets/Liabilities": {"2020-09-30": -78.069, "2020-06-30": 18.455, "2020-03-31": "-15.33500", "2019-12-31": -22.951, "2019-09-30": -70.321, "2019-06-30": 28.69, "2019-03-31": "-6.39500", "2018-12-31": -8.38, "2018-09-30": -35.354, "2018-06-30": 51.491, "2018-03-31": "-23.66700", "2017-12-31": -9.451, "2017-09-30": 2.865, "2017-06-30": -17.751, "2017-03-31": "50.22500", "2016-12-31": -101.385, "2016-09-30": 39.29, "2016-06-30": -35.509, "2016-03-31": "-25.78500", "2015-12-31": 29.155, "2015-09-30": -8.858, "2015-06-30": 26.967, "2015-03-31": "8.93300", "2014-12-31": -2.531, "2014-09-30": 6.89, "2014-06-30": 1.516, "2014-03-31": "26.02100", "2013-12-31": -6.939, "2013-09-30": 0.925, "2013-06-30": 6.811, "2013-03-31": "-16.38400", "2012-12-31": -1.88, "2012-09-30": -9.164, "2012-06-30": -14.006, "2012-03-31": "36.16800", "2011-12-31": -33.992, "2011-09-30": 9.457, "2011-06-30": 8.696, "2011-03-31": "-1.27100", "2010-12-31": -20.436, "2010-09-30": 10.434, "2010-06-30": -13.379, "2010-03-31": "2.15200", "2009-12-31": -24.48, "2009-09-30": 7.882, "2009-06-30": -2.249, "2009-03-31": "7.27000", "2008-12-31": 8.436, "2008-09-30": 1.135, "2008-06-30": 6.58, "2008-03-31": "3.89800", "2007-12-31": 19.218, "2007-09-30": -0.928, "2007-06-30": -4.319, "2007-03-31": "-3.84500", "2006-12-31": -2.316, "2006-09-30": -1.059, "2006-06-30": -3.611, "2006-03-31": "-5.01500", "2005-12-31": -1.043, "2005-09-30": -1.857, "2005-06-30": 0.829, "2005-03-31": "5.21700"}, "Total Change In Assets/Liabilities": {"2020-09-30": -72.584, "2020-06-30": -2.803, "2020-03-31": "-22.01300", "2019-12-31": -1.708, "2019-09-30": -13.861, "2019-06-30": 8.633, "2019-03-31": "-86.38300", "2018-12-31": 76.734, "2018-09-30": -62.942, "2018-06-30": 87.658, "2018-03-31": "-145.46600", "2017-12-31": 79.413, "2017-09-30": -38.565, "2017-06-30": -61.692, "2017-03-31": "-75.49000", "2016-12-31": -27.718, "2016-09-30": 32.725, "2016-06-30": -32.071, "2016-03-31": "-105.97000", "2015-12-31": 35.424, "2015-09-30": -1.528, "2015-06-30": -18.016, "2015-03-31": "-4.72000", "2014-12-31": 279.415, "2014-09-30": 20.623, "2014-06-30": -122.76, "2014-03-31": "-9.89300", "2013-12-31": -41.382, "2013-09-30": 25.386, "2013-06-30": -57.104, "2013-03-31": "-71.39000", "2012-12-31": 47.515, "2012-09-30": -6.327, "2012-06-30": 33.763, "2012-03-31": "-32.80700", "2011-12-31": 43.216, "2011-09-30": -0.5, "2011-06-30": -6.631, "2011-03-31": "-11.77800", "2010-12-31": -0.716, "2010-09-30": 0.692, "2010-06-30": -35.876, "2010-03-31": "11.95200", "2009-12-31": -27.056, "2009-09-30": 23.558, "2009-06-30": -1.404, "2009-03-31": "18.36400", "2008-12-31": 7.989, "2008-09-30": -1.639, "2008-06-30": 6.973, "2008-03-31": "7.51100", "2007-12-31": -21.472, "2007-09-30": 11.2, "2007-06-30": 3.137, "2007-03-31": "-7.41800", "2006-12-31": -0.788, "2006-09-30": -2.839, "2006-06-30": -6.025, "2006-03-31": "-7.25900", "2005-12-31": -1.921, "2005-09-30": -1.282, "2005-06-30": 2.747, "2005-03-31": "2.50300"}, "Cash Flow From Operating Activities": {"2020-09-30": 532.162, "2020-06-30": 574.686, "2020-03-31": "516.83000", "2019-12-31": 529.67, "2019-09-30": 498.994, "2019-06-30": 542.923, "2019-03-31": "421.14100", "2018-12-31": 558.629, "2018-09-30": 417.162, "2018-06-30": 538.728, "2018-03-31": "300.90700", "2017-12-31": 494.879, "2017-09-30": 390.51, "2017-06-30": 306.473, "2017-03-31": "247.37100", "2016-12-31": 300.618, "2016-09-30": 335.637, "2016-06-30": 278.264, "2016-03-31": "104.83400", "2015-12-31": 235.148, "2015-09-30": 214.401, "2015-06-30": 212.463, "2015-03-31": "232.81100", "2014-12-31": 202.297, "2014-09-30": 216.441, "2014-06-30": 98.964, "2014-03-31": "171.71800", "2013-12-31": 166.706, "2013-09-30": 206.562, "2013-06-30": 147.159, "2013-03-31": "84.18100", "2012-12-31": 203.692, "2012-09-30": 107.559, "2012-06-30": 194.782, "2012-03-31": "125.99300", "2011-12-31": 187.332, "2011-09-30": 141.87, "2011-06-30": 140.348, "2011-03-31": "117.77000", "2010-12-31": 122.891, "2010-09-30": 113.263, "2010-06-30": 56.906, "2010-03-31": "99.81200", "2009-12-31": 82.51, "2009-09-30": 107.539, "2009-06-30": 78.739, "2009-03-31": "86.70400", "2008-12-31": 76.295, "2008-09-30": 63.321, "2008-06-30": 64.958, "2008-03-31": "62.98400", "2007-12-31": 13.881, "2007-09-30": 48.427, "2007-06-30": 37.862, "2007-03-31": "19.85000", "2006-12-31": 25.859, "2006-09-30": 20.655, "2006-06-30": 16.107, "2006-03-31": "12.79100", "2005-12-31": 18.559, "2005-09-30": 15.494, "2005-06-30": 18.149, "2005-03-31": "15.39300"}, "Net Change In Property, Plant, And Equipment": {"2020-09-30": -607.18, "2020-06-30": -528.142, "2020-03-31": "-437.31400", "2019-12-31": -460.77, "2019-09-30": -573.557, "2019-06-30": -485.886, "2019-03-31": "-369.68800", "2018-12-31": -726.471, "2018-09-30": -628.217, "2018-06-30": -547.321, "2018-03-31": "-364.42900", "2017-12-31": -462.796, "2017-09-30": -336.618, "2017-06-30": -355.413, "2017-03-31": "-271.21400", "2016-12-31": -362.9361, "2016-09-30": 525.895, "2016-06-30": -261.577, "2016-03-31": "-191.28300", "2015-12-31": -280.612, "2015-09-30": -216.046, "2015-06-30": -221.342, "2015-03-31": "-188.40200", "2014-12-31": -238.477, "2014-09-30": -156.003, "2014-06-30": -159.816, "2014-03-31": "-122.69800", "2013-12-31": -201.488, "2013-09-30": -243.76, "2013-06-30": -125.823, "2013-03-31": "-75.66700", "2012-12-31": -235.064, "2012-09-30": -212.118, "2012-06-30": -196.484, "2012-03-31": "-145.49000", "2011-12-31": -193.944, "2011-09-30": -131.525, "2011-06-30": -197.917, "2011-03-31": "-190.06600", "2010-12-31": -158.212, "2010-09-30": -143.941, "2010-06-30": -148.705, "2010-03-31": "-143.40000", "2009-12-31": -101.74, "2009-09-30": -88.195, "2009-06-30": -70.766, "2009-03-31": "-108.84100", "2008-12-31": -141.486, "2008-09-30": -95.445, "2008-06-30": -84.458, "2008-03-31": "-125.64300", "2007-12-31": -79.37, "2007-09-30": -153.911, "2007-06-30": -188.872, "2007-03-31": "-73.55600", "2006-12-31": -42.303, "2006-09-30": -46.62, "2006-06-30": -39.437, "2006-03-31": "-26.61300", "2005-12-31": -76.7, "2005-09-30": -41.806, "2005-06-30": -9.89, "2005-03-31": "-5.52300"}, "Net Change In Intangible Assets": {"2020-09-30": 0, "2020-06-30": 0, "2020-03-31": "", "2019-12-31": 0, "2019-09-30": 0, "2019-06-30": 0, "2019-03-31": "", "2018-12-31": 0, "2018-09-30": 0, "2018-06-30": 0, "2018-03-31": "", "2017-12-31": 0, "2017-09-30": 0, "2017-06-30": 0, "2017-03-31": "", "2016-12-31": 0, "2016-09-30": 0, "2016-06-30": 0, "2016-03-31": "", "2015-12-31": 0, "2015-09-30": 0, "2015-06-30": 0, "2015-03-31": "", "2014-12-31": 0, "2014-09-30": 0, "2014-06-30": 0, "2014-03-31": "", "2013-12-31": 0, "2013-09-30": 0, "2013-06-30": 0, "2013-03-31": "", "2012-12-31": 0, "2012-09-30": 0, "2012-06-30": 0, "2012-03-31": "", "2011-12-31": 0, "2011-09-30": 0, "2011-06-30": 0, "2011-03-31": "", "2010-12-31": 0, "2010-09-30": 0, "2010-06-30": 0, "2010-03-31": "", "2009-12-31": 0, "2009-09-30": 0, "2009-06-30": 0, "2009-03-31": "", "2008-12-31": 0, "2008-09-30": 0, "2008-06-30": 0, "2008-03-31": "", "2007-12-31": 0, "2007-09-30": 0, "2007-06-30": 0, "2007-03-31": "", "2006-12-31": 0, "2006-09-30": 0, "2006-06-30": 0, "2006-03-31": "", "2005-12-31": 0, "2005-09-30": 0, "2005-06-30": 0, "2005-03-31": ""}, "Net Acquisitions/Divestitures": {"2020-09-30": 0, "2020-06-30": 0.039, "2020-03-31": "-478.28700", "2019-12-31": 0, "2019-09-30": 0, "2019-06-30": -34.143, "2019-03-31": "", "2018-12-31": -0.502, "2018-09-30": 1.808, "2018-06-30": -830.993, "2018-03-31": "", "2017-12-31": -334.754, "2017-09-30": 1.128, "2017-06-30": -3593.613, "2017-03-31": "-36.04100", "2016-12-31": 0.621, "2016-09-30": -165.901, "2016-06-30": 0, "2016-03-31": "-1601.32600", "2015-12-31": -235.256, "2015-09-30": 0, "2015-06-30": 0, "2015-03-31": "-10.24700", "2014-12-31": 0, "2014-09-30": 0, "2014-06-30": 0, "2014-03-31": "", "2013-12-31": -50.092, "2013-09-30": 0.755, "2013-06-30": 0, "2013-03-31": "", "2012-12-31": 45.407, "2012-09-30": -278.441, "2012-06-30": 0, "2012-03-31": "", "2011-12-31": 0, "2011-09-30": 0, "2011-06-30": -41.954, "2011-03-31": "", "2010-12-31": 0, "2010-09-30": 0, "2010-06-30": -113.289, "2010-03-31": "", "2009-12-31": 0, "2009-09-30": -28.176, "2009-06-30": 0, "2009-03-31": "", "2008-12-31": 0, "2008-09-30": 0, "2008-06-30": 0, "2008-03-31": "-23.24100", "2007-12-31": -0.0631, "2007-09-30": -541.7289, "2007-06-30": 0, "2007-03-31": "", "2006-12-31": 0, "2006-09-30": 0, "2006-06-30": 0, "2006-03-31": "", "2005-12-31": 0, "2005-09-30": 0, "2005-06-30": 0, "2005-03-31": ""}, "Net Change In Short-term Investments": {"2020-09-30": 0, "2020-06-30": 0, "2020-03-31": "", "2019-12-31": 0, "2019-09-30": 0, "2019-06-30": 0, "2019-03-31": "", "2018-12-31": -74.376, "2018-09-30": 74.376, "2018-06-30": 0, "2018-03-31": "", "2017-12-31": 0, "2017-09-30": 0, "2017-06-30": -19.152, "2017-03-31": "19.15200", "2016-12-31": 0, "2016-09-30": 0, "2016-06-30": -14.294, "2016-03-31": "14.29400", "2015-12-31": 0, "2015-09-30": 0, "2015-06-30": -6.709, "2015-03-31": "6.70900", "2014-12-31": 785.548, "2014-09-30": 0, "2014-06-30": 0, "2014-03-31": "", "2013-12-31": 276.351, "2013-09-30": 0, "2013-06-30": -37.163, "2013-03-31": "37.16300", "2012-12-31": 0, "2012-09-30": 0, "2012-06-30": 0, "2012-03-31": "", "2011-12-31": -104.8, "2011-09-30": 104.8, "2011-06-30": 0, "2011-03-31": "", "2010-12-31": -24.778, "2010-09-30": 24.778, "2010-06-30": -1.509, "2010-03-31": "1.50900", "2009-12-31": 0, "2009-09-30": 0, "2009-06-30": 0, "2009-03-31": "", "2008-12-31": -108.925, "2008-09-30": 0, "2008-06-30": 0, "2008-03-31": "", "2007-12-31": 0, "2007-09-30": 0, "2007-06-30": 0, "2007-03-31": "", "2006-12-31": -56.789, "2006-09-30": 56.789, "2006-06-30": 0, "2006-03-31": "", "2005-12-31": 106.773, "2005-09-30": 0, "2005-06-30": 0, "2005-03-31": ""}, "Net Change In Long-Term Investments": {"2020-09-30": 3.969, "2020-06-30": -1.341, "2020-03-31": "-38.94000", "2019-12-31": -5.776, "2019-09-30": -2.905, "2019-06-30": -3.063, "2019-03-31": "-8.77900", "2018-12-31": 75.778, "2018-09-30": -67.924, "2018-06-30": 13.24, "2018-03-31": "-0.49700", "2017-12-31": 13.554, "2017-09-30": -28.258, "2017-06-30": 29.455, "2017-03-31": "-26.25600", "2016-12-31": 0.779, "2016-09-30": -2.123, "2016-06-30": 23.058, "2016-03-31": "-10.87500", "2015-12-31": -9.369, "2015-09-30": 94.217, "2015-06-30": 440.675, "2015-03-31": "-11.41500", "2014-12-31": -1167.177, "2014-09-30": 148.789, "2014-06-30": 250.737, "2014-03-31": "221.65400", "2013-12-31": -257.71, "2013-09-30": -89.219, "2013-06-30": -138.43, "2013-03-31": "-270.12800", "2012-12-31": -15.1621, "2012-09-30": -111.5739, "2012-06-30": 279.621, "2012-03-31": "346.36600", "2011-12-31": 106.2, "2011-09-30": -782.029, "2011-06-30": 30.979, "2011-03-31": "-2.18500", "2010-12-31": 200.95, "2010-09-30": -140.332, "2010-06-30": -63.478, "2010-03-31": "110.77600", "2009-12-31": 85.924, "2009-09-30": -146.045, "2009-06-30": -136.157, "2009-03-31": "23.62000", "2008-12-31": 190.508, "2008-09-30": 2.784, "2008-06-30": -107.849, "2008-03-31": "28.91800", "2007-12-31": -0.146, "2007-09-30": -3.025, "2007-06-30": -24.445, "2007-03-31": "9.51500", "2006-12-31": 65.114, "2006-09-30": -67.587, "2006-06-30": 10.446, "2006-03-31": "-11.47800", "2005-12-31": -110.583, "2005-09-30": -1.002, "2005-06-30": 9.024, "2005-03-31": "7.98900"}, "Net Change In Investments - Total": {"2020-09-30": 3.969, "2020-06-30": -1.341, "2020-03-31": "-38.94000", "2019-12-31": -5.776, "2019-09-30": -2.905, "2019-06-30": -3.063, "2019-03-31": "-8.77900", "2018-12-31": 1.402, "2018-09-30": 6.452, "2018-06-30": 13.24, "2018-03-31": "-0.49700", "2017-12-31": 13.554, "2017-09-30": -28.258, "2017-06-30": 10.303, "2017-03-31": "-7.10400", "2016-12-31": 0.779, "2016-09-30": -2.123, "2016-06-30": 8.764, "2016-03-31": "3.41900", "2015-12-31": -9.369, "2015-09-30": 94.217, "2015-06-30": 433.966, "2015-03-31": "-4.70600", "2014-12-31": -381.629, "2014-09-30": 148.789, "2014-06-30": 250.737, "2014-03-31": "221.65400", "2013-12-31": 18.641, "2013-09-30": -89.219, "2013-06-30": -175.593, "2013-03-31": "-232.96500", "2012-12-31": -15.1621, "2012-09-30": -111.5739, "2012-06-30": 279.621, "2012-03-31": "346.36600", "2011-12-31": 1.4, "2011-09-30": -677.229, "2011-06-30": 30.979, "2011-03-31": "-2.18500", "2010-12-31": 176.172, "2010-09-30": -115.554, "2010-06-30": -64.987, "2010-03-31": "112.28500", "2009-12-31": 85.924, "2009-09-30": -146.045, "2009-06-30": -136.157, "2009-03-31": "23.62000", "2008-12-31": 81.583, "2008-09-30": 2.784, "2008-06-30": -107.849, "2008-03-31": "28.91800", "2007-12-31": -0.146, "2007-09-30": -3.025, "2007-06-30": -24.445, "2007-03-31": "9.51500", "2006-12-31": 8.325, "2006-09-30": -10.798, "2006-06-30": 10.446, "2006-03-31": "-11.47800", "2005-12-31": -3.81, "2005-09-30": -1.002, "2005-06-30": 9.024, "2005-03-31": "7.98900"}, "Investing Activities - Other": {"2020-09-30": 0, "2020-06-30": 0, "2020-03-31": "", "2019-12-31": 0, "2019-09-30": 0, "2019-06-30": 0, "2019-03-31": "", "2018-12-31": 0, "2018-09-30": 0, "2018-06-30": 0, "2018-03-31": "", "2017-12-31": 0, "2017-09-30": 0, "2017-06-30": 0, "2017-03-31": "", "2016-12-31": 0, "2016-09-30": 0, "2016-06-30": 0, "2016-03-31": "", "2015-12-31": 493.371, "2015-09-30": 14.274, "2015-06-30": -511.166, "2015-03-31": "3.52100", "2014-12-31": 0.195, "2014-09-30": 0.898, "2014-06-30": 0.582, "2014-03-31": "-0.07100", "2013-12-31": -0.423, "2013-09-30": 1.266, "2013-06-30": 838.963, "2013-03-31": "-833.90800", "2012-12-31": 0.899, "2012-09-30": -0.133, "2012-06-30": 10.743, "2012-03-31": "68.55700", "2011-12-31": -1.792, "2011-09-30": 0.061, "2011-06-30": -0.845, "2011-03-31": "-94.13800", "2010-12-31": -0.422, "2010-09-30": 0, "2010-06-30": -0.474, "2010-03-31": "-0.44200", "2009-12-31": 0.132, "2009-09-30": 1.867, "2009-06-30": 2.863, "2009-03-31": "7.33600", "2008-12-31": 16.713, "2008-09-30": 10.226, "2008-06-30": -23.908, "2008-03-31": "-16.23400", "2007-12-31": -23.94, "2007-09-30": -22.592, "2007-06-30": 31.425, "2007-03-31": "15.98400", "2006-12-31": -2.814, "2006-09-30": -3.339, "2006-06-30": 3.643, "2006-03-31": "2.51800", "2005-12-31": 10.751, "2005-09-30": -0.267, "2005-06-30": 3.155, "2005-03-31": "-0.64300"}, "Cash Flow From Investing Activities": {"2020-09-30": -603.211, "2020-06-30": -529.444, "2020-03-31": "-954.54100", "2019-12-31": -466.546, "2019-09-30": -576.462, "2019-06-30": -523.092, "2019-03-31": "-378.46700", "2018-12-31": -725.571, "2018-09-30": -619.957, "2018-06-30": -1365.074, "2018-03-31": "-364.92600", "2017-12-31": -783.996, "2017-09-30": -363.748, "2017-06-30": -3938.723, "2017-03-31": "-314.35900", "2016-12-31": -361.536, "2016-09-30": 357.871, "2016-06-30": -252.813, "2016-03-31": "-1789.19000", "2015-12-31": -31.866, "2015-09-30": -107.555, "2015-06-30": -298.542, "2015-03-31": "-199.83400", "2014-12-31": -619.911, "2014-09-30": -6.316, "2014-06-30": 91.503, "2014-03-31": "98.88500", "2013-12-31": -233.362, "2013-09-30": -330.958, "2013-06-30": 537.547, "2013-03-31": "-1142.54000", "2012-12-31": -203.92, "2012-09-30": -602.266, "2012-06-30": 93.88, "2012-03-31": "269.43300", "2011-12-31": -194.336, "2011-09-30": -878.693, "2011-06-30": -139.737, "2011-03-31": "-286.38900", "2010-12-31": 17.538, "2010-09-30": -259.495, "2010-06-30": -327.455, "2010-03-31": "-31.55700", "2009-12-31": -15.684, "2009-09-30": -260.549, "2009-06-30": -204.06, "2009-03-31": "-77.88500", "2008-12-31": -43.19, "2008-09-30": -82.435, "2008-06-30": -216.215, "2008-03-31": "-136.20000", "2007-12-31": -103.519, "2007-09-30": -721.257, "2007-06-30": -181.892, "2007-03-31": "-48.05700", "2006-12-31": -36.792, "2006-09-30": -60.757, "2006-06-30": -25.348, "2006-03-31": "-35.57300", "2005-12-31": -69.759, "2005-09-30": -43.075, "2005-06-30": 2.289, "2005-03-31": "1.82300"}, "Net Long-Term Debt": {"2020-09-30": -1998.246, "2020-06-30": 2392.145, "2020-03-31": "-381.18900", "2019-12-31": 658.4848, "2019-09-30": -37.257, "2019-06-30": -179.832, "2019-03-31": "-49.49200", "2018-12-31": -32.094, "2018-09-30": 0.768, "2018-06-30": -32.885, "2018-03-31": "867.46400", "2017-12-31": -71.419, "2017-09-30": 662.693, "2017-06-30": -48.659, "2017-03-31": "2271.69400", "2016-12-31": -32.045, "2016-09-30": -59.728, "2016-06-30": -48.861, "2016-03-31": "-268.33500", "2015-12-31": 1612.835, "2015-09-30": -17.393, "2015-06-30": -23.61, "2015-03-31": "-18.65700", "2014-12-31": 879.1129, "2014-09-30": -5.447, "2014-06-30": -51.289, "2014-03-31": "-14.56700", "2013-12-31": -11.799, "2013-09-30": -12.932, "2013-06-30": -772.296, "2013-03-31": "1482.43200", "2012-12-31": -12.754, "2012-09-30": 8.104, "2012-06-30": -263.209, "2012-03-31": "-61.04600", "2011-12-31": -21.15, "2011-09-30": 769.739, "2011-06-30": 52.909, "2011-03-31": "10.58300", "2010-12-31": -85.179, "2010-09-30": 4.091, "2010-06-30": -255.577, "2010-03-31": "634.10600", "2009-12-31": -17.312, "2009-09-30": 15.505, "2009-06-30": 356.069, "2009-03-31": "-7.43500", "2008-12-31": 50.77, "2008-09-30": 19.586, "2008-06-30": 30.361, "2008-03-31": "37.82400", "2007-12-31": 29.3139, "2007-09-30": 444.434, "2007-06-30": 43.643, "2007-03-31": "273.64500", "2006-12-31": 39.355, "2006-09-30": -0.71, "2006-06-30": -0.686, "2006-03-31": "-0.56900", "2005-12-31": 58.69, "2005-09-30": -0.201, "2005-06-30": -0.79, "2005-03-31": "-3.22200"}, "Net Current Debt": {"2020-09-30": 0, "2020-06-30": -250, "2020-03-31": "250.00000", "2019-12-31": 0, "2019-09-30": 0, "2019-06-30": 0, "2019-03-31": "", "2018-12-31": 0, "2018-09-30": 0, "2018-06-30": 0, "2018-03-31": "", "2017-12-31": 0, "2017-09-30": 0, "2017-06-30": 0, "2017-03-31": "", "2016-12-31": 0, "2016-09-30": 0, "2016-06-30": 0, "2016-03-31": "", "2015-12-31": 0, "2015-09-30": 0, "2015-06-30": 0, "2015-03-31": "", "2014-12-31": 0, "2014-09-30": -0.128, "2014-06-30": 0.128, "2014-03-31": "", "2013-12-31": 0, "2013-09-30": 0, "2013-06-30": 0, "2013-03-31": "", "2012-12-31": 0, "2012-09-30": 0, "2012-06-30": 0, "2012-03-31": "", "2011-12-31": 21.273, "2011-09-30": -21.273, "2011-06-30": 0, "2011-03-31": "", "2010-12-31": 0, "2010-09-30": 0, "2010-06-30": 0, "2010-03-31": "", "2009-12-31": 0, "2009-09-30": 0, "2009-06-30": 0, "2009-03-31": "", "2008-12-31": -19.296, "2008-09-30": 0, "2008-06-30": 0, "2008-03-31": "", "2007-12-31": 0, "2007-09-30": 0, "2007-06-30": 0, "2007-03-31": "", "2006-12-31": -40, "2006-09-30": 40, "2006-06-30": 0, "2006-03-31": "-30.00000", "2005-12-31": 30, "2005-09-30": 0, "2005-06-30": 0, "2005-03-31": ""}, "Debt Issuance/Retirement Net - Total": {"2020-09-30": -1998.246, "2020-06-30": 2142.145, "2020-03-31": "-131.18900", "2019-12-31": 658.4848, "2019-09-30": -37.257, "2019-06-30": -179.832, "2019-03-31": "-49.49200", "2018-12-31": -32.094, "2018-09-30": 0.768, "2018-06-30": -32.885, "2018-03-31": "867.46400", "2017-12-31": -71.419, "2017-09-30": 662.693, "2017-06-30": -48.659, "2017-03-31": "2271.69400", "2016-12-31": -32.045, "2016-09-30": -59.728, "2016-06-30": -48.861, "2016-03-31": "-268.33500", "2015-12-31": 1612.835, "2015-09-30": -17.393, "2015-06-30": -23.61, "2015-03-31": "-18.65700", "2014-12-31": 879.1129, "2014-09-30": -5.575, "2014-06-30": -51.161, "2014-03-31": "-14.56700", "2013-12-31": -11.799, "2013-09-30": -12.932, "2013-06-30": -772.296, "2013-03-31": "1482.43200", "2012-12-31": -12.754, "2012-09-30": 8.104, "2012-06-30": -263.209, "2012-03-31": "-61.04600", "2011-12-31": 0.123, "2011-09-30": 748.466, "2011-06-30": 52.909, "2011-03-31": "10.58300", "2010-12-31": -85.179, "2010-09-30": 4.091, "2010-06-30": -255.577, "2010-03-31": "634.10600", "2009-12-31": -17.312, "2009-09-30": 15.505, "2009-06-30": 356.069, "2009-03-31": "-7.43500", "2008-12-31": 31.474, "2008-09-30": 19.586, "2008-06-30": 30.361, "2008-03-31": "37.82400", "2007-12-31": 29.3139, "2007-09-30": 444.434, "2007-06-30": 43.643, "2007-03-31": "273.64500", "2006-12-31": -0.645, "2006-09-30": 39.29, "2006-06-30": -0.686, "2006-03-31": "-30.56900", "2005-12-31": 88.69, "2005-09-30": -0.201, "2005-06-30": -0.79, "2005-03-31": "-3.22200"}, "Net Common Equity Issued/Repurchased": {"2020-09-30": 228.204, "2020-06-30": 1683.106, "2020-03-31": "132.18300", "2019-12-31": 0, "2019-09-30": 123.846, "2019-06-30": 348.121, "2019-03-31": "1241.02700", "2018-12-31": 114.332, "2018-09-30": 290.494, "2018-06-30": 7.635, "2018-03-31": "25.84700", "2017-12-31": 355.151, "2017-09-30": 21.506, "2017-06-30": 0.128, "2017-03-31": "2146.33200", "2016-12-31": 0.036, "2016-09-30": 16.504, "2016-06-30": 1.335, "2016-03-31": "16.30400", "2015-12-31": 829.6809, "2015-09-30": 13.29, "2015-06-30": 0.181, "2015-03-31": "16.38400", "2014-12-31": 1.137, "2014-09-30": -256.489, "2014-06-30": -206.829, "2014-03-31": "-32.73300", "2013-12-31": -44.989, "2013-09-30": 12.202, "2013-06-30": 1.512, "2013-03-31": "14.36800", "2012-12-31": 5.998, "2012-09-30": 13.666, "2012-06-30": 6.013, "2012-03-31": "17.09600", "2011-12-31": -83.477, "2011-09-30": 11.107, "2011-06-30": 8.929, "2011-03-31": "15.66800", "2010-12-31": 3.638, "2010-09-30": 14.026, "2010-06-30": 11.27, "2010-03-31": "10.88300", "2009-12-31": 13.956, "2009-09-30": 14.096, "2009-06-30": 4.892, "2009-03-31": "4.06200", "2008-12-31": 0.143, "2008-09-30": 6.849, "2008-06-30": 12, "2008-03-31": "7.23800", "2007-12-31": 8.75, "2007-09-30": 350.352, "2007-06-30": 6.876, "2007-03-31": "10.28600", "2006-12-31": 10.08, "2006-09-30": 8.18, "2006-06-30": 5.862, "2006-03-31": "14.71400", "2005-12-31": 1.772, "2005-09-30": 3.585, "2005-06-30": 3.285, "2005-03-31": "4.34700"}, "Net Total Equity Issued/Repurchased": {"2020-09-30": 228.204, "2020-06-30": 1683.106, "2020-03-31": "132.18300", "2019-12-31": 0, "2019-09-30": 123.846, "2019-06-30": 348.121, "2019-03-31": "1241.02700", "2018-12-31": 114.332, "2018-09-30": 290.494, "2018-06-30": 7.635, "2018-03-31": "25.84700", "2017-12-31": 355.151, "2017-09-30": 21.506, "2017-06-30": 0.128, "2017-03-31": "2146.33200", "2016-12-31": 0.036, "2016-09-30": 16.504, "2016-06-30": 1.335, "2016-03-31": "16.30400", "2015-12-31": 829.6809, "2015-09-30": 13.29, "2015-06-30": 0.181, "2015-03-31": "16.38400", "2014-12-31": 1.137, "2014-09-30": -256.489, "2014-06-30": -206.829, "2014-03-31": "-32.73300", "2013-12-31": -44.989, "2013-09-30": 12.202, "2013-06-30": 1.512, "2013-03-31": "14.36800", "2012-12-31": 5.998, "2012-09-30": 13.666, "2012-06-30": 6.013, "2012-03-31": "17.09600", "2011-12-31": -83.477, "2011-09-30": 11.107, "2011-06-30": 8.929, "2011-03-31": "15.66800", "2010-12-31": 3.638, "2010-09-30": 14.026, "2010-06-30": 11.27, "2010-03-31": "10.88300", "2009-12-31": 13.956, "2009-09-30": 14.096, "2009-06-30": 4.892, "2009-03-31": "4.06200", "2008-12-31": 0.143, "2008-09-30": 6.849, "2008-06-30": 12, "2008-03-31": "7.23800", "2007-12-31": 8.75, "2007-09-30": 350.352, "2007-06-30": 6.876, "2007-03-31": "10.28600", "2006-12-31": 10.08, "2006-09-30": 8.18, "2006-06-30": 5.862, "2006-03-31": "14.71400", "2005-12-31": 1.772, "2005-09-30": 3.585, "2005-06-30": 3.285, "2005-03-31": "4.34700"}, "Total Common And Preferred Stock Dividends Paid": {"2020-09-30": -240.69, "2020-06-30": -236.008, "2020-03-31": "-233.47900", "2019-12-31": -210.36, "2019-09-30": -212.752, "2019-06-30": -208.449, "2019-03-31": "-204.60300", "2018-12-31": -183.858, "2018-09-30": -185.983, "2018-06-30": -181.76, "2018-03-31": "-186.99900", "2017-12-31": -157.583, "2017-09-30": -159.541, "2017-06-30": -156.29, "2017-03-31": "-148.08300", "2016-12-31": -125.312, "2016-09-30": -127.457, "2016-06-30": -121.858, "2016-03-31": "-124.83600", "2015-12-31": -230.452, "2015-09-30": -98.041, "2015-06-30": -96.349, "2015-03-31": "-96.61900", "2014-12-31": -83.266, "2014-09-30": 0, "2014-06-30": 0, "2014-03-31": "", "2013-12-31": 0, "2013-09-30": 0, "2013-06-30": 0, "2013-03-31": "", "2012-12-31": 0, "2012-09-30": 0, "2012-06-30": 0, "2012-03-31": "", "2011-12-31": 0, "2011-09-30": 0, "2011-06-30": 0, "2011-03-31": "", "2010-12-31": 0, "2010-09-30": 0, "2010-06-30": 0, "2010-03-31": "", "2009-12-31": 0, "2009-09-30": 0, "2009-06-30": 0, "2009-03-31": "", "2008-12-31": 0, "2008-09-30": 0, "2008-06-30": 0, "2008-03-31": "", "2007-12-31": 0, "2007-09-30": 0, "2007-06-30": 0, "2007-03-31": "", "2006-12-31": 0, "2006-09-30": 0, "2006-06-30": 0, "2006-03-31": "", "2005-12-31": 0, "2005-09-30": 0, "2005-06-30": 0, "2005-03-31": ""}, "Financial Activities - Other": {"2020-09-30": -77.785, "2020-06-30": -26.266, "2020-03-31": "-4.61900", "2019-12-31": -66.652, "2019-09-30": 0, "2019-06-30": 0, "2019-03-31": "", "2018-12-31": 0.725, "2018-09-30": -1.215, "2018-06-30": 0.728, "2018-03-31": "-32.28700", "2017-12-31": -27.263, "2017-09-30": -28.033, "2017-06-30": -8.076, "2017-03-31": "-44.69700", "2016-12-31": -0.88, "2016-09-30": -21.89, "2016-06-30": 0.023, "2016-03-31": "-0.06500", "2015-12-31": -19.144, "2015-09-30": 0.732, "2015-06-30": 0.216, "2015-03-31": "0.09800", "2014-12-31": -117.134, "2014-09-30": 5.825, "2014-06-30": -20.938, "2014-03-31": "10.01800", "2013-12-31": -13.853, "2013-09-30": -0.448, "2013-06-30": -79.25, "2013-03-31": "-0.04000", "2012-12-31": 19.004, "2012-09-30": 51.927, "2012-06-30": -7.52, "2012-03-31": "", "2011-12-31": -0.029, "2011-09-30": -15.426, "2011-06-30": 0, "2011-03-31": "-0.12500", "2010-12-31": -4.448, "2010-09-30": -0.005, "2010-06-30": -7.926, "2010-03-31": "-15.19300", "2009-12-31": 0.434, "2009-09-30": -0.797, "2009-06-30": -59.62, "2009-03-31": "-0.25200", "2008-12-31": 0.539, "2008-09-30": -0.007, "2008-06-30": -0.437, "2008-03-31": "-0.46400", "2007-12-31": -0.063, "2007-09-30": -11.546, "2007-06-30": 0, "2007-03-31": "-10.67800", "2006-12-31": -0.68, "2006-09-30": -0.009, "2006-06-30": 0.2, "2006-03-31": "0.37000", "2005-12-31": 37.487, "2005-09-30": -0.342, "2005-06-30": 0, "2005-03-31": ""}, "Cash Flow From Financial Activities": {"2020-09-30": -2088.517, "2020-06-30": 3562.977, "2020-03-31": "-237.10400", "2019-12-31": 381.473, "2019-09-30": -126.163, "2019-06-30": -40.16, "2019-03-31": "986.93200", "2018-12-31": -100.895, "2018-09-30": 104.064, "2018-06-30": -206.282, "2018-03-31": "674.02500", "2017-12-31": 98.886, "2017-09-30": 496.625, "2017-06-30": -212.897, "2017-03-31": "4225.24600", "2016-12-31": -158.201, "2016-09-30": -192.571, "2016-06-30": -169.361, "2016-03-31": "-376.93200", "2015-12-31": 2192.92, "2015-09-30": -101.412, "2015-06-30": -119.562, "2015-03-31": "-98.79400", "2014-12-31": 679.85, "2014-09-30": -256.239, "2014-06-30": -278.928, "2014-03-31": "-37.28200", "2013-12-31": -70.641, "2013-09-30": -1.178, "2013-06-30": -850.034, "2013-03-31": "1496.76000", "2012-12-31": 12.248, "2012-09-30": 73.697, "2012-06-30": -264.716, "2012-03-31": "-43.95000", "2011-12-31": -83.383, "2011-09-30": 744.147, "2011-06-30": 61.838, "2011-03-31": "26.12600", "2010-12-31": -85.989, "2010-09-30": 18.112, "2010-06-30": -252.233, "2010-03-31": "629.79600", "2009-12-31": -2.922, "2009-09-30": 28.804, "2009-06-30": 301.341, "2009-03-31": "-3.62500", "2008-12-31": 32.156, "2008-09-30": 26.428, "2008-06-30": 41.924, "2008-03-31": "44.59800", "2007-12-31": 38.001, "2007-09-30": 783.24, "2007-06-30": 50.519, "2007-03-31": "273.25300", "2006-12-31": 8.755, "2006-09-30": 47.461, "2006-06-30": 5.376, "2006-03-31": "-15.48500", "2005-12-31": 127.949, "2005-09-30": 3.042, "2005-06-30": 2.495, "2005-03-31": "1.12500"}, "Net Cash Flow": {"2020-09-30": -2141.053, "2020-06-30": 3620.63, "2020-03-31": "-700.10200", "2019-12-31": 466.48, "2019-09-30": -217.159, "2019-06-30": -18.223, "2019-03-31": "1027.91100", "2018-12-31": -270.8, "2018-09-30": -103.835, "2018-06-30": -1066.371, "2018-03-31": "617.90900", "2017-12-31": -185.494, "2017-09-30": 532.969, "2017-06-30": -3839.82, "2017-03-31": "4169.79900", "2016-12-31": -250.294, "2016-09-30": 526.784, "2016-06-30": -150.881, "2016-03-31": "-2070.78900", "2015-12-31": 2365.842, "2015-09-30": -0.664, "2015-06-30": -200.576, "2015-03-31": "-74.20800", "2014-12-31": 256.736, "2014-09-30": -54.153, "2014-06-30": -86.84, "2014-03-31": "233.28000", "2013-12-31": -137.848, "2013-09-30": -117.754, "2013-06-30": -167.523, "2013-03-31": "432.80600", "2012-12-31": 12.526, "2012-09-30": -414.409, "2012-06-30": 21.152, "2012-03-31": "354.12100", "2011-12-31": -91.7, "2011-09-30": 72.651, "2011-06-30": -6.594, "2011-03-31": "-138.37500", "2010-12-31": 53.692, "2010-09-30": -122.193, "2010-06-30": -527.96, "2010-03-31": "693.24600", "2009-12-31": 62.909, "2009-09-30": -122.07, "2009-06-30": 183.168, "2009-03-31": "1.84200", "2008-12-31": 59.522, "2008-09-30": 9.558, "2008-06-30": -109.707, "2008-03-31": "-29.79900", "2007-12-31": -52.819, "2007-09-30": 108.854, "2007-06-30": -93.062, "2007-03-31": "245.09700", "2006-12-31": -2.076, "2006-09-30": 7.339, "2006-06-30": -3.825, "2006-03-31": "-38.14200", "2005-12-31": 76.694, "2005-09-30": -24.573, "2005-06-30": 22.936, "2005-03-31": "18.27200"}, "Stock-Based Compensation": {"2020-09-30": 75.248, "2020-06-30": 75.844, "2020-03-31": "64.49900", "2019-12-31": 62.126, "2019-09-30": 63.871, "2019-06-30": 61.519, "2019-03-31": "49.02300", "2018-12-31": 40.867, "2018-09-30": 47.588, "2018-06-30": 49.725, "2018-03-31": "42.53600", "2017-12-31": 45.898, "2017-09-30": 45.654, "2017-06-30": 45.625, "2017-03-31": "38.32300", "2016-12-31": 39.837, "2016-09-30": 42.346, "2016-06-30": 39.323, "2016-03-31": "34.06100", "2015-12-31": 33.868, "2015-09-30": 33.969, "2015-06-30": 33.993, "2015-03-31": "30.61300", "2014-12-31": 31.517, "2014-09-30": 27.662, "2014-06-30": 33.83, "2014-03-31": "24.98100", "2013-12-31": 27.63, "2013-09-30": 27.28, "2013-06-30": 24.194, "2013-03-31": "23.83600", "2012-12-31": 21.593, "2012-09-30": 21.78, "2012-06-30": 20.549, "2012-03-31": "19.10300", "2011-12-31": 18.472, "2011-09-30": 19.207, "2011-06-30": 18.318, "2011-03-31": "15.53500", "2010-12-31": 17.469, "2010-09-30": 16.95, "2010-06-30": 18.096, "2010-03-31": "14.97400", "2009-12-31": 14.026, "2009-09-30": 14.033, "2009-06-30": 13.459, "2009-03-31": "11.53800", "2008-12-31": 13.134, "2008-09-30": 12.562, "2008-06-30": 17.048, "2008-03-31": "12.34100", "2007-12-31": 11.699, "2007-09-30": 10.489, "2007-06-30": 10.045, "2007-03-31": "10.49800", "2006-12-31": 7.227, "2006-09-30": 6.885, "2006-06-30": 8.897, "2006-03-31": "7.75800", "2005-12-31": 1.986, "2005-09-30": 1.358, "2005-06-30": 2.489, "2005-03-31": "2.44400"}, "Common Stock Dividends Paid": {"2020-09-30": -240.69, "2020-06-30": -236.008, "2020-03-31": "-233.47900", "2019-12-31": -210.36, "2019-09-30": -212.752, "2019-06-30": -208.449, "2019-03-31": "-204.60300", "2018-12-31": -183.858, "2018-09-30": -185.983, "2018-06-30": -181.76, "2018-03-31": "-186.99900", "2017-12-31": -157.583, "2017-09-30": -159.541, "2017-06-30": -156.29, "2017-03-31": "-148.08300", "2016-12-31": -125.312, "2016-09-30": -127.457, "2016-06-30": -121.858, "2016-03-31": "-124.83600", "2015-12-31": -230.452, "2015-09-30": -98.041, "2015-06-30": -96.349, "2015-03-31": "-96.61900", "2014-12-31": -83.266, "2014-09-30": 0, "2014-06-30": 0, "2014-03-31": "", "2013-12-31": 0, "2013-09-30": 0, "2013-06-30": 0, "2013-03-31": "", "2012-12-31": 0, "2012-09-30": 0, "2012-06-30": 0, "2012-03-31": "", "2011-12-31": 0, "2011-09-30": 0, "2011-06-30": 0, "2011-03-31": "", "2010-12-31": 0, "2010-09-30": 0, "2010-06-30": 0, "2010-03-31": "", "2009-12-31": 0, "2009-09-30": 0, "2009-06-30": 0, "2009-03-31": "", "2008-12-31": 0, "2008-09-30": 0, "2008-06-30": 0, "2008-03-31": "", "2007-12-31": 0, "2007-09-30": 0, "2007-06-30": 0, "2007-03-31": "", "2006-12-31": 0, "2006-09-30": 0, "2006-06-30": 0, "2006-03-31": "", "2005-12-31": 0, "2005-09-30": 0, "2005-06-30": 0, "2005-03-31": ""}}, "financial ratios": {"Current Ratio": {"2019-12-31": "1.33120", "2018-12-31": "1.00040", "2017-12-31": "1.80980", "2016-12-31": "1.42660", "2015-12-31": "1.96770", "2014-12-31": "2.31600", "2013-12-31": "1.62610", "2012-12-31": "1.16580", "2011-12-31": "1.70390", "2010-12-31": "2.44580", "2009-12-31": "2.30740", "2008-12-31": "1.30870", "2007-12-31": "2.22900", "2006-12-31": "2.12190", "2005-12-31": "2.09700"}, "Long-term Debt / Capital": {"2019-12-31": "0.55510", "2018-12-31": "0.60110", "2017-12-31": "0.59200", "2016-12-31": "0.60150", "2015-12-31": "0.66960", "2014-12-31": "0.66780", "2013-12-31": "0.62440", "2012-12-31": "0.55990", "2011-12-31": "0.58520", "2010-12-31": "0.51800", "2009-12-31": "0.54560", "2008-12-31": "0.55170", "2007-12-31": "0.57140", "2006-12-31": "0.43710", "2005-12-31": "0.45370"}, "Debt/Equity Ratio": {"2019-12-31": "1.33770", "2018-12-31": "1.54980", "2017-12-31": "1.47160", "2016-12-31": "1.54830", "2015-12-31": "2.37530", "2014-12-31": "2.04570", "2013-12-31": "1.69120", "2012-12-31": "1.30140", "2011-12-31": "1.58750", "2010-12-31": "1.08940", "2009-12-31": "1.25580", "2008-12-31": "1.31310", "2007-12-31": "1.35820", "2006-12-31": "0.78820", "2005-12-31": "0.94380"}, "Gross Margin": {"2019-12-31": "49.47660", "2018-12-31": "48.62670", "2017-12-31": "49.79550", "2016-12-31": "49.58820", "2015-12-31": "52.62040", "2014-12-31": "50.98220", "2013-12-31": "50.55650", "2012-12-31": "49.95080", "2011-12-31": "47.04840", "2010-12-31": "45.48170", "2009-12-31": "45.22210", "2008-12-31": "41.13650", "2007-12-31": "37.11460", "2006-12-31": "34.34330", "2005-12-31": "28.36510"}, "Operating Margin": {"2019-12-31": "21.02840", "2018-12-31": "19.27150", "2017-12-31": "18.51960", "2016-12-31": "17.13020", "2015-12-31": "20.81330", "2014-12-31": "20.83930", "2013-12-31": "21.41120", "2012-12-31": "20.81710", "2011-12-31": "19.53990", "2010-12-31": "16.18470", "2009-12-31": "20.51870", "2008-12-31": "10.39650", "2007-12-31": "2.40600", "2006-12-31": "0.66710", "2005-12-31": "-16.63510"}, "EBIT Margin": {"2019-12-31": "21.02840", "2018-12-31": "19.27150", "2017-12-31": "18.51960", "2016-12-31": "17.13020", "2015-12-31": "20.81330", "2014-12-31": "20.83930", "2013-12-31": "21.41120", "2012-12-31": "20.81710", "2011-12-31": "19.53990", "2010-12-31": "16.18470", "2009-12-31": "20.51870", "2008-12-31": "10.39650", "2007-12-31": "2.40600", "2006-12-31": "0.66710", "2005-12-31": "-16.63510"}, "EBITDA Margin": {"2019-12-31": "44.36260", "2018-12-31": "43.74290", "2017-12-31": "42.94320", "2016-12-31": "40.83850", "2015-12-31": "40.68330", "2014-12-31": "41.31410", "2013-12-31": "42.60900", "2012-12-31": "43.17320", "2011-12-31": "43.80150", "2010-12-31": "40.26830", "2009-12-31": "42.31120", "2008-12-31": "34.60180", "2007-12-31": "28.15690", "2006-12-31": "26.24890", "2005-12-31": "12.47730"}, "Pre-Tax Profit Margin": {"2019-12-31": "12.45200", "2018-12-31": "8.53840", "2017-12-31": "6.56600", "2016-12-31": "4.42580", "2015-12-31": "7.74060", "2014-12-31": "3.46730", "2013-12-31": "5.21560", "2012-12-31": "9.99390", "2011-12-31": "8.28550", "2010-12-31": "4.07740", "2009-12-31": "12.35430", "2008-12-31": "2.88150", "2007-12-31": "-2.24540", "2006-12-31": "-2.20760", "2005-12-31": "-19.03080"}, "Net Profit Margin": {"2019-12-31": "9.12330", "2018-12-31": "7.20390", "2017-12-31": "5.33330", "2016-12-31": "3.51050", "2015-12-31": "6.88860", "2014-12-31": "-10.62070", "2013-12-31": "4.39830", "2012-12-31": "7.41920", "2011-12-31": "6.05360", "2010-12-31": "3.08310", "2009-12-31": "7.86750", "2008-12-31": "15.31530", "2007-12-31": "-2.35810", "2006-12-31": "-2.22960", "2005-12-31": "-19.27650"}, "Asset Turnover": {"2019-12-31": "0.23210", "2018-12-31": "0.25050", "2017-12-31": "0.23370", "2016-12-31": "0.28650", "2015-12-31": "0.26320", "2014-12-31": "0.31400", "2013-12-31": "0.28730", "2012-12-31": "0.30760", "2011-12-31": "0.27060", "2010-12-31": "0.26890", "2009-12-31": "0.29050", "2008-12-31": "0.28940", "2007-12-31": "0.19220", "2006-12-31": "0.37170", "2005-12-31": "0.32460"}, "Inventory Turnover Ratio": {"2019-12-31": "", "2018-12-31": "", "2017-12-31": "", "2016-12-31": "", "2015-12-31": "", "2014-12-31": "", "2013-12-31": "", "2012-12-31": "", "2011-12-31": "", "2010-12-31": "", "2009-12-31": "", "2008-12-31": "", "2007-12-31": "", "2006-12-31": "", "2005-12-31": ""}, "Receiveable Turnover": {"2019-12-31": "8.07120", "2018-12-31": "8.04870", "2017-12-31": "7.58000", "2016-12-31": "9.11550", "2015-12-31": "9.33630", "2014-12-31": "9.30710", "2013-12-31": "11.64670", "2012-12-31": "11.51960", "2011-12-31": "11.25890", "2010-12-31": "10.28050", "2009-12-31": "13.62590", "2008-12-31": "10.67230", "2007-12-31": "6.98030", "2006-12-31": "10.68030", "2005-12-31": "12.82460"}, "Days Sales In Receivables": {"2019-12-31": "45.22250", "2018-12-31": "45.34880", "2017-12-31": "48.15330", "2016-12-31": "40.04150", "2015-12-31": "39.09470", "2014-12-31": "39.21720", "2013-12-31": "31.33950", "2012-12-31": "31.68510", "2011-12-31": "32.41890", "2010-12-31": "35.50420", "2009-12-31": "26.78720", "2008-12-31": "34.20080", "2007-12-31": "52.28970", "2006-12-31": "34.17510", "2005-12-31": "28.46100"}, "ROE - Return On Equity": {"2019-12-31": "5.73780", "2018-12-31": "5.06090", "2017-12-31": "3.40130", "2016-12-31": "2.62050", "2015-12-31": "6.83960", "2014-12-31": "-11.48510", "2013-12-31": "3.90890", "2012-12-31": "5.62180", "2011-12-31": "4.73170", "2010-12-31": "1.92570", "2009-12-31": "5.87160", "2008-12-31": "11.77360", "2007-12-31": "-1.21450", "2006-12-31": "-1.90770", "2005-12-31": "-14.76130"}, "Return On Tangible Equity": {"2019-12-31": "25.93100", "2018-12-31": "736.68200", "2017-12-31": "439.12740", "2016-12-31": "17.32050", "2015-12-31": "12.88220", "2014-12-31": "-23.26920", "2013-12-31": "7.79760", "2012-12-31": "12.16270", "2011-12-31": "9.85750", "2010-12-31": "3.79110", "2009-12-31": "9.25230", "2008-12-31": "20.63900", "2007-12-31": "-3.25040", "2006-12-31": "-2.00630", "2005-12-31": "-15.95840"}, "ROA - Return On Assets": {"2019-12-31": "2.11660", "2018-12-31": "1.80470", "2017-12-31": "1.24650", "2016-12-31": "0.90740", "2015-12-31": "1.81310", "2014-12-31": "-3.35040", "2013-12-31": "1.28290", "2012-12-31": "2.11970", "2011-12-31": "1.59670", "2010-12-31": "0.81410", "2009-12-31": "2.28530", "2008-12-31": "4.43270", "2007-12-31": "-0.45330", "2006-12-31": "-0.87750", "2005-12-31": "-6.25730"}, "ROI - Return On Investment": {"2019-12-31": "2.55280", "2018-12-31": "2.01860", "2017-12-31": "1.38790", "2016-12-31": "1.04420", "2015-12-31": "2.25960", "2014-12-31": "-3.81550", "2013-12-31": "1.46820", "2012-12-31": "2.47410", "2011-12-31": "1.96290", "2010-12-31": "0.92830", "2009-12-31": "2.66830", "2008-12-31": "5.27840", "2007-12-31": "-0.52050", "2006-12-31": "-1.07380", "2005-12-31": "-8.06410"}, "Book Value Per Share": {"2019-12-31": "103.62900", "2018-12-31": "89.43390", "2017-12-31": "86.66450", "2016-12-31": "61.13840", "2015-12-31": "44.20910", "2014-12-31": "40.21420", "2013-12-31": "49.58890", "2012-12-31": "47.42990", "2011-12-31": "41.82920", "2010-12-31": "40.73290", "2009-12-31": "30.07720", "2008-12-31": "24.28560", "2007-12-31": "22.27600", "2006-12-31": "12.02790", "2005-12-31": "10.51820"}, "Operating Cash Flow Per Share": {"2019-12-31": 0.8956, "2018-12-31": 4.0747, "2017-12-31": 4.168, "2016-12-31": -0.9062, "2015-12-31": 2.1334, "2014-12-31": 1.103, "2013-12-31": -0.1333, "2012-12-31": -0.0644, "2011-12-31": 3.4944, "2010-12-31": -0.1924, "2009-12-31": 2.5254, "2008-12-31": 2.7523, "2007-12-31": 1.0409, "2006-12-31": -0.1803, "2005-12-31": 2.8216}, "Free Cash Flow Per Share": {"2019-12-31": 6.8381, "2018-12-31": -5.7939, "2017-12-31": -10.1306, "2016-12-31": 10.4987, "2015-12-31": -0.4353, "2014-12-31": 1.0779, "2013-12-31": 2.1919, "2012-12-31": -0.3992, "2011-12-31": 1.8609, "2010-12-31": -4.1401, "2009-12-31": 3.962, "2008-12-31": 7.2099, "2007-12-31": -8.7394, "2006-12-31": -0.018, "2005-12-31": -2.7686}}, "financial ratios, quarterly": {"Current Ratio": {"2020-09-30": "1.06530", "2020-06-30": "1.55130", "2020-03-31": "1.26200", "2019-12-31": "1.33120", "2019-09-30": "1.55370", "2019-06-30": "1.58590", "2019-03-31": "1.55800", "2018-12-31": "1.00040", "2018-09-30": "1.23650", "2018-06-30": "1.29100", "2018-03-31": "2.36140", "2017-12-31": "1.80980", "2017-09-30": "2.11290", "2017-06-30": "1.69470", "2017-03-31": "5.46440", "2016-12-31": "1.42660", "2016-09-30": "1.11030", "2016-06-30": "1.34340", "2016-03-31": "1.37220", "2015-12-31": "1.96770", "2015-09-30": "0.84830", "2015-06-30": "1.62660", "2015-03-31": "2.16030", "2014-12-31": "2.31600", "2014-09-30": "1.28360", "2014-06-30": "1.69450", "2014-03-31": "1.82480", "2013-12-31": "1.62610", "2013-09-30": "1.72570", "2013-06-30": "1.80670", "2013-03-31": "1.58480", "2012-12-31": "1.16580", "2012-09-30": "1.18410", "2012-06-30": "2.05550", "2012-03-31": "1.63490", "2011-12-31": "1.70390", "2011-09-30": "2.02740", "2011-06-30": "1.04620", "2011-03-31": "2.02460", "2010-12-31": "2.44580", "2010-09-30": "2.86730", "2010-06-30": "2.96500", "2010-03-31": "4.15570", "2009-12-31": "2.30740", "2009-09-30": "2.54890", "2009-06-30": "2.72910", "2009-03-31": "1.39310", "2008-12-31": "1.30870", "2008-09-30": "1.43320", "2008-06-30": "1.24690", "2008-03-31": "1.52800", "2007-12-31": "2.22900", "2007-09-30": "2.43980", "2007-06-30": "2.48740", "2007-03-31": "4.48950", "2006-12-31": "2.12190", "2006-09-30": "1.64310", "2006-06-30": "2.30240", "2006-03-31": "2.66690", "2005-12-31": "2.09700", "2005-09-30": "2.63400", "2005-06-30": "3.41630", "2005-03-31": "3.55850"}, "Long-term Debt / Capital": {"2020-09-30": "0.48850", "2020-06-30": "0.52930", "2020-03-31": "0.56400", "2019-12-31": "0.55510", "2019-09-30": "0.54160", "2019-06-30": "0.54230", "2019-03-31": "0.55530", "2018-12-31": "0.60110", "2018-09-30": "0.60640", "2018-06-30": "0.61540", "2018-03-31": "0.60520", "2017-12-31": "0.59200", "2017-09-30": "0.60160", "2017-06-30": "0.58360", "2017-03-31": "0.58000", "2016-12-31": "0.60150", "2016-09-30": "0.57730", "2016-06-30": "0.57620", "2016-03-31": "0.57420", "2015-12-31": "0.66960", "2015-09-30": "0.74730", "2015-06-30": "0.67010", "2015-03-31": "0.67970", "2014-12-31": "0.66780", "2014-09-30": "0.60060", "2014-06-30": "0.59010", "2014-03-31": "0.62570", "2013-12-31": "0.62440", "2013-09-30": "0.61920", "2013-06-30": "0.62270", "2013-03-31": "0.61300", "2012-12-31": "0.55990", "2012-09-30": "0.56430", "2012-06-30": "0.57590", "2012-03-31": "0.57130", "2011-12-31": "0.58520", "2011-09-30": "0.57420", "2011-06-30": "0.48920", "2011-03-31": "0.51330", "2010-12-31": "0.51800", "2010-09-30": "0.53130", "2010-06-30": "0.53690", "2010-03-31": "0.63310", "2009-12-31": "0.54560", "2009-09-30": "0.55880", "2009-06-30": "0.56060", "2009-03-31": "0.54420", "2008-12-31": "0.55170", "2008-09-30": "0.57130", "2008-06-30": "0.56010", "2008-03-31": "0.56560", "2007-12-31": "0.57140", "2007-09-30": "0.56350", "2007-06-30": "0.54890", "2007-03-31": "0.53810", "2006-12-31": "0.43710", "2006-09-30": "0.42010", "2006-06-30": "0.42890", "2006-03-31": "0.43780", "2005-12-31": "0.45370", "2005-09-30": "0.30300", "2005-06-30": "0.30610", "2005-03-31": "0.30740"}, "Debt/Equity Ratio": {"2020-09-30": "1.16700", "2020-06-30": "1.35600", "2020-03-31": "1.34690", "2019-12-31": "1.33770", "2019-09-30": "1.23150", "2019-06-30": "1.23470", "2019-03-31": "1.29970", "2018-12-31": "1.54980", "2018-09-30": "1.58580", "2018-06-30": "1.64490", "2018-03-31": "1.55500", "2017-12-31": "1.47160", "2017-09-30": "1.53250", "2017-06-30": "1.42390", "2017-03-31": "1.40870", "2016-12-31": "1.54830", "2016-09-30": "1.49780", "2016-06-30": "1.48790", "2016-03-31": "1.49030", "2015-12-31": "2.37530", "2015-09-30": "3.11450", "2015-06-30": "2.13840", "2015-03-31": "2.15880", "2014-12-31": "2.04570", "2014-09-30": "1.53350", "2014-06-30": "1.46700", "2014-03-31": "1.70020", "2013-12-31": "1.69120", "2013-09-30": "1.64960", "2013-06-30": "1.70500", "2013-03-31": "1.93140", "2012-12-31": "1.30140", "2012-09-30": "1.32360", "2012-06-30": "1.39940", "2012-03-31": "1.49600", "2011-12-31": "1.58750", "2011-09-30": "1.51130", "2011-06-30": "1.09380", "2011-03-31": "1.06900", "2010-12-31": "1.08940", "2010-09-30": "1.14970", "2010-06-30": "1.17670", "2010-03-31": "1.77840", "2009-12-31": "1.25580", "2009-09-30": "1.31890", "2009-06-30": "1.32920", "2009-03-31": "1.27630", "2008-12-31": "1.31310", "2008-09-30": "1.42570", "2008-06-30": "1.35660", "2008-03-31": "1.37840", "2007-12-31": "1.35820", "2007-09-30": "1.29940", "2007-06-30": "1.22690", "2007-03-31": "1.17490", "2006-12-31": "0.78820", "2006-09-30": "0.85620", "2006-06-30": "0.76060", "2006-03-31": "0.78820", "2005-12-31": "0.94380", "2005-09-30": "0.43770", "2005-06-30": "0.44390", "2005-03-31": "0.44850"}, "Gross Margin": {"2020-09-30": "49.46730", "2020-06-30": "49.70860", "2020-03-31": "49.03010", "2019-12-31": "48.79560", "2019-09-30": "49.57520", "2019-06-30": "49.58910", "2019-03-31": "49.96910", "2018-12-31": "48.78680", "2018-09-30": "48.56410", "2018-06-30": "48.34940", "2018-03-31": "48.80810", "2017-12-31": "48.37410", "2017-09-30": "49.45940", "2017-06-30": "51.03220", "2017-03-31": "50.61100", "2016-12-31": "50.57310", "2016-09-30": "49.13870", "2016-06-30": "49.25460", "2016-03-31": "49.33640", "2015-12-31": "51.81570", "2015-09-30": "52.60050", "2015-06-30": "52.55930", "2015-03-31": "53.61860", "2014-12-31": "50.87940", "2014-09-30": "50.99420", "2014-06-30": "51.60640", "2014-03-31": "50.43130", "2013-12-31": "52.23060", "2013-09-30": "50.47540", "2013-06-30": "49.49450", "2013-03-31": "49.89850", "2012-12-31": "49.94810", "2012-09-30": "48.24100", "2012-06-30": "50.72950", "2012-03-31": "51.02080", "2011-12-31": "50.14820", "2011-09-30": "46.17350", "2011-06-30": "45.41100", "2011-03-31": "46.40210", "2010-12-31": "46.73460", "2010-09-30": "43.85420", "2010-06-30": "45.09110", "2010-03-31": "46.49080", "2009-12-31": "47.60960", "2009-09-30": "44.62640", "2009-06-30": "44.39410", "2009-03-31": "43.88170", "2008-12-31": "43.18010", "2008-09-30": "40.18290", "2008-06-30": "40.69020", "2008-03-31": "40.26660", "2007-12-31": "33.31390", "2007-09-30": "39.40090", "2007-06-30": "39.44820", "2007-03-31": "38.00300", "2006-12-31": "36.90270", "2006-09-30": "33.35190", "2006-06-30": "33.53130", "2006-03-31": "33.18070", "2005-12-31": "32.49780", "2005-09-30": "29.50460", "2005-06-30": "26.04470", "2005-03-31": "24.26050"}, "Operating Margin": {"2020-09-30": "18.97330", "2020-06-30": "19.21530", "2020-03-31": "17.54770", "2019-12-31": "22.08500", "2019-09-30": "20.43000", "2019-06-30": "21.06760", "2019-03-31": "20.50360", "2018-12-31": "20.66410", "2018-09-30": "20.70130", "2018-06-30": "17.04020", "2018-03-31": "18.57710", "2017-12-31": "19.33340", "2017-09-30": "19.51490", "2017-06-30": "17.33790", "2017-03-31": "17.61020", "2016-12-31": "19.56780", "2016-09-30": "18.37840", "2016-06-30": "16.84100", "2016-03-31": "13.34920", "2015-12-31": "18.60150", "2015-09-30": "20.51750", "2015-06-30": "20.90400", "2015-03-31": "23.54710", "2014-12-31": "20.03160", "2014-09-30": "21.77980", "2014-06-30": "20.60560", "2014-03-31": "20.96570", "2013-12-31": "22.13460", "2013-09-30": "21.21090", "2013-06-30": "21.92650", "2013-03-31": "20.30230", "2012-12-31": "19.36230", "2012-09-30": "19.15000", "2012-06-30": "22.32830", "2012-03-31": "22.72920", "2011-12-31": "20.60390", "2011-09-30": "18.97100", "2011-06-30": "18.95820", "2011-03-31": "19.64170", "2010-12-31": "16.61940", "2010-09-30": "15.74890", "2010-06-30": "13.58590", "2010-03-31": "19.29710", "2009-12-31": "20.93820", "2009-09-30": "20.02040", "2009-06-30": "19.24730", "2009-03-31": "21.93740", "2008-12-31": "12.85740", "2008-09-30": "11.69780", "2008-06-30": "7.71310", "2008-03-31": "8.83720", "2007-12-31": "0.54790", "2007-09-30": "5.85750", "2007-06-30": "2.66450", "2007-03-31": "0.94700", "2006-12-31": "13.80060", "2006-09-30": "-4.16540", "2006-06-30": "-4.69740", "2006-03-31": "-4.32260", "2005-12-31": "-50.17320", "2005-09-30": "0.40280", "2005-06-30": "-4.77140", "2005-03-31": "-7.18310"}, "EBIT Margin": {"2020-09-30": "18.97330", "2020-06-30": "19.21530", "2020-03-31": "17.54770", "2019-12-31": "22.08500", "2019-09-30": "20.43000", "2019-06-30": "21.06760", "2019-03-31": "20.50360", "2018-12-31": "20.66410", "2018-09-30": "20.70130", "2018-06-30": "17.04020", "2018-03-31": "18.57710", "2017-12-31": "19.33340", "2017-09-30": "19.51490", "2017-06-30": "17.33790", "2017-03-31": "17.61020", "2016-12-31": "19.56780", "2016-09-30": "18.37840", "2016-06-30": "16.84100", "2016-03-31": "13.34920", "2015-12-31": "18.60150", "2015-09-30": "20.51750", "2015-06-30": "20.90400", "2015-03-31": "23.54710", "2014-12-31": "20.03160", "2014-09-30": "21.77980", "2014-06-30": "20.60560", "2014-03-31": "20.96570", "2013-12-31": "22.13470", "2013-09-30": "21.21090", "2013-06-30": "21.92650", "2013-03-31": "20.30230", "2012-12-31": "19.36230", "2012-09-30": "19.15000", "2012-06-30": "22.32830", "2012-03-31": "22.72920", "2011-12-31": "20.60390", "2011-09-30": "18.97100", "2011-06-30": "18.95820", "2011-03-31": "19.64170", "2010-12-31": "16.61940", "2010-09-30": "15.74890", "2010-06-30": "13.58590", "2010-03-31": "19.29710", "2009-12-31": "20.93820", "2009-09-30": "20.02040", "2009-06-30": "19.24730", "2009-03-31": "21.93740", "2008-12-31": "12.85740", "2008-09-30": "11.69780", "2008-06-30": "7.71310", "2008-03-31": "8.83720", "2007-12-31": "0.54790", "2007-09-30": "5.85750", "2007-06-30": "2.66450", "2007-03-31": "0.94700", "2006-12-31": "13.80060", "2006-09-30": "-4.16540", "2006-06-30": "-4.69740", "2006-03-31": "-4.32260", "2005-12-31": "-50.17320", "2005-09-30": "0.40280", "2005-06-30": "-4.77140", "2005-03-31": "-7.18310"}, "EBITDA Margin": {"2020-09-30": "", "2020-06-30": "", "2020-03-31": "", "2019-12-31": "", "2019-09-30": "", "2019-06-30": "", "2019-03-31": "", "2018-12-31": "", "2018-09-30": "", "2018-06-30": "", "2018-03-31": "", "2017-12-31": "", "2017-09-30": "", "2017-06-30": "", "2017-03-31": "", "2016-12-31": "", "2016-09-30": "", "2016-06-30": "", "2016-03-31": "", "2015-12-31": "", "2015-09-30": "", "2015-06-30": "", "2015-03-31": "", "2014-12-31": "", "2014-09-30": "", "2014-06-30": "", "2014-03-31": "", "2013-12-31": "", "2013-09-30": "", "2013-06-30": "", "2013-03-31": "", "2012-12-31": "", "2012-09-30": "", "2012-06-30": "", "2012-03-31": "", "2011-12-31": "", "2011-09-30": "", "2011-06-30": "", "2011-03-31": "", "2010-12-31": "", "2010-09-30": "", "2010-06-30": "", "2010-03-31": "", "2009-12-31": "", "2009-09-30": "", "2009-06-30": "", "2009-03-31": "", "2008-12-31": "", "2008-09-30": "", "2008-06-30": "", "2008-03-31": "", "2007-12-31": "", "2007-09-30": "", "2007-06-30": "", "2007-03-31": "", "2006-12-31": "", "2006-09-30": "", "2006-06-30": "", "2006-03-31": "", "2005-12-31": "", "2005-09-30": "", "2005-06-30": "", "2005-03-31": ""}, "Pre-Tax Profit Margin": {"2020-09-30": "6.36510", "2020-06-30": "12.11490", "2020-03-31": "10.32490", "2019-12-31": "11.46450", "2019-09-30": "12.78900", "2019-06-30": "13.80360", "2019-03-31": "11.76010", "2018-12-31": "10.38680", "2018-09-30": "11.16530", "2018-06-30": "5.86190", "2018-03-31": "6.55110", "2017-12-31": "7.84460", "2017-09-30": "7.12460", "2017-06-30": "5.16960", "2017-03-31": "5.84030", "2016-12-31": "8.82180", "2016-09-30": "7.73750", "2016-06-30": "5.89820", "2016-03-31": "-5.68140", "2015-12-31": "1.18800", "2015-09-30": "7.67670", "2015-06-30": "10.05800", "2015-03-31": "12.85250", "2014-12-31": "-8.11410", "2014-09-30": "11.85320", "2014-06-30": "1.33270", "2014-03-31": "9.46530", "2013-12-31": "8.38360", "2013-09-30": "10.15500", "2013-06-30": "-6.60940", "2013-03-31": "8.66910", "2012-12-31": "9.30850", "2012-09-30": "8.04310", "2012-06-30": "11.90340", "2012-03-31": "10.93410", "2011-12-31": "7.33340", "2011-09-30": "6.20080", "2011-06-30": "9.83590", "2011-03-31": "9.99090", "2010-12-31": "3.08230", "2010-09-30": "4.79280", "2010-06-30": "0.05670", "2010-03-31": "9.20010", "2009-12-31": "11.30360", "2009-09-30": "11.48670", "2009-06-30": "13.32610", "2009-03-31": "13.58470", "2008-12-31": "5.16250", "2008-09-30": "3.12570", "2008-06-30": "0.26160", "2008-03-31": "2.69750", "2007-12-31": "-7.97970", "2007-09-30": "4.18090", "2007-06-30": "1.53970", "2007-03-31": "-4.81970", "2006-12-31": "10.88100", "2006-09-30": "-6.64350", "2006-06-30": "-7.37440", "2006-03-31": "-7.80190", "2005-12-31": "-52.77520", "2005-09-30": "-1.06550", "2005-06-30": "-6.75890", "2005-03-31": "-10.86390"}, "Net Profit Margin": {"2020-09-30": "4.38800", "2020-06-30": "9.06760", "2020-03-31": "8.22350", "2019-12-31": "8.82030", "2019-09-30": "8.65190", "2019-06-30": "10.36310", "2019-03-31": "8.66170", "2018-12-31": "8.39810", "2018-09-30": "9.72350", "2018-06-30": "5.35820", "2018-03-31": "5.17270", "2017-12-31": "5.43360", "2017-09-30": "6.93420", "2017-06-30": "4.29520", "2017-03-31": "4.42980", "2016-12-31": "6.55070", "2016-09-30": "5.56410", "2016-06-30": "4.96510", "2016-03-31": "-3.68550", "2015-12-31": "1.46910", "2015-09-30": "5.99030", "2015-06-30": "8.93340", "2015-03-31": "11.88670", "2014-12-31": "-55.64820", "2014-09-30": "6.90490", "2014-06-30": "1.87190", "2014-03-31": "7.13500", "2013-12-31": "8.00230", "2013-09-30": "7.82030", "2013-06-30": "-4.88130", "2013-03-31": "6.36330", "2012-12-31": "8.38430", "2012-09-30": "5.56170", "2012-06-30": "7.97090", "2012-03-31": "7.78870", "2011-12-31": "4.65150", "2011-09-30": "4.97760", "2011-06-30": "7.78170", "2011-03-31": "6.92640", "2010-12-31": "4.28490", "2010-09-30": "3.38920", "2010-06-30": "-0.76800", "2010-03-31": "5.71050", "2009-12-31": "7.30650", "2009-09-30": "8.26690", "2009-06-30": "8.18130", "2009-03-31": "7.75830", "2008-12-31": "51.32240", "2008-09-30": "3.02390", "2008-06-30": "0.41150", "2008-03-31": "2.39990", "2007-12-31": "-7.76850", "2007-09-30": "3.97370", "2007-06-30": "1.32520", "2007-03-31": "-5.23560", "2006-12-31": "11.42130", "2006-09-30": "-7.00970", "2006-06-30": "-7.68800", "2006-03-31": "-7.81580", "2005-12-31": "-52.75900", "2005-09-30": "-1.34780", "2005-06-30": "-6.53790", "2005-03-31": "-11.90120"}, "Asset Turnover": {"2020-09-30": "0.05750", "2020-06-30": "0.05290", "2020-03-31": "0.06120", "2019-12-31": "0.05910", "2019-09-30": "0.06120", "2019-06-30": "0.06050", "2019-03-31": "0.06060", "2018-12-31": "0.06470", "2018-09-30": "0.06330", "2018-06-30": "0.06290", "2018-03-31": "0.06100", "2017-12-31": "0.06420", "2017-09-30": "0.06290", "2017-06-30": "0.06100", "2017-03-31": "0.05530", "2016-12-31": "0.07480", "2016-09-30": "0.07060", "2016-06-30": "0.06790", "2016-03-31": "0.06250", "2015-12-31": "0.07050", "2015-09-30": "0.08910", "2015-06-30": "0.08500", "2015-03-31": "0.08320", "2014-12-31": "0.08200", "2014-09-30": "0.08310", "2014-06-30": "0.07920", "2014-03-31": "0.07500", "2013-12-31": "0.07540", "2013-09-30": "0.07350", "2013-06-30": "0.07470", "2013-03-31": "0.06780", "2012-12-31": "0.08180", "2012-09-30": "0.08090", "2012-06-30": "0.07990", "2012-03-31": "0.07530", "2011-12-31": "0.06910", "2011-09-30": "0.07120", "2011-06-30": "0.07950", "2011-03-31": "0.07800", "2010-12-31": "0.07220", "2010-09-30": "0.07370", "2010-06-30": "0.06910", "2010-03-31": "0.06780", "2009-12-31": "0.07980", "2009-09-30": "0.07680", "2009-06-30": "0.07500", "2009-03-31": "0.08240", "2008-12-31": "0.07830", "2008-09-30": "0.08020", "2008-06-30": "0.07380", "2008-03-31": "0.06920", "2007-12-31": "0.06360", "2007-09-30": "0.04870", "2007-06-30": "0.07810", "2007-03-31": "0.07930", "2006-12-31": "0.10340", "2006-09-30": "0.10090", "2006-06-30": "0.10030", "2006-03-31": "0.09690", "2005-12-31": "0.09070", "2005-09-30": "0.10890", "2005-06-30": "0.09960", "2005-03-31": "0.09400"}, "Inventory Turnover Ratio": {"2020-09-30": "", "2020-06-30": "", "2020-03-31": "", "2019-12-31": "", "2019-09-30": "", "2019-06-30": "", "2019-03-31": "", "2018-12-31": "", "2018-09-30": "", "2018-06-30": "", "2018-03-31": "", "2017-12-31": "", "2017-09-30": "", "2017-06-30": "", "2017-03-31": "", "2016-12-31": "", "2016-09-30": "", "2016-06-30": "", "2016-03-31": "", "2015-12-31": "", "2015-09-30": "", "2015-06-30": "", "2015-03-31": "", "2014-12-31": "", "2014-09-30": "", "2014-06-30": "", "2014-03-31": "", "2013-12-31": "", "2013-09-30": "", "2013-06-30": "", "2013-03-31": "", "2012-12-31": "", "2012-09-30": "", "2012-06-30": "", "2012-03-31": "", "2011-12-31": "", "2011-09-30": "", "2011-06-30": "", "2011-03-31": "", "2010-12-31": "", "2010-09-30": "", "2010-06-30": "", "2010-03-31": "", "2009-12-31": "", "2009-09-30": "", "2009-06-30": "", "2009-03-31": "", "2008-12-31": "", "2008-09-30": "", "2008-06-30": "", "2008-03-31": "", "2007-12-31": "", "2007-09-30": "", "2007-06-30": "", "2007-03-31": "", "2006-12-31": "", "2006-09-30": "", "2006-06-30": "", "2006-03-31": "", "2005-12-31": "", "2005-09-30": "", "2005-06-30": "", "2005-03-31": ""}, "Receiveable Turnover": {"2020-09-30": "2.15410", "2020-06-30": "2.12570", "2020-03-31": "2.10220", "2019-12-31": "2.05640", "2019-09-30": "1.87100", "2019-06-30": "1.84010", "2019-03-31": "1.93680", "2018-12-31": "2.07910", "2018-09-30": "1.93800", "2018-06-30": "2.04700", "2018-03-31": "1.88370", "2017-12-31": "2.08260", "2017-09-30": "1.92930", "2017-06-30": "1.95410", "2017-03-31": "2.20820", "2016-12-31": "2.37900", "2016-09-30": "2.44930", "2016-06-30": "2.59520", "2016-03-31": "2.58590", "2015-12-31": "2.50190", "2015-09-30": "2.34250", "2015-06-30": "2.26500", "2015-03-31": "2.31440", "2014-12-31": "2.43030", "2014-09-30": "2.25400", "2014-06-30": "2.54450", "2014-03-31": "2.71610", "2013-12-31": "3.05500", "2013-09-30": "2.72030", "2013-06-30": "2.62680", "2013-03-31": "2.78750", "2012-12-31": "3.06430", "2012-09-30": "2.66430", "2012-06-30": "2.69270", "2012-03-31": "2.79540", "2011-12-31": "2.87280", "2011-09-30": "2.83110", "2011-06-30": "2.81440", "2011-03-31": "3.17870", "2010-12-31": "2.75980", "2010-09-30": "2.85730", "2010-06-30": "2.78660", "2010-03-31": "3.56630", "2009-12-31": "3.74500", "2009-09-30": "3.36680", "2009-06-30": "3.16690", "2009-03-31": "3.31930", "2008-12-31": "2.88790", "2008-09-30": "2.94560", "2008-06-30": "2.72630", "2008-03-31": "2.67460", "2007-12-31": "2.30850", "2007-09-30": "2.11040", "2007-06-30": "3.26360", "2007-03-31": "3.06450", "2006-12-31": "2.96950", "2006-09-30": "3.05550", "2006-06-30": "2.93610", "2006-03-31": "3.51210", "2005-12-31": "3.58520", "2005-09-30": "3.58640", "2005-06-30": "3.33840", "2005-03-31": "3.41860"}, "Days Sales In Receivables": {"2020-09-30": "41.78000", "2020-06-30": "42.33870", "2020-03-31": "42.81200", "2019-12-31": "43.76580", "2019-09-30": "48.10350", "2019-06-30": "48.91140", "2019-03-31": "46.46740", "2018-12-31": "43.28790", "2018-09-30": "46.43900", "2018-06-30": "43.96590", "2018-03-31": "47.77800", "2017-12-31": "43.21550", "2017-09-30": "46.64900", "2017-06-30": "46.05690", "2017-03-31": "40.75630", "2016-12-31": "37.83180", "2016-09-30": "36.74530", "2016-06-30": "34.67970", "2016-03-31": "34.80350", "2015-12-31": "35.97280", "2015-09-30": "38.42030", "2015-06-30": "39.73510", "2015-03-31": "38.88680", "2014-12-31": "37.03260", "2014-09-30": "39.92930", "2014-06-30": "35.37040", "2014-03-31": "33.13560", "2013-12-31": "29.46040", "2013-09-30": "33.08510", "2013-06-30": "34.26210", "2013-03-31": "32.28750", "2012-12-31": "29.37100", "2012-09-30": "33.77970", "2012-06-30": "33.42400", "2012-03-31": "32.19550", "2011-12-31": "31.32790", "2011-09-30": "31.78930", "2011-06-30": "31.97880", "2011-03-31": "28.31350", "2010-12-31": "32.61110", "2010-09-30": "31.49850", "2010-06-30": "32.29700", "2010-03-31": "25.23630", "2009-12-31": "24.03210", "2009-09-30": "26.73170", "2009-06-30": "28.41930", "2009-03-31": "27.11420", "2008-12-31": "31.16490", "2008-09-30": "30.55400", "2008-06-30": "33.01160", "2008-03-31": "33.65000", "2007-12-31": "38.98680", "2007-09-30": "42.64560", "2007-06-30": "27.57710", "2007-03-31": "29.36910", "2006-12-31": "30.30840", "2006-09-30": "29.45510", "2006-06-30": "30.65340", "2006-03-31": "25.62550", "2005-12-31": "25.10320", "2005-09-30": "25.09480", "2005-06-30": "26.95940", "2005-03-31": "26.32670"}, "ROE - Return On Equity": {"2020-09-30": "0.63310", "2020-06-30": "1.28370", "2020-03-31": "1.37220", "2019-12-31": "1.41210", "2019-09-30": "1.37900", "2019-06-30": "1.64420", "2019-03-31": "1.39760", "2018-12-31": "1.52400", "2018-09-30": "1.74330", "2018-06-30": "0.97650", "2018-03-31": "0.88080", "2017-12-31": "0.95210", "2017-09-30": "1.22130", "2017-06-30": "0.70210", "2017-03-31": "0.64530", "2016-12-31": "1.45820", "2016-09-30": "1.05480", "2016-06-30": "0.83520", "2016-03-31": "-0.77460", "2015-12-31": "0.39090", "2015-09-30": "2.76300", "2015-06-30": "2.69950", "2015-03-31": "3.53660", "2014-12-31": "-15.64240", "2014-09-30": "1.65380", "2014-06-30": "0.37570", "2014-03-31": "1.64230", "2013-12-31": "1.84510", "2013-09-30": "1.74290", "2013-06-30": "-1.09380", "2013-03-31": "1.42100", "2012-12-31": "1.36200", "2012-09-30": "1.19300", "2012-06-30": "1.80350", "2012-03-31": "1.67980", "2011-12-31": "0.83600", "2011-09-30": "0.99650", "2011-06-30": "1.48890", "2011-03-31": "1.26520", "2010-12-31": "0.69620", "2010-09-30": "0.60390", "2010-06-30": "-0.12990", "2010-03-31": "1.19570", "2009-12-31": "1.49870", "2009-09-30": "1.65830", "2009-06-30": "1.59620", "2009-03-31": "1.65640", "2008-12-31": "10.67600", "2008-09-30": "0.66360", "2008-06-30": "0.08060", "2008-03-31": "0.45030", "2007-12-31": "-1.32310", "2007-09-30": "0.50620", "2007-06-30": "0.27490", "2007-03-31": "-1.04820", "2006-12-31": "2.56630", "2006-09-30": "-1.57760", "2006-06-30": "-1.66180", "2006-03-31": "-1.77450", "2005-12-31": "-11.29440", "2005-09-30": "-0.24850", "2005-06-30": "-1.10290", "2005-03-31": "-1.87300"}, "Return On Tangible Equity": {"2020-09-30": "1.97510", "2020-06-30": "4.04430", "2020-03-31": "7.28330", "2019-12-31": "6.38170", "2019-09-30": "6.08840", "2019-06-30": "8.10000", "2019-03-31": "8.57220", "2018-12-31": "221.84000", "2018-09-30": "-164.77700", "2018-06-30": "-17.52400", "2018-03-31": "21.04970", "2017-12-31": "122.91810", "2017-09-30": "-410.83410", "2017-06-30": "-54.45190", "2017-03-31": "1.52720", "2016-12-31": "9.63830", "2016-09-30": "6.94950", "2016-06-30": "5.41120", "2016-03-31": "-6.07340", "2015-12-31": "0.73620", "2015-09-30": "10.77690", "2015-06-30": "5.59100", "2015-03-31": "7.34210", "2014-12-31": "-31.69220", "2014-09-30": "3.03470", "2014-06-30": "0.69290", "2014-03-31": "3.19820", "2013-12-31": "3.68070", "2013-09-30": "3.46330", "2013-06-30": "-2.26780", "2013-03-31": "2.94150", "2012-12-31": "2.94660", "2012-09-30": "2.69250", "2012-06-30": "3.49740", "2012-03-31": "3.34350", "2011-12-31": "1.74160", "2011-09-30": "2.01000", "2011-06-30": "3.06420", "2011-03-31": "2.39790", "2010-12-31": "1.37060", "2010-09-30": "1.21680", "2010-06-30": "-0.27310", "2010-03-31": "1.81690", "2009-12-31": "2.36160", "2009-09-30": "2.66910", "2009-06-30": "2.65900", "2009-03-31": "2.81770", "2008-12-31": "18.71490", "2008-09-30": "1.52730", "2008-06-30": "0.20330", "2008-03-31": "1.22990", "2007-12-31": "-3.54130", "2007-09-30": "1.31250", "2007-06-30": "0.28580", "2007-03-31": "-1.09210", "2006-12-31": "2.69890", "2006-09-30": "-1.69510", "2006-06-30": "-1.78970", "2006-03-31": "-1.91340", "2005-12-31": "-12.21040", "2005-09-30": "-0.26660", "2005-06-30": "-1.18430", "2005-03-31": "-2.01520"}, "ROA - Return On Assets": {"2020-09-30": "0.25280", "2020-06-30": "0.47980", "2020-03-31": "0.50430", "2019-12-31": "0.52090", "2019-09-30": "0.52890", "2019-06-30": "0.62850", "2019-03-31": "0.52350", "2018-12-31": "0.54350", "2018-09-30": "0.61530", "2018-06-30": "0.33690", "2018-03-31": "0.31540", "2017-12-31": "0.34890", "2017-09-30": "0.43640", "2017-06-30": "0.26210", "2017-03-31": "0.24480", "2016-12-31": "0.50490", "2016-09-30": "0.37240", "2016-06-30": "0.29620", "2016-03-31": "-0.27660", "2015-12-31": "0.10360", "2015-09-30": "0.53380", "2015-06-30": "0.75980", "2015-03-31": "0.98930", "2014-12-31": "-4.56310", "2014-09-30": "0.57570", "2014-06-30": "0.13190", "2014-03-31": "0.53470", "2013-12-31": "0.60560", "2013-09-30": "0.57860", "2013-06-30": "-0.35730", "2013-03-31": "0.43720", "2012-12-31": "0.51350", "2012-09-30": "0.44480", "2012-06-30": "0.65140", "2012-03-31": "0.58820", "2011-12-31": "0.28210", "2011-09-30": "0.35210", "2011-06-30": "0.61850", "2011-03-31": "0.54050", "2010-12-31": "0.29430", "2010-09-30": "0.24990", "2010-06-30": "-0.05310", "2010-03-31": "0.38710", "2009-12-31": "0.58330", "2009-09-30": "0.63500", "2009-06-30": "0.61340", "2009-03-31": "0.63950", "2008-12-31": "4.01950", "2008-09-30": "0.24240", "2008-06-30": "0.03040", "2008-03-31": "0.16600", "2007-12-31": "-0.49390", "2007-09-30": "0.19360", "2007-06-30": "0.10350", "2007-03-31": "-0.41500", "2006-12-31": "1.18040", "2006-09-30": "-0.70730", "2006-06-30": "-0.77140", "2006-03-31": "-0.81350", "2005-12-31": "-4.78770", "2005-09-30": "-0.14680", "2005-06-30": "-0.65110", "2005-03-31": "-1.11840"}, "ROI - Return On Investment": {"2020-09-30": "0.32380", "2020-06-30": "0.60420", "2020-03-31": "0.59830", "2019-12-31": "0.62820", "2019-09-30": "0.63210", "2019-06-30": "0.75250", "2019-03-31": "0.62150", "2018-12-31": "0.60790", "2018-09-30": "0.68610", "2018-06-30": "0.37560", "2018-03-31": "0.34770", "2017-12-31": "0.38850", "2017-09-30": "0.48650", "2017-06-30": "0.29240", "2017-03-31": "0.27100", "2016-12-31": "0.58110", "2016-09-30": "0.44590", "2016-06-30": "0.35400", "2016-03-31": "-0.32980", "2015-12-31": "0.12910", "2015-09-30": "0.69810", "2015-06-30": "0.89050", "2015-03-31": "1.13270", "2014-12-31": "-5.19670", "2014-09-30": "0.66060", "2014-06-30": "0.15400", "2014-03-31": "0.61470", "2013-12-31": "0.69300", "2013-09-30": "0.66360", "2013-06-30": "-0.41270", "2013-03-31": "0.54990", "2012-12-31": "0.59940", "2012-09-30": "0.51990", "2012-06-30": "0.76490", "2012-03-31": "0.72020", "2011-12-31": "0.34680", "2011-09-30": "0.42430", "2011-06-30": "0.76050", "2011-03-31": "0.61580", "2010-12-31": "0.33560", "2010-09-30": "0.28310", "2010-06-30": "-0.06020", "2010-03-31": "0.43870", "2009-12-31": "0.68110", "2009-09-30": "0.73160", "2009-06-30": "0.70130", "2009-03-31": "0.75490", "2008-12-31": "4.78630", "2008-09-30": "0.28450", "2008-06-30": "0.03540", "2008-03-31": "0.19560", "2007-12-31": "-0.56710", "2007-09-30": "0.22100", "2007-06-30": "0.12400", "2007-03-31": "-0.48420", "2006-12-31": "1.44450", "2006-09-30": "-0.91490", "2006-06-30": "-0.94910", "2006-03-31": "-0.99770", "2005-12-31": "-6.17010", "2005-09-30": "-0.17320", "2005-06-30": "-0.76530", "2005-03-31": "-1.29720"}, "Book Value Per Share": {"2020-09-30": "118.47060", "2020-06-30": "117.31650", "2020-03-31": "100.89140", "2019-12-31": "103.62900", "2019-09-30": "102.73370", "2019-06-30": "103.15170", "2019-03-31": "100.21160", "2018-12-31": "89.43390", "2018-09-30": "89.06800", "2018-06-30": "87.09220", "2018-03-31": "89.86570", "2017-12-31": "86.66450", "2017-09-30": "83.62370", "2017-06-30": "83.69570", "2017-03-31": "83.65640", "2016-12-31": "61.13840", "2016-09-30": "64.77690", "2016-06-30": "66.20420", "2016-03-31": "69.41150", "2015-12-31": "44.20910", "2015-09-30": "25.98630", "2015-06-30": "38.67040", "2015-03-31": "37.97700", "2014-12-31": "40.21420", "2014-09-30": "48.71690", "2014-06-30": "50.43910", "2014-03-31": "50.51900", "2013-12-31": "49.58890", "2013-09-30": "49.27970", "2013-06-30": "46.78200", "2013-03-31": "47.47190", "2012-12-31": "47.42990", "2012-09-30": "45.93620", "2012-06-30": "42.91010", "2012-03-31": "43.45810", "2011-12-31": "41.82920", "2011-09-30": "42.70210", "2011-06-30": "43.88640", "2011-03-31": "42.45850", "2010-12-31": "40.73290", "2010-09-30": "40.30900", "2010-06-30": "38.38990", "2010-03-31": "29.84240", "2009-12-31": "30.07720", "2009-09-30": "29.10070", "2009-06-30": "28.29820", "2009-03-31": "24.59140", "2008-12-31": "24.28560", "2008-09-30": "22.41630", "2008-06-30": "23.63300", "2008-03-31": "22.93170", "2007-12-31": "22.27600", "2007-09-30": "22.44720", "2007-06-30": "13.94210", "2007-03-31": "13.52220", "2006-12-31": "12.02790", "2006-09-30": "11.22790", "2006-06-30": "10.99800", "2006-03-31": "10.74580", "2005-12-31": "10.51820", "2005-09-30": "13.02560", "2005-06-30": "13.03640", "2005-03-31": "13.12920"}, "Operating Cash Flow Per Share": {"2020-09-30": 5.7202, "2020-06-30": 6.418, "2020-03-31": "5.99960", "2019-12-31": 6.4351, "2019-09-30": 5.7245, "2019-06-30": 6.2429, "2019-03-31": "5.13020", "2018-12-31": 6.9825, "2018-09-30": 5.1265, "2018-06-30": 6.7502, "2018-03-31": "3.77790", "2017-12-31": 6.5659, "2017-09-30": 4.9419, "2017-06-30": 3.6829, "2017-03-31": "3.37170", "2016-12-31": 4.3992, "2016-09-30": 4.5507, "2016-06-30": 3.9058, "2016-03-31": "1.53870", "2015-12-31": 3.8693, "2015-09-30": 3.6873, "2015-06-30": 3.6758, "2015-03-31": "4.06820", "2014-12-31": 4.3486, "2014-09-30": 3.5781, "2014-06-30": 2.024, "2014-03-31": "3.21650", "2013-12-31": 3.8915, "2013-09-30": 3.4877, "2013-06-30": 3.1109, "2013-03-31": "1.57410", "2012-12-31": 4.0628, "2012-09-30": 2.0073, "2012-06-30": 3.6599, "2012-03-31": "2.46750", "2011-12-31": 3.9189, "2011-09-30": 3.2483, "2011-06-30": 2.6006, "2011-03-31": "2.49410", "2010-12-31": 2.9833, "2010-09-30": 2.1821, "2010-06-30": 1.1552, "2010-03-31": "2.44690", "2009-12-31": 2.116, "2009-09-30": 2.6361, "2009-06-30": 1.9696, "2009-03-31": "2.23820", "2008-12-31": 1.4043, "2008-09-30": 1.6605, "2008-06-30": 1.6793, "2008-03-31": "1.69040", "2007-12-31": 0.4767, "2007-09-30": 1.4374, "2007-06-30": 1.0998, "2007-03-31": "0.66830", "2006-12-31": 0.9173, "2006-09-30": 0.7089, "2006-06-30": 0.5558, "2006-03-31": "0.45930", "2005-12-31": 0.7849, "2005-09-30": 0.623, "2005-06-30": 0.7108, "2005-03-31": "0.70290"}, "Free Cash Flow Per Share": {"2020-09-30": -0.8639, "2020-06-30": 0.511, "2020-03-31": "0.92310", "2019-12-31": 0.8178, "2019-09-30": -0.8834, "2019-06-30": 0.6531, "2019-03-31": "0.62680", "2018-12-31": -2.0967, "2018-09-30": -2.6229, "2018-06-30": -0.1067, "2018-03-31": "-0.79750", "2017-12-31": 0.4101, "2017-09-30": 0.6871, "2017-06-30": -0.6021, "2017-03-31": "-0.32500", "2016-12-31": -0.7102, "2016-09-30": 12.0023, "2016-06-30": 0.2774, "2016-03-31": "-1.26880", "2015-12-31": -0.7852, "2015-09-30": -0.0307, "2015-06-30": -0.1581, "2015-03-31": "0.77600", "2014-12-31": -0.6426, "2014-09-30": 1.109, "2014-06-30": -1.1473, "2014-03-31": "0.91820", "2013-12-31": -0.7035, "2013-09-30": -0.7416, "2013-06-30": 0.4453, "2013-03-31": "0.15920", "2012-12-31": -0.6442, "2012-09-30": -1.9834, "2012-06-30": -0.0231, "2012-03-31": "-0.38180", "2011-12-31": -0.1403, "2011-09-30": 0.0703, "2011-06-30": -1.0322, "2011-03-31": "-1.53110", "2010-12-31": -0.9364, "2010-09-30": -0.446, "2010-06-30": -2.0432, "2010-03-31": "-1.06860", "2009-12-31": -0.484, "2009-09-30": 0.4901, "2009-06-30": 0.2112, "2009-03-31": "-0.57140", "2008-12-31": -1.3105, "2008-09-30": -0.8417, "2008-06-30": -0.4822, "2008-03-31": "-1.68170", "2007-12-31": -2.1578, "2007-09-30": -3.0965, "2007-06-30": -4.4635, "2007-03-31": "-1.80820", "2006-12-31": -0.5907, "2006-09-30": -0.8909, "2006-06-30": -0.8087, "2006-03-31": "-0.49630", "2005-12-31": -2.4287, "2005-09-30": -1.104, "2005-06-30": 0.3134, "2005-03-31": "0.45070"}}, "revenue": {"Equinix Annual Revenue (Millions of US $)": {"2019": "$5,562", "2018": "$5,072", "2017": "$4,368", "2016": "$3,612", "2015": "$2,726", "2014": "$2,444", "2013": "$2,153", "2012": "$1,887", "2011": "$1,566", "2010": "$1,196", "2009": "$883", "2008": "$705", "2007": "$419", "2006": "$287", "2005": "$221"}, "Equinix Quarterly Revenue (Millions of US $)": {"2020-09-30": "$1,520", "2020-06-30": "$1,470", "2020-03-31": "$1,445", "2019-12-31": "$1,417", "2019-09-30": "$1,397", "2019-06-30": "$1,385", "2019-03-31": "$1,363", "2018-12-31": "$1,310", "2018-09-30": "$1,284", "2018-06-30": "$1,262", "2018-03-31": "$1,216", "2017-12-31": "$1,200", "2017-09-30": "$1,152", "2017-06-30": "$1,066", "2017-03-31": "$950", "2016-12-31": "$943", "2016-09-30": "$925", "2016-06-30": "$901", "2016-03-31": "$844", "2015-12-31": "$730", "2015-09-30": "$687", "2015-06-30": "$666", "2015-03-31": "$643", "2014-12-31": "$638", "2014-09-30": "$620", "2014-06-30": "$605", "2014-03-31": "$580", "2013-12-31": "$565", "2013-09-30": "$543", "2013-06-30": "$529", "2013-03-31": "$516", "2012-12-31": "$502", "2012-09-30": "$485", "2012-06-30": "$457", "2012-03-31": "$443", "2011-12-31": "$399", "2011-09-30": "$408", "2011-06-30": "$395", "2011-03-31": "$363", "2010-12-31": "$321", "2010-09-30": "$330", "2010-06-30": "$296", "2010-03-31": "$249", "2009-12-31": "$243", "2009-09-30": "$228", "2009-06-30": "$213", "2009-03-31": "$199", "2008-12-31": "$191", "2008-09-30": "$184", "2008-06-30": "$172", "2008-03-31": "$158", "2007-12-31": "$139", "2007-09-30": "$104", "2007-06-30": "$92", "2007-03-31": "$85", "2006-12-31": "$80", "2006-09-30": "$74", "2006-06-30": "$69", "2006-03-31": "$65", "2005-12-31": "$62", "2005-09-30": "$58", "2005-06-30": "$52", "2005-03-31": "$49"}}, "gross-profit": {"Equinix Annual Gross Profit (Millions of US $)": {"2019": "$2,752", "2018": "$2,466", "2017": "$2,175", "2016": "$1,791", "2015": "$1,434", "2014": "$1,246", "2013": "$1,088", "2012": "$943", "2011": "$737", "2010": "$544", "2009": "$399", "2008": "$290", "2007": "$156", "2006": "$99", "2005": "$63"}, "Equinix Quarterly Gross Profit (Millions of US $)": {"2020-09-30": "$752", "2020-06-30": "$731", "2020-03-31": "$708", "2019-12-31": "$691", "2019-09-30": "$692", "2019-06-30": "$687", "2019-03-31": "$681", "2018-12-31": "$639", "2018-09-30": "$623", "2018-06-30": "$610", "2018-03-31": "$593", "2017-12-31": "$581", "2017-09-30": "$570", "2017-06-30": "$544", "2017-03-31": "$481", "2016-12-31": "$477", "2016-09-30": "$454", "2016-06-30": "$444", "2016-03-31": "$416", "2015-12-31": "$378", "2015-09-30": "$361", "2015-06-30": "$350", "2015-03-31": "$345", "2014-12-31": "$325", "2014-09-30": "$316", "2014-06-30": "$312", "2014-03-31": "$293", "2013-12-31": "$295", "2013-09-30": "$274", "2013-06-30": "$262", "2013-03-31": "$258", "2012-12-31": "$251", "2012-09-30": "$234", "2012-06-30": "$232", "2012-03-31": "$226", "2011-12-31": "$200", "2011-09-30": "$188", "2011-06-30": "$179", "2011-03-31": "$168", "2010-12-31": "$150", "2010-09-30": "$145", "2010-06-30": "$134", "2010-03-31": "$116", "2009-12-31": "$115", "2009-09-30": "$102", "2009-06-30": "$95", "2009-03-31": "$87", "2008-12-31": "$82", "2008-09-30": "$74", "2008-06-30": "$70", "2008-03-31": "$64", "2007-12-31": "$46", "2007-09-30": "$41", "2007-06-30": "$36", "2007-03-31": "$32", "2006-12-31": "$29", "2006-09-30": "$25", "2006-06-30": "$23", "2006-03-31": "$22", "2005-12-31": "$20", "2005-09-30": "$17", "2005-06-30": "$14", "2005-03-31": "$12"}}, "operating-income": {"Equinix Annual Operating Income (Millions of US $)": {"2019": "$1,170", "2018": "$977", "2017": "$809", "2016": "$619", "2015": "$567", "2014": "$509", "2013": "$461", "2012": "$393", "2011": "$306", "2010": "$194", "2009": "$181", "2008": "$73", "2007": "$10", "2006": "$2", "2005": "$-37"}, "Equinix Quarterly Operating Income (Millions of US $)": {"2020-09-30": "$288", "2020-06-30": "$282", "2020-03-31": "$253", "2019-12-31": "$313", "2019-09-30": "$285", "2019-06-30": "$292", "2019-03-31": "$280", "2018-12-31": "$271", "2018-09-30": "$266", "2018-06-30": "$215", "2018-03-31": "$226", "2017-12-31": "$232", "2017-09-30": "$225", "2017-06-30": "$185", "2017-03-31": "$167", "2016-12-31": "$184", "2016-09-30": "$170", "2016-06-30": "$152", "2016-03-31": "$113", "2015-12-31": "$136", "2015-09-30": "$141", "2015-06-30": "$139", "2015-03-31": "$151", "2014-12-31": "$128", "2014-09-30": "$135", "2014-06-30": "$125", "2014-03-31": "$122", "2013-12-31": "$125", "2013-09-30": "$115", "2013-06-30": "$116", "2013-03-31": "$105", "2012-12-31": "$97", "2012-09-30": "$93", "2012-06-30": "$102", "2012-03-31": "$101", "2011-12-31": "$82", "2011-09-30": "$77", "2011-06-30": "$75", "2011-03-31": "$71", "2010-12-31": "$53", "2010-09-30": "$52", "2010-06-30": "$40", "2010-03-31": "$48", "2009-12-31": "$51", "2009-09-30": "$46", "2009-06-30": "$41", "2009-03-31": "$44", "2008-12-31": "$25", "2008-09-30": "$21", "2008-06-30": "$13", "2008-03-31": "$14", "2007-12-31": "$1", "2007-09-30": "$6", "2007-06-30": "$2", "2007-03-31": "$1", "2006-12-31": "$11", "2006-09-30": "$-3", "2006-06-30": "$-3", "2006-03-31": "$-3", "2005-12-31": "$-31", "2005-09-30": "$0", "2005-06-30": "$-3", "2005-03-31": "$-3"}}, "ebitda": {"Equinix Annual EBITDA (Millions of US $)": {"2019": "$2,468", "2018": "$2,218", "2017": "$1,876", "2016": "$1,475", "2015": "$1,109", "2014": "$1,010", "2013": "$917", "2012": "$815", "2011": "$686", "2010": "$482", "2009": "$373", "2008": "$244", "2007": "$118", "2006": "$75", "2005": "$28"}, "Equinix Quarterly EBITDA (Millions of US $)": {"2020-09-30": "$653", "2020-06-30": "$636", "2020-03-31": "$593", "2019-12-31": "$647", "2019-09-30": "$610", "2019-06-30": "$614", "2019-03-31": "$596", "2018-12-31": "$581", "2018-09-30": "$575", "2018-06-30": "$526", "2018-03-31": "$538", "2017-12-31": "$529", "2017-09-30": "$508", "2017-06-30": "$444", "2017-03-31": "$396", "2016-12-31": "$400", "2016-09-30": "$387", "2016-06-30": "$369", "2016-03-31": "$319", "2015-12-31": "$285", "2015-09-30": "$277", "2015-06-30": "$270", "2015-03-31": "$277", "2014-12-31": "$264", "2014-09-30": "$259", "2014-06-30": "$245", "2014-03-31": "$242", "2013-12-31": "$238", "2013-09-30": "$231", "2013-06-30": "$231", "2013-03-31": "$218", "2012-12-31": "$206", "2012-09-30": "$205", "2012-06-30": "$203", "2012-03-31": "$202", "2011-12-31": "$184", "2011-09-30": "$176", "2011-06-30": "$168", "2011-03-31": "$157", "2010-12-31": "$137", "2010-09-30": "$132", "2010-06-30": "$110", "2010-03-31": "$102", "2009-12-31": "$100", "2009-09-30": "$97", "2009-06-30": "$89", "2009-03-31": "$88", "2008-12-31": "$71", "2008-09-30": "$66", "2008-06-30": "$54", "2008-03-31": "$52", "2007-12-31": "$42", "2007-09-30": "$30", "2007-06-30": "$25", "2007-03-31": "$21", "2006-12-31": "$31", "2006-09-30": "$16", "2006-06-30": "$14", "2006-03-31": "$14", "2005-12-31": "$-13", "2005-09-30": "$16", "2005-06-30": "$13", "2005-03-31": "$12"}}, "net-income": {"Equinix Annual Net Income (Millions of US $)": {"2019": "$507", "2018": "$365", "2017": "$233", "2016": "$127", "2015": "$188", "2014": "$-260", "2013": "$95", "2012": "$140", "2011": "$95", "2010": "$37", "2009": "$69", "2008": "$108", "2007": "$-10", "2006": "$-6", "2005": "$-43"}, "Equinix Quarterly Net Income (Millions of US $)": {"2020-09-30": "$67", "2020-06-30": "$133", "2020-03-31": "$119", "2019-12-31": "$125", "2019-09-30": "$121", "2019-06-30": "$144", "2019-03-31": "$118", "2018-12-31": "$110", "2018-09-30": "$125", "2018-06-30": "$68", "2018-03-31": "$63", "2017-12-31": "$65", "2017-09-30": "$80", "2017-06-30": "$46", "2017-03-31": "$42", "2016-12-31": "$62", "2016-09-30": "$51", "2016-06-30": "$45", "2016-03-31": "$-31", "2015-12-31": "$11", "2015-09-30": "$41", "2015-06-30": "$59", "2015-03-31": "$76", "2014-12-31": "$-355", "2014-09-30": "$43", "2014-06-30": "$11", "2014-03-31": "$41", "2013-12-31": "$45", "2013-09-30": "$42", "2013-06-30": "$-26", "2013-03-31": "$33", "2012-12-31": "$42", "2012-09-30": "$27", "2012-06-30": "$36", "2012-03-31": "$35", "2011-12-31": "$19", "2011-09-30": "$20", "2011-06-30": "$31", "2011-03-31": "$25", "2010-12-31": "$14", "2010-09-30": "$11", "2010-06-30": "$-2", "2010-03-31": "$14", "2009-12-31": "$18", "2009-09-30": "$19", "2009-06-30": "$17", "2009-03-31": "$15", "2008-12-31": "$98", "2008-09-30": "$6", "2008-06-30": "$1", "2008-03-31": "$4", "2007-12-31": "$-11", "2007-09-30": "$4", "2007-06-30": "$1", "2007-03-31": "$-4", "2006-12-31": "$9", "2006-09-30": "$-5", "2006-06-30": "$-5", "2006-03-31": "$-5", "2005-12-31": "$-33", "2005-09-30": "$-1", "2005-06-30": "$-3", "2005-03-31": "$-6"}}, "eps-earnings-per-share-diluted": {"Equinix Annual EPS": {"2019": "$5.99", "2018": "$4.56", "2017": "$3.00", "2016": "$1.79", "2015": "$3.21", "2014": "$-4.96", "2013": "$1.89", "2012": "$2.83", "2011": "$1.74", "2010": "$0.82", "2009": "$1.75", "2008": "$2.79", "2007": "$-0.30", "2006": "$-0.22", "2005": "$-1.78"}, "Equinix Quarterly EPS": {"2020-09-30": "$0.74", "2020-06-30": "$1.52", "2020-03-31": "$1.38", "2019-12-31": "$1.45", "2019-09-30": "$1.41", "2019-06-30": "$1.69", "2019-03-31": "$1.44", "2018-12-31": "$1.37", "2018-09-30": "$1.55", "2018-06-30": "$0.85", "2018-03-31": "$0.79", "2017-12-31": "$0.83", "2017-09-30": "$1.02", "2017-06-30": "$0.58", "2017-03-31": "$0.57", "2016-12-31": "$0.89", "2016-09-30": "$0.72", "2016-06-30": "$0.64", "2016-03-31": "$-0.46", "2015-12-31": "$0.13", "2015-09-30": "$0.71", "2015-06-30": "$1.03", "2015-03-31": "$1.34", "2014-12-31": "$-6.78", "2014-09-30": "$0.79", "2014-06-30": "$0.22", "2014-03-31": "$0.81", "2013-12-31": "$0.93", "2013-09-30": "$0.83", "2013-06-30": "$-0.52", "2013-03-31": "$0.65", "2012-12-31": "$0.85", "2012-09-30": "$0.54", "2012-06-30": "$0.73", "2012-03-31": "$0.71", "2011-12-31": "$0.37", "2011-09-30": "$0.20", "2011-06-30": "$0.64", "2011-03-31": "$0.53", "2010-12-31": "$0.28", "2010-09-30": "$0.24", "2010-06-30": "$-0.05", "2010-03-31": "$0.35", "2009-12-31": "$0.44", "2009-09-30": "$0.47", "2009-06-30": "$0.44", "2009-03-31": "$0.40", "2008-12-31": "$2.52", "2008-09-30": "$0.15", "2008-06-30": "$0.02", "2008-03-31": "$0.10", "2007-12-31": "$-0.31", "2007-09-30": "$0.12", "2007-06-30": "$0.04", "2007-03-31": "$-0.15", "2006-12-31": "$0.33", "2006-09-30": "$-0.18", "2006-06-30": "$-0.19", "2006-03-31": "$-0.18", "2005-12-31": "$-1.35", "2005-09-30": "$-0.03", "2005-06-30": "$-0.14", "2005-03-31": "$-0.26"}}, "shares-outstanding": {"Equinix Annual Shares Outstanding (Millions of Shares)": {"2019": "85", "2018": "80", "2017": "78", "2016": "71", "2015": "58", "2014": "52", "2013": "50", "2012": "52", "2011": "48", "2010": "45", "2009": "40", "2008": "42", "2007": "33", "2006": "29", "2005": "24"}, "Equinix Quarterly Shares Outstanding (Millions of Shares)": {"2020-09-30": "90", "2020-06-30": "88", "2020-03-31": "86", "2019-12-31": "85", "2019-09-30": "86", "2019-06-30": "85", "2019-03-31": "82", "2018-12-31": "80", "2018-09-30": "80", "2018-06-30": "80", "2018-03-31": "80", "2017-12-31": "78", "2017-09-30": "79", "2017-06-30": "79", "2017-03-31": "73", "2016-12-31": "71", "2016-09-30": "72", "2016-06-30": "70", "2016-03-31": "68", "2015-12-31": "58", "2015-09-30": "58", "2015-06-30": "57", "2015-03-31": "57", "2014-12-31": "52", "2014-09-30": "55", "2014-06-30": "52", "2014-03-31": "53", "2013-12-31": "50", "2013-09-30": "54", "2013-06-30": "49", "2013-03-31": "53", "2012-12-31": "52", "2012-09-30": "53", "2012-06-30": "52", "2012-03-31": "51", "2011-12-31": "48", "2011-09-30": "48", "2011-06-30": "51", "2011-03-31": "47", "2010-12-31": "45", "2010-09-30": "47", "2010-06-30": "44", "2010-03-31": "41", "2009-12-31": "40", "2009-09-30": "40", "2009-06-30": "39", "2009-03-31": "39", "2008-12-31": "42", "2008-09-30": "38", "2008-06-30": "38", "2008-03-31": "37", "2007-12-31": "33", "2007-09-30": "33", "2007-06-30": "33", "2007-03-31": "30", "2006-12-31": "29", "2006-09-30": "29", "2006-06-30": "28", "2006-03-31": "28", "2005-12-31": "24", "2005-09-30": "24", "2005-06-30": "24", "2005-03-31": "22"}}, "total-assets": {"Equinix Annual Total Assets (Millions of US $)": {"2019": "$23,966", "2018": "$20,245", "2017": "$18,691", "2016": "$12,608", "2015": "$10,357", "2014": "$7,782", "2013": "$7,492", "2012": "$6,136", "2011": "$5,785", "2010": "$4,448", "2009": "$3,038", "2008": "$2,435", "2007": "$2,182", "2006": "$772", "2005": "$681"}, "Equinix Quarterly Total Assets (Millions of US $)": {"2020-09-30": "$26,437", "2020-06-30": "$27,793", "2020-03-31": "$23,591", "2019-12-31": "$23,966", "2019-09-30": "$22,842", "2019-06-30": "$22,887", "2019-03-31": "$22,491", "2018-12-31": "$20,245", "2018-09-30": "$20,288", "2018-06-30": "$20,070", "2018-03-31": "$19,942", "2017-12-31": "$18,691", "2017-09-30": "$18,309", "2017-06-30": "$17,474", "2017-03-31": "$17,185", "2016-12-31": "$12,608", "2016-09-30": "$13,098", "2016-06-30": "$13,269", "2016-03-31": "$13,496", "2015-12-31": "$10,357", "2015-09-30": "$7,706", "2015-06-30": "$7,826", "2015-03-31": "$7,728", "2014-12-31": "$7,782", "2014-09-30": "$7,462", "2014-06-30": "$7,640", "2014-03-31": "$7,731", "2013-12-31": "$7,492", "2013-09-30": "$7,389", "2013-06-30": "$7,078", "2013-03-31": "$7,613", "2012-12-31": "$6,136", "2012-09-30": "$5,991", "2012-06-30": "$5,725", "2012-03-31": "$5,884", "2011-12-31": "$5,785", "2011-09-30": "$5,731", "2011-06-30": "$4,969", "2011-03-31": "$4,653", "2010-12-31": "$4,448", "2010-09-30": "$4,481", "2010-06-30": "$4,282", "2010-03-31": "$3,668", "2009-12-31": "$3,038", "2009-09-30": "$2,963", "2009-06-30": "$2,843", "2009-03-31": "$2,417", "2008-12-31": "$2,435", "2008-09-30": "$2,292", "2008-06-30": "$2,331", "2008-03-31": "$2,287", "2007-12-31": "$2,182", "2007-09-30": "$2,131", "2007-06-30": "$1,175", "2007-03-31": "$1,074", "2006-12-31": "$772", "2006-09-30": "$731", "2006-06-30": "$683", "2006-03-31": "$669", "2005-12-31": "$681", "2005-09-30": "$533", "2005-06-30": "$527", "2005-03-31": "$518"}}, "cash-on-hand": {"Equinix Annual Cash on Hand (Millions of US $)": {"2019": "$1,880", "2018": "$611", "2017": "$1,441", "2016": "$752", "2015": "$2,721", "2014": "$1,143", "2013": "$632", "2012": "$419", "2011": "$915", "2010": "$590", "2009": "$595", "2008": "$262", "2007": "$354", "2006": "$131", "2005": "$171"}, "Equinix Quarterly Cash on Hand (Millions of US $)": {"2020-09-30": "$2,659", "2020-06-30": "$4,807", "2020-03-31": "$1,197", "2019-12-31": "$1,880", "2019-09-30": "$1,422", "2019-06-30": "$1,631", "2019-03-31": "$1,648", "2018-12-31": "$611", "2018-09-30": "$886", "2018-06-30": "$985", "2018-03-31": "$2,051", "2017-12-31": "$1,441", "2017-09-30": "$1,630", "2017-06-30": "$1,068", "2017-03-31": "$4,938", "2016-12-31": "$752", "2016-09-30": "$1,014", "2016-06-30": "$490", "2016-03-31": "$650", "2015-12-31": "$2,721", "2015-09-30": "$829", "2015-06-30": "$955", "2015-03-31": "$1,059", "2014-12-31": "$1,143", "2014-09-30": "$485", "2014-06-30": "$616", "2014-03-31": "$818", "2013-12-31": "$632", "2013-09-30": "$746", "2013-06-30": "$841", "2013-03-31": "$1,762", "2012-12-31": "$419", "2012-09-30": "$404", "2012-06-30": "$770", "2012-03-31": "$917", "2011-12-31": "$915", "2011-09-30": "$1,071", "2011-06-30": "$392", "2011-03-31": "$455", "2010-12-31": "$590", "2010-09-30": "$712", "2010-06-30": "$717", "2010-03-31": "$1,180", "2009-12-31": "$595", "2009-09-30": "$609", "2009-06-30": "$581", "2009-03-31": "$252", "2008-12-31": "$262", "2008-09-30": "$263", "2008-06-30": "$216", "2008-03-31": "$299", "2007-12-31": "$354", "2007-09-30": "$407", "2007-06-30": "$302", "2007-03-31": "$381", "2006-12-31": "$131", "2006-09-30": "$146", "2006-06-30": "$131", "2006-03-31": "$144", "2005-12-31": "$171", "2005-09-30": "$84", "2005-06-30": "$108", "2005-03-31": "$91"}}, "long-term-debt": {"Equinix Annual Long Term Debt (Millions of US $)": {"2019": "$11,030", "2018": "$10,881", "2017": "$9,937", "2016": "$6,591", "2015": "$5,565", "2014": "$4,563", "2013": "$4,088", "2012": "$2,943", "2011": "$2,754", "2010": "$2,021", "2009": "$1,420", "2008": "$1,128", "2007": "$1,086", "2006": "$276", "2005": "$240"}, "Equinix Quarterly Long Term Debt (Millions of US $)": {"2020-09-30": "$10,083", "2020-06-30": "$11,681", "2020-03-31": "$11,213", "2019-12-31": "$11,030", "2019-09-30": "$10,352", "2019-06-30": "$10,368", "2019-03-31": "$10,520", "2018-12-31": "$10,881", "2018-09-30": "$11,033", "2018-06-30": "$11,079", "2018-03-31": "$10,947", "2017-12-31": "$9,937", "2017-09-30": "$9,881", "2017-06-30": "$9,143", "2017-03-31": "$9,001", "2016-12-31": "$6,591", "2016-09-30": "$6,314", "2016-06-30": "$6,397", "2016-03-31": "$6,498", "2015-12-31": "$5,565", "2015-09-30": "$4,403", "2015-06-30": "$4,474", "2015-03-31": "$4,588", "2014-12-31": "$4,563", "2014-09-30": "$3,906", "2014-06-30": "$3,863", "2014-03-31": "$4,207", "2013-12-31": "$4,088", "2013-09-30": "$3,989", "2013-06-30": "$3,816", "2013-03-31": "$3,710", "2012-12-31": "$2,943", "2012-09-30": "$2,892", "2012-06-30": "$2,808", "2012-03-31": "$2,746", "2011-12-31": "$2,754", "2011-09-30": "$2,730", "2011-06-30": "$1,977", "2011-03-31": "$2,096", "2010-12-31": "$2,021", "2010-09-30": "$2,101", "2010-06-30": "$2,029", "2010-03-31": "$2,049", "2009-12-31": "$1,420", "2009-09-30": "$1,437", "2009-06-30": "$1,394", "2009-03-31": "$1,114", "2008-12-31": "$1,128", "2008-09-30": "$1,116", "2008-06-30": "$1,119", "2008-03-31": "$1,098", "2007-12-31": "$1,086", "2007-09-30": "$1,052", "2007-06-30": "$539", "2007-03-31": "$495", "2006-12-31": "$276", "2006-09-30": "$237", "2006-06-30": "$238", "2006-03-31": "$239", "2005-12-31": "$240", "2005-09-30": "$137", "2005-06-30": "$137", "2005-03-31": "$137"}}, "total-liabilities": {"Equinix Annual Total Liabilities (Millions of US $)": {"2019": "$15,125", "2018": "$13,025", "2017": "$11,842", "2016": "$8,243", "2015": "$7,611", "2014": "$5,512", "2013": "$5,033", "2012": "$3,822", "2011": "$3,833", "2010": "$2,567", "2009": "$1,856", "2008": "$1,518", "2007": "$1,367", "2006": "$417", "2005": "$392"}, "Equinix Quarterly Total Liabilities (Millions of US $)": {"2020-09-30": "$15,881", "2020-06-30": "$17,404", "2020-03-31": "$14,921", "2019-12-31": "$15,125", "2019-09-30": "$14,081", "2019-06-30": "$14,137", "2019-03-31": "$14,066", "2018-12-31": "$13,025", "2018-09-30": "$13,128", "2018-06-30": "$13,146", "2018-03-31": "$12,801", "2017-12-31": "$11,842", "2017-09-30": "$11,766", "2017-06-30": "$10,950", "2017-03-31": "$10,667", "2016-12-31": "$8,243", "2016-09-30": "$8,474", "2016-06-30": "$8,564", "2016-03-31": "$8,677", "2015-12-31": "$7,611", "2015-09-30": "$6,217", "2015-06-30": "$5,623", "2015-03-31": "$5,566", "2014-12-31": "$5,512", "2014-09-30": "$4,864", "2014-06-30": "$4,957", "2014-03-31": "$5,214", "2013-12-31": "$5,033", "2013-09-30": "$4,936", "2013-06-30": "$4,766", "2013-03-31": "$5,271", "2012-12-31": "$3,822", "2012-09-30": "$3,757", "2012-06-30": "$3,657", "2012-03-31": "$3,824", "2011-12-31": "$3,833", "2011-09-30": "$3,706", "2011-06-30": "$2,905", "2011-03-31": "$2,665", "2010-12-31": "$2,567", "2010-09-30": "$2,627", "2010-06-30": "$2,532", "2010-03-31": "$2,480", "2009-12-31": "$1,856", "2009-09-30": "$1,828", "2009-06-30": "$1,751", "2009-03-31": "$1,484", "2008-12-31": "$1,518", "2008-09-30": "$1,455", "2008-06-30": "$1,452", "2008-03-31": "$1,444", "2007-12-31": "$1,367", "2007-09-30": "$1,316", "2007-06-30": "$733", "2007-03-31": "$649", "2006-12-31": "$417", "2006-09-30": "$403", "2006-06-30": "$366", "2006-03-31": "$363", "2005-12-31": "$392", "2005-09-30": "$218", "2005-06-30": "$216", "2005-03-31": "$209"}}, "total-share-holder-equity": {"Equinix Annual Share Holder Equity (Millions of US $)": {"2019": "$8,840", "2018": "$7,219", "2017": "$6,850", "2016": "$4,366", "2015": "$2,745", "2014": "$2,270", "2013": "$2,459", "2012": "$2,313", "2011": "$1,952", "2010": "$1,881", "2009": "$1,182", "2008": "$917", "2007": "$814", "2006": "$355", "2005": "$289"}, "Equinix Quarterly Share Holder Equity (Millions of US $)": {"2020-09-30": "$10,556", "2020-06-30": "$10,388", "2020-03-31": "$8,669", "2019-12-31": "$8,840", "2019-09-30": "$8,761", "2019-06-30": "$8,749", "2019-03-31": "$8,425", "2018-12-31": "$7,219", "2018-09-30": "$7,160", "2018-06-30": "$6,925", "2018-03-31": "$7,141", "2017-12-31": "$6,850", "2017-09-30": "$6,542", "2017-06-30": "$6,524", "2017-03-31": "$6,518", "2016-12-31": "$4,366", "2016-09-30": "$4,624", "2016-06-30": "$4,705", "2016-03-31": "$4,819", "2015-12-31": "$2,745", "2015-09-30": "$1,489", "2015-06-30": "$2,203", "2015-03-31": "$2,162", "2014-12-31": "$2,270", "2014-09-30": "$2,598", "2014-06-30": "$2,683", "2014-03-31": "$2,517", "2013-12-31": "$2,459", "2013-09-30": "$2,453", "2013-06-30": "$2,312", "2013-03-31": "$2,342", "2012-12-31": "$2,313", "2012-09-30": "$2,234", "2012-06-30": "$2,068", "2012-03-31": "$2,060", "2011-12-31": "$1,952", "2011-09-30": "$2,025", "2011-06-30": "$2,064", "2011-03-31": "$1,987", "2010-12-31": "$1,881", "2010-09-30": "$1,854", "2010-06-30": "$1,750", "2010-03-31": "$1,187", "2009-12-31": "$1,182", "2009-09-30": "$1,134", "2009-06-30": "$1,093", "2009-03-31": "$933", "2008-12-31": "$917", "2008-09-30": "$837", "2008-06-30": "$879", "2008-03-31": "$843", "2007-12-31": "$814", "2007-09-30": "$815", "2007-06-30": "$443", "2007-03-31": "$425", "2006-12-31": "$355", "2006-09-30": "$328", "2006-06-30": "$317", "2006-03-31": "$307", "2005-12-31": "$289", "2005-09-30": "$315", "2005-06-30": "$311", "2005-03-31": "$309"}}, "profit-margins": {"current": "7.58%"}, "gross margin": {"2020-09-30": "49.25%", "2020-06-30": "49.26%", "2020-03-31": "49.22%", "2019-12-31": "49.46%", "2019-09-30": "49.48%", "2019-06-30": "49.23%", "2019-03-31": "48.92%", "2018-12-31": "48.60%", "2018-09-30": "48.51%", "2018-06-30": "48.74%", "2018-03-31": "49.37%", "2017-12-31": "49.82%", "2017-09-30": "50.40%", "2017-06-30": "50.36%", "2017-03-31": "49.91%", "2016-12-31": "49.57%", "2016-09-30": "49.76%", "2016-06-30": "50.57%", "2016-03-31": "51.42%", "2015-12-31": "52.60%", "2015-09-30": "52.43%", "2015-06-30": "52.05%", "2015-03-31": "51.80%", "2014-12-31": "51.00%", "2014-09-30": "51.31%", "2014-06-30": "51.20%", "2014-03-31": "50.70%", "2013-12-31": "50.58%", "2013-09-30": "50.00%", "2013-06-30": "49.46%", "2013-03-31": "49.74%", "2012-12-31": "49.97%", "2012-09-30": "50.00%", "2012-06-30": "49.56%", "2012-03-31": "48.21%", "2011-12-31": "46.96%", "2011-09-30": "46.07%", "2011-06-30": "45.56%", "2011-03-31": "45.57%", "2010-12-31": "45.57%", "2010-09-30": "45.62%", "2010-06-30": "45.96%", "2010-03-31": "45.87%", "2009-12-31": "45.19%", "2009-09-30": "44.04%", "2009-06-30": "42.95%", "2009-03-31": "41.96%", "2008-12-31": "41.13%", "2008-09-30": "38.90%", "2008-06-30": "38.57%", "2008-03-31": "37.93%", "2007-12-31": "36.90%", "2007-09-30": "38.23%", "2007-06-30": "36.86%", "2007-03-31": "35.39%", "2006-12-31": "34.38%", "2006-09-30": "33.33%", "2006-06-30": "32.28%", "2006-03-31": "30.80%", "2005-12-31": "28.51%"}, "operating margin": {"2020-09-30": "19.41%", "2020-06-30": "19.78%", "2020-03-31": "20.25%", "2019-12-31": "21.04%", "2019-09-30": "20.68%", "2019-06-30": "20.76%", "2019-03-31": "19.77%", "2018-12-31": "19.28%", "2018-09-30": "18.92%", "2018-06-30": "18.59%", "2018-03-31": "18.73%", "2017-12-31": "18.52%", "2017-09-30": "18.51%", "2017-06-30": "18.18%", "2017-03-31": "18.10%", "2016-12-31": "17.13%", "2016-09-30": "16.79%", "2016-06-30": "17.14%", "2016-03-31": "18.07%", "2015-12-31": "20.80%", "2015-09-30": "21.22%", "2015-06-30": "21.54%", "2015-03-31": "21.51%", "2014-12-31": "20.88%", "2014-09-30": "21.39%", "2014-06-30": "21.24%", "2014-03-31": "21.56%", "2013-12-31": "21.41%", "2013-09-30": "20.72%", "2013-06-30": "20.23%", "2013-03-31": "20.26%", "2012-12-31": "20.83%", "2012-09-30": "21.19%", "2012-06-30": "21.21%", "2012-03-31": "20.36%", "2011-12-31": "19.49%", "2011-09-30": "18.56%", "2011-06-30": "17.81%", "2011-03-31": "16.49%", "2010-12-31": "16.14%", "2010-09-30": "17.08%", "2010-06-30": "18.21%", "2010-03-31": "19.94%", "2009-12-31": "20.61%", "2009-09-30": "18.77%", "2009-06-30": "16.65%", "2009-03-31": "13.81%", "2008-12-31": "10.35%", "2008-09-30": "7.50%", "2008-06-30": "5.93%", "2008-03-31": "4.67%", "2007-12-31": "2.38%", "2007-09-30": "5.54%", "2007-06-30": "3.32%", "2007-03-31": "1.95%", "2006-12-31": "0.69%", "2006-09-30": "-14.81%", "2006-06-30": "-14.57%", "2006-03-31": "-15.61%", "2005-12-31": "-16.74%"}, "ebitda margin": {"2020-09-30": "43.22%", "2020-06-30": "43.39%", "2020-03-31": "43.66%", "2019-12-31": "44.35%", "2019-09-30": "44.01%", "2019-06-30": "44.29%", "2019-03-31": "43.65%", "2018-12-31": "43.77%", "2018-09-30": "43.69%", "2018-06-30": "43.50%", "2018-03-31": "43.57%", "2017-12-31": "42.97%", "2017-09-30": "42.52%", "2017-06-30": "41.89%", "2017-03-31": "41.73%", "2016-12-31": "40.82%", "2016-09-30": "40.00%", "2016-06-30": "39.53%", "2016-03-31": "39.32%", "2015-12-31": "40.68%", "2015-09-30": "41.31%", "2015-06-30": "41.68%", "2015-03-31": "41.70%", "2014-12-31": "41.34%", "2014-09-30": "41.52%", "2014-06-30": "41.69%", "2014-03-31": "42.49%", "2013-12-31": "42.64%", "2013-09-30": "42.39%", "2013-06-30": "42.32%", "2013-03-31": "42.45%", "2012-12-31": "43.24%", "2012-09-30": "44.51%", "2012-06-30": "44.82%", "2012-03-31": "44.38%", "2011-12-31": "43.77%", "2011-09-30": "42.91%", "2011-06-30": "42.16%", "2011-03-31": "40.92%", "2010-12-31": "40.22%", "2010-09-30": "39.71%", "2010-06-30": "40.26%", "2010-03-31": "41.59%", "2009-12-31": "42.36%", "2009-09-30": "41.52%", "2009-06-30": "39.90%", "2009-03-31": "37.40%", "2008-12-31": "34.47%", "2008-09-30": "32.77%", "2008-06-30": "31.06%", "2008-03-31": "30.22%", "2007-12-31": "28.10%", "2007-09-30": "29.64%", "2007-06-30": "28.10%", "2007-03-31": "26.62%", "2006-12-31": "26.04%", "2006-09-30": "11.48%", "2006-06-30": "12.20%", "2006-03-31": "12.66%", "2005-12-31": "12.67%"}, "pre tax profit margin": {"2020-09-30": "10.01%", "2020-06-30": "11.66%", "2020-03-31": "12.07%", "2019-12-31": "12.44%", "2019-09-30": "12.21%", "2019-06-30": "11.79%", "2019-03-31": "9.83%", "2018-12-31": "8.54%", "2018-09-30": "7.88%", "2018-06-30": "6.83%", "2018-03-31": "6.71%", "2017-12-31": "6.55%", "2017-09-30": "6.69%", "2017-06-30": "6.82%", "2017-03-31": "7.07%", "2016-12-31": "4.43%", "2016-09-30": "2.53%", "2016-06-30": "2.12%", "2016-03-31": "2.77%", "2015-12-31": "7.78%", "2015-09-30": "5.73%", "2015-06-30": "6.70%", "2015-03-31": "4.51%", "2014-12-31": "3.48%", "2014-09-30": "7.76%", "2014-06-30": "7.20%", "2014-03-31": "5.50%", "2013-12-31": "5.20%", "2013-09-30": "5.36%", "2013-06-30": "4.72%", "2013-03-31": "9.44%", "2012-12-31": "9.96%", "2012-09-30": "9.53%", "2012-06-30": "9.14%", "2012-03-31": "8.57%", "2011-12-31": "8.24%", "2011-09-30": "7.40%", "2011-06-30": "7.17%", "2011-03-31": "4.73%", "2010-12-31": "4.10%", "2010-09-30": "5.90%", "2010-06-30": "7.48%", "2010-03-31": "11.15%", "2009-12-31": "12.23%", "2009-09-30": "10.95%", "2009-06-30": "9.02%", "2009-03-31": "5.76%", "2008-12-31": "2.84%", "2008-09-30": "-0.15%", "2008-06-30": "-0.52%", "2008-03-31": "-0.41%", "2007-12-31": "-2.38%", "2007-09-30": "2.77%", "2007-06-30": "0.30%", "2007-03-31": "-1.62%", "2006-12-31": "-2.08%", "2006-09-30": "-17.78%", "2006-06-30": "-17.32%", "2006-03-31": "-18.14%", "2005-12-31": "-19.46%"}, "net profit margin": {"2020-09-30": "7.59%", "2020-06-30": "8.69%", "2020-03-31": "9.02%", "2019-12-31": "9.13%", "2019-09-30": "9.04%", "2019-06-30": "9.30%", "2019-03-31": "8.07%", "2018-12-31": "7.22%", "2018-09-30": "6.47%", "2018-06-30": "5.71%", "2018-03-31": "5.48%", "2017-12-31": "5.33%", "2017-09-30": "5.59%", "2017-06-30": "5.18%", "2017-03-31": "5.38%", "2016-12-31": "3.52%", "2016-09-30": "2.24%", "2016-06-30": "2.09%", "2016-03-31": "2.73%", "2015-12-31": "6.86%", "2015-09-30": "-6.80%", "2015-06-30": "-6.90%", "2015-03-31": "-8.98%", "2014-12-31": "-10.64%", "2014-09-30": "5.91%", "2014-06-30": "6.06%", "2014-03-31": "4.60%", "2013-12-31": "4.37%", "2013-09-30": "4.35%", "2013-06-30": "3.74%", "2013-03-31": "7.04%", "2012-12-31": "7.42%", "2012-09-30": "6.56%", "2012-06-30": "6.44%", "2012-03-31": "6.38%", "2011-12-31": "6.07%", "2011-09-30": "6.05%", "2011-06-30": "5.75%", "2011-03-31": "3.66%", "2010-12-31": "3.09%", "2010-09-30": "3.67%", "2010-06-30": "4.82%", "2010-03-31": "7.29%", "2009-12-31": "7.81%", "2009-09-30": "17.93%", "2009-06-30": "17.28%", "2009-03-31": "16.09%", "2008-12-31": "15.46%", "2008-09-30": "0.00%", "2008-06-30": "-0.35%", "2008-03-31": "-0.41%", "2007-12-31": "-2.38%", "2007-09-30": "2.77%", "2007-06-30": "0.30%", "2007-03-31": "-1.62%", "2006-12-31": "-2.08%", "2006-09-30": "-17.78%", "2006-06-30": "-17.32%", "2006-03-31": "-17.72%", "2005-12-31": "-19.46%"}, "pe ratio": {"current": "30.57", "2021-02-11": "140.73", "2020-09-30": "148.52", "2020-06-30": "120.88", "2020-03-31": "104.00", "2019-12-31": "95.82", "2019-09-30": "95.87", "2019-06-30": "81.51", "2019-03-31": "84.65", "2018-12-31": "74.83", "2018-09-30": "103.64", "2018-06-30": "117.97", "2018-03-31": "123.67", "2017-12-31": "143.08", "2017-09-30": "138.46", "2017-06-30": "147.12", "2017-03-31": "133.68", "2016-12-31": "188.16", "2016-09-30": "307.44", "2016-06-30": "332.40", "2016-03-31": "206.73", "2015-12-31": "130.66", "2015-09-30": "0.00", "2015-06-30": "0.00", "2015-03-31": "0.00", "2014-12-31": "0.00", "2014-09-30": "66.89", "2014-06-30": "67.89", "2014-03-31": "85.85", "2013-12-31": "87.18", "2013-09-30": "90.23", "2013-06-30": "98.74", "2013-03-31": "63.40", "2012-12-31": "60.43", "2012-09-30": "73.89", "2012-06-30": "75.02", "2012-03-31": "70.43", "2011-12-31": "50.11", "2011-09-30": "45.48", "2011-06-30": "50.51", "2011-03-31": "76.66", "2010-12-31": "83.21", "2010-09-30": "88.77", "2010-06-30": "57.05", "2010-03-31": "48.67", "2009-12-31": "51.55", "2009-09-30": "19.31", "2009-06-30": "16.40", "2009-03-31": "14.08", "2008-12-31": "14.40", "2008-09-30": "256.68", "2008-06-30": "473.94", "2008-03-31": "403.66", "2007-12-31": "0.00", "2007-09-30": "235.56", "2007-06-30": "3887.17", "2007-03-31": "0.00", "2006-12-31": "0.00"}, "price sales": {"2021-02-11": "10.68", "2020-09-30": "11.27", "2020-06-30": "10.48", "2020-03-31": "9.34", "2019-12-31": "8.71", "2019-09-30": "8.62", "2019-06-30": "7.54", "2019-03-31": "6.80", "2018-12-31": "5.37", "2018-09-30": "6.64", "2018-06-30": "6.71", "2018-03-31": "6.73", "2017-12-31": "7.55", "2017-09-30": "7.70", "2017-06-30": "7.62", "2017-03-31": "7.18", "2016-12-31": "6.45", "2016-09-30": "6.57", "2016-06-30": "7.17", "2016-03-31": "6.24", "2015-12-31": "5.81", "2015-09-30": "5.06", "2015-06-30": "4.73", "2015-03-31": "4.30", "2014-12-31": "4.19", "2014-09-30": "4.01", "2014-06-30": "4.06", "2014-03-31": "3.66", "2013-12-31": "3.61", "2013-09-30": "3.88", "2013-06-30": "4.00", "2013-03-31": "4.93", "2012-12-31": "4.83", "2012-09-30": "5.01", "2012-06-30": "4.36", "2012-03-31": "4.02", "2011-12-31": "2.67", "2011-09-30": "2.42", "2011-06-30": "2.89", "2011-03-31": "2.69", "2010-12-31": "2.54", "2010-09-30": "3.33", "2010-06-30": "2.79", "2010-03-31": "3.55", "2009-12-31": "4.03", "2009-09-30": "3.75", "2009-06-30": "3.09", "2009-03-31": "2.50", "2008-12-31": "2.48", "2008-09-30": "3.30", "2008-06-30": "4.69", "2008-03-31": "3.91", "2007-12-31": "6.57", "2007-09-30": "6.49", "2007-06-30": "7.04", "2007-03-31": "6.85", "2006-12-31": "6.37"}, "price book": {"current": "6.33", "2021-02-11": "6.06", "2020-09-30": "6.39", "2020-06-30": "5.95", "2020-03-31": "6.12", "2019-12-31": "5.55", "2019-09-30": "5.51", "2019-06-30": "4.77", "2019-03-31": "4.39", "2018-12-31": "3.81", "2018-09-30": "4.67", "2018-06-30": "4.71", "2018-03-31": "4.42", "2017-12-31": "4.94", "2017-09-30": "5.02", "2017-06-30": "4.80", "2017-03-31": "4.46", "2016-12-31": "5.42", "2016-09-30": "5.13", "2016-06-30": "5.37", "2016-03-31": "4.35", "2015-12-31": "6.21", "2015-09-30": "9.12", "2015-06-30": "5.66", "2015-03-31": "5.25", "2014-12-31": "4.79", "2014-09-30": "3.71", "2014-06-30": "3.54", "2014-03-31": "3.11", "2013-12-31": "3.04", "2013-09-30": "3.17", "2013-06-30": "3.36", "2013-03-31": "3.87", "2012-12-31": "3.70", "2012-09-30": "3.81", "2012-06-30": "3.48", "2012-03-31": "3.08", "2011-12-31": "2.06", "2011-09-30": "1.77", "2011-06-30": "1.96", "2011-03-31": "1.82", "2010-12-31": "1.70", "2010-09-30": "2.16", "2010-06-30": "1.80", "2010-03-31": "2.77", "2009-12-31": "3.00", "2009-09-30": "2.69", "2009-06-30": "2.18", "2009-03-31": "1.94", "2008-12-31": "1.86", "2008-09-30": "2.63", "2008-06-30": "3.21", "2008-03-31": "2.46", "2007-12-31": "3.86", "2007-09-30": "3.36", "2007-06-30": "5.58", "2007-03-31": "5.38", "2006-12-31": "5.34", "2006-09-30": "4.55", "2006-06-30": "4.24", "2006-03-31": "5.08"}, "price fcf": {"2021-02-11": "", "2020-09-30": "$1.39", "2020-06-30": "$1.37", "2020-03-31": "$1.51", "2019-12-31": "$1.21", "2019-09-30": "$-1.70", "2019-06-30": "$-3.44", "2019-03-31": "$-4.20", "2018-12-31": "$-5.62", "2018-09-30": "$-3.12", "2018-06-30": "$0.19", "2018-03-31": "$-0.30", "2017-12-31": "$0.17", "2017-09-30": "$-0.95", "2017-06-30": "$10.37", "2017-03-31": "$11.24", "2016-12-31": "$10.30", "2016-09-30": "$10.23", "2016-06-30": "$-1.81", "2016-03-31": "$-2.24", "2015-12-31": "$-0.20", "2015-09-30": "$-0.06", "2015-06-30": "$1.08", "2015-03-31": "$0.10", "2014-12-31": "$0.24", "2014-09-30": "$0.18", "2014-06-30": "$-1.67", "2014-03-31": "$-0.08", "2013-12-31": "$-0.84", "2013-09-30": "$-0.78", "2013-06-30": "$-2.02", "2013-03-31": "$-2.49", "2012-12-31": "$-3.03", "2012-09-30": "$-2.53", "2012-06-30": "$-0.47", "2012-03-31": "$-1.48", "2011-12-31": "$-2.63", "2011-09-30": "$-3.43", "2011-06-30": "$-3.95", "2011-03-31": "$-4.96", "2010-12-31": "$-4.49", "2010-09-30": "$-4.04", "2010-06-30": "$-3.11", "2010-03-31": "$-0.85", "2009-12-31": "$-0.35", "2009-09-30": "$-1.18", "2009-06-30": "$-2.51", "2009-03-31": "$-3.21", "2008-12-31": "$-4.32", "2008-09-30": "$-5.16", "2008-06-30": "$-7.42", "2008-03-31": "$-11.40", "2007-12-31": "$-11.53", "2007-09-30": "$-9.96", "2007-06-30": "$-7.75", "2007-03-31": "$-4.10", "2006-12-31": "$-2.79"}, "net worth": {"value": "$66.87B"}, "current ratio": {"current": "1.07", "2020-09-30": "1.07", "2020-06-30": "1.55", "2020-03-31": "1.26", "2019-12-31": "1.33", "2019-09-30": "1.55", "2019-06-30": "1.59", "2019-03-31": "1.56", "2018-12-31": "1.00", "2018-09-30": "1.24", "2018-06-30": "1.29", "2018-03-31": "2.36", "2017-12-31": "1.81", "2017-09-30": "2.11", "2017-06-30": "1.70", "2017-03-31": "5.46", "2016-12-31": "1.43", "2016-09-30": "1.11", "2016-06-30": "1.34", "2016-03-31": "1.37", "2015-12-31": "1.97", "2015-09-30": "0.85", "2015-06-30": "1.63", "2015-03-31": "2.16", "2014-12-31": "2.32", "2014-09-30": "1.28", "2014-06-30": "1.69", "2014-03-31": "1.83", "2013-12-31": "1.63", "2013-09-30": "1.73", "2013-06-30": "1.81", "2013-03-31": "1.59", "2012-12-31": "1.17", "2012-09-30": "1.18", "2012-06-30": "2.06", "2012-03-31": "1.64", "2011-12-31": "1.70", "2011-09-30": "2.03", "2011-06-30": "1.05", "2011-03-31": "2.03", "2010-12-31": "2.45", "2010-09-30": "2.87", "2010-06-30": "2.97", "2010-03-31": "4.16", "2009-12-31": "2.31", "2009-09-30": "2.55", "2009-06-30": "2.73", "2009-03-31": "1.39", "2008-12-31": "1.31", "2008-09-30": "1.43", "2008-06-30": "1.25", "2008-03-31": "1.53", "2007-12-31": "2.23", "2007-09-30": "2.44", "2007-06-30": "2.49", "2007-03-31": "4.49", "2006-12-31": "2.12", "2006-09-30": "1.64", "2006-06-30": "2.30", "2006-03-31": "2.67", "2005-12-31": "2.10", "2005-09-30": "2.63", "2005-06-30": "3.42", "2005-03-31": "3.56"}, "quick ratio": {"2020-09-30": "0.00", "2020-06-30": "0.00", "2020-03-31": "0.00", "2019-12-31": "0.00", "2019-09-30": "0.00", "2019-06-30": "0.00", "2019-03-31": "0.00", "2018-12-31": "0.00", "2018-09-30": "0.00", "2018-06-30": "0.00", "2018-03-31": "0.00", "2017-12-31": "0.00", "2017-09-30": "0.00", "2017-06-30": "0.00", "2017-03-31": "0.00", "2016-12-31": "0.00", "2016-09-30": "0.00", "2016-06-30": "0.00", "2016-03-31": "0.00", "2015-12-31": "0.00", "2015-09-30": "0.00", "2015-06-30": "0.00", "2015-03-31": "0.00", "2014-12-31": "0.00", "2014-09-30": "0.00", "2014-06-30": "0.00", "2014-03-31": "0.00", "2013-12-31": "0.00", "2013-09-30": "0.00", "2013-06-30": "0.00", "2013-03-31": "0.00", "2012-12-31": "0.00", "2012-09-30": "0.00", "2012-06-30": "0.00", "2012-03-31": "0.00", "2011-12-31": "0.00", "2011-09-30": "0.00", "2011-06-30": "0.00", "2011-03-31": "0.00", "2010-12-31": "0.00", "2010-09-30": "0.00", "2010-06-30": "0.00", "2010-03-31": "0.00", "2009-12-31": "0.00", "2009-09-30": "0.00", "2009-06-30": "0.00", "2009-03-31": "0.00", "2008-12-31": "0.00", "2008-09-30": "0.00", "2008-06-30": "0.00", "2008-03-31": "0.00", "2007-12-31": "0.00", "2007-09-30": "0.00", "2007-06-30": "0.00", "2007-03-31": "0.00", "2006-12-31": "0.00", "2006-09-30": "0.00", "2006-06-30": "0.00", "2006-03-31": "0.00", "2005-12-31": "0.00", "2005-09-30": "0.00", "2005-06-30": "0.00", "2005-03-31": "0.00"}, "debt equity ratio": {"current": "0.96", "2020-09-30": "1.50", "2020-06-30": "1.68", "2020-03-31": "1.72", "2019-12-31": "1.71", "2019-09-30": "1.61", "2019-06-30": "1.62", "2019-03-31": "1.67", "2018-12-31": "1.80", "2018-09-30": "1.83", "2018-06-30": "1.90", "2018-03-31": "1.79", "2017-12-31": "1.73", "2017-09-30": "1.80", "2017-06-30": "1.68", "2017-03-31": "1.64", "2016-12-31": "1.89", "2016-09-30": "1.83", "2016-06-30": "1.82", "2016-03-31": "1.80", "2015-12-31": "2.77", "2015-09-30": "4.18", "2015-06-30": "2.55", "2015-03-31": "2.58", "2014-12-31": "2.43", "2014-09-30": "1.87", "2014-06-30": "1.85", "2014-03-31": "2.07", "2013-12-31": "2.05", "2013-09-30": "2.01", "2013-06-30": "2.06", "2013-03-31": "2.25", "2012-12-31": "1.65", "2012-09-30": "1.68", "2012-06-30": "1.77", "2012-03-31": "1.86", "2011-12-31": "1.96", "2011-09-30": "1.83", "2011-06-30": "1.41", "2011-03-31": "1.34", "2010-12-31": "1.37", "2010-09-30": "1.42", "2010-06-30": "1.45", "2010-03-31": "2.09", "2009-12-31": "1.57", "2009-09-30": "1.61", "2009-06-30": "1.60", "2009-03-31": "1.59", "2008-12-31": "1.66", "2008-09-30": "1.74", "2008-06-30": "1.65", "2008-03-31": "1.71", "2007-12-31": "1.68", "2007-09-30": "1.62", "2007-06-30": "1.66", "2007-03-31": "1.53", "2006-12-31": "1.17", "2006-09-30": "1.23", "2006-06-30": "1.15", "2006-03-31": "1.18", "2005-12-31": "1.36", "2005-09-30": "0.69", "2005-06-30": "0.69", "2005-03-31": "0.68"}, "return on equity": {"2020-09-30": "4.62%", "2020-06-30": "5.43%", "2020-03-31": "5.81%", "2019-12-31": "5.84%", "2019-09-30": "5.95%", "2019-06-30": "6.30%", "2019-03-31": "5.66%", "2018-12-31": "5.15%", "2018-09-30": "4.57%", "2018-06-30": "4.02%", "2018-03-31": "3.76%", "2017-12-31": "3.53%", "2017-09-30": "3.84%", "2017-06-30": "3.65%", "2017-03-31": "3.96%", "2016-12-31": "2.74%", "2016-09-30": "1.80%", "2016-06-30": "1.92%", "2016-03-31": "2.84%", "2015-12-31": "8.70%", "2015-09-30": "-8.81%", "2015-06-30": "-7.67%", "2015-03-31": "-9.27%", "2014-12-31": "-10.33%", "2014-09-30": "5.46%", "2014-06-30": "5.50%", "2014-03-31": "4.19%", "2013-12-31": "3.93%", "2013-09-30": "3.86%", "2013-06-30": "3.30%", "2013-03-31": "6.16%", "2012-12-31": "6.46%", "2012-09-30": "5.63%", "2012-06-30": "5.43%", "2012-03-31": "5.18%", "2011-12-31": "4.73%", "2011-09-30": "4.52%", "2011-06-30": "4.16%", "2011-03-31": "2.57%", "2010-12-31": "2.22%", "2010-09-30": "2.75%", "2010-06-30": "3.73%", "2010-03-31": "5.92%", "2009-12-31": "6.36%", "2009-09-30": "14.62%", "2009-06-30": "14.39%", "2009-03-31": "13.46%", "2008-12-31": "12.54%", "2008-09-30": "0.00%", "2008-06-30": "-0.24%", "2008-03-31": "-0.27%", "2007-12-31": "-1.60%", "2007-09-30": "1.96%", "2007-06-30": "0.26%", "2007-03-31": "-1.40%", "2006-12-31": "-1.84%", "2006-09-30": "-15.47%", "2006-06-30": "-14.33%", "2006-03-31": "-13.75%", "2005-12-31": "-14.05%"}, "return on assets": {"2020-09-30": "1.74%", "2020-06-30": "2.03%", "2020-03-31": "2.18%", "2019-12-31": "2.20%", "2019-09-30": "2.23%", "2019-06-30": "2.31%", "2019-03-31": "2.03%", "2018-12-31": "1.82%", "2018-09-30": "1.63%", "2018-06-30": "1.43%", "2018-03-31": "1.37%", "2017-12-31": "1.30%", "2017-09-30": "1.40%", "2017-06-30": "1.33%", "2017-03-31": "1.42%", "2016-12-31": "0.97%", "2016-09-30": "0.61%", "2016-06-30": "0.59%", "2016-03-31": "0.81%", "2015-12-31": "2.23%", "2015-09-30": "-2.31%", "2015-06-30": "-2.30%", "2015-03-31": "-2.94%", "2014-12-31": "-3.40%", "2014-09-30": "1.85%", "2014-06-30": "1.84%", "2014-03-31": "1.37%", "2013-12-31": "1.27%", "2013-09-30": "1.29%", "2013-06-30": "1.13%", "2013-03-31": "2.17%", "2012-12-31": "2.36%", "2012-09-30": "2.00%", "2012-06-30": "1.90%", "2012-03-31": "1.88%", "2011-12-31": "1.80%", "2011-09-30": "1.82%", "2011-06-30": "1.75%", "2011-03-31": "1.07%", "2010-12-31": "0.88%", "2010-09-30": "1.06%", "2010-06-30": "1.40%", "2010-03-31": "2.17%", "2009-12-31": "2.45%", "2009-09-30": "5.59%", "2009-06-30": "5.45%", "2009-03-31": "5.07%", "2008-12-31": "4.67%", "2008-09-30": "0.00%", "2008-06-30": "-0.09%", "2008-03-31": "-0.10%", "2007-12-31": "-0.61%", "2007-09-30": "0.78%", "2007-06-30": "0.11%", "2007-03-31": "-0.61%", "2006-12-31": "-0.84%", "2006-09-30": "-6.95%", "2006-06-30": "-6.86%", "2006-03-31": "-6.97%", "2005-12-31": "-7.61%"}, "return on investments": {"2020-09-30": "5.51%", "2020-06-30": "5.60%", "2020-03-31": "5.86%", "2019-12-31": "6.07%", "2019-09-30": "5.99%", "2019-06-30": "5.97%", "2019-03-31": "5.64%", "2018-12-31": "5.40%", "2018-09-30": "5.28%", "2018-06-30": "5.18%", "2018-03-31": "5.18%", "2017-12-31": "5.03%", "2017-09-30": "5.20%", "2017-06-30": "5.32%", "2017-03-31": "5.55%", "2016-12-31": "5.59%", "2016-09-30": "5.48%", "2016-06-30": "5.92%", "2016-03-31": "6.57%", "2015-12-31": "8.21%", "2015-09-30": "8.55%", "2015-06-30": "8.27%", "2015-03-31": "8.10%", "2014-12-31": "7.67%", "2014-09-30": "7.71%", "2014-06-30": "7.42%", "2014-03-31": "7.40%", "2013-12-31": "7.33%", "2013-09-30": "7.25%", "2013-06-30": "7.29%", "2013-03-31": "7.45%", "2012-12-31": "7.83%", "2012-09-30": "7.75%", "2012-06-30": "7.56%", "2012-03-31": "7.32%", "2011-12-31": "6.94%", "2011-09-30": "6.58%", "2011-06-30": "6.28%", "2011-03-31": "5.50%", "2010-12-31": "5.19%", "2010-09-30": "5.63%", "2010-06-30": "6.07%", "2010-03-31": "6.83%", "2009-12-31": "7.50%", "2009-09-30": "6.82%", "2009-06-30": "6.14%", "2009-03-31": "5.12%", "2008-12-31": "3.68%", "2008-09-30": "2.52%", "2008-06-30": "1.77%", "2008-03-31": "1.38%", "2007-12-31": "0.71%", "2007-09-30": "1.82%", "2007-06-30": "1.42%", "2007-03-31": "0.90%", "2006-12-31": "0.35%", "2006-09-30": "-7.29%", "2006-06-30": "-7.11%", "2006-03-31": "-7.50%", "2005-12-31": "-7.89%"}, "return on tangible equity": {"2020-09-30": "17.29%", "2020-06-30": "22.46%", "2020-03-31": "27.70%", "2019-12-31": "28.66%", "2019-09-30": "38.04%", "2019-06-30": "63.64%", "2019-03-31": "175.05%", "2018-12-31": "-1295.58%", "2018-09-30": "-1167.27%", "2018-06-30": "-2083.02%", "2018-03-31": "408.03%", "2017-12-31": "34.47%", "2017-09-30": "27.78%", "2017-06-30": "19.94%", "2017-03-31": "16.52%", "2016-12-31": "18.79%", "2016-09-30": "8.68%", "2016-06-30": "8.30%", "2016-03-31": "9.10%", "2015-12-31": "18.97%", "2015-09-30": "-19.86%", "2015-06-30": "-15.26%", "2015-03-31": "-17.89%", "2014-12-31": "-19.68%", "2014-09-30": "10.38%", "2014-06-30": "10.66%", "2014-03-31": "8.37%", "2013-12-31": "7.98%", "2013-09-30": "8.00%", "2013-06-30": "7.06%", "2013-03-31": "12.97%", "2012-12-31": "13.46%", "2012-09-30": "11.62%", "2012-06-30": "10.89%", "2012-03-31": "10.56%", "2011-12-31": "9.52%", "2011-09-30": "8.98%", "2011-06-30": "8.25%", "2011-03-31": "5.11%", "2010-12-31": "4.24%", "2010-09-30": "4.99%", "2010-06-30": "6.38%", "2010-03-31": "9.40%", "2009-12-31": "10.38%", "2009-09-30": "24.50%", "2009-06-30": "26.00%", "2009-03-31": "26.91%", "2008-12-31": "28.24%", "2008-09-30": "0.00%", "2008-06-30": "-0.63%", "2008-03-31": "-0.59%", "2007-12-31": "-2.75%", "2007-09-30": "2.69%", "2007-06-30": "0.27%", "2007-03-31": "-1.49%", "2006-12-31": "-1.96%", "2006-09-30": "-16.68%", "2006-06-30": "-15.44%", "2006-03-31": "-14.79%", "2005-12-31": "-15.10%"}, "dividend yield history": {"last payout": "$10.64", "last yield": "1.42%"}}